4026 6346
535 293 642 353 527

1572 293 1931 351 samum
1972 266 2422 357 consensum
2462 301 2770 360 nomen!

3708 313 3804 373 328

539 406 802 479 consequi
826 406 1174 479 praevaleant.
1202 405 1466 462 Similiter
1484 415 1728 463 ementes
1750 423 1855 463 non
1888 410 1976 466 hic
1999 427 2124 481 pos-
2149 432 2202 493 Α
2229 414 2536 470 siduitatem
2582 418 2926 485 cohxerendo,
2952 419 3179 478 Domino
3207 423 3484 487 cohaerere
3513 439 3801 498 nequeunt.

541 502 721 558 sidere
754 501 1161 573 concupiscant,
1195 499 1290 554 sed
1328 502 1727 570 possessionem
1755 518 1906 557 suam
1933 504 1985 558 in
2018 520 2128 560 etn-

542 596 770 655 lestibus
809 613 930 653 esse
956 596 1286 661 desiderent,
1314 610 1435 650 cum
1476 595 1763 652 Psalmista
1802 598 2124 669 loquentes:

544 690 688 757 Quid
728 691 863 745 enim
897 691 1025 744 mihi
1053 699 1127 743 est
1154 691 1209 743 in
1236 689 1395 756 cmlo,
1435 700 1481 744 et
1513 708 1545 744 a
1574 700 1622 745 te
1649 692 1775 762 quid
1804 692 1941 746 volui
1974 710 2131 763 super

541 786 735 838 terrdm
777 780 949 854 (Psal.
981 796 1079 846 xu,
1106 780 1236 853 25)?
1259 781 1350 837 Sic
1377 782 1469 853 qui
1509 790 1731 837 utuntur
1778 784 1881 838 hoc
1908 785 2125 851 mundo,

543 881 797 944 tanquam
826 886 933 927 non
960 881 1207 939 utantur,
1251 883 1313 928 ut
1355 874 1407 928 in
1446 874 1675 929 transitu
1711 875 1782 929 sit
1806 876 1907 942 eis,
1936 891 2041 931 non
2073 876 2130 931 in

541 963 850 1029 desiderio;
886 970 943 1017 et
966 963 1019 1018 in
1054 963 1165 1033 via,
1196 979 1304 1019 non
1347 964 1401 1018 in
1429 965 1635 1034 patria;
1672 974 1730 1019 et
1777 974 2033 1037 tanquam
2062 981 2130 1022 ex

540 1052 710 1110 latere
731 1054 1080 1125 respiciatur,
1103 1069 1209 1110 non
1233 1063 1293 1110 ut
1320 1069 1506 1111 amore
1530 1057 1773 1122 tenendi,
1804 1058 1918 1114 sive
1939 1057 2125 1113 fruen-

540 1144 617 1210 di,
645 1144 1004 1215 possideatur.
1038 1145 1106 1200 Et
1124 1155 1414 1217 pmpterea
1439 1156 1838 1217 consequenter
1867 1150 1943 1205 ait
1971 1169 1985 1204 :
2023 1150 2129 1207 Vo-

538 1233 592 1291 lo
623 1245 798 1290 autem
836 1252 923 1291 vos
952 1237 1065 1291 sine
1113 1236 1468 1293 sollicitudine
1516 1255 1626 1294 esse
1653 1253 1671 1291 :
1698 1241 1789 1311 qui
1815 1241 1927 1296 sine
1965 1259 2128 1299 uxore

536 1339 635 1396 est,
666 1329 929 1385 sollicitus
960 1340 1035 1386 est
1062 1347 1181 1403 qua:
1207 1331 1417 1386 Domini
1443 1342 1588 1399 sunt,
1615 1334 1878 1405 quomodo
1922 1334 2127 1405 placeat

537 1420 669 1478 Deo.
734 1422 837 1490 Qui
877 1434 1056 1479 autem
1099 1441 1220 1479 cum
1266 1441 1431 1480 uxore
1467 1435 1563 1492 est,
1597 1425 1854 1482 sollicitus
1895 1439 1970 1482 est
2008 1446 2127 1500 quae

428 1502 439 1511 ”
536 1526 659 1572 sunt
682 1515 840 1586 hujus
862 1517 1066 1584 mundi,
1099 1518 1361 1589 quomodo
1405 1517 1609 1590 placeat
1638 1520 1813 1587 umori,
1838 1523 1903 1575 'et
1931 1522 2126 1578 divisus

538 1619 613 1665 est
636 1620 726 1664 :et
762 1609 954 1665 mulier
975 1610 1220 1681 innupta,
1266 1621 1316 1666 et
1338 1612 1507 1683 virgo,
1530 1614 1733 1683 cogitat
1769 1631 1887 1685 quae
1911 1614 2126 1671 Domini

539 1710 682 1767 sunt,
708 1709 763 1753 ut
785 1701 854 1755 sit
897 1710 1083 1755 sancta
1126 1710 1174 1755 et
1202 1717 1420 1767 corpore
1450 1711 1499 1755 et
1527 1703 1734 1773 spiritu.
1771 1704 1904 1771 Quae
1950 1714 2124 1760 autem

2232 507 2383 563 Mens
2448 526 2681 580 namque
2737 514 3152 584 cogitationibus
3222 518 3334 573 suis
3386 520 3649 575 mundum
3699 537 3808 578 am-

2230 600 2474 669 plexaus,
2499 612 2553 658 et
2577 605 2777 661 mundo
2817 607 3108 675 inhaerens,
3142 610 3429 666 Dominum
3460 613 3804 684 complexari,

2231 701 2284 747 et
2306 693 2379 748 illi
2404 694 2670 753 inbmrcre
2693 698 2842 753 nullo
2884 702 3047 756 modo
3070 703 3346 773 praevalet.

2300 784 2527 857 Propter
2551 790 2695 858 quod
2725 791 2958 847 mirandi
2999 792 3311 850 Gnecorum
3344 798 3642 870 principes,
3670 802 3810 872 quod

2232 879 2628 946 reprehendere
2683 882 2938 937 studeant
2989 884 3204 940 Domini
3232 890 3547 944 sacerdotes
3596 906 3629 945 a
3668 906 3810 946 com-

2229 967 2388 1038 plexu
2439 968 2726 1027 mulierum
2755 973 2912 1046 longe
2948 992 3008 1032 se
3048 976 3329 1047 facientes,
3363 991 3424 1037 ut
3453 982 3600 1037 nulla
3626 998 3809 1042 neces-

2231 1060 2390 1116 sitate
2429 1063 2803 1120 destineantur
2826 1082 2856 1122 a
2889 1070 3107 1133 mundo,
3141 1072 3233 1126 sed
3267 1073 3524 1130 mundum
3558 1091 3808 1148 respuen-

2230 1160 2333 1218 tes,
2364 1153 2518 1211 liberi
2561 1158 2771 1227 possint
2793 1158 2999 1230 jugiter
3045 1163 3313 1220 inhaerere
3351 1166 3593 1224 Christo.
3628 1168 3807 1237 Quano

2229 1249 2341 1297 tum
2394 1259 2521 1300 vero
2565 1246 2843 1319 conjugale
2873 1252 3147 1309 vinculum
3175 1255 3419 1313 conferat
3444 1262 3815 1332 impedimenti

2230 1334 2512 1391 Dominum
2527 1338 2730 1411 jugiter
2752 1341 3091 1411 obsecrandi,
3118 1348 3307 1406 beatus
3326 1350 3526 1409 Paulus
3548 1354 3814 1423 insinuat,

2228 1441 2351 1482 cum
2380 1442 2775 1500 consequenter
2796 1433 2927 1492 dicit
2951 1454 2965 1490 :
2994 1435 3164 1495 Porro
3196 1442 3265 1495 ad
3286 1444 3565 1502 utilitatem
3596 1461 3817 1504 vestram

2226 1516 2362 1583 dico,
2390 1537 2495 1576 non
2523 1532 2580 1576 ut
2612 1522 2855 1594 laqueum
2891 1528 3032 1584 vobis
3061 1530 3331 1601 injiciam,
3367 1537 3458 1590 sed
3482 1538 3554 1592 ad
3600 1540 3658 1593 id
3680 1542 3818 1611 quod

2226 1610 2496 1667 honestum
2518 1624 2614 1679 est,
2647 1618 2860 1688 etquod
2901 1620 3205 1690 facultatem
3247 1626 3476 1696 prazbeat
3510 1631 3625 1685 sine
3653 1610 3818 1703 impe-

2228 1702 2457 1758 dimento
2479 1704 2763 1763 Dominum
2784 1710 3092 1768 obsecrandi
3119 1713 3169 1787 (1
3192 1714 3314 1770 Cor.
3337 1731 3436 1784 vn,
3455 1718 3567 1790 35).
3591 1702 3823 1791 Liquido

542 1799 702 1861 nupta
737 1800 833 1856 est,
862 1792 1054 1861 cogitat
1100 1808 1219 1862 qua:
1240 1802 1362 1848 sunt
1400 1795 1606 1861 mundi,
1633 1797 1896 1865 quomodo
1921 1796 2125 1867 placeat
2151 1810 2202 1874 Β
2227 1811 2462 1868 namque
2486 1798 2674 1855 dicens
2703 1801 2829 1867 ista,
2856 1803 3195 1862 demonstrat
3222 1810 3377 1864 uxori
3409 1812 3716 1869 servientes
3743 1812 3822 1867 fa-

541 1882 651 1937 uiro
681 1881 735 1955 (Ι
764 1881 886 1938 Cor.
919 1898 1017 1949 vn,
1047 1883 1262 1956 52-34).

613 1974 843 2031 Videant
869 1974 1051 2046 itaque
1077 1976 1391 2033 Graecorum
1415 1978 1711 2051 principes,
1741 1980 2017 2039 Romanos
2041 1999 2126 2040 re-

540 2065 811 2136 darguere
836 2067 1073 2122 nitentes
1096 2081 1257 2138 super
1277 2069 1613 2125 continentia
1639 2073 2007 2139 sacerdotum,
2032 2075 2127 2130 mi-

539 2155 741 2211 nistros
773 2155 959 2211 altaris
996 2156 1052 2212 in
1094 2172 1199 2227 qua
1230 2166 1376 2214 sorte
1429 2161 1759 2217 constituere
1791 2162 2119 2233 disponant;

541 2263 610 2303 au
641 2263 734 2304 eos
761 2249 931 2303 velint
968 2263 1091 2306 esse
1120 2250 1237 2306 sine
1258 2251 1641 2320 sollicitudine,
1672 2256 1817 2325 quod
1850 2256 1961 2310 vult
1984 2257 2124 2328 Apo-

540 2340 735 2405 stolus,
764 2356 832 2395 an
880 2349 1029 2397 certe
1085 2342 1540 2400 sollicitudinibus
1593 2346 1860 2417 implicari
1914 2349 2120 2415 mundi,

539 2431 684 2502 quod
707 2446 812 2487 non
840 2441 992 2503 optat
1017 2432 1327 2504 Apostolus.
1365 2434 1423 2492 Si
1446 2437 1591 2493 enim
1630 2440 1747 2499 sine
1778 2456 1946 2497 uxore
1975 2452 2121 2510 sunt,

540 2538 574 2578 a
602 2523 964 2581 sollicitudine
1006 2528 1193 2582 mundi
1249 2528 1433 2596 liberi,
1475 2544 1664 2586 eorum
1706 2532 2122 2591 sollicitudinem

538 2625 734 2689 gerunt
758 2633 878 2689 quae
905 2628 1032 2676 sunt
1066 2620 1302 2689 Domini,
1344 2634 1651 2695 quaerentes
1694 2630 1842 2683 omni
1882 2638 2123 2700 tempore

538 2707 650 2766 Deo
671 2711 1042 2782 complacere;
1069 2715 1429 2785 apostolicum
1454 2718 1582 2775 illud
1607 2721 1933 2778 meditantes
1958 2741 1971 2777 :
1999 2721 2123 2778 0m-

538 2799 629 2854 nia
668 2817 991 2875 quaecunque
1013 2804 1209 2875 facitis,
1233 2808 1291 2862 in
1318 2811 1527 2866 nomine
1559 2811 1768 2869 Domini
1808 2831 2010 2887 semper
2038 2815 2124 2887 fa-

538 2891 641 2946 cite
665 2889 889 2963 (Coloss.
938 2910 1023 2962 ιιι,
1068 2896 1180 2969 17).
1230 2898 1288 2955 Si
1314 2915 1446 2958 vero
1483 2918 1609 2959 cum
1647 2894 1817 2963 uxore
1842 2907 2117 2979 degerent,

539 2995 761 3038 necesse
788 2992 871 3039 est
894 2987 1081 3043 mundi
1113 2988 1565 3050 sollicitudinibus
1607 3010 1704 3052 eos
1731 2997 2019 3068 implicari,
2064 3008 2121 3056 et

538 3086 783 3142 quaerere
807 3076 919 3147 jam
952 3082 1222 3149 quomodo
1251 3084 1499 3154 placeant
1523 3088 1700 3154 uxori,
1743 3105 1850 3146 non
1880 3091 1992 3147 Deo
2017 3110 2029 3145 :
2063 3102 2118 3148 et
2144 3094 2147 3095 ⁷

2231 1889 2484 1947 cultatem
2515 1893 2857 1967 nequaquam
2888 1898 3091 1956 habere
3108 1901 3312 1973 jugiter
3338 1902 3629 1961 Dominum
3657 1907 3822 1962 obse-

2228 1986 2452 2052 crandi,
2514 2002 2704 2044 verum
2760 1990 2828 2046 ad
2879 1999 3092 2064 tempus
3143 1998 3533 2054 tantummodo.
3589 1997 3825 2055 Videant

2227 2076 2392 2148 igitur
2426 2079 2515 2135 isti
2543 2082 2854 2151 nuptiarum
2895 2099 3174 2152 censores,
3207 2088 3394 2158 quales
3422 2090 3628 2146 habere
3653 2090 3825 2147 velint

2228 2169 2563 2238 sacerdotes;
2610 2181 2790 2229 utrum
2836 2190 2932 2231 eos
2980 2177 3073 2247 qui
3118 2178 3497 2235 sanctimonia:
3534 2189 3822 2238 servantes

2226 2261 2541 2330 puritatem,
2575 2263 2886 2322 facultatem
2914 2267 3115 2324 habent
3143 2269 3261 2324 sine
3288 2270 3680 2342 impedimento
3708 2273 3818 2329 Do-

2226 2353 2429 2410 minum
2460 2357 2810 2423 obsecrandi,
2848 2361 3022 2416 sancti
3054 2370 3366 2431 manentes,
3399 2365 3455 2419 in
3496 2367 3702 2421 sanctis
3725 2365 3820 2437 ju-

2225 2438 2365 2516 gite'r
2392 2447 2718 2516 habitantes,
2749 2451 3009 2506 mundum
3034 2463 3353 2523 spernentes
3371 2495 3386 2522 ,
3411 2456 3656 2513 coelestia
3682 2473 3820 2515 con—

2227 2537 2694 2608 templantes;vel
2725 2556 2820 2597 eos
2865 2551 3015 2599 certe
3058 2544 3151 2615 qui
3196 2545 3568 2619 conjugalibus
3612 2549 3819 2605 addicti

2225 2626 2483 2696 vinculis,
2528 2644 2629 2688 nec
2671 2632 2728 2687 in
2759 2635 2962 2691 sanctis
2985 2635 3242 2693 continuo
3270 2637 3513 2694 valentes
3536 2639 3815 2704 habitare,

2224 2734 2325 2776 nec
2354 2721 2612 2779 mundum
2642 2737 2918 2795 spernere,
2945 2740 3048 2782 nec
3076 2727 3224 2783 omni
3247 2735 3491 2799 tempore
3520 2726 3815 2783 Dominum

2222 2829 2323 2885 pro
2351 2816 2455 2872 sibi
2497 2818 2738 2888 Subjecta
2766 2820 2924 2893 plebe
2948 2821 3251 2894 deprecari,
3286 2839 3559 2895 quamque
3580 2824 3653 2880 sit
3682 2824 3815 2881 isto-

2223 2922 2344 2961 rum
2394 2908 2697 2967 intellectus
2727 2912 2796 2967 ab
2838 2913 3134 2983 apostolico
3179 2929 3341 2971 sensu
3381 2913 3698 2987 longissime
3724 2930 3818 2971 re-

2222 3009 2422 3057 motus.
2446 3001 2538 3058 ille
2564 3004 2953 3061 continentiam
2976 3006 3303 3077 persuadet,
3342 3007 3431 3064 isti
3460 3006 3812 3063 sacerdotum

2223 3094 2633 3149 sanctimoniam
2659 3094 2800 3167 (sine
2827 3110 2933 3167 qua
2955 3111 3114 3154 nemo
3137 3097 3341 3155 videbit
3368 3096 3563 3167 Deum)
3589 3099 3813 3169 nuptia-

536 3163 844 3233 hujusmodi
868 3169 1178 3241 quicunque
1215 3182 1362 3240 sunt,
1388 3176 1546 3232 divisi
1576 3187 1720 3245 sunt,
1754 3183 2009 3250 quoniam
2037 3184 2119 3238 in-
2145 3184 2191 3249 C
2223 3200 2342 3239 rum
2395 3163 2899 3242 condemnationem
2950 3188 3416 3259 interpretantur;
3459 3188 3614 3245 obliti
3665 3189 3815 3259 quod

535 3263 623 3311 ter
670 3273 911 3315 amorem
960 3263 1165 3329 uxoris,
1209 3280 1559 3338 amoremque
1610 3269 1705 3324 Dei
1736 3272 1898 3327 medii
1941 3276 2122 3330 consi-

535 3358 844 3418 stunt,*non
888 3355 1132 3412 valentes
1179 3358 1360 3415 dicere
1386 3376 1510 3415 cum
1555 3353 1827 3434 Propheta
1875 3384 1886 3420 :
1936 3365 2120 3424 Portio

535 3459 674 3510 mea,
724 3444 966 3513 Domine,
1018 3449 1154 3515 dixi,
1200 3451 1464 3507 custodire
1516 3452 1679 3525 legem
1734 3466 1878 3512 tuam
1943 3457 2116 3530 (Psal.

540 3552 733 3603 cxvm,
774 3537 887 3612 57).
920 3539 1107 3612 Neque
1150 3559 1273 3598 cum
1325 3544 1487 3602 beato
1539 3546 1797 3617 Ieremia,
1831 3553 1925 3622 qui
1986 3554 2065 3610 ait
2101 3572 2115 3610 :

536 3627 676 3685 Pars
700 3646 816 3687 mea
833 3631 1119 3702 Dominus,
1144 3637 1277 3692 dixit
1321 3640 1499 3695 anima
1523 3657 1660 3708 mea,
1688 3655 1959 3715 propterea
1985 3663 2123 3718 pra:-

454 3730 459 3735 '
533 3719 769 3776 stolabor
797 3737 917 3777 eum
952 3724 1170 3797 (Thren.
1197 3744 1283 3794 ut,
1322 3729 1437 3801 24).
1464 3731 1607 3789 Dicit
1632 3734 1923 3806 Apostolus
1952 3756 1965 3793 :
1999 3739 2122 3794 Mu-

534 3810 634 3866 lier
653 3812 894 3885 innupta,
937 3825 985 3870 et
1020 3817 1166 3888 virgo
1196 3821 1389 3891 cogitat
1410 3840 1529 3893 quae
1551 3836 1673 3880 sunt
1703 3827 1938 3897 Domini,
1969 3840 2025 3885 ut
2053 3832 2122 3888 sit

534 3915 721 3961 sancta
745 3917 792 3961 et
816 3924 1030 3979 corpore
1057 3921 1105 3965 et
1138 3913 1328 3983 spiritu
1354 3912 1407 3986 (Ι
1432 3914 1556 3970 Cor.
1579 3934 1678 3985 vu,
1709 3920 1823 3991 54).
1850 3922 1935 3977 An
1959 3923 2122 3994 igitur

537 3994 691 4051 decet
725 3996 939 4054 Domini
968 4003 1298 4071 sacerdotes,
1347 4015 1403 4062 et
1427 4007 1614 4064 altaris
1660 4013 1959 4080 ministros,
2002 4031 2121 4070 mu-

533 4081 763 4141 lieribus
783 4087 1024 4159 innuptis
1047 4098 1104 4145 et
1131 4094 1434 4163 virginibus
1456 4111 1577 4153 esse
1597 4097 1903 4169 inferiores,
1928 4112 1986 4158 ut
2014 4104 2120 4160 illis

536 4176 901 4246 cogitantibus
948 4196 1069 4252 quae
1108 4193 1235 4239 sunt
1272 4184 1507 4255 Domini,
1553 4192 1971 4250 sanctimoniam
2009 4202 2118 4251 tam

533 4282 763 4340 corpore
792 4288 955 4343 quam
986 4277 1181 4348 spiritu
1202 4283 1600 4351 conservando,
1627 4286 1717 4341 isti
1740 4289 1980 4359 cogitent
2000 4305 2119 4360 quae

534 4373 662 4419 sunt
685 4368 891 4435 mundi,
906 4373 1250 4429 sanctitatem
1265 4377 1511 4446 corporis
1539 4386 1597 4433 et
1619 4378 1840 4448 spiritus
1864 4395 2120 4451 respuen-

533 4455 642 4511 do?
672 4456 962 4531 Utriusque
1010 4479 1244 4536 namque
1285 4469 1645 4526 sanctimonia
1687 4473 1990 4542 privantur,
2022 4473 2115 4543 qui

2224 3275 2299 3329 ait
2327 3275 2615 3346 Apostolus
2642 3293 2656 3330 :
2684 3276 2802 3333 Hoc
2832 3278 2901 3333 ad
2930 3279 3231 3346 utilitatem,
3264 3281 3548 3352 inquiens,
3582 3289 3814 3336 vestram

2222 3369 2360 3435 dico,
2390 3370 2779 3427 continentiam
2813 3373 3164 3444 persuadens.
3205 3372 3329 3429 Mox
3356 3382 3537 3443 autem
3569 3371 3812 3428 inﬁrmi-

2224 3460 2322 3516 tati
2362 3461 2680 3529 consulens,
2717 3463 2937 3533 inquit:
2965 3463 3091 3519 Non
3120 3474 3176 3519 ut
3215 3463 3462 3536 laqueum
3500 3463 3645 3519 vobis
3674 3463 3813 3534 inji-

2220 3552 2375 3606 ciam.
2408 3551 2657 3610 Ostendit
2682 3555 2828 3610 enim
2872 3556 3001 3625 quid
3037 3554 3310 3612 desideret
3340 3555 3471 3613 :sed
3498 3555 3816 3615 considerat

2222 3644 2366 3713 quod
2413 3644 2780 3715 unusquisque
2824 3644 3104 3716 proprium
3129 3645 3326 3703 habeat
3345 3645 3547 3703 donum
3585 3660 3618 3701 a
3661 3644 3811 3710 Deo,

2222 3732 2358 3788 alius
2404 3735 2613 3806 quidem
2642 3736 2748 3801 sic,
2776 3734 2917 3791 alius
2943 3753 3060 3791 vero
3093 3737 3189 3791 sic.
3220 3736 3429 3794 Rursus
3469 3737 3539 3792 ad
3581 3738 3638 3794 id
3661 3737 3813 3809 quod

2222 3826 2400 3896 potius
2425 3836 2508 3881 est
2533 3828 2846 3893 exhortans,
2879 3828 3156 3901 subjungit
3186 3848 3198 3883 :
3234 3828 3338 3885 Sed
3366 3830 3437 3886 ad
3465 3831 3522 3885 id
3547 3831 3691 3902 quod
3713 3830 3814 3886 Iso-

2224 3924 2425 3968 nestum
2471 3924 2581 3980 est;
2621 3917 2962 3983 subauditur,
2995 3934 3091 3974 vos
3132 3919 3387 3976 invitans.
3422 3919 3808 3986 Honestatem,

2223 4005 2349 4061 talia
2379 4006 2588 4073 dicens,
2618 4008 2967 4065 continentia:
2984 4012 3252 4082 praeponit
3278 4012 3482 4083 nuptiis
3507 4029 3521 4065 :
3553 4028 3659 4067 non
3687 4012 3811 4082 qui.

2222 4097 2348 4166 dem,
2365 4113 2472 4167 quo
2503 4098 2719 4168 nuptias
2740 4101 3084 4168 condemnet,
3119 4104 3212 4158 sed
3240 4103 3523 4159 evidenter
3543 4104 3813 4174 praedicat

2220 4189 2365 4259 quod
2413 4190 2613 4259 nuptiae
2656 4190 2874 4260 quidem
2922 4192 3077 4248 bona:
3130 4202 3285 4261 sunt,
3335 4195 3431 4251 sed
3481 4193 3674 4251 melior
3724 4202 3815 4250 est

2220 4280 2550 4337 continentia
2581 4282 2841 4350 vidualis;
2891 4285 3257 4355 supereminet
3298 4295 3480 4344 autem
3523 4287 3812 4358 integritas

2218 4372 2512 4444 virginalis.

2294 4463 2410 4521 Non
2455 4474 2581 4521 sunt
2630 4467 2795 4539 igitur
2837 4470 3263 4541 reprehendendi
3307 4471 3393 4528 vel
3442 4471 3673 4528 Romani
3724 4471 3813 4527 vel

533 4549 918 4621 cogitationem
940 4554 1142 4612 habent
1159 4572 1349 4615 eorum
1374 4576 1495 4632 qua:
1525 4571 1654 4617 sunt
1677 4564 1882 4629 mundi,
1903 4564 2119 4635 placere

2227 4553 2437 4623 Latini,
2483 4557 2529 4612 si
2577 4557 2662 4615 vel
2706 4560 3010 4630 episcopos,
3040 4561 3128 4616 vel
3174 4563 3483 4620 sacerdotes
3508 4578 3540 4618 a
3570 4563 3813 4619 maritali

532 4646 689 4701 uxori
739 4650 1070 4719 gestientes;
1118 4655 1397 4724 quoniam,
1425 4656 1569 4713 sicut
1615 4657 1748 4713 dicit
1786 4657 2116 4729 Apostolus:

534 4736 667 4803 Qua:
693 4751 855 4805 nupta
880 4753 974 4809 est,
999 4745 1190 4815 cogitat
1216 4764 1333 4817 quae
1354 4758 1476 4802 sunt
1498 4748 1702 4816 mundi,
1721 4755 1981 4820 quomodo
2002 4751 2117 4822 pla-

531 4840 643 4882 ceat
667 4829 774 4885 viro
804 4830 1015 4905 (Ibid.).
1044 4835 1134 4889 Ait
1160 4833 1412 4893 Salvator
1435 4838 1645 4894 duobus
1675 4841 1908 4896 dominis
1942 4844 2115 4898 nemi-

530 4935 654 4976 nem
679 4936 836 4990 posse
857 4926 1063 4983 servire
1090 4928 1306 4998 (Matth.
1337 4947 1413 4997 νι,
1444 4930 1559 5002 24).
1583 4932 1726 5003 Ergo
1748 4933 1834 4988 vel
1855 4934 2116 5006 episcopi,

530 5011 615 5066 vel
646 5015 984 5085 pnesbyteri,
1032 5018 1338 5090 cogitantes
1384 5021 1624 5076 debitum
1675 5024 1885 5081 solvere
1935 5026 2115 5092 uxori,

530 5105 773 5176 cogitare
823 5119 1097 5178 nequeunt
1139 5112 1420 5167 servitutis
1449 5113 1688 5170 debitum
1733 5116 1964 5175 Domino
2013 5119 2119 5174 sol-

532 5198 739 5254 vendae.
789 5199 1006 5256 Etcum
1062 5200 1242 5258 clerici
1294 5203 1551 5261 dicuntur
1587 5207 1713 5278 quia
1752 5208 1861 5264 sint
1906 5210 2119 5266 Domini

532 5305 652 5344 sors
676 5290 781 5362 (sic
803 5292 949 5347 enim
1001 5308 1198 5349 nomen
1231 5294 1404 5366 ipsum
1436 5312 1638 5357 sonare
1675 5300 2117 5376 deprehenditur)

526 5391 590 5437 .et
610 5397 799 5438 eorum
828 5385 1007 5456 portio
1035 5402 1141 5442 non
1166 5387 1270 5443 alia
1298 5388 1389 5455 sit,
1420 5406 1582 5462 quam
1615 5392 1906 5460 Dominus;
1934 5408 2117 5450 sacer-

534 5473 688 5528 dotes
717 5476 875 5530 uxori
898 5476 1217 5543 servientes,
1245 5488 1300 5535 et
1324 5495 1386 5536 ea
1428 5498 1548 5552 quae
1589 5493 1717 5539 sunt
1747 5485 1931 5540 mundi
1967 5484 2117 5556 cogi—

536 5570 739 5630 tantes,
770 5573 974 5622 sortem
1006 5568 1243 5635 Domini,
1284 5587 1391 5642 qua
1418 5574 1727 5644 specialiter
1766 5575 1815 5630 ei
1844 5575 2117 5632 cohaerere

533 5658 851 5725 debuerant,
883 5677 1169 5734 respuere;
1199 5681 1300 5720 nec
1317 5666 1429 5737 jam
1456 5681 1643 5721 eorum
1672 5667 1945 5738 possessio
1970 5668 2116 5725 solus

532 5758 616 5813 est
637 5750 926 5823 Dominus;
956 5757 1212 5827 quoniam
1249 5760 1449 5814 mundo
1498 5774 1595 5829 per
1623 5760 1991 5818 meditationis
2025 5776 2115 5819 as-

2224 4657 2344 4704 toro
2386 4649 2752 4719 suspendunt;
2800 4651 3056 4721 quoniam
3106 4667 3207 4710 nec
3247 4653 3535 4726 Apostolus
3575 4654 3813 4711 habetur

2223 4738 2416 4811 dignus
2439 4740 2878 4812 reprehensione,
2907 4742 3000 4812 qui
3030 4744 3405 4800 castimoniam
3449 4745 3811 4815 persuadens,

2222 4830 2455 4902 conjugii
2484 4829 2658 4888 fmdus
2683 4833 2932 4889 hortatur
2951 4850 3056 4889 non
3083 4851 3260 4915 agere,
3286 4846 3553 4908 quatenus
3577 4837 3812 4894 facultas

2215 4922 2359 4994 jugis
2387 4931 2602 4978 maneat
2630 4923 2874 4980 ﬁdelibus
2907 4926 3191 4983 Dominum
3221 4927 3567 4999 deprecandi.
3590 4928 3810 4986 Etenim

2222 5016 2311 5086 qui
2360 5016 2624 5072 Dominici
2662 5020 2906 5089 corporis
2952 5030 3008 5076 et
3054 5024 3331 5095 sanguinis
3374 5024 3522 5080 omni
3569 5037 3815 5095 tempore

2224 5108 2421 5166 debent
2442 5122 2782 5167 sacramenta
2801 5115 3133 5187 contingere,
3156 5117 3609 5197 quemadmodum
3628 5118 3815 5175 valent

2222 5202 2475 5275 conjugio
2515 5204 2824 5262 deservire?
2867 5206 3033 5263 David
3080 5223 3314 5280 namque
3367 5210 3435 5267 ad
3490 5210 3812 5269 Ahimelech

2223 5296 2558 5354 sacerdotem
2587 5298 2832 5366 veniens,
2864 5316 2973 5357 non
3017 5311 3177 5360 antea
3205 5304 3404 5361 meruit
3426 5320 3595 5377 panes
3623 5321 3813 5364 sacros

2223 5386 2557 5457 contingere,
2600 5404 2763 5458 quam
2808 5405 2868 5446 se
2914 5407 3221 5466 puerosque
3274 5410 3402 5453 suos
3447 5413 3476 5453 a
3517 5398 3817 5457 mulierum

2221 5486 2369 5533 tactu
2424 5480 2580 5535 tertia
2630 5479 2745 5550 jam
2790 5483 2876 5538 die
2929 5484 3135 5542 diceret
3186 5489 3518 5557 purificatos.
3572 5491 3641 5546 Et
3690 5493 3814 5562 quis

2219 5570 2434 5642 ignorat
2456 5573 2702 5643 corporis
2730 5583 2787 5629 et
2814 5577 3095 5647 sanguinis
3120 5578 3320 5636 Christi
3346 5582 3665 5653 mysterium
3696 5581 3814 5637 fore

2217 5662 2376 5734 longe
2427 5664 2709 5719 sublimius
2752 5667 3005 5736 panibus,
3037 5670 3128 5739 qui
3175 5687 3274 5742 per
3316 5673 3520 5743 singula
3571 5668 3812 5728 Sabbata

2217 5758 2658 5829 proponebantur
2693 5775 2857 5832 super
2898 5777 3142 5821 mensam
3188 5765 3241 5820 in
3285 5761 3519 5832 templo?
3542 5762 3613 5823 Et
3636 5763 3683 5823 si
3708 5763 3813 5823 mi-
