4026 6346
1070 384 1349 441 conas
1386 354 1798 439 ementium
1836 378 2195 436 orrosrrs.
2236 410 2308 423 -
2342 379 2469 436 un.
2513 380 2597 436 IV.

3345 388 3454 447 550

178 501 327 556 nime
354 498 551 557 licebat
574 512 668 555 eos
692 499 1010 570 contingere
1034 499 1124 569 qui
1154 514 1257 554 non
1281 484 1612 564 .sanctificati
1642 495 1769 551 fuis-
1796 505 1844 563 Α
1944 493 1999 546 in
2040 492 2267 547 concilio
2297 492 2712 564 Carthaginensi
2747 495 2926 565 (conc.
2956 495 3151 567 Afric.,
3188 512 3279 553 an.
3312 499 3453 565 424,

175 597 307 647 scut
346 594 381 647 ‘a
429 589 766 656 mulieribus,
815 588 1271 661 quemadmodum
1320 588 1571 661 expediat
1609 602 1763 643 sacra

175 684 497 753 contingere
553 683 835 741 Dominica
885 682 1202 739 mulieribus
1251 682 1651 747 deservientes,
1711 687 1767 736 et

175 771 449 844 coniugali
480 780 600 829 toro
628 771 1002 843 mancipatus?
1035 771 1190 839 Quod
1232 771 1550 844 mysterium
1590 768 1766 826 Thes-

175 864 535 921 salonicensis
578 864 822 922 Ecclesia
862 864 1149 936 diligenter
1175 864 1515 929 examinans,
1540 862 1769 918 clericos

175 952 306 1011 ante
332 954 651 1011 'ciericatum
679 955 916 1027 legitime
957 956 1149 1010 ductas
1175 969 1374 1010 uxores
1408 954 1454 1010 si
1487 953 1770 1023 cognovis-

175 1059 320 1115 sent,
350 1048 700 1120 deponendos
733 1048 852 1105 fore
886 1056 1234 1104 censuerunt.
1264 1047 1419 1103 Unde
1463 1047 1769 1102 mirandum

173 1140 495 1198 Graecorum
541 1141 818 1213 principes
847 1141 903 1196 in
933 1139 1194 1196 Romanis
1236 1141 1593 1212 redarguere,
1625 1139 1770 1210 quod

173 1234 229 1290 in
265 1233 849 1292 Thessalonicensibus
876 1236 1149 1306 patienter
1175 1234 1499 1289 concedunt.
1543 1232 1697 1299 Quod
1723 1231 1770 1286 si

173 1325 444 1381 moderno
468 1333 715 1397 tempore
760 1340 872 1382 sum
916 1323 1171 1380 fortassis
1220 1324 1590 1395 superstitioni
1634 1338 1772 1394 pra:-

172 1419 343 1474 buere
375 1432 725 1486 consensum,
751 1404 993 1489 quolibet
1026 1416 1189 1472 modo
1215 1424 1434 1471 teneant
1460 1416 1771 1486 persuasus,

173 1494 445 1571 neverint.
478 1513 663 1566 tamen
716 1510 982 1582 majorum
1018 1510 1181 1564 talem
1232 1510 1455 1566 suerum
1498 1507 1779 1565 exstitiSSe'

171 1604 655 1660 consuetudinem.

241 1694 358 1750 Sed
400 1694 688 1750 'veniam'us
722 1694 791 1749 ad
833 1693 1202 1750 ecclesiaStica
1256 1690 1474 1749 tandem
1520 1693 1771 1759 decreta,

170 1802 281 1855 quo
307 1801 707 1858 cognoscamus
745 1785 874 1857 quid
921 1786 1214 1842 decernere
1255 1786 1416 1855 super
1445 1785 1530 1841 his
1566 1785 1772 1840 malue-

1871 599 1991 640 can.
2031 584 2123 654 '57)
2151 602 2163 639 :
2198 604 2216 636 ς
2249 584 2516 641 I’raaterea
2540 628 2554 653 ,
2586 603 2707 643 cum
2740 589 2807 643 de
2835 591 3192 660 quorumdam
3227 590 3455 649 clerico-4

1871 689 2024 741 rum,
2074 676 2323 745 quamvis
2347 690 2477 748 erga
2504 691 2701 734 uxores
2733 680 2982 751 proprias
3004 720 3018 744 ,
3064 681 3457 741 incontinentia

1871 769 2193 836 referretur,
2223 770 2427 841 placuit
2454 770 2761 843 episeopos,
2793 781 2847 829 et
2873 776 3240 848 presbyteros,
3267 787 3321 833 et
3344 774 3461 834 dia;

1871 879 2038 920 conos
2067 864 2365 920 secundum
2396 865 2579 935 priora
2606 874 2840 933 statuta,
2887 868 3052 923 etiam
3089 870 3158 924 ab
3200 870 3462 926 uxoribus

1872 955 2173 1012 continere.
2207 945 2361 1023 Quod
2389 956 2494 1011 nisi
2527 954 2778 1023 fecerint,
2810 959 2879 1013 ab
2900 958 3269 1016 ecclesiastico
3292 977 3465 1017 remo-

1873 1056 2106 1102 veantur
2132 1044 2330 1101 cilicio.
2363 1065 2382 1097 ι
2427 1044 2686 1101 Praesenti
2717 1047 2953 1117 capitulo
2983 1064 3088 1104 non
3122 1050 3295 1106 solum
3325 1038 3463 1123 pra:-

1873 1136 1971 1193 fati
1993 1138 2194 1209 gradus
2219 1152 2418 1195 uxores
2441 1139 2640 1194 ducere
2660 1140 3037 1210 prohibentur,
3072 1157 3256 1198 verum
3282 1160 3311 1198 a
3338 1159 3465 1215 pro-

1874 1230 2028 1301 priis,
2058 1246 2196 1301 quas
2221 1232 2537 1303 priusquam
2577 1233 2961 1288 ordinarentur
2988 1235 3248 1301 habuere,
3290 1237 3464 1291 conti-
3532 1300 3534 1302 ν

1877 1339 2008 1379 nere
2049 1324 2438 1395 pracipiuntur
2472 1340 2487 1379 :
2523 1325 2666 1396 quod
2714 1325 2760 1380 si
2812 1341 2919 1381 non
2966 1326 3226 1395 fecerint,
3267 1329 3464 1399 deponi

1869 1412 2147 1483 iubentur.
2198 1415 2551 1471 Consentitur
2591 1417 2644 1471 in
2692 1416 2793 1473 hoc
2835 1418 3054 1474 decreto
3094 1427 3201 1474 tam
3248 1416 3467 1476 Nicamo

1878 1520 2042 1576 quam
2070 1504 2494 1562 Neocaesariensi
2526 1506 2759 1562 concilio
2789 1526 2802 1562 :
2842 1524 2967 1562 nam
3009 1517 3297 1580 utrumque
3332 1525 3467 1580 prae-

1878 1597 2012 1667 cipit
2035 1596 2385 1670 presbyteros
2413 1598 2481 1653 ab
2507 1600 2768 1655 uxoribus
2794 1599 2988 1655 arceri.
3029 1599 3145 1667 Qua
3185 1602 3252 1656 de
3289 1616 3348 1656 re
3386 1602 3468 1656 vi-

1879 1688 2041 1744 deant
2069 1688 2380 1760 imperiales
2409 1690 2883 1759 reprehensiones,
2908 1690 3145 1761 qualiter
3167 1691 3371 1761 justum
3397 1693 3471 1748 sit

1880 1786 2070 1835 contra
2097 1778 2315 1834 decreta
2342 1778 2988 1853 majorumpresbyteros
3011 1796 3208 1838 uxores
3245 1783 3463 1848 ducere,

174 1878 304 1933 rint.
337 1878 650 1935 ln'Niczeno
673 1878 906 1935 concilio
931 1879 1032 1935 sub
1060 1862 1416 1935 Constantino
1445 1879 1772 1950 imperatore
1803 1869 1846 1929 Β
1876 1868 2070 1939 quibus
2105 1868 2382 1925 inhibet“?
2415 1871 2673 1942 Ρτορτίίεν
2720 1886 2859 1942 quas
2898 1880 3025 1928 ante
3067 1873 3465 1930 ordinationem

171 1963 353 2041 primo
390 1985 489 2041 per
514 1980 790 2027 trecentos
815 1971 1115 2026 oetodecim
1159 1970 1440 2042 episcopos
1469 1971 1550 2027 sic
1579 1971 1771 2027 decer-

173 2060 321 2117 nitur
352 2061 495 2132 (can.
523 2063 581 2128 3,
608 2078 677 2117 ex
699 2076 843 2118 vers.
869 2061 1109 2135 Dionysii
1136 2062 1353 2135 Exigui)
1383 2079 1397 2116 :
1436 2082 1454 2115 ι
1488 2061 1773 2118 Interdixit

173 2150 270 2225 per
292 2155 481 2210 omnia
509 2170 705 2226 magna
740 2156 999 2227 synodus,
1030 2171 1138 2211 non
1176 2156 1448 2228 episcopo,
1481 2171 1589 2211 non
1615 2171 1771 2226 pres-

173 2245 387 2318 bytero,
418 2261 527 2301 non
559 2246 811 2313 diacono,
837 2259 940 2301 nec
984 2244 1148 2301 alicui
1173 2248 1397 2302 omnino
1425 2245 1515 2316 qui
1549 2245 1603 2300 in
1628 2245 1775 2301 clero

171 2346 275 2404 est,
303 2338 477 2393 licere
518 2337 987 2394 subintroductam
1037 2337 1239 2394 habere
1289 2336 1610 2403 mulierem;
1668 2337 1772 2392 nisi

175 2424 314 2485 forte
343 2437 602 2495 matrem,
629 2438 722 2484 aut
747 2444 1012 2495 sororem,
1039 2437 1134 2485 aut
1159 2426 1404 2495 amitam,
1430 2428 1517 2483 v'el
1538 2442 1633 2483 eas
1657 2437 1775 2482 tan-

173 2532 291 2577 tum
315 2536 583 2592 personas
617 2537 737 2592 quze
775 2522 1110 2591 suspiciones
1150 2514 1429 2594 effugiunt.
1466 2539 1485 2572 δ
1536 2518 1775 2573 Audiant

174 2615 290 2669 bare
319 2611 873 2683 Constantinopoleos
899 2608 1276 2683 imperatores,
1315 2609 1665 2680 etjudicent,
1705 2623 1772 2663 an

172 2699 414 2759 debeant
442 2696 535 2758 isti
564 2702 783 2776 gradus,
834 2700 999 2773 super
1046 2700 1242 2773 quibus
1276 2700 1382 2758 hoc
1416 2700 1651 2772 capitulo
1682 2701 1775 2755 de-

174 2795 444 2857 cernitur,
465 2794 810 2853 matrimonia
834 2794 1041 2860 sortiri,
1067 2793 1264 2864 quibus
1295 2807 1403 2848 non
1432 2791 1559 2847 licet
1585 2790 1773 2846 mulie-

176 2885 333 2943 ribus
356 2885 691 2953 cobabitare,
720 2872 824 2942 nisi
852 2884 1190 2942 solummodo
1211 2882 1461 2953 personis
1487 2881 1592 2938 illis
1632 2888 1774 2952 quas

175 2974 326 3031 nulla
379 2975 617 3048 suspicio
662 2976 835 3047 possit
881 2974 1304 3032 commaculare.
1354 2973 1489 3028 Nam
1530 2972 1774 3044 quisquis

176 3082 408 3123 uxorem
460 3068 696 3135 duxerit,
745 3083 856 3123 non
902 3076 1081 3139 potest
1123 3076 1320 3138 praeter
1366 3068 1591 3121 uxdrem
1640 3064 1775 3120 alias

177 3158 345 3216 etiam
377 3159 634 3216 mulieres
676 3160 729 3215 in
765 3159 927 3217 domo
955 3176 1063 3215 non
1094 3160 1315 3225 habere,
1356 3158 1554 3229 quibus
1581 3157 1772 3212 uxoria

1875 1960 2167 2028 duxerant,
2199 1961 2496 2018 abstinere.
2538 1961 2685 2029 Quas
2730 1961 2875 2034 leges
2911 1965 2954 2019 si
2997 1977 3221 2019 servare
3255 1964 3468 2021 malueA

1878 2053 2009 2119 rint,
2037 2061 2370 2124 cognoscant
2394 2053 2538 2124 quod
2568 2053 2767 2124 injuste
2795 2055 3069 2112 Romanos
3095 2058 3464 2129 redarguunt:

1877 2142 2021 2212 quod
2041 2143 2087 2198 si
2110 2143 2403 2210 noluerint,
2429 2144 2597 2199 etiam
2636 2159 2761 2200 cum
2786 2143 3049 2202 Romanis
3077 2148 3242 2203 totius
3266 2147 3466 2204 Africae

1876 2232 2239 2302 provinciales
2286 2233 2570 2303 episcopos
2617 2233 3055 2303 reprehendant,
3109 2244 3165 2291 et
3208 2251 3332 2291 cum
3380 2236 3469 2292 his

1877 2324 2042 2379 etiam
2073 2337 2201 2380 suos
2231 2322 2562 2390 Orientales,
2595 2326 2688 2396 qui
2719 2326 3011 2381 constituta
3046 2328 3313 2396 majorum
3345 2342 3464 2384 ser-

1877 2424 2067 2471 vantes
2088 2456 2105 2483 ,
2134 2417 2420 2486 episcopos
2439 2457 2455 2478 ,
2486 2417 2867 2489 presbyteros,
2902 2426 2959 2472 et
2996 2417 3253 2474 diacOnos
3286 2418 3468 2474 vivere

1876 2507 2219 2564 continenter
2243 2510 2466 2565 omnino
2491 2509 2813 2578 decernunt,
2853 2510 2957 2566 nisi
2994 2524 3216 2566 suorum
3251 2510 3467 2581 delege-

1878 2601 1988 2655 rint
2014 2599 2156 2656 forte
2183 2601 2526 2657 decretorum
2558 2609 3010 2674 transgressores.

1947 2689 2005 2745 ln
2056 2690 2195 2747 libro
2246 2690 2709 2747 Constitutionum
2745 2691 2943 2748 Justini
2996 2694 3341 2765 imperatoris
3389 2698 3464 2752 ita

1877 2780 2191 2836 decernitur
2207 2781 2445 2851 capitulo
2465 2781 2726 2854 vigesimo
2746 2791 2941 2852 quarto
2961 2801 2973 2836 :
3001 2802 3020 2835 ‹
3043 2783 3265 2853 Oportet
3283 2793 3467 2841 autem

1878 2887 2001 2928 eum
2031 2873 2123 2943 qui
2152 2873 2437 2946 episcopus
2462 2874 2525 2929 ﬁt
2542 2915 2557 2940 ,
2583 2870 2762 2946 neque
2787 2889 3013 2931 uxorem
3042 2876 3266 2944 habere,
3291 2892 3468 2950 neque

1878 2962 2258 3030 concubinam,
2274 2978 2452 3035 neque
2469 2962 2691 3031 liberos,
2714 2978 2809 3019 seu
2828 2964 3039 3036 legibus
3059 2965 3382 3038 incognitus.
3398 2966 3470 3023 Et

1878 3053 1925 3108 si
1949 3054 2072 3125 quis
2094 3061 2282 3110 contra
2303 3055 2420 3110 haec
2438 3053 2648 3121 fecerit,
2672 3063 2729 3111 et
2749 3054 2796 3112 is
2815 3056 2909 3128 qui
2924 3055 3100 3115 factus
3114 3067 3217 3126 est,
3234 3068 3291 3115 et
3308 3060 3356 3117 is
3372 3062 3468 3131 qui

1878 3158 2002 3199 eum
2025 3144 2173 3212 fecit,
2196 3147 2541 3218 episcopatus
2558 3147 2864 3219 expellatur
2891 3149 3097 3207 honore
3114 3163 3162 3207 ι.
3187 3171 3207 3205 ι
3237 3151 3469 3209 Videant

181 3252 515 3320 necessitas,
544 3259 599 3307 et
623 3262 753 3308 cura
783 3250 1081 3308 domestica
1121 3248 1452 3322 suppleatur.
1495 3249 1597 3307 Ubi
1646 3266 1774 3305 vero
1804 3225 1849 3289 δ
1880 3251 2025 3292 ηυηο
2045 3235 2360 3294 Gmcorum
2390 3237 2767 3310 imperatores:
2796 3241 2887 3312 qui
2910 3241 3185 3300 Romanos
3210 3244 3469 3311 damnare

181 3341 509 3400 cunctarum
557 3341 898 3399 interdicitur
940 3341 1371 3399 subintroductio
1417 3341 1773 3409 feminarum,

180 3444 384 3507 prater
411 3432 635 3490 omnino
671 3430 932 3506 personas
975 3449 1095 3505 quae
1141 3441 1363 3488 careant
1406 3432 1553 3488 omni
1602 3433 1777 3503 suspi-

184 3514 366 3592 cione,
399 3526 747 3583 manifestum
776 3535 859 3581 est
889 3527 1030 3597 quod
1058 3525 1413 3581 interdicatur
1441 3526 1606 3579 etiam
1639 3541 1775 3580 uxo-

185 3600 262 3671 ria
300 3600 514 3689 pariter
550 3614 761 3688 copula,
796 3632 916 3688 quae
947 3616 1093 3671 nullo
1117 3615 1277 3698 modo
1306 3623 1482 3687 potest
1512 3615 1629 3672 ﬁeri
1660 3618 1777 3672 sine

187 3703 522 3777 reliquarum
550 3706 863 3763 accessione
890 3705 1237 3761 feminarum.

252 3797 311 3853 ln
342 3796 579 3854 concilio
608 3796 1025 3855 Neocaesariensi
1054 3797 1133 3853 sic
1160 3798 1415 3873 statuitur
1441 3799 1581 3871 (can.
1610 3796 1661 3863 l,
1709 3814 1775 3853 ex

183 3887 431 3960 ejusdem
466 3891 736 3963 versione)
763 3910 777 3946 :
817 3911 835 3943 ι
865 3885 1175 3962 Presbyter,
1220 3890 1266 3946 si
1295 3891 1518 3947 u'xdrem
1547 3902 1774 3962 accepe-

186 3982 281 4048 rit,
307 3982 383 4038 ab
408 3982 602 4039 ordine
631 3983 949 4054 deponatur.
996 3978 1054 4038 Si
1099 3998 1229 4039 vero
1266 3981 1562 4040 fornicatus
1593 3980 1774 4052 fuerit,

178 4082 280 4149 aut
306 4070 634 4129 adulterium
659 4075 1073 4146 perpetraverit,
1104 4074 1335 4146 amplius
1360 4077 1485 4147 pelli
1515 4078 1696 4143 debet,
1723 4085 1780 4132 et

185 4163 254 4219 ad
297 4163 679 4235 pcenitentiam
725 4164 912 4237 redigi.
949 4184 968 4216 ›
1019 4164 1171 4232 Quod
1215 4166 1270 4220 hi
1312 4182 1549 4223 canones
1591 4168 1777 4224 decer-

189 4266 348 4320 nunt,
389 4256 652 4313 hactenus
679 4265 735 4313 et
761 4254 1007 4312 Ecclesia
1036 4255 1279 4312 Romana
1309 4266 1365 4313 et
1403 4274 1593 4315 omnes
1622 4256 1779 4315 Occi-

186 4336 439 4404 deutales
468 4363 687 4405 servare
715 4348 1072 4416 studuerunt,
1120 4349 1356 4405 scientes
1401 4349 1611 4405 cunctis
1658 4363 1780 4405 esse

184 4444 520 4500 servandum
565 4446 708 4515 quod
755 4452 905 4517 patet
947 4459 1068 4500 esse
1111 4445 1449 4515 religiosum,
1490 4456 1545 4502 et
1580 4445 1779 4502 divinis

185 4532 491 4590 cultoribus
536 4533 779 4606 dignum.
831 4532 1064 4590 Videant
1097 4527 1294 4601 Grazci,
1339 4534 1386 4590 si
1426 4537 1568 4608 quod
1608 4545 1780 4593 statu-

185 4632 302 4679 tum
333 4631 422 4679 est
459 4632 644 4680 tenere
679 4626 1041 4692 contendunt;
1078 4629 1222 4697 quod
1249 4626 1293 4684 si
1314 4627 1550 4695 faciunt,
1579 4627 1777 4685 frustra

186 4706 471 4772 Romanos
501 4717 853 4788 redarguunt,
881 4733 1019 4789 quos
1045 4720 1146 4776 sibi
1176 4736 1336 4791 pares
1364 4723 1416 4777 in
1446 4720 1778 4778 ecclesiasti-

187 4806 268 4861 cis
291 4807 580 4862 servandis
604 4805 850 4862 conciliis
877 4809 1101 4864 omnino
1139 4810 1492 4881 perspiciunt.
1537 4811 1689 4879 Quod
1733 4812 1780 4867 si

184 4897 546 4953 constitutum
573 4896 676 4953 hoc
704 4896 931 4953 licenter
960 4900 1406 4976 prmvaricantur,
1444 4901 1777 4957 ecclesiasti-

189 5002 378 5042 carum
413 4979 858 5044 constitutionum
890 4989 968 5043 rei
996 4991 1473 5061 deprehenduntur
1505 5008 1520 5047 :
1561 5002 1617 5048 et
1650 4993 1775 5050 dum

188 5080 243 5135 in
274 5074 504 5138 Oriente
532 5074 698 5137 fuerit
728 5082 830 5137 hoc
860 5082 1241 5146 constitutum,
1280 5092 1335 5140 et
1368 5080 1625 5141 nimirum
1663 5101 1777 5141 ser-

188 5180 351 5229 vetur
380 5172 452 5228 ab
476 5170 866 5240 Orientalibus,
899 5172 1042 5245 quod
1082 5189 1180 5245 pro
1216 5174 1471 5231 Ecclesiae
1496 5176 1779 5247 disciplina

188 5264 457 5333 probatur
478 5278 598 5319 esse
627 5264 916 5332 sancitum,
952 5264 1147 5318 mirum
1187 5279 1284 5318 cur
1332 5266 1384 5318 in
1423 5265 1784 5323 Occidentali-

188 5351 292 5406 bus
319 5351 541 5422 culpare
573 5353 839 5420 nituntur,
873 5354 1015 5435 quod
1047 5352 1188 5423 apud
1227 5353 1530 5412 Orientales
1563 5372 1785 5414 servare

189 5456 300 5497 non
334 5441 603 5497 dubitant.
631 5441 794 5510 Quod
822 5443 867 5498 si
897 5443 1043 5515 leges
1074 5443 1466 5501 ecclesiasticas
1496 5446 1782 5519 ignorant,

188 5533 317 5604 quis
348 5533 524 5589 nescit
546 5533 668 5591 fore
697 5534 893 5591 merito
923 5537 1371 5605 contemnendos,
1396 5553 1534 5609 quos
1564 5554 1670 5595 non
1700 5556 1785 5595 sa-

186 5624 412 5694 pientiae
444 5626 716 5699 gravitas,
760 5626 855 5683 sed
893 5626 1211 5699 ignoranti:e
1240 5626 1431 5684 levitas
1458 5629 1524 5686 ad
1557 5622 1783 5703 loquen-

187 5716 324 5775 dum
353 5718 642 5791 propellit?
683 5722 688 5727 ’

1806 4585 1860 4646 D

1878 3331 2096 3403 nuptias
2122 3331 2550 3401 calumniantur,
2579 3347 2646 3389 eo
2675 3334 2818 3404 quod
2856 3350 2964 3391 non
3005 3336 3321 3408 episcopos,
3358 3354 3467 3395 non

1877 3425 2245 3496 presbyteros,
2265 3440 2373 3479 non
2391 3424 2669 3490 diaconos,
2699 3440 2898 3484 uxores
2924 3428 3121 3485 ducere
3143 3430 3466 3496 concedunt,

1880 3533 1987 3589 quo
2016 3519 2072 3573 in
2103 3518 2222 3575 loco
2250 3517 2419 3573 velint
2447 3517 2654 3575 habere
2681 3534 2808 3575 suas
2834 3519 2980 3592 leges
2998 3561 3013 3587 ,
3051 3521 3104 3576 id
3129 3530 3245 3589 est,
3284 3538 3313 3577 a
3353 3525 3467 3579 suis

1880 3609 2178 3680 majoribus
2193 3610 2487 3665 institutas.
2506 3609 2647 3665 Ecce
2663 3609 2906 3668 Justinus
2921 3614 3287 3670 Romanorum
3304 3615 3468 3686 impc-

1881 3704 2031 3759 ‘rator
2052 3702 2261 3776 legibus
2283 3704 2527 3760 decrevit
2550 3719 2673 3759 eum
2702 3704 2795 3775 qui
2821 3706 3107 3777 episcopus
3134 3706 3347 3765 futurus
3375 3710 3465 3774 sit,

1880 3811 2057 3868 neque
2086 3811 2309 3853 uxorem
2338 3795 2557 3860 habere,
2604 3810 2778 3867 neque
2809 3798 3170 3854 concubinam
3198 3817 3211 3854 :
3241 3815 3339 3858 vos
3366 3817 3466 3857 au-
3512 3839 3521 3846 ς

1884 3897 1991 3942 tem
2019 3901 2051 3942 e
2080 3886 2354 3943 contrario
2396 3873 2727 3943 constituitis
2767 3896 2826 3942 ut
2873 3896 2982 3943 tam
3026 3888 3265 3961 episc0pi
3303 3892 3465 3963 quam

1881 3980 2188 4052 presbyteri
2219 3980 2551 4036 matrimonii
2578 3978 2704 4050 jura
2733 3981 3049 4039 sortiantur.
3092 3982 3265 4058 Leges
3292 4001 3322 4055 a
3353 4001 3470 4041 ma-

1876 4072 2091 4144 joribus
2118 4072 2318 4129 vestris
2343 4073 2672 4140 constitutae,
2717 4075 2810 4145 qui
2848 4076 2952 4132 hoc
2996 4075 3244 4144 fecerint,
3271 4078 3471 4150 gradus

1885 4164 1966 4220 sui
1996 4164 2317 4235 praecipiunt
2351 4163 2559 4221 honore
2591 4165 2839 4237 privare;
2870 4183 2967 4224 vos
2992 4178 3174 4226 autem
3207 4170 3345 4237 illos,
3376 4172 3473 4243 qui

1884 4252 2270 4323 non'fecerint,
2310 4255 2542 4328 culpatis
2585 4254 2803 4328 nuptias
2844 4261 3241 4332 condemnare,
3272 4277 3373 4318 nec
3416 4263 3471 4317 in

1874 4356 2122 4425 vestram
2154 4363 2250 4405 eos
2279 4347 2442 4404 vultis
2469 4348 2713 4420 recipere
2741 4351 3200 4408 communionem.
3238 4353 3476 4424 Apparet

1884 4438 2049 4511 igitur
2075 4448 2188 4495 tam
2216 4432 2604 4496 ecclesiasticis
2632 4438 2863 4513 legibus,
2906 4428 3067 4512 quam
3113 4444 3309 4498 vestris
3348 4459 3472 4497 san-

1886 4531 2158 4587 ctionibus
2186 4546 2282 4587 vos
2307 4541 2611 4604 repugnare
2635 4550 2649 4586 :
2678 4543 3012 4606 quapropter
3033 4534 3263 4603 duplicis
3294 4542 3475 4588 reatus

1887 4637 1984 4679 vos
2025 4622 2184 4692 culpa
2228 4617 2628 4693 constringitis,
2678 4622 2844 4676 veluti
2892 4632 3319 4695 transgressores
3366 4631 3475 4675 tam

1886 4715 2055 4771 divini
2085 4724 2140 4771 et
2169 4717 2398 4772 humani
2421 4712 2581 4788 juris,
2616 4730 2779 4787 quam
2804 4713 3185 4770 ecclesiasticae
3212 4712 3476 4791 constitu-

1884 4807 2046 4861 tionis
2083 4792 2424 4878 (Justinian.,
2457 4807 2548 4860 ubi
2576 4819 2739 4874 supra
2759 4846 2773 4869 ,
2806 4802 2995 4857 novell.
3041 4801 3164 4867 125,
3197 4816 3316 4871 cap.
3355 4799 3470 4871 99).

1891 4915 1908 4948 ι
1942 4895 2286 4969 Presbyteris
2315 4905 2497 4952 autem
2534 4882 2590 4951 et
2630 4894 2908 4960 diaconis,
2956 4900 3016 4948 et
3061 4891 3183 4947 aliis
3225 4892 3280 4947 in
3326 4890 3475 4946 clero

1870 4988 2120 5060 scriptis,
2172 5003 2279 5043 non
2323 4988 2650 5044 habentibus
2684 5000 2883 5042 uxores
2924 4983 3218 5041 secundum
3261 4981 3507 5038 divinas"

1883 5080 2124 5153 regulas,
2150 5080 2526 5138 interdicimus
2548 5088 2602 5134 et
2627 5095 2726 5135 nos
2751 5076 3033 5135 mulierem
3065 5075 3266 5133 habere
3298 5075 3350 5132 in
3379 5091 3476 5131 sua

1891 5173 2071 5239 domo,
2123 5179 2348 5242 excepta
2396 5178 2592 5238 matre,
2640 5179 2697 5226 et
2745 5169 2874 5236 filia,
2925 5176 2982 5224 et
3021 5184 3227 5236 sorore,
3266 5176 3320 5224 et
3357 5167 3478 5224 aliis

1888 5262 2139 5334 personis
2179 5278 2299 5334 quae
2336 5277 2549 5318 omnem
2593 5260 2873 5333 querelam
2914 5259 3194 5333 effugiunt.
3250 5259 3308 5315 Si
3354 5258 3493 5330 quis

1891 5364 2072 5411 autem
2111 5352 2372 5410 adversus
2416 5354 2576 5409 istam
2623 5352 3059 5409 observationem
3104 5351 3386 5423 mulierem
3421 5349 3475 5404 in

1891 5462 1988 5503 sua
2018 5448 2178 5504 domo
2204 5444 2477 5511 habuerit,
2505 5461 2625 5517 qua:
2664 5453 2843 5517 potest
2882 5445 3245 5516 suspicionem
3276 5441 3478 5497 inferre
3569 5478 3572 5483 ~

1894 5538 2264 5611 turpitudinis,
2313 5547 2371 5613 et
2420 5537 2507 5593 ille
2553 5553 2583 5591 a
2633 5536 2845 5592 clericis
2886 5537 2999 5592 suis
3042 5535 3292 5599 audierit,
3333 5533 3479 5607 quod
3552 5570 3559 5577 .

1891 5647 2015 5688 cum
2052 5632 2141 5688 tali
2178 5631 2405 5687 muliere
2450 5648 2556 5687 non
2603 5632 2794 5687 debeat
2836 5630 3107 5699 habitare,
3153 5637 3209 5684 et
3247 5625 3482 5682 noluerit

1889 5740 2010 5780 eam
2042 5740 2139 5779 sua
2170 5723 2329 5779 domo
2361 5723 2619 5793 repellere
2639 5718 2663 5790 ;’
2699 5724 2780 5778 vel
2822 5732 3136 5778 accusatore
3169 5725 3481 5788 emergente

259 5866 288 5896 ι
334 5852 526 5910 Verbis
552 5854 825 5925 aliquanto
856 5855 1085 5916 diversis
1116 5857 1199 5912 lex
1230 5858 1331 5915 ista
1361 5861 1686 5935 exprjmitur
1725 5861 1928 5920 Novell.
1966 5871 2139 5919 const.
2176 5862 2296 5919 coll.
2331 5880 2368 5931 ι,
2404 5863 2487 5919 tit.
2521 5863 2573 5931 ϐ,
2610 5877 2731 5921 nev,
2768 5862 2819 5929 6,
2852 5878 2973 5931 cap.
3008 5862 3057 5914 1.

438 5947 708 6020 Ρηιιοι.
758 5944 979 6013 CXXI.

2928 5957 2994 6016 η
