4026 6346
621 329 717 387 351

1669 325 2026 380 RATRAMM
2067 326 2514 382 CURBEIENSlS
2557 326 2860 382 MONACHI
3746 334 3826 394 551

621 443 884 512 probatus
914 439 1075 496 fuerit
1112 439 1389 494 inhoneste
1421 453 1541 492 cum
1577 438 1668 490 tali
1708 438 1934 494 muliere
1965 439 2196 499 versari;
2230 441 2277 502 Α
2305 439 2546 509 quotidie
2575 439 2878 503 celebrare,
2909 454 3008 493 nec
3044 455 3070 492 a
3101 439 3271 495 sacris
3297 440 3575 509 aliquando
3601 447 3825 512 recedere,

624 541 752 588 tunc
807 532 1092 603 episc0pus
1153 527 1447 584 secundum
1508 530 1904 585 ecclesiasticos
1970 545 2237 585 canoneS‘

623 623 771 679 clero
796 638 920 680 eum
951 619 1190 692 repellat,
1223 619 1386 674 curiae
1413 619 1648 675 civitatis
1673 619 1826 689 cujus
1868 619 2096 675 clericus
2124 629 2210 674 est

624 715 970 771 tradendum.
1002 732 1019 766 ι
1051 711 1307 782 Superior
1334 709 1418 766 lex
1448 711 1758 781 specialiter
1783 727 1944 783 super
1969 713 2206 782 episc0pi

619 821 851 880 persona
875 805 1207 868 decreverat,
1232 801 1360 858 licet
1382 803 1586 874 pariter
1605 803 2068 875 presbyterorum,
2093 805 2205 859 dia-

618 911 986 966 conorumquc
1023 909 1283 966 personas
1319 895 1809 964 comprehenderit.
1860 895 2013 962 Quod
2061 897 2204 951 enim

619 987 876 1059 episcopo
900 1001 1006 1041 non
1037 983 1371 1050 conceditur,
1403 984 1668 1040 ministris
1695 995 2090 1056 consequenter
2123 985 2202 1038 al-

617 1079 771 1144 taris,
823 1085 878 1133 et
923 1076 1178 1148 mysteria
1225 1075 1490 1131 Dominici
1537 1077 1782 1146 corporis
1825 1084 1880 1132 et
1928 1076 2206 1150 sanguinis

613 1167 1100 1232 contrectantibus,
1149 1166 1352 1236 pariter
1399 1165 1758 1223 interdicitur.
1805 1166 1958 1236 Quod
2000 1168 2046 1224 si
2096 1183 2202 1223 non

613 1260 728 1318 illic
765 1261 834 1317 ad
879 1259 1140 1331 liquidum
1169 1260 1235 1315 de
1264 1257 1704 1330 presbyterorum
1745 1260 2204 1331 diaconorumque

612 1367 772 1406 causa
799 1351 1131 1415 decernitur,
1159 1364 1398 1422 prmsens
1427 1349 1639 1405 sanctio
1667 1349 1957 1406 dubietatis
1985 1364 2201 1406 onmem

613 1444 902 1516 caliginem
949 1457 1232 1498 removere
1272 1431 1638 1514 cognoscitur,
1667 1443 1996 1499 interdicens
2031 1443 2202 1498 mani-

611 1537 753 1593 festo
798 1551 904 1592 non
953 1535 1130 1590 solum
1177 1534 1540 1607 presbyteris,
1601 1545 1656 1591 et
1705 1535 2051 1602 diaconibus,
2108 1537 2201 1592 sed

614 1629 778 1684 etiam
827 1627 1193 1693 subdiaconis,
1241 1636 1297 1682 et
1341 1625 1462 1682 aliis
1505 1627 1916 1698 quibuscunque
1964 1628 2017 1682 in
2054 1627 2200 1682 clero

611 1717 1016 1774 matrimonium
1064 1718 1424 1782 interdicitur,
1469 1728 1528 1772 ut
1570 1718 1622 1773 in
1673 1733 1770 1774 sua
1809 1719 1971 1774 domo
2007 1728 2202 1789 praeter

2309 533 2451 603 quod
2490 547 2686 588 uxores
2731 532 2930 587 ducere
2985 531 3250 596 debeant,
3295 547 3394 586 nec
3445 532 3578 588 inter
3615 533 3757 591 laicus
3789 550 3831 593 et

2307 623 2447 677 sacri
2474 622 2660 678 altaris
2690 622 2968 678 ministros
2995 622 3158 677 ullam
3186 620 3538 679 differentiam
3563 627 3826 683 consistere.

2307 711 2458 778 Quod
2486 713 2530 767 si
2579 712 2885 781 requiratur
2912 727 2942 766 a
2989 699 3143 767 vobis
3171 715 3311 768 unde
3352 722 3472 767 nata
3510 713 3657 768 fuerit
3687 718 3831 788 Opinio

2308 803 2452 867 talis,
2486 819 2591 858 non
2621 803 2781 859 aliam
2809 803 2994 872 procul
3026 804 3188 858 dubio
3208 814 3506 860 monstrare
3533 808 3734 876 potestis
3756 825 3830 865 au-

2307 893 2643 960 ctoritatem,
2675 909 2834 963 quam
2867 894 3194 964 imperitiam
3230 903 3390 964 atque
3431 893 3754 964 jactantiam,
3783 902 3832 956 de

2305 986 2502 1056 quibus
2533 986 2769 1042 levitatis
2796 986 2944 1042 nasci
2971 987 3107 1042 solet
3132 987 3376 1041 audacia.

2915 1095 3144 1153 CAPUT
3187 1096 3292 1152 Vll.

2305 1185 2731 1258 Couﬁrmationis
2760 1200 3173 1264 _sacr_antentum
3224 1206 3256 1242 a
3307 1191 3612 1264 presbyteris
3653 1195 3834 1264 conferri

2374 1256 2522 1330 posse
2551 1259 2863 1314 contendunt
2890 1256 3078 1330 Gra'ci.
3119 1259 3226 1314 Hos
3255 1256 3442 1330 refellit
3461 1256 3660 1316 'anctor.
3680 1256 3834 1330 -ὀυί

2377 1328 2554 1397 άὶΙῙενι
2579 1329 2824 1384 sacerdos
2854 1330 2918 1382 ab
2945 1329 3200 1400 episc0po.

2375 1438 2528 1496 Nunc
2553 1441 2619 1494 ad
2651 1439 2777 1495 illud
2807 1441 3088 1496 veniamus
3117 1441 3258 1512 quod
3279 1441 3549 1513 objicitur,
3572 1443 3683 1514 quia
3709 1461 3836 1516 penes

2304 1530 2577 1586 Romanos
2606 1531 3000 1602 baptizatorum
3034 1529 3240 1586 frontes
3266 1532 3569 1604 presbyteri
3595 1533 3834 1590 chrismate

2303 1637 2408 1678 non
2435 1621 2647 1677 liniunt.
2678 1622 2830 1690 Quod
2857 1622 3152 1693 objectum,
3184 1623 3326 1678 sicut
3367 1633 3423 1678 et
3453 1623 3672 1693 reliqua,
3706 1626 3836 1694 magis

2303 1713 2521 1770 levitate
2543 1731 2704 1786 quam
2735 1715 2943 1770 ratione
2968 1715 3301 1786 propositum
3337 1725 3421 1770 est
3448 1732 3460 1771 :
3497 1713 3734 1785 siquidem
3761 1714 3836 1770 Ec-

618 1819 870 1873 matrern,
897 1818 949 1863 et
973 1821 1065 1862 cas
1093 1822 1354 1878 personas
1377 1823 1496 1878 qua:
1523 1807 1828 1878 suspicione
1855 1807 2202 1879 turpitudinis
2235 1796 2277 1854 Β
2307 1805 2483 1861 οιεείεε
2513 1822 2624 1862 sua:
2651 1805 3095 1862 consuetudinem
3119 1817 3410 1875 sequentes
3433 1805 3534 1860 ista
3560 1817 3835 1876 proponant.

614 1909 857 1963 careant.
903 1899 1148 1956 habitare
1183 1899 1328 1954 nullo
1369 1901 1528 1954 modo
1564 1900 1912 1971 permittant;
1948 1900 2204 1970 pracvari-

615 2003 827 2047 catores
862 1997 1064 2055 autem,
1107 1989 1151 2044 si
1177 1988 1411 2044 convicti
1445 1989 1672 2054 fuerint,
1713 1989 1859 2044 clero
1894 1989 2084 2060 depelli
2111 1989 2203 2044 de—

613 2083 806 2147 cernit,
849 2090 905 2137 et
939 2081 1007 2136 ad
1053 2079 1364 2151 ignominiae
1392 2095 1607 2148 pinnam
1643 2079 1777 2134 tales
1807 2079 1970 2134 curize
1999 2079 2202 2134 manci-

611 2173 819 2249 pandos
839 2186 967 2226 esse
987 2167 1143 2238 jubet
1169 2167 1381 2223 olliciis.

683 2262 802 2319 Non
831 2261 1104 2318 credimus
1139 2259 1284 2332 quod
1313 2259 1573 2316 Ecclesia:
1613 2259 1926 2316 Graecorum
1968 2259 2094 2314 talia
2134 2260 2201 2314 de

612 2356 1060 2428 presbyterorum
1087 2353 1374 2410 connubiis
1405 2355 1660 2420 sentiant,
1693 2353 1871 2425 qualia
1895 2353 2203 2409 Constanti-

610 2445 908 2519 n0politani
959 2445 1233 2515 principes
1287 2445 1493 2499 sentire
1547 2445 1987 2513 comprobantur.
2047 2442 2202 2498 Absit

611 2538 782 2609 igitur
823 2546 881 2592 ut
924 2537 1184 2592 adversus
1235 2535 1611 2591 ecclesiastica
1665 2535 1963 2592 constituta
2016 2534 2200 2590 venire

611 2635 964 2699 praesumant,
997 2635 1052 2681 et
1085 2640 1149 2682 ea
1186 2626 1584 2698 reprehendere
1612 2635 1898 2692 conentur,
1929 2641 2048 2697 qua:
2073 2640 2200 2680 con-

610 2727 720 2775 stat
749 2719 817 2774 ab
841 2717 1101 2776 Ecclesiis
1130 2729 1368 2784 servata,
1391 2725 1447 2773 et
1466 2716 1591 2786 jure
1619 2725 1879 2789 perpetuo
1906 2717 2196 2773 custodita.

609 2809 762 2877 Quod
803 2810 848 2864 si
898 2816 1197 2880 potestates
1241 2808 1422 2865 saeculi
1470 2824 1567 2864 sua
1604 2808 2028 2878 prmsumptione
2073 2807 2198 2862 talia

611 2901 966 2971 redarguunt,
997 2899 1176 2972 qualia
1207 2899 1499 2968 prohibent
1522 2907 1579 2953 et
1615 2900 1976 2954 condemnant
2021 2906 2076 2953 et
2111 2913 2201 2953 ec-

611 2988 930 3045 clesiastlcae
954 2988 1100 3060 leges
1139 2998 1195 3042 et
1237 2989 1506 3052 humanm,
1556 2989 1752 3044 mirum
1796 3005 1894 3045 cur
1939 3005 2044 3044 non
2090 2989 2202 3044 ani-

609 3079 957 3134 madvertunt
981 3079 1124 3150 quod
1152 3094 1342 3135 eorum
1373 3079 1708 3134 sanctionem
1746 3095 1852 3134 non
1889 3080 2060 3136 solum
2089 3079 2197 3137 Oc-

608 3169 894 3225 cidentalis
929 3149 1170 3224 Ecclesia
1215 3169 1556 3235 condemnet,
1597 3186 1785 3225 verum
1816 3171 1978 3225 etiam
2005 3170 2197 3228 Orien-
2227 3149 2271 3211 (ἶ

605 3259 736 3316 talis
763 3275 868 3316 non
906 3260 1155 3332 recipiat,
1200 3261 1303 3316 nisi
1341 3259 1590 3317 fortassis
1636 3263 1937 3334 tyrannidis
1961 3263 2195 3318 crudeli-

606 3363 718 3409 tate
744 3351 968 3425 fatigata
995 3353 1240 3425 quaidam
1268 3369 1396 3426 pars
1423 3355 1478 3410 in
1501 3353 1722 3411 Oriente
1745 3365 2064 3426 susceptura
2088 3349 2156 3412 sit
2181 3375 2192 3410 :

610 3448 705 3504 sed
728 3455 934 3503 terrere
956 3447 1119 3503 debet
1146 3461 1239 3501 eos
1265 3447 1526 3502 sententia
1561 3446 1772 3502 Domini
1800 3446 2026 3502 dicentis
2052 3464 2064 3498 :
2094 3445 2196 3512 Qui

607 3537 1045 3594 scandalisaoerit
1075 3554 1236 3592 unum
1267 3537 1331 3591 de
1367 3537 1573 3608 pusillis
1611 3538 1725 3592 istis
1764 3538 1854 3608 qui
1889 3538 1944 3591 in
1975 3554 2056 3590 me
2081 3555 2195 3592 cre-

603 3627 760 3694 dunt,
788 3628 991 3698 expedit
1014 3627 1061 3682 ei
1085 3637 1140 3681 ut
1167 3629 1520 3697 suspendatur
1545 3626 1686 3681 mola
1711 3627 1946 3681 asinaria
1982 3627 2036 3680 in
2063 3625 2195 3680 collo

601 3717 740 3788 ejus,
763 3728 810 3770 et
838 3717 1171 3788 demergatur
1191 3716 1246 3770 in
1263 3715 1585 3786 profundum
1611 3716 1772 3770 maris
1797 3714 2012 3786 (Matth.
2041 3731 2195 3782 xvm,

606 3809 681 3877 6).
721 3805 918 3863 Verum
951 3805 1054 3862 ﬁxa
1087 3814 1195 3861 stat
1216 3805 1483 3861 sententia
1509 3805 1808 3860 Salvatoris
1840 3805 2108 3876 loquentis
2131 3806 2197 3859 ad

607 3900 826 3957 Petrum
856 3919 869 3952 :
908 3897 986 3954 Tu
1017 3916 1070 3954 es
1102 3897 1311 3963 Petrus,
1344 3909 1391 3951 et
1419 3914 1575 3968 super
1612 3899 1747 3952 hanc
1782 3908 1986 3970 petram
2027 3897 2196 3966 (ediﬁ-

601 3975 740 4046 icabo
767 3989 1060 4046 Ecclesium
1086 4005 1253 4043 meam
1285 3988 1528 4061 (Matth,
1554 4005 1640 4043 xvi
1661 4029 1676 4053 ,
1707 3989 1814 4060 18).

676 4085 808 4140 Item
841 4085 893 4138 in
927 4082 1117 4137 eodem
1147 4080 1285 4136 libro
1312 4079 1502 4152 (Ibid.,
1531 4081 1582 4134 in
1607 4081 1712 4150 ﬁne
1743 4080 1978 4151 ejusdem
2008 4080 2152 4150 cap.)
2178 4099 2190 4134 :

612 4193 630 4224 ι
662 4172 852 4228 Nullus
875 4175 1161 4242 episcopus
1184 4185 1304 4225 cum
1332 4169 1557 4224 muliere
1585 4169 1800 4237 penitus
1823 4169 2072 4224 habitet:
2109 4169 2194 4224 sin

606 4272 787 4317 autem
819 4261 1078 4334 probatus
1105 4257 1268 4314 fuerit
1300 4258 1404 4313 hoc
1441 4273 1547 4312 non
1582 4257 1933 4323 observasse,
1980 4259 2191 4329 episco-

605 4363 767 4429 patus
794 4357 1000 4412 honore
1028 4350 1344 4421 deiiciatur;
1387 4352 1516 4421 quia
1559 4350 1673 4422 ipse
1707 4367 1764 4406 se
1803 4351 2077 4422 indignant
2108 4367 2194 4408 sa-

605 4447 845 4504 ;erdotio
875 4443 1134 4500 ostendit.
1166 4461 1185 4494 ι
1222 4443 1415 4497 Dicant
1455 4441 1621 4511 igitur
1664 4442 1884 4514 gloriosi
1920 4443 2193 4514 principes

610 4537 918 4596 'ercorum
959 4554 1064 4610 qua
1103 4539 1543 4610 praesumptionis
1580 4539 1804 4594 audacia
1842 4537 1962 4594 freti
2004 4549 2192 4595 contra

605 4617 900 4688 constituta
937 4629 1201 4700 majorum
1223 4672 1237 4694 ,
1289 4641 1477 4686 contra
1509 4630 1654 4702 leges
1685 4631 1968 4696 Ecclesiae,
2004 4625 2192 4688 contra

604 4724 1053 4780 consuetudinem
1095 4723 1359 4778 hactenus
1400 4721 1744 4778 observatam
1771 4724 1955 4781 venire
1975 4740 2082 4779 non
2099 4740 2195 4781 ve-

609 4827 820 4885 rentur,
834 4817 1108 4874 Romanos
1128 4825 1290 4887 atque
1311 4815 1534 4872 Latinos
1557 4817 2034 4887 reprehendentes,
2053 4817 2196 4887 quod

607 4909 908 4982 episcopis,
949 4909 1314 4982 presbyteris,
1345 4907 1553 4974 levitis,
1603 4916 1763 4977 atque
1815 4908 2195 4974 subdiaconis,

608 5013 808 5055 uxores
836 4999 1032 5053 dueere
1075 5012 1184 5052 non
1226 4996 1544 5053 concedunt.
1579 4994 1720 5052 Ecce
1749 4997 1892 5052 enim
1940 4997 2198 5067 imperia-

609 5087 752 5142 libus
790 5095 1160 5158 coarguuntur
1203 5085 1430 5157 legibus,
1480 5101 1599 5156 qua:
1633 5102 1755 5141 cum
1805 5101 1903 5156 pro
1937 5085 2198 5143 Romanis

612 5187 777 5249 atque
808 5175 1013 5231 Latinis
1041 5177 1310 5241 sanciant,
1341 5191 1434 5232 eos
1480 5178 1572 5248 qui
1607 5177 2023 5233 contraveniunt
2065 5193 2195 5250 pro-

569 5276 571 5278 ’
611 5266 700 5325 cui
731 5269 896 5323 dubio
940 5266 1318 5322 condemnant.
1345 5268 1402 5323 In
1429 5268 1610 5326 Veteri
1639 5269 1984 5326 Testamento
2015 5271 2194 5326 taber-

611 5355 840 5421 naculo,
886 5356 999 5410 sive
1031 5356 1229 5426 templo
1274 5357 1639 5415 deservientes
1681 5357 1902 5427 Levitae,
1936 5361 2051 5416 sive
2075 5375 2196 5431 prc-

611 5448 837 5518 sbyteri.
867 5446 1126 5502 uxoribus
1153 5463 1259 5502 non
1295 5449 1816 5520 appropinquabant,
1865 5466 1965 5506 nec
2010 5461 2196 5507 sancta

613 5538 696 5594 vel
730 5539 938 5610 ingredi
969 5539 1052 5594 vel
1083 5541 1397 5613 contingere
1417 5543 1838 5610 praesumebant,
1869 5543 1971 5598 nisi
1998 5543 2198 5598 sancti-

611 5628 904 5683 ﬂcarentur
951 5648 962 5683 :
1011 5639 1066 5685 et
1112 5647 1206 5686 vos
1251 5631 1432 5686 dicitis
1469 5633 1594 5702 quia
1624 5635 1957 5698 sacerdotes,
2004 5633 2199 5704 quibus

612 5718 842 5777 olllcium
867 5731 949 5776 est
976 5723 1220 5794 corporis
1259 5732 1310 5779 ct
1339 5725 1616 5796 sanguinis
1644 5723 1852 5781 Domini
1881 5726 2198 5797 mysterium

2306 1909 2411 1950 non
2443 1895 2679 1966 aliquam
2725 1895 2918 1951 divina:
2949 1893 3084 1964 legis
3120 1897 3518 1951 auctoritatem.
3549 1895 3774 1963 Quamvis
3794 1906 3836 1950 ut

2296 1985 2406 2042 hoc
2435 1985 2528 2041 iiat
2554 1996 2608 2042 et
2633 1987 2772 2057 apud
2799 1985 3094 2050 Romanos,
3119 1994 3175 2040 et
3200 1984 3342 2056 apud
3377 1984 3727 2040 Occidentales
3750 2001 3836 2040 om-

2303 2091 2418 2142 nes,
2454 2085 2560 2131 tam
2591 2093 2658 2132 ex
2688 2075 2998 2148 Evangelio,
3031 2091 3193 2147 quam
3233 2090 3302 2130 ex
3334 2075 3684 2147 apostolorum
3724 2075 3839 2131 Actis

2302 2182 2424 2223 esse
2449 2176 2663 2224 constat
2686 2177 3043 2238 assumptum.

2373 2259 2601 2314 Constat
2631 2274 2864 2329 namque
2905 2258 3139 2330 Spiritus
3187 2261 3363 2315 sancti
3410 2260 3630 2332 gratiam
3657 2273 3739 2330 per
3762 2274 3836 2311 un-

2303 2352 2536 2406 ctionem
2575 2351 2768 2407 frontis
2815 2366 2882 2404 ex
2929 2351 3223 2407 chrismate
3255 2353 3326 2407 ab
3370 2354 3627 2423 episcopis
3655 2352 3833 2414 donari,

2303 2444 2446 2515 quod
2476 2443 2604 2498 nulli
2647 2451 2846 2514 praeter
2888 2442 3170 2514 episcopos
3199 2457 3324 2498 esse
3374 2459 3678 2500 concessum
3709 2457 3833 2496 evan-

2303 2534 2472 2607 gelica
2507 2541 2739 2589 testatur
2769 2532 3081 2588 auctoritas.
3128 2532 3442 2606 Resurgens
3475 2535 3661 2589 etenim
3687 2531 3832 2587 Domi-

2303 2641 2424 2691 nus,
2449 2634 2504 2681 et
2530 2625 2804 2695 discipulis
2832 2639 3118 2695 apparens,
3152 2625 3476 2690 itisulllavit,
3507 2635 3559 2682 et
3587 2627 3707 2680 dixit
3735 2625 3827 2679 eis:

2303 2717 2533 2789 Accipite
2568 2717 2823 2790 Spiritum
2867 2728 3101 2773 sanctum
3128 2733 3145 2770 :
3172 2736 3401 2791 quorum
3439 2719 3719 2774 remiseritis
3747 2735 3834 2787 pec-

2301 2818 2442 2873 cata,
2470 2809 2806 2863 remittuntur
2832 2809 2939 2874 eis;
2971 2821 3018 2863 et
3055 2825 3278 2881 quorum
3328 2810 3651 2876 retinueritis,
3682 2819 3832 2863 retenta

2303 2907 2423 2952 sunt
2451 2896 2634 2966 (Joan.
2669 2915 2772 2963 xx,
2804 2897 2918 2970 ΞΩ).
2965 2899 3109 2970 Ergo
3157 2899 3200 2954 si
3247 2900 3500 2956 remissio
3543 2909 3831 2970 peccatorum

2304 3002 2400 3061 per
2425 2990 2684 3060 Spiritum
2723 3001 2968 3046 sanctum
3007 2991 3404 3058 contribuitur,
3449 3002 3501 3047 et
3547 2993 3640 3046 hoc
3685 3003 3832 3044 munus

2305 3076 2562 3150 apostolis
2584 3081 2895 3152 specialiter
2920 3091 3131 3138 constat
3152 3098 3272 3138 esse
3299 3083 3584 3149 donatum;
3607 3081 3715 3150 jure
3737 3078 3832 3133 solis

2303 3172 2569 3241 episcopis
2618 3173 2733 3226 hac
2777 3173 2948 3242 gratia
3000 3182 3333 3241 reservatur,
3377 3190 3513 3244 quos
3559 3174 3608 3229 in
3639 3169 3830 3227 Ecclesia

2303 3274 2516 3320 constat
2557 3264 2922 3336 apostolorum
2971 3267 3405 3333 successionem,
3444 3278 3498 3323 et
3530 3264 3832 3322 ministerium

2305 3353 2546 3408 sortitos.
2572 3353 2790 3425 Moysen
2820 3369 3034 3424 quoque
3070 3354 3296 3428 legimus
3330 3358 3385 3412 in
3421 3357 3597 3413 Exodo
3622 3356 3773 3410 Aaron
3794 3361 3832 3407 et

2304 3441 2442 3499 ﬁlios
2467 3442 2587 3513 ejus
2618 3444 2670 3498 in
2701 3445 3036 3500 sacerdotale
3068 3448 3432 3502 ministerium
3455 3448 3724 3503 chrismate
3745 3457 3832 3498 san-

2302 3545 2390 3592 cto
2438 3538 2774 3608 perunxisse.
2831 3539 3033 3594 Deinde
3088 3555 3241 3611 reges
3295 3549 3353 3595 et
3413 3541 3699 3595 sacerdotes
3743 3535 3832 3591 oleo

2301 3639 2490 3686 sancto
2520 3613 2810 3701 perunctos
2828 3631 2883 3686 in
2914 3632 3090 3686 Veteri
3117 3632 3472 3690 Testamento
3494 3645 3587 3704 per
3603 3626 3831 3702 pontiﬁces

2299 3722 2605 3786 exstitisse;
2636 3736 2774 3794 quos
2803 3731 3014 3778 constat
3053 3724 3288 3794 gessisse
3335 3725 3558 3796 figuram
3597 3721 3698 3775 veri
3724 3717 3831 3788 regis

2299 3822 2460 3882 atque
2510 3812 2788 3868 Pontificis
2835 3813 3047 3868 Domini
3095 3816 3263 3870 nostri
3317 3815 3444 3872 Jesu
3505 3813 3718 3876 Christi;
3763 3807 3828 3863 cui

2298 3904 2581 3959 Psalmista
2608 3903 2869 3974 praecinit,
2898 3903 3294 3962 dicens:Un.rit
3319 3918 3368 3962 te
3394 3908 3548 3971 Deus,
3575 3905 3698 3958 Deus
3717 3912 3828 3960 tuus,

2299 3993 2410 4050 oleo
2433 3995 2631 4048 lwtitiw
2658 4010 2767 4064 pra!
2794 3996 3118 4050 consortibus
3155 3997 3258 4050 tuis
3288 3997 3462 4066 (I’sal.
3496 4012 3630 4059 κων,
3652 3994 3717 4063 8).

2365 4085 2590 4141 Constat
2614 4094 2789 4139 autem
2814 4100 3028 4142 omnem
3051 4086 3354 4143 Ecclesiam
3375 4104 3566 4158 corpus
3587 4101 3696 4142 esse
3713 4080 3830 4137 Chri-

2297 4175 2386 4238 sti,
2413 4176 2635 4242 etenim,
2661 4175 2909 4232 videlicet
2938 4176 3080 4248 regis
3103 4186 3158 4231 et
3180 4177 3511 4242 Sacerdotis,
3532 4176 3660 4231 unde
3680 4184 3828 4228 omnes

2297 4263 2590 4321 Christiani
2617 4282 2787 4338 genus
2834 4282 3021 4323 sumus
3060 4269 3395 4324 sacerdotale
3423 4278 3478 4325 et
3517 4267 3708 4340 regale;
3731 4275 3830 4334 pa)-

2295 4363 2418 4424 pter
2442 4355 2584 4426 quod
2614 4365 2735 4426 post
2761 4355 3033 4411 lavacrum
3057 4358 3334 4429 ungimur,
3363 4369 3422 4414 ut
3450 4358 3638 4414 Christi
3661 4353 3831 4410 nomine

2298 4462 2649 4514 censeamur;
2701 4460 2756 4503 et
2803 4466 2911 4504 non
2960 4452 3062 4506 nisi
3109 4467 3205 4521 per
3255 4453 3570 4522 pontiﬁces,
3612 4467 3638 4504 a
3680 4444 3830 4520 quibus

2300 4554 2452 4610 rcges
2499 4548 2553 4595 et
2597 4541 2906 4596 sacerdotes
2950 4544 3291 4613 ungebantur
3341 4545 3393 4598 in
3443 4545 3573 4613 lege.
3621 4531 3830 4595 ln'ACtis

2299 4630 2467 4685 habes
2515 4633 2680 4688 etiam
2731 4633 3135 4703 apostolorum,
3188 4636 3313 4704 quia
3368 4653 3380 4690 :
3441 4635 3568 4691 Cum
3611 4629 3833 4686 audissettl‘

2299 4721 2522 4791 apostoli
2552 4723 2643 4793 qui
2673 4733 2823 4777 erant
2848 4722 3247 4795 Hierosolymis,
3275 4727 3400 4797 quia
3429 4726 3608 4796 recepit
3630 4717 3830 4778 Samaria

2300 4813 2507 4869 verbum
2537 4814 2649 4880 Dei,
2676 4817 2926 4871 miserunt
2955 4817 3023 4870 ad
3050 4834 3137 4871 eos
3158 4814 3374 4873 Petrum
3402 4829 3450 4872 et
3471 4816 3730 4872 Joannem.
3753 4805 3830 4874 Qui

2299 4920 2418 4957 cum
2444 4905 2718 4970 venissent,
2750 4918 3022 4962 oraverunt
3049 4925 3144 4978 pro
3188 4910 3335 4980 ipsis,
3362 4921 3417 4963 ut
3457 4910 3722 4978 acciperent
3745 4898 3829 4966 Spi-

2302 4993 2458 5047 ritum
2488 5005 2747 5049 sanctum.
2782 4995 3032 5052 Nondum
3066 5000 3203 5053 enim
3243 5000 3296 5052 in
3321 5013 3624 5070 quemquam
3660 4992 3828 5048 illorum

2300 5094 2532 5150 venerat,
2559 5085 2650 5140 sed
2679 5085 2930 5156 baptizati
2959 5099 3160 5145 tantum
3187 5103 3332 5144 erant
3359 5093 3414 5144 in
3437 5075 3635 5144 nomine
3661 5077 3828 5140 Domini

2297 5175 2448 5230 Iesu.
2485 5176 2629 5234 Tunc
2665 5180 2993 5250 imponebant
3024 5199 3211 5237 manus
3238 5199 3392 5254 super
3415 5181 3553 5245 illos,
3579 5160 3621 5234 ξι
3651 5172 3831 5240 accipie-

2301 5269 2424 5324 bant
2475 5267 2728 5340 Spiritum
2782 5283 3040 5327 sanctum.
3081 5274 3218 5345 (Act.
3263 5289 3388 5339 vttt,
3421 5273 3484 5328 M
3509 5282 3556 5328 et
3588 5259 3830 5339 seq.)Vidc

2302 5361 2427 5430 quia
2462 5361 2696 5432 primum
2743 5362 3000 5434 baptizati
3057 5364 3275 5421 fuerant
3317 5367 3369 5422 in
3416 5363 3627 5419 nomine
3670 5361 3830 5412 sancte

2301 5451 2606 5518 Trinitatis,
2635 5454 2778 5524 quod
2808 5465 2891 5510 est
2923 5456 2975 5511 in
3018 5457 3235 5514 nomine
3279 5456 3490 5514 Domini
3523 5454 3673 5511 Jcsu;
3704 5440 3830 5515 Siqui‘

2301 5547 2423 5602 dem
2473 5546 2634 5601 totius
2683 5546 2965 5604 Trinitatis
3009 5549 3278 5607 invocatio
3319 5553 3372 5607 in
3414 5549 3621 5606 nomine
3663 5529 3831 5597 Domini

2300 5636 2428 5694 Jesu
2454 5639 2782 5694 continetur.
2818 5639 2927 5696 Nec
2952 5650 3132 5697 tamen
3158 5644 3335 5700 adhuc
3363 5644 3673 5712 acceperant
3699 5623 3829 5699 Spiri-

2303 5739 2414 5785 tum
2440 5739 2706 5786 sanctum.
2732 5731 2925 5790 Postea
2945 5750 3073 5791 vero
3097 5751 3286 5794 manus
3307 5732 3688 5807 imponentibus
3707 5730 3829 5789 sui)“
