4026 6346
213 409 327 464 333

1086 397 1358 455 CONTRA
1397 395 1809 452 GRECOBUM
1849 393 2205 450 OPPOSITA.
2244 424 2312 433 -—-
2349 393 2475 449 LIB.
2517 393 2602 448 IV.

3381 400 3497 461 εδδ
3523 360 3529 365 ’

213 536 314 575 eos
352 515 642 590 apostolis,
687 522 1012 586 acceperunt
1057 513 1316 582 Spiritum
1370 521 1636 568 sanctum.
1669 511 1799 578 Quae
1827 510 2202 575 Acidentales
2247 512 2506 582 episcopi,
2537 514 2799 584 majorum
2851 527 3142 589 sequentes
3191 520 3494 579 institutio-

214 612 391 668 forma
416 617 664 666 servatur
690 607 954 676 hodieque
979 605 1033 660 in
1075 605 1334 670 Ecclesia,
1364 614 1423 658 ut
1461 605 1805 674 baptiecntur

212 703 434 775 quidem
460 701 644 756 fideles
663 715 760 770 per
798 698 1165 770 presbyteros,
1189 697 1361 766 gratia
1401 711 1531 751 vero
1571 694 1803 766 Spiritus

214 793 394 849 sancti
422 806 520 862 per
563 788 961 859 impositionem
1004 801 1261 841 manuum
1291 785 1561 840 tribuatur
1587 786 1654 839 ab
1684 785 1800 854 epi-

214 883 439 952 scopis:
473 880 618 950 quod
644 889 774 935 tunc
796 878 876 944 lit,
907 879 1123 949 quando
1163 877 1370 932 frontes
1407 877 1802 948 baptizatorum

218 975 522 1030 chrismate
551 980 739 1028 sancto
766 970 1030 1024 liniuntur
1049 969 1118 1026 ab
1141 968 1427 1040 episcopis.

288 1063 428 1119 Item
482 1065 537 1118 in
581 1063 784 1119 eisdem
831 1062 981 1117 Actis
1023 1078 1036 1116 :
1082 1059 1311 1116 Factum
1351 1071 1425 1116 est
1467 1069 1643 1115 autent
1683 1076 1802 1114 cum

215 1157 414 1229 Apollo
450 1166 583 1211 esset
627 1155 899 1220 Corinthi,
945 1163 994 1209 et
1035 1149 1270 1217 Paulus,
1313 1154 1602 1224 peragratis
1649 1170 1802 1224 supe-

215 1249 449 1302 rioribus
472 1247 733 1317 partibus,
764 1246 959 1300 veniret
983 1245 1270 1315 Ephesum,
1297 1255 1345 1299 et
1373 1246 1624 1300 inveniret
1645 1261 1802 1316 quos-

214 1339 344 1393 dam
388 1337 695 1406 discipulos,
718 1337 854 1390 dixit
879 1336 950 1391 ad
989 1353 1076 1391 eos
1110 1354 1129 1390 :
1161 1336 1222 1392 Si
1259 1336 1516 1406 Spiritum
1560 1346 1801 1392 sanctum

211 1429 494 1498 accepistis
531 1427 796 1482 credentes
819 1428 845 1482 .’
884 1427 952 1481 At
989 1426 1068 1482 illi
1105 1428 1351 1483 dixerunt
1394 1429 1462 1483 ad
1495 1445 1611 1483 eum
1641 1445 1660 1484 :
1696 1428 1801 1485 Sed

211 1538 384 1592 neque
418 1523 464 1576 si
505 1520 738 1591 Spiritus
776 1531 989 1577 sanctus
1029 1533 1128 1589 est,
1167 1523 1485 1578 audivimus.
1535 1523 1643 1579 Ille
1684 1541 1808 1579 vero

212 1612 288 1664 ait
321 1629 334 1664 :
375 1610 444 1664 In
478 1627 582 1681 quo
624 1627 748 1681 ergo
776 1611 1027 1681 baptizati
1075 1614 1241 1668 estis?
1286 1613 1389 1678 Qui
1417 1613 1660 1668 dixerunt
1688 1631 1706 1668 :
1735 1613 1804 1668 In

209 1698 444 1754 Joannis
493 1700 824 1770 baptismate.
866 1701 1014 1756 Dixit
1055 1714 1231 1758 autem
1275 1701 1481 1758 Paulus
1511 1719 1530 1758 :
1568 1703 1803 1759 Joannes

210 1785 508 1858 iaptizavit'
546 1788 800 1858 baptismo
833 1791 1148 1860 paenitentia:
1184 1791 1465 1862 pupulum,
1521 1793 1699 1848 dicens
1746 1794 1804 1848 in

1903 614 2025 655 nem
2047 641 2063 667 ,
2103 616 2384 671 sumpsere
2415 604 2855 662 consuetudinem
2885 615 2945 662 ut
2984 607 3196 666 frontes
3240 609 3490 682 baptiza-

1904 697 2081 744 torum
2109 691 2402 747 chrismate
2431 692 2652 749 liniendi
2677 711 2781 752 non
2805 701 3138 772 presbyteris
3169 704 3489 769 concedant,

1903 777 1995 832 sed
2043 779 2378 850 privilegium
2427 782 2528 836 sibi
2578 795 2855 841 reservent
2899 807 2912 842 :
2963 806 3068 846 nou
3098 801 3286 847 amem
3319 793 3498 863 ipsum

1903 868 2141 923 chrisma
2157 870 2323 940 (quod
2345 872 2678 928 mentiuntur
2693 874 2889 949 Graeci)
2914 880 2979 935 de
2995 880 3141 940 fonte
3171 884 3496 953 coniiciunt,

1902 959 1997 1013 sed
2036 973 2103 1013 ex
2146 975 2310 1016 succo
2358 961 2606 1030 balsami,
2653 965 2738 1020 vel
2765 968 2921 1024 olivae
2961 971 3215 1042 liquore:
3251 978 3392 1046 quod
3439 978 3500 1035 iit

1902 1063 2009 1105 non
2041 1050 2213 1106 solum
2250 1067 2281 1106 a
2324 1051 2566 1120 Graecis,
2615 1070 2808 1114 verum
2851 1061 2922 1116 ab
2959 1065 3237 1124 universis
3289 1068 3498 1125 Christi

1901 1139 2179 1198 Ecclesiis.

2493 1237 2724 1299 CAPUT
2765 1239 2895 1302 Vill.

1904 1349 2142 1439 Romano
2178 1353 2414 1439 pontiﬁci
2467 1359 2823 1439 patjarcham
2866 1362 2977 1439 QP.
3017 1369 3278 1439 praeferre
3331 1389 3495 1427 cona-

1971 1422 2176 1498 bantur
2187 1422 2526 1498 imperatores
2548 1426 2740 1485 Graeci.
2770 1422 3276 1496 Ecclesia'Romana
3316 1422 3495 1498 omnes

1971 1491 2107 1546 alias
2140 1491 2393 1564 dignitate
2412 1498 2686 1567 prwcellit.

1975 1602 2082 1659 Sed
2137 1604 2496 1662 criminantur
2541 1608 2689 1666 istud
2749 1611 2914 1679 falso,
2963 1617 3104 1674 sicut
3143 1629 3200 1675 et
3246 1622 3316 1678 de
3362 1625 3493 1695 agni

1903 1695 2344 1762 consecratione;
2386 1713 2601 1755 necnon
2650 1703 2795 1771 quod
2831 1717 3111 1776 arguunt,
3149 1711 3342 1770 levitas
3379 1715 3498 1788 epi-

1905 1798 2098 1855 scopas
2127 1785 2262 1852 tieri,
2295 1790 2618 1860 presbyterii
2670 1795 2836 1864 gradu
2889 1813 2996 1853 non
3047 1802 3200 1868 prius
3224 1785 3481 1876 accepto;

213 1895 334 1932 eum
358 1880 452 1949 qui
474 1886 719 1934 uenturus
738 1889 869 1935 esset
893 1891 1006 1949 post
1030 1883 1200 1952 ipsum
1222 1893 1279 1936 ut
1299 1884 1701 1949 crederent,ltoc
1725 1894 1798 1940 est
1830 1869 1876 1929 Β
1903 1889 2010 1928 non
2040 1885 2352 1947 replilaﬂles
2387 1883 2533 1949 quod
2583 1883 2635 1936 in
2665 1886 2877 1943 emeris
2917 1889 3018 1944 sibi
3046 1892 3268 1949 demant
3300 1907 3489 1954 aucto-

209 1971 268 2024 in
284 1969 496 2024 Iesum.
516 1969 616 2024 His
638 1971 857 2036 auditis,
871 1971 1121 2041 baptizati
1144 1983 1264 2028 sunt
1287 1974 1343 2028 in
1365 1976 1571 2028 nomine
1589 1974 1804 2030 Domini

211 2058 368 2114 Iesu.
404 2058 476 2112 Et
519 2076 640 2113 cum
669 2061 1000 2131 imposuisset
1034 2060 1140 2115 illis
1175 2079 1361 2118 manus
1410 2061 1634 2130 Paulus,
1670 2067 1804 2120 venit

213 2150 380 2215 super
398 2166 486 2204 eos
513 2148 744 2221 Spiritus
763 2159 1018 2213 sanctus;
1054 2160 1102 2206 et
1145 2151 1492 2224 loquebantur
1517 2153 1728 2225 linguis,
1755 2164 1804 2208 et

214 2241 604 2310 praplietabant
631 2239 771 2312 (Act.
798 2257 913 2304 χιι,
944 2241 969 2295 1
1006 2250 1056 2297 et
1084 2243 1236 2312 seq.).
1266 2242 1332 2298 Et
1371 2242 1460 2298 hic
1485 2244 1640 2298 vides
1679 2245 1806 2313 quia

212 2328 416 2383 Paulus
445 2344 556 2384 non
583 2329 946 2400 baptizaverit
973 2347 1089 2398 eos,
1137 2334 1232 2389 sed
1263 2331 1490 2401 jusserit
1517 2335 1804 2404 baptizari.

210 2419 515 2490 Baptizatis
555 2430 736 2475 autem
780 2437 976 2476 manus
1025 2422 1227 2478 Paulus
1273 2425 1576 2495 imposuit;
1624 2433 1681 2480 et
1727 2425 1806 2481 ita

211 2515 436 2569 demum
471 2514 620 2569 venit
645 2528 807 2584 super
833 2527 929 2570 eos
955 2513 1192 2584 Spiritus
1243 2525 1482 2572 sanctus.
1536 2515 1807 2573 Docemur

211 2595 384 2678 igitur
408 2607 666 2678 baptismi
694 2607 927 2679 gratiam
955 2621 1054 2678 per
1090 2608 1440 2679 presbyteros
1481 2624 1640 2680 posse
1676 2625 1806 2666 con-

211 2699 403 2764 tribui,
444 2700 648 2755 donum
673 2714 803 2755 vero
845 2698 1079 2770 Spiritus
1120 2702 1316 2768 sancti,
1360 2703 1504 2773 quod
1550 2704 1807 2764 tribuitur

208 2804 312 2859 per
338 2804 599 2845 manuum
625 2788 1044 2860 impositionem,
1077 2790 1294 2859 quando
1331 2790 1539 2848 frontes
1565 2793 1807 2862 baptiza-

213 2887 399 2933 torum
424 2879 720 2935 chrismate
745 2879 1245 2946 sanctoJiniuntur,
1283 2897 1388 2937 non
1421 2883 1522 2938 nisi
1561 2899 1658 2954 per
1687 2887 1803 2952 epi-

215 2983 417 3038 scopos
453 2985 612 3040 posse
640 2971 963 3040 promereri.

283 3059 356 3116 Et
386 3074 577 3117 revera
599 3062 742 3116 inter
767 3062 1080 3118 sacerdotes
1107 3070 1164 3118 et
1188 3065 1473 3136 episcopos
1496 3062 1801 3123 diil'erentia

212 3167 324 3208 non
349 3167 519 3222 parva
554 3152 822 3208 consistit.
866 3152 1192 3210 Sacerdotes
1231 3171 1486 3226 namque,
1525 3158 1665 3212 sicut
1716 3174 1800 3213 τεε-

212 3242 350 3312 liqui
373 3243 574 3314 gradus
597 3243 979 3310 ecclesiastici,
1013 3260 1110 3315 per
1139 3247 1515 3319 episcoporum
1557 3251 1800 3306 ministe-

213 3331 358 3386 rium
383 3341 806 3398 consecrantur;
847 3340 903 3387 at
928 3335 1167 3406 episcopi
1201 3352 1306 3392 non
1355 3353 1386 3392 a
1429 3341 1802 3399 sacerdotibus

209 3417 629 3476 benedicuntur.
658 3420 765 3492 ipsi
789 3437 1005 3494 quoque
1048 3434 1298 3482 sanctum
1329 3429 1566 3485 chrisma
1603 3434 1803 3488 sancti-

210 3509 401 3576 licent,
425 3519 484 3566 et
503 3511 684 3566 oleum
717 3523 1078 3570 consecrant:
1108 3517 1392 3588 omnisque
1417 3521 1616 3590 gradus
1635 3523 1804 3579 eccle-

210 3599 472 3656 siasticus
494 3596 710 3656 illorum
740 3603 1094 3673 dispositione
1121 3608 1419 3679 peragitur.
1445 3610 1598 3678 Quod
1626 3614 1804 3668 consi-

212 3687 472 3744 derantes
525 3691 876 3748 ecclesiastici
935 3694 1075 3759 viri,
1127 3705 1435 3752 statuerunt
1479 3709 1540 3754 ut
1600 3700 1805 3757 frontes

211 3781 618 3854 baptizatorum
661 3800 768 3840 non
821 3804 851 3840 a
894 3788 1244 3858 presbyteris,
1291 3790 1386 3850 sed
1429 3791 1498 3846 ab
1539 3793 1806 3865 episcopis

211 3874 512 3930 chrismate
538 3886 728 3932 sancto
752 3877 1061 3932 linirentur.
1093 3878 1244 3935 Sicut
1284 3880 1350 3936 de
1393 3892 1585 3939 sancto
1625 3884 1799 3942 Silve-

210 3973 326 4020 stre
372 3965 426 4019 in
470 3964 650 4021 Gcstis
689 3967 1002 4037 apostolicis
1037 3970 1236 4042 legitur
1281 3957 1802 4045 (Lib..Pontiﬁcalis

207 4056 440 4111 Damasi
469 4059 670 4130 ραρατ),
719 4060 810 4115 ubi
851 4061 929 4116 sic
974 4063 1236 4133 scriptum
1289 4065 1606 4122 invenitur:
1646 4087 1664 4120 ι
1705 4067 1805 4125 llic

206 4151 498 4205 constituit
534 4161 595 4207 ut
628 4153 866 4209 chrisma
891 4155 959 4210 ab
983 4156 1237 4226 episcopo
1265 4155 1559 4226 elliciatur;
1592 4169 1648 4215 et
1689 4161 1806 4231 pri-

206 4242 469 4314 vilegium
491 4243 564 4299 sit
583 4244 874 4316 episcopis,
896 4255 957 4301 ut
977 4247 1280 4318 baptizatos
1301 4250 1593 4307 chrismate
1616 4261 1806 4308 sancto

207 4334 568 4404 consignant,
609 4346 832 4407 propter
881 4337 1190 4394 haereticam
1249 4341 1730 4400 insimulationem.
1780 4365 1800 4398 ι

209 4424 352 4481 Hinc
401 4427 568 4481 etiam
610 4426 955 4484 innocentius
994 4443 1132 4501 papa
1176 4432 1230 4487 in
1279 4434 1394 4490 suis
1437 4435 1808 4494 Decretalibus

207 4517 318 4574 hoc
365 4518 529 4573 modo
577 4520 820 4575 decernit
847 4520 1020 4592 (epist.
1072 4524 1122 4589 l,
1156 4540 1278 4596 cap.
1326 4527 1403 4596 5).
1448 4545 1471 4578 ι
1518 4529 1594 4584 De
1626 4532 1806 4587 consi-

207 4608 447 4677 gnandis
473 4607 768 4666 infantibus
789 4611 1134 4669 manifestum
1158 4626 1262 4681 est,
1291 4633 1398 4674 non
1417 4620 1486 4675 ab
1507 4620 1614 4677 alio
1642 4638 1806 4693 quam

208 4699 278 4754 ab
303 4699 568 4770 episcopo
592 4699 711 4756 fieri
747 4701 932 4757 licere.
976 4701 1112 4759 Nam
1157 4709 1493 4780 presbyteri,
1544 4711 1670 4768 licet
1699 4713 1808 4767 sint

209 4788 549 4854 sacerdotes,
579 4791 929 4861 pontiﬁcatus
961 4801 1138 4850 tamen
1161 4799 1368 4867 apicem
1395 4816 1500 4856 non
1525 4801 1747 4858 habent.
1782 4823 1800 4856 ι

210 4879 331 4938 Hoc
367 4889 551 4937 autem
599 4884 947 4954 pontiﬁcibus
987 4888 1120 4944 solis
1157 4889 1364 4958 deberi,
1397 4902 1458 4948 ut
1494 4895 1576 4950 vel
1629 4895 1807 4952 consi-

212 4978 408 5041 gnent,
430 4971 516 5027 vel
539 4974 869 5042 paracletum
893 4975 1154 5047 Spiritum
1179 4990 1426 5038 sanctum
1450 4987 1684 5054 tradant,
1699 5003 1806 5045 non

212 5062 390 5117 solum
424 5065 758 5121 consuetudo
800 5067 1172 5127 ecclesiastica
1221 5073 1578 5144 demonstrat,
1618 5094 1806 5136 verum

211 5153 304 5208 illa
337 5154 502 5211 lectio
530 5157 760 5212 Actuum
787 5161 1179 5230 apostolorum,
1215 5180 1335 5234 qum
1361 5170 1559 5224 asserit
1586 5169 1806 5227 Petrum

211 5251 269 5296 et
290 5240 560 5299 Joannem
589 5260 712 5302 esse
752 5247 1019 5313 directos,
1062 5251 1154 5322 qui
1193 5253 1306 5323 jam
1354 5255 1642 5327 baptizatis
1699 5271 1809 5316 tra-

211 5335 350 5389 dant
379 5334 642 5406 Spiritum
671 5349 938 5396 sanctum.
967 5341 1102 5399 Nam
1129 5348 1464 5420 presbyteris
1512 5368 1606 5407 seu
1653 5365 1807 5412 extra

211 5425 566 5497 episcopum,
616 5446 712 5486 seu
751 5442 1019 5502 prmsente
1051 5439 1324 5510 episcopo,
1356 5457 1477 5496 cum
1509 5444 1805 5516 baptizant,

211 5513 516 5572 chrismate
568 5519 874 5590 baptizatos
928 5541 1135 5597 ungere
1187 5529 1344 5597 licet,
1399 5533 1493 5588 sed
1547 5513 1691 5604 quod
1739 5513 1808 5595 ab

212 5611 478 5682 episc0po
520 5612 683 5670 fuerit
729 5629 1138 5687 consecratum;
1195 5641 1301 5680 non
1347 5636 1526 5684 tamen
1573 5628 1807 5688 frontem

209 5701 412 5756 eodem
457 5704 578 5760 oleo
619 5707 866 5778 signare,
915 5713 1060 5782 quod
1102 5715 1231 5772 solis
1274 5718 1504 5776 debetur
1542 5723 1810 5794 episcopis

210 5806 347 5848 cum
375 5797 593 5854 tradunt
622 5798 885 5872 Spiritum
933 5807 1288 5876 paracletum.
1321 5810 1459 5869 Hinc
1488 5829 1678 5872 omnes
1707 5814 1808 5872 Oc-

1907 1967 2123 2023 ritatem
2168 1969 2324 2036 ﬁdei,
2379 1976 2812 2047 quandoquidem
2868 1980 2922 2035 in
2966 1983 3084 2038 istis
3124 1993 3232 2041 tam
3273 1991 3494 2047 eviden-

1907 2066 1991 2112 ter
2045 2059 2416 2118 mentiuntur:
2451 2080 2558 2119 non
2608 2079 2858 2126 verentes
2907 2074 3049 2141 quod
3076 2073 3312 2145 Spiritus
3361 2095 3486 2136 san-

1907 2157 2027 2204 ctus
2053 2148 2293 2220 loquitur
2323 2157 2338 2206 ':
2383 2152 2560 2210 Virum
2589 2160 2906 2228 sanguinum
2933 2173 2980 2217 et
3009 2164 3250 2221 dolosam
3283 2171 3489 2226 abomi-

1907 2241 2119 2296 nabitur
2137 2243 2392 2300 Dominus
2424 2246 2596 2317 (Psal.
2629 2266 2684 2315 v,
2715 2251 2792 2322 7).
2825 2253 2924 2319 Et,
2966 2253 3166 2314 Perdes
3202 2277 3377 2318 omnes
3403 2266 3496 2335 qui

1905 2329 2192 2400 loquuntur
2216 2335 2544 2391 mendacium
2557 2337 2767 2411 (Ibid.).
2791 2341 2858 2397 Et
2877 2344 2931 2399 in
2956 2343 3275 2405 Salomone:
3294 2329 3501 2411 Falsus

1907 2421 2053 2475 testis
2073 2438 2176 2476 non
2197 2425 2294 2478 erit
2317 2425 2605 2495 impunitus
2635 2428 2821 2499 (Prov.
2850 2448 2966 2499 xxx,
3011 2435 3089 2508 5).
3133 2438 3286 2505 Quod
3310 2453 3493 2499 autem

1907 2511 2238 2583 redarguunt
2276 2515 2496 2571 levitam
2521 2519 2834 2591 episcopum
2867 2530 3215 2595 consecrari,
3258 2547 3358 2586 cur
3384 2548 3493 2589 non

1906 2613 2095 2660 contra
2123 2621 2182 2662 se
2208 2607 2410 2664 dictum
2437 2610 2748 2679 advertunt,
2776 2616 2869 2686 qui
2898 2617 2965 2672 de
2991 2618 3145 2675 laicis
3173 2622 3352 2678 subito
3375 2633 3495 2681 ton-

1905 2697 1982 2752 sis
2023 2697 2229 2754 faciunt
2259 2701 2560 2772 episcopos,
2611 2715 2799 2762 contra
2831 2709 3047 2780 regulas
3073 2713 3493 2785 ecclesiasticas,

1905 2795 1960 2876 et
1983 2787 2281 2859 imperialia
2308 2791 2569 2849 decreta?
2601 2793 2878 2866 Siquidem
2920 2803 3169 2870 prohibet
3199 2806 3492 2876 Apostolus

1905 2874 1960 2947 (1
1991 2875 2125 2931 Tim.
2157 2894 2240 2944 Ill,
2266 2880 2320 2950 6)
2351 2883 2679 2953 neophyturn
2713 2888 3025 2960 episcopum
3065 2892 3202 2949 fieri.
3247 2874 3496 2956 lustinus

1904 2981 2121 3038 quoque
2161 2969 2457 3039 imperator
2499 2975 2553 3028 in
2597 2977 2984 3036 ecclesiasticis
3013 2986 3493 3046 constitutionibus

1906 3059 2132 3128 (novella
2172 3060 2224 3126 6,
2257 3077 2375 3133 cap.
2410 3064 2463 3130 1,
2491 3064 2592 3120 sub
2625 3066 2796 3140 init.),
2830 3071 2904 3125 ita
2932 3073 3214 3132 decernit:
3253 3097 3272 3130 ι
3308 3079 3498 3152 Neque

1904 3162 1972 3203 ex
1992 3149 2130 3206 laico
2141 3153 2321 3208 statim
2346 3155 2414 3210 ad
2435 3157 2802 3228 episcopatum
2818 3165 3112 3223 ascendere
3137 3167 3292 3225 licet:
3317 3149 3496 3242 neque

1903 3243 2194 3301 clericatus
2239 3248 2501 3305 honorem
2531 3253 2694 3306 simul
2729 3254 2983 3314 habuisse
3009 3260 3220 3318 suilicit.
3265 3263 3496 3335 Oportet

1902 3343 2084 3390 autem
2113 3351 2237 3391 eum
2263 3339 2351 3408 qui
2385 3342 2670 3413 episcopus
2713 3344 2774 3400 ﬁt
2814 3361 2989 3420 neque
3018 3367 3238 3410 uxorem
3269 3357 3494 3426 habere,

1904 3439 2080 3494 neque
2105 3430 2483 3498 concubinam,
2511 3448 2684 3504 neque
2705 3435 2926 3504 liberos,
2954 3457 3130 3513 neque
3153 3457 3376 3516 nepotes
3395 3466 3494 3508 seu

1905 3513 2194 3586 legitimos,
2221 3534 2318 3574 seu
2343 3520 2554 3592 legibus
2583 3525 2904 3595 incognitos.
2956 3532 3024 3586 Et
3061 3535 3106 3590 si
3133 3513 3256 3605 quis
3293 3551 3487 3597 contra

1905 3605 2022 3662 haec
2047 3608 2255 3675 fecerit,
2288 3620 2348 3666 et
2377 3613 2424 3668 is
2452 3615 2548 3687 qui
2569 3615 2746 3674 factus
2776 3629 2879 3686 est,
2905 3631 2962 3676 et
2987 3625 3035 3679 is
3055 3627 3147 3695 qui
3177 3643 3302 3685 eum
3334 3631 3489 3702 fecit,

1903 3696 2248 3770 episcopatus
2282 3703 2587 3772 expellatur
2629 3707 2851 3765 honore.
2898 3711 3010 3771 Nec
3047 3715 3212 3774 liceat
3249 3696 3492 3793 pecuniae

1907 3789 2127 3848 datione
2153 3793 2465 3865 episcopum
2488 3797 2630 3853 ﬁeri.
2660 3800 2791 3858 Esse
2811 3814 2990 3861 autem
3011 3821 3226 3880 oportet
3245 3789 3366 3872 eum
3395 3823 3493 3889 qui

1905 3881 2192 3954 episcopus
2215 3883 2276 3938 ﬁt
2297 3885 2381 3940 vel
2410 3890 2753 3959 monachum,
2784 3894 2867 3949 vel
2887 3895 3144 3956 clericum
3173 3921 3188 3957 :
3213 3905 3288 3960 ita
3309 3881 3492 3967 tamen

1906 3981 1967 4026 ut
1991 3988 2098 4028 non
2124 3974 2302 4031 minus
2321 3990 2416 4031 sex
2436 3979 2714 4038 mensibus
2733 3998 2991 4055 appareat
3013 4005 3136 4047 eum
3158 3994 3212 4050 in
3236 3997 3496 4058 clericatu

1907 4062 2094 4129 fuisse,
2115 4084 2134 4118 ι
2154 4073 2258 4121 etc.
2276 4066 2535 4125 Videmus
2550 4087 2656 4127 non
2685 4075 2858 4132 solum
2875 4080 3281 4157 ecclesiasticis,
3307 4104 3495 4148 verum

1908 4155 2072 4209 etiam
2122 4156 2496 4228 imperialibus
2539 4163 2749 4222 obviari
2799 4155 3300 4247 constitutionibus,
3341 4193 3402 4240 ut
3427 4201 3496 4242 ex

1907 4248 2047 4305 laico
2067 4252 2252 4306 statim
2282 4253 2351 4308 ad
2373 4255 2716 4328 episcopatus
2741 4261 3002 4323 honorem
3028 4271 3228 4343 aliquis
3252 4290 3499 4336 assuma-

1911 4352 2022 4412 tur,
2046 4361 2170 4402 cum
2192 4347 2387 4404 debeat
2408 4350 2560 4419 prius
2590 4353 2643 4408 in
2673 4354 2916 4415 Ecclesia
2943 4365 3185 4434 probari,
3225 4377 3278 4425 et
3303 4386 3498 4429 secun-

1907 4434 2036 4493 dum
2067 4438 2438 4497 ecclesiastica
2483 4446 2779 4505 constituta
2825 4454 3044 4522 doceri;
3093 4469 3363 4529 quatenus
3405 4466 3496 4520 via

1835 4558 1886 4618 ι)
1910 4528 2058 4598 regia
2073 4544 2170 4600 per
2193 4531 2457 4602 graduum
2475 4538 2878 4596 successionem
2897 4528 3285 4615 conscendens,
3304 4552 3498 4622 dignus

1909 4620 2217 4676 inveniatur
2243 4627 2439 4681 summi
2475 4627 2728 4685 culminis
2758 4633 2966 4702 apicem
2993 4637 3257 4696 obtinere.
3293 4620 3495 4700 Verum

1909 4710 2220 4768 Graecorum
2253 4715 2626 4788 imperatores,
2664 4731 2773 4778 tam
2822 4725 3003 4782 divina
3051 4745 3212 4800 quam
3257 4734 3496 4792 humana

1903 4801 2026 4877 jura
2071 4808 2562 4876 transgredientes,
2596 4810 2802 4868 faciunt
2846 4816 2948 4872 sibi
2996 4817 3065 4874 de
3113 4820 3268 4879 laicis
3315 4827 3498 4884 subito

1911 4894 2082 4951 tonsis
2110 4897 2414 4988 episcopos,
2440 4909 2498 4955 et
2522 4917 2617 4958 eos
2654 4904 2747 4974 qui
2789 4907 3028 4964 nondum
3060 4912 3268 4971 minimi
3296 4919 3501 4988 gradus

1910 4984 2169 5042 honorem
2205 4987 2349 5060 digni
2393 4993 2674 5064 percipere
2721 4994 2957 5065 fuerant,
3003 5005 3199 5060 summi
3247 4984 3500 5070 culminis

1916 5081 2118 5136 vertice
2168 5083 2498 5138 sustollunt:
2545 5097 2601 5142 et
2638 5087 2766 5143 talia
2808 5102 3058 5161 gerentes
3094 5112 3202 5154 non
3242 5112 3499 5162 verentur

1915 5172 2115 5230 Christi
2141 5175 2440 5232 Ecclesiam
2468 5179 2805 5249 calumniari,
2832 5183 2964 5240 falsa
2987 5203 3086 5258 pro
3111 5193 3254 5249 veris
3277 5193 3500 5265 loquen-

1917 5273 2018 5329 tes,
2049 5281 2148 5336 pro
2177 5266 2347 5324 nihilo
2374 5269 2635 5328 ducentes
2669 5275 2812 5342 quod
2846 5275 3096 5336 Salvator
3126 5283 3203 5337 ait
3233 5283 3285 5338 in
3317 5285 3500 5344 Evan-

1915 5357 2055 5428 gelio
2082 5378 2093 5412 :
2127 5358 2229 5424 Qui
2251 5363 2692 5420 scandalizaverit
2724 5384 2888 5424 unum
2917 5372 2984 5426 de
3018 5375 3225 5443 pusillis
3261 5378 3375 5434 istis
3408 5397 3502 5450 qui

1919 5452 2076 5504 inme
2103 5453 2339 5518 credunt,
2362 5456 2566 5525 expedit
2588 5458 2636 5512 ei
2657 5467 2713 5514 ut
2727 5463 3082 5532 suspendatur
3103 5467 3241 5521 mola
3263 5472 3502 5526 asinaria

1917 5543 2052 5598 collo
2074 5545 2209 5615 ejus,
2234 5556 2281 5601 et
2307 5547 2641 5620 demergatur
2668 5553 2722 5606 in
2741 5555 3061 5625 profundum
3092 5560 3254 5614 maris
3282 5561 3498 5630 (Matth.

1917 5651 2072 5701 svnt,
2099 5637 2174 5708 6).
2221 5637 2294 5692 Ut
2333 5654 2494 5709 paena
2525 5643 2717 5699 mortis
2747 5645 2799 5698 in
2825 5660 2918 5703 eos
2946 5648 3210 5717 vindicet,
3237 5659 3295 5705 et
3323 5649 3499 5708 ﬂucti-

1918 5729 2018 5784 bus
2047 5731 2362 5801 perditionis
2405 5733 2817 5803 absorbeantur,
2865 5755 2998 5810 quos
3035 5744 3274 5799 cliaritas
3317 5745 3499 5802 timori

1918 5831 2105 5879 sancto
2132 5839 2240 5880 non
2263 5824 2389 5882 fecit
2412 5841 2534 5886 esse
2556 5829 2844 5900 subjectos.
