  <div class='ocr_page' id='page_1' title='image "/cluster/home/n/w/nwhite01/storage/ocr_20150623/121/hvd.32044015471642/173.png"; bbox 0 0 4026 6346; ppageno 0'>
   <div class='ocr_carea' id='block_1_1' title="bbox 593 336 772 426">
    <p class='ocr_par' dir='ltr' id='par_1_1' title="bbox 593 336 772 426">
     <span class='ocr_line' id='line_1_1' title="bbox 593 336 772 426; baseline 0 0"><span class='ocrx_word' id='word_1_1' title='bbox 593 336 772 426; x_wconf 68' lang='lat' dir='ltr'><strong>sas</strong></span> 
     </span>
    </p>
   </div>
   <div class='ocr_carea' id='block_1_2' title="bbox 1611 361 2169 433">
    <p class='ocr_par' dir='ltr' id='par_1_2' title="bbox 1611 364 2169 422">
     <span class='ocr_line' id='line_1_2' title="bbox 1611 364 2169 422; baseline 0 -3"><span class='ocrx_word' id='word_1_2' title='bbox 1611 365 1971 421; x_wconf 40' lang='lat' dir='ltr'><strong>RA&#39;l‘RAMNl</strong></span> <span class='ocrx_word' id='word_1_3' title='bbox 2011 364 2169 422; x_wconf 77' lang='lat' dir='ltr'><strong>CORI</strong></span> 
     </span>
    </p>
   </div>
   <div class='ocr_carea' id='block_1_3' title="bbox 2272 361 3814 433">
    <p class='ocr_par' dir='ltr' id='par_1_3' title="bbox 2272 362 3814 433">
     <span class='ocr_line' id='line_1_3' title="bbox 2272 362 3814 433; baseline -0.003 -14"><span class='ocrx_word' id='word_1_4' title='bbox 2272 362 2456 420; x_wconf 62' lang='lat' dir='ltr'><strong>ausus</strong></span> <span class='ocrx_word' id='word_1_5' title='bbox 2499 363 2800 421; x_wconf 60' lang='lat' dir='ltr'><strong>nomen!</strong></span> <span class='ocrx_word' id='word_1_6' title='bbox 3727 373 3814 433; x_wconf 61' lang='grc' dir='ltr'><strong>εκ</strong></span> 
     </span>
    </p>
   </div>
   <div class='ocr_carea' id='block_1_4' title="bbox 666 460 3815 550">
    <p class='ocr_par' dir='ltr' id='par_1_4' title="bbox 666 460 3815 550">
     <span class='ocr_line' id='line_1_4' title="bbox 666 460 3815 550; baseline -0 -10"><span class='ocrx_word' id='word_1_7' title='bbox 666 482 930 539; x_wconf 87' lang='lat' dir='ltr'><strong>Sedunde</strong></span> <span class='ocrx_word' id='word_1_8' title='bbox 959 482 1080 537; x_wconf 89' lang='lat' dir='ltr'><strong>talis</strong></span> <span class='ocrx_word' id='word_1_9' title='bbox 1104 482 1285 535; x_wconf 87' lang='lat' dir='ltr'><strong>innata</strong></span> <span class='ocrx_word' id='word_1_10' title='bbox 1315 480 1383 534; x_wconf 89' lang='lat' dir='ltr'><strong>sit</strong></span> <span class='ocrx_word' id='word_1_11' title='bbox 1407 481 1773 550; x_wconf 70' lang='lat' dir='ltr'><strong>praesumptio,</strong></span> <span class='ocrx_word' id='word_1_12' title='bbox 1792 489 1848 534; x_wconf 91' lang='lat' dir='ltr'><strong>ut</strong></span> <span class='ocrx_word' id='word_1_13' title='bbox 1873 479 2172 533; x_wconf 81' lang='lat' dir='ltr'><strong>Romanam</strong></span> <span class='ocrx_word' id='word_1_14' title='bbox 2203 481 2250 539; x_wconf 80' lang='grc' dir='ltr'><strong>Α</strong></span> <span class='ocrx_word' id='word_1_15' title='bbox 2273 477 2434 547; x_wconf 90' lang='lat' dir='ltr'><strong>jectis</strong></span> <span class='ocrx_word' id='word_1_16' title='bbox 2475 476 2574 532; x_wconf 83' lang='lat' dir='ltr'><strong>sibi</strong></span> <span class='ocrx_word' id='word_1_17' title='bbox 2621 494 2716 548; x_wconf 87' lang='lat' dir='ltr'><strong>per</strong></span> <span class='ocrx_word' id='word_1_18' title='bbox 2763 478 2926 532; x_wconf 88' lang='lat' dir='ltr'><strong>totius</strong></span> <span class='ocrx_word' id='word_1_19' title='bbox 2967 477 3114 532; x_wconf 81' lang='lat' dir='ltr'><strong>orbis</strong></span> <span class='ocrx_word' id='word_1_20' title='bbox 3142 476 3481 534; x_wconf 86' lang='lat' dir='ltr'><strong>latitudinem</strong></span> <span class='ocrx_word' id='word_1_21' title='bbox 3521 460 3815 546; x_wconf 89' lang='lat' dir='ltr'><strong>Christi</strong></span> 
     </span>
    </p>
   </div>
   <div class='ocr_carea' id='block_1_5' title="bbox 593 570 2172 641">
    <p class='ocr_par' dir='ltr' id='par_1_5' title="bbox 593 570 2172 641">
     <span class='ocr_line' id='line_1_5' title="bbox 593 570 2172 641; baseline -0.006 -9"><span class='ocrx_word' id='word_1_22' title='bbox 593 593 704 632; x_wconf 88' lang='lat' dir='ltr'><strong>non</strong></span> <span class='ocrx_word' id='word_1_23' title='bbox 731 582 1019 631; x_wconf 86' lang='lat' dir='ltr'><strong>vereantur</strong></span> <span class='ocrx_word' id='word_1_24' title='bbox 1049 572 1344 628; x_wconf 78' lang='lat' dir='ltr'><strong>Ecclesium</strong></span> <span class='ocrx_word' id='word_1_25' title='bbox 1376 570 1524 625; x_wconf 80' lang='lat' dir='ltr'><strong>falsis</strong></span> <span class='ocrx_word' id='word_1_26' title='bbox 1549 580 1805 641; x_wconf 90' lang='lat' dir='ltr'><strong>oppetere</strong></span> <span class='ocrx_word' id='word_1_27' title='bbox 1835 570 2172 626; x_wconf 88' lang='lat' dir='ltr'><strong>criminatio-</strong></span> 
     </span>
    </p>
   </div>
   <div class='ocr_carea' id='block_1_6' title="bbox 593 664 2176 734">
    <p class='ocr_par' dir='ltr' id='par_1_6' title="bbox 593 664 2176 734">
     <span class='ocr_line' id='line_1_6' title="bbox 593 664 2176 734; baseline -0.004 -9"><span class='ocrx_word' id='word_1_28' title='bbox 593 669 788 725; x_wconf 74' lang='lat' dir='ltr'><strong>nibus?</strong></span> <span class='ocrx_word' id='word_1_29' title='bbox 811 666 1075 721; x_wconf 82' lang='lat' dir='ltr'><strong>Nimirum</strong></span> <span class='ocrx_word' id='word_1_30' title='bbox 1100 665 1244 729; x_wconf 90' lang='lat' dir='ltr'><strong>inde,</strong></span> <span class='ocrx_word' id='word_1_31' title='bbox 1262 664 1404 734; x_wconf 85' lang='lat' dir='ltr'><strong>quod</strong></span> <span class='ocrx_word' id='word_1_32' title='bbox 1426 665 1506 719; x_wconf 92' lang='lat' dir='ltr'><strong>sui</strong></span> <span class='ocrx_word' id='word_1_33' title='bbox 1534 679 1841 718; x_wconf 81' lang='lat' dir='ltr'><strong>mensuram</strong></span> <span class='ocrx_word' id='word_1_34' title='bbox 1867 665 2176 734; x_wconf 73' lang='lat' dir='ltr'><strong>ignorantes</strong></span> 
     </span>
    </p>
   </div>
   <div class='ocr_carea' id='block_1_7' title="bbox 592 757 2172 827">
    <p class='ocr_par' dir='ltr' id='par_1_7' title="bbox 592 757 2172 827">
     <span class='ocr_line' id='line_1_7' title="bbox 592 757 2172 827; baseline -0.004 -10"><span class='ocrx_word' id='word_1_35' title='bbox 592 772 797 825; x_wconf 90' lang='lat' dir='ltr'><strong>status,</strong></span> <span class='ocrx_word' id='word_1_36' title='bbox 850 760 1094 814; x_wconf 89' lang='lat' dir='ltr'><strong>ambiunt</strong></span> <span class='ocrx_word' id='word_1_37' title='bbox 1119 759 1223 814; x_wconf 91' lang='lat' dir='ltr'><strong>sibi</strong></span> <span class='ocrx_word' id='word_1_38' title='bbox 1248 757 1532 812; x_wconf 81' lang='lat' dir='ltr'><strong>vindicare</strong></span> <span class='ocrx_word' id='word_1_39' title='bbox 1581 757 1977 827; x_wconf 86' lang='lat' dir='ltr'><strong>principatum,</strong></span> <span class='ocrx_word' id='word_1_40' title='bbox 2010 773 2172 827; x_wconf 90' lang='lat' dir='ltr'><strong>quem</strong></span> 
     </span>
    </p>
   </div>
   <div class='ocr_carea' id='block_1_8' title="bbox 590 843 2176 918">
    <p class='ocr_par' dir='ltr' id='par_1_8' title="bbox 590 843 2176 918">
     <span class='ocr_line' id='line_1_8' title="bbox 590 843 2176 918; baseline -0.003 -11"><span class='ocrx_word' id='word_1_41' title='bbox 590 867 693 907; x_wconf 90' lang='lat' dir='ltr'><strong>nec</strong></span> <span class='ocrx_word' id='word_1_42' title='bbox 720 850 966 906; x_wconf 83' lang='lat' dir='ltr'><strong>Christus</strong></span> <span class='ocrx_word' id='word_1_43' title='bbox 995 843 1094 912; x_wconf 84' lang='lat' dir='ltr'><strong>eis,</strong></span> <span class='ocrx_word' id='word_1_44' title='bbox 1127 863 1227 902; x_wconf 90' lang='lat' dir='ltr'><strong>nec</strong></span> <span class='ocrx_word' id='word_1_45' title='bbox 1256 846 1506 918; x_wconf 79' lang='lat' dir='ltr'><strong>apostoli,</strong></span> <span class='ocrx_word' id='word_1_46' title='bbox 1525 858 1638 902; x_wconf 91' lang='lat' dir='ltr'><strong>nec</strong></span> <span class='ocrx_word' id='word_1_47' title='bbox 1669 846 2034 902; x_wconf 85' lang='lat' dir='ltr'><strong>Ecclesiarum</strong></span> <span class='ocrx_word' id='word_1_48' title='bbox 2061 862 2176 902; x_wconf 89' lang='lat' dir='ltr'><strong>ma-</strong></span> 
     </span>
    </p>
   </div>
   <div class='ocr_carea' id='block_1_9' title="bbox 589 937 2174 1015">
    <p class='ocr_par' dir='ltr' id='par_1_9' title="bbox 589 937 2174 1015">
     <span class='ocr_line' id='line_1_9' title="bbox 589 937 2174 1015; baseline -0.004 -15"><span class='ocrx_word' id='word_1_49' title='bbox 589 945 776 1015; x_wconf 86' lang='lat' dir='ltr'><strong>gistri,</strong></span> <span class='ocrx_word' id='word_1_50' title='bbox 837 957 938 998; x_wconf 91' lang='lat' dir='ltr'><strong>nec</strong></span> <span class='ocrx_word' id='word_1_51' title='bbox 984 941 1093 996; x_wconf 79' lang='lat' dir='ltr'><strong>ulla</strong></span> <span class='ocrx_word' id='word_1_52' title='bbox 1141 939 1476 996; x_wconf 83' lang='lat' dir='ltr'><strong>consuetudo</strong></span> <span class='ocrx_word' id='word_1_53' title='bbox 1522 939 1844 1004; x_wconf 87' lang='lat' dir='ltr'><strong>contribuit,</strong></span> <span class='ocrx_word' id='word_1_54' title='bbox 1887 937 1994 993; x_wconf 83' lang='lat' dir='ltr'><strong>sed</strong></span> <span class='ocrx_word' id='word_1_55' title='bbox 2031 937 2174 993; x_wconf 91' lang='lat' dir='ltr'><strong>illius</strong></span> 
     </span>
    </p>
   </div>
   <div class='ocr_carea' id='block_1_10' title="bbox 590 1029 2174 1101">
    <p class='ocr_par' dir='ltr' id='par_1_10' title="bbox 590 1029 2174 1101">
     <span class='ocr_line' id='line_1_10' title="bbox 590 1029 2174 1101; baseline -0.006 -11"><span class='ocrx_word' id='word_1_56' title='bbox 590 1037 891 1090; x_wconf 87' lang='lat' dir='ltr'><strong>imitatores</strong></span> <span class='ocrx_word' id='word_1_57' title='bbox 913 1031 1090 1088; x_wconf 81' lang='lat' dir='ltr'><strong>eii‘ecti</strong></span> <span class='ocrx_word' id='word_1_58' title='bbox 1110 1073 1124 1095; x_wconf 90' lang='lat'><strong>,</strong></span> <span class='ocrx_word' id='word_1_59' title='bbox 1158 1033 1249 1101; x_wconf 88' lang='lat' dir='ltr'><strong>qui</strong></span> <span class='ocrx_word' id='word_1_60' title='bbox 1289 1031 1503 1086; x_wconf 86' lang='lat' dir='ltr'><strong>dicebat</strong></span> <span class='ocrx_word' id='word_1_61' title='bbox 1541 1029 1594 1084; x_wconf 94' lang='lat' dir='ltr'><strong>in</strong></span> <span class='ocrx_word' id='word_1_62' title='bbox 1621 1029 1786 1084; x_wconf 91' lang='lat' dir='ltr'><strong>corde</strong></span> <span class='ocrx_word' id='word_1_63' title='bbox 1815 1044 1952 1084; x_wconf 91' lang='lat' dir='ltr'><strong>suo:</strong></span> <span class='ocrx_word' id='word_1_64' title='bbox 1985 1031 2174 1082; x_wconf 84' lang='lat' dir='ltr'><strong>Ascen—</strong></span> 
     </span>
    </p>
   </div>
   <div class='ocr_carea' id='block_1_11' title="bbox 587 1119 2174 1196">
    <p class='ocr_par' dir='ltr' id='par_1_11' title="bbox 587 1119 2174 1196">
     <span class='ocr_line' id='line_1_11' title="bbox 587 1119 2174 1196; baseline -0.005 -15"><span class='ocrx_word' id='word_1_65' title='bbox 587 1128 710 1182; x_wconf 89' lang='lat' dir='ltr'><strong>dam</strong></span> <span class='ocrx_word' id='word_1_66' title='bbox 752 1143 907 1196; x_wconf 92' lang='lat' dir='ltr'><strong>super</strong></span> <span class='ocrx_word' id='word_1_67' title='bbox 932 1125 1263 1178; x_wconf 82' lang='lat' dir='ltr'><strong>altitudinem</strong></span> <span class='ocrx_word' id='word_1_68' title='bbox 1292 1123 1541 1186; x_wconf 87' lang='lat' dir='ltr'><strong>nubium,</strong></span> <span class='ocrx_word' id='word_1_69' title='bbox 1576 1130 1624 1176; x_wconf 87' lang='lat' dir='ltr'><strong>et</strong></span> <span class='ocrx_word' id='word_1_70' title='bbox 1663 1137 1819 1193; x_wconf 88' lang='lat' dir='ltr'><strong>super</strong></span> <span class='ocrx_word' id='word_1_71' title='bbox 1857 1121 2032 1175; x_wconf 78' lang='lat' dir='ltr'><strong>sidera</strong></span> <span class='ocrx_word' id='word_1_72' title='bbox 2059 1119 2174 1174; x_wconf 71' lang='lat' dir='ltr'><strong>caeli</strong></span> 
     </span>
    </p>
   </div>
   <div class='ocr_carea' id='block_1_12' title="bbox 585 1213 2175 1285">
    <p class='ocr_par' dir='ltr' id='par_1_12' title="bbox 585 1213 2175 1285">
     <span class='ocr_line' id='line_1_12' title="bbox 585 1213 2175 1285; baseline -0.006 -12"><span class='ocrx_word' id='word_1_73' title='bbox 585 1218 826 1273; x_wconf 72' lang='lat' dir='ltr'><strong>exaltabo</strong></span> <span class='ocrx_word' id='word_1_74' title='bbox 847 1217 1034 1272; x_wconf 78' lang='lat' dir='ltr'><strong>solium</strong></span> <span class='ocrx_word' id='word_1_75' title='bbox 1059 1228 1263 1270; x_wconf 88' lang='lat' dir='ltr'><strong>meum:</strong></span> <span class='ocrx_word' id='word_1_76' title='bbox 1283 1230 1475 1285; x_wconf 89' lang='lat' dir='ltr'><strong>ponam</strong></span> <span class='ocrx_word' id='word_1_77' title='bbox 1504 1229 1659 1282; x_wconf 86' lang='lat' dir='ltr'><strong>super</strong></span> <span class='ocrx_word' id='word_1_78' title='bbox 1677 1213 2004 1266; x_wconf 78' lang='lat' dir='ltr'><strong>altitudinem</strong></span> <span class='ocrx_word' id='word_1_79' title='bbox 2027 1227 2175 1264; x_wconf 88' lang='lat' dir='ltr'><strong>mon-</strong></span> 
     </span>
    </p>
   </div>
   <div class='ocr_carea' id='block_1_13' title="bbox 585 1300 2172 1378">
    <p class='ocr_par' dir='ltr' id='par_1_13' title="bbox 585 1300 2172 1378">
     <span class='ocr_line' id='line_1_13' title="bbox 585 1300 2172 1378; baseline -0.006 -14"><span class='ocrx_word' id='word_1_80' title='bbox 585 1313 750 1378; x_wconf 84' lang='lat' dir='ltr'><strong>tium,</strong></span> <span class='ocrx_word' id='word_1_81' title='bbox 795 1309 947 1378; x_wconf 76' lang='lat' dir='ltr'><strong>etin</strong></span> <span class='ocrx_word' id='word_1_82' title='bbox 989 1307 1240 1362; x_wconf 87' lang='lat' dir='ltr'><strong>lateribus</strong></span> <span class='ocrx_word' id='word_1_83' title='bbox 1280 1305 1551 1376; x_wconf 78' lang='lat' dir='ltr'><strong>Aquilonis</strong></span> <span class='ocrx_word' id='word_1_84' title='bbox 1604 1304 1778 1358; x_wconf 81' lang='lat' dir='ltr'><strong>sedem</strong></span> <span class='ocrx_word' id='word_1_85' title='bbox 1818 1318 2008 1356; x_wconf 86' lang='lat' dir='ltr'><strong>meam.</strong></span> <span class='ocrx_word' id='word_1_86' title='bbox 2063 1300 2172 1354; x_wconf 67' lang='lat' dir='ltr'><strong>Ero</strong></span> 
     </span>
    </p>
   </div>
   <div class='ocr_carea' id='block_1_14' title="bbox 583 1393 2173 1469">
    <p class='ocr_par' dir='ltr' id='par_1_14' title="bbox 583 1393 2173 1469">
     <span class='ocr_line' id='line_1_14' title="bbox 583 1393 2173 1469; baseline -0.008 -11"><span class='ocrx_word' id='word_1_87' title='bbox 583 1402 773 1458; x_wconf 80' lang='lat' dir='ltr'><strong>similis</strong></span> <span class='ocrx_word' id='word_1_88' title='bbox 804 1401 1076 1455; x_wconf 80' lang='lat' dir='ltr'><strong>Altissimo</strong></span> <span class='ocrx_word' id='word_1_89' title='bbox 1104 1397 1240 1469; x_wconf 87' lang='lat' dir='ltr'><strong>(Isa.</strong></span> <span class='ocrx_word' id='word_1_90' title='bbox 1283 1413 1393 1458; x_wconf 83' lang='lat' dir='ltr'><strong>xtv,</strong></span> <span class='ocrx_word' id='word_1_91' title='bbox 1431 1396 1668 1464; x_wconf 67' lang='lat'><strong>13,14).</strong></span> <span class='ocrx_word' id='word_1_92' title='bbox 1712 1394 1849 1460; x_wconf 86' lang='lat' dir='ltr'><strong>Quid</strong></span> <span class='ocrx_word' id='word_1_93' title='bbox 1895 1394 2039 1450; x_wconf 89' lang='lat' dir='ltr'><strong>enim</strong></span> <span class='ocrx_word' id='word_1_94' title='bbox 2083 1393 2173 1447; x_wconf 90' lang='lat' dir='ltr'><strong>isti</strong></span> 
     </span>
    </p>
   </div>
   <div class='ocr_carea' id='block_1_15' title="bbox 586 1484 2170 1561">
    <p class='ocr_par' dir='ltr' id='par_1_15' title="bbox 586 1484 2170 1561">
     <span class='ocr_line' id='line_1_15' title="bbox 586 1484 2170 1561; baseline -0.009 -11"><span class='ocrx_word' id='word_1_95' title='bbox 586 1493 898 1550; x_wconf 73' lang='lat' dir='ltr'><strong>Grtccorum</strong></span> <span class='ocrx_word' id='word_1_96' title='bbox 917 1491 1188 1561; x_wconf 88' lang='lat' dir='ltr'><strong>principes</strong></span> <span class='ocrx_word' id='word_1_97' title='bbox 1202 1489 1344 1543; x_wconf 86' lang='lat' dir='ltr'><strong>aliud</strong></span> <span class='ocrx_word' id='word_1_98' title='bbox 1360 1485 1848 1542; x_wconf 79' lang='lat' dir='ltr'><strong>altitudine&#39;cordis</strong></span> <span class='ocrx_word' id='word_1_99' title='bbox 1863 1484 1945 1539; x_wconf 84' lang='lat' dir='ltr'><strong>sui</strong></span> <span class='ocrx_word' id='word_1_100' title='bbox 1962 1484 2170 1549; x_wconf 90' lang='lat' dir='ltr'><strong>dicunt,</strong></span> 
     </span>
    </p>
   </div>
   <div class='ocr_carea' id='block_1_16' title="bbox 583 1568 2174 1657">
    <p class='ocr_par' dir='ltr' id='par_1_16' title="bbox 583 1568 2174 1657">
     <span class='ocr_line' id='line_1_16' title="bbox 583 1568 2174 1657; baseline -0.006 -15"><span class='ocrx_word' id='word_1_101' title='bbox 583 1587 678 1657; x_wconf 87' lang='lat' dir='ltr'><strong>qui</strong></span> <span class='ocrx_word' id='word_1_102' title='bbox 705 1585 962 1642; x_wconf 71' lang='lat' dir='ltr'><strong>Ecclesiae</strong></span> <span class='ocrx_word' id='word_1_103' title='bbox 987 1584 1089 1639; x_wconf 86' lang='lat' dir='ltr'><strong>sibi</strong></span> <span class='ocrx_word' id='word_1_104' title='bbox 1117 1582 1480 1654; x_wconf 88' lang='lat' dir='ltr'><strong>principatum</strong></span> <span class='ocrx_word' id='word_1_105' title='bbox 1513 1587 1796 1650; x_wconf 88' lang='lat' dir='ltr'><strong>usurpant,</strong></span> <span class='ocrx_word' id='word_1_106' title='bbox 1825 1586 1881 1633; x_wconf 89' lang='lat' dir='ltr'><strong>et</strong></span> <span class='ocrx_word' id='word_1_107' title='bbox 1900 1568 2174 1647; x_wconf 84' lang='lat' dir='ltr'><strong>apostolo-</strong></span> 
     </span>
    </p>
   </div>
   <div class='ocr_carea' id='block_1_17' title="bbox 584 1670 2177 1746">
    <p class='ocr_par' dir='ltr' id='par_1_17' title="bbox 584 1670 2177 1746">
     <span class='ocr_line' id='line_1_17' title="bbox 584 1670 2177 1746; baseline -0.004 -14"><span class='ocrx_word' id='word_1_108' title='bbox 584 1693 706 1733; x_wconf 88' lang='lat' dir='ltr'><strong>rum</strong></span> <span class='ocrx_word' id='word_1_109' title='bbox 753 1676 1138 1733; x_wconf 84' lang='lat' dir='ltr'><strong>sublimitatem</strong></span> <span class='ocrx_word' id='word_1_110' title='bbox 1184 1675 1343 1746; x_wconf 91' lang='lat' dir='ltr'><strong>(quos</strong></span> <span class='ocrx_word' id='word_1_111' title='bbox 1370 1672 1538 1727; x_wconf 90' lang='lat' dir='ltr'><strong>Isaias</strong></span> <span class='ocrx_word' id='word_1_112' title='bbox 1568 1671 1830 1741; x_wconf 85' lang='lat' dir='ltr'><strong>propheta</strong></span> <span class='ocrx_word' id='word_1_113' title='bbox 1878 1670 2049 1724; x_wconf 91' lang='lat' dir='ltr'><strong>nubes</strong></span> <span class='ocrx_word' id='word_1_114' title='bbox 2082 1685 2177 1726; x_wconf 88' lang='lat' dir='ltr'><strong>vo-</strong></span> 
     </span>
    </p>
   </div>
   <div class='ocr_carea' id='block_1_18' title="bbox 582 1759 2177 1839">
    <p class='ocr_par' dir='ltr' id='par_1_18' title="bbox 582 1759 2177 1839">
     <span class='ocr_line' id='line_1_18' title="bbox 582 1759 2177 1839; baseline -0.005 -16"><span class='ocrx_word' id='word_1_115' title='bbox 582 1769 756 1824; x_wconf 90' lang='lat' dir='ltr'><strong>lantes</strong></span> <span class='ocrx_word' id='word_1_116' title='bbox 787 1765 1040 1839; x_wconf 82' lang='lat' dir='ltr'><strong>appellat)</strong></span> <span class='ocrx_word' id='word_1_117' title='bbox 1065 1765 1166 1820; x_wconf 91' lang='lat' dir='ltr'><strong>sibi</strong></span> <span class='ocrx_word' id='word_1_118' title='bbox 1187 1763 1462 1818; x_wconf 87' lang='lat' dir='ltr'><strong>vindicant</strong></span> <span class='ocrx_word' id='word_1_119' title='bbox 1488 1781 1500 1814; x_wconf 88' lang='lat'><strong>:</strong></span> <span class='ocrx_word' id='word_1_120' title='bbox 1534 1762 1814 1831; x_wconf 88' lang='lat' dir='ltr'><strong>cupientes</strong></span> <span class='ocrx_word' id='word_1_121' title='bbox 1841 1759 2033 1814; x_wconf 87' lang='lat' dir='ltr'><strong>solium</strong></span> <span class='ocrx_word' id='word_1_122' title='bbox 2062 1775 2177 1816; x_wconf 64' lang='lat' dir='ltr'><strong>sua:</strong></span> 
     </span>
    </p>
   </div>
   <div class='ocr_carea' id='block_1_19' title="bbox 2279 568 2478 623">
    <p class='ocr_par' dir='ltr' id='par_1_19' title="bbox 2279 568 2478 623">
     <span class='ocr_line' id='line_1_19' title="bbox 2279 568 2478 623; baseline -0.01 0"><span class='ocrx_word' id='word_1_123' title='bbox 2279 568 2478 623; x_wconf 88' lang='lat' dir='ltr'><strong>clesiis.</strong></span> 
     </span>
    </p>
   </div>
   <div class='ocr_carea' id='block_1_20' title="bbox 2352 661 3815 737">
    <p class='ocr_par' dir='ltr' id='par_1_20' title="bbox 2352 661 3815 737">
     <span class='ocr_line' id='line_1_20' title="bbox 2352 661 3815 737; baseline 0.009 -22"><span class='ocrx_word' id='word_1_124' title='bbox 2352 661 2466 716; x_wconf 86' lang='lat' dir='ltr'><strong>Hoc</strong></span> <span class='ocrx_word' id='word_1_125' title='bbox 2497 662 2569 716; x_wconf 86' lang='lat' dir='ltr'><strong>ita</strong></span> <span class='ocrx_word' id='word_1_126' title='bbox 2601 661 2716 718; x_wconf 91' lang='lat' dir='ltr'><strong>fore</strong></span> <span class='ocrx_word' id='word_1_127' title='bbox 2738 673 2790 718; x_wconf 91' lang='lat' dir='ltr'><strong>et</strong></span> <span class='ocrx_word' id='word_1_128' title='bbox 2813 664 3110 734; x_wconf 89' lang='lat' dir='ltr'><strong>antiquitas</strong></span> <span class='ocrx_word' id='word_1_129' title='bbox 3141 665 3254 735; x_wconf 84' lang='lat' dir='ltr'><strong>ipsa</strong></span> <span class='ocrx_word' id='word_1_130' title='bbox 3277 668 3608 737; x_wconf 86' lang='lat' dir='ltr'><strong>comprobat,</strong></span> <span class='ocrx_word' id='word_1_131' title='bbox 3631 681 3680 725; x_wconf 90' lang='lat' dir='ltr'><strong>et</strong></span> <span class='ocrx_word' id='word_1_132' title='bbox 3699 673 3815 730; x_wconf 84' lang='lat' dir='ltr'><strong>litte-</strong></span> 
     </span>
    </p>
   </div>
   <div class='ocr_carea' id='block_1_21' title="bbox 2278 752 3815 826">
    <p class='ocr_par' dir='ltr' id='par_1_21' title="bbox 2278 752 3815 826">
     <span class='ocr_line' id='line_1_21' title="bbox 2278 752 3815 826; baseline 0.011 -23"><span class='ocrx_word' id='word_1_133' title='bbox 2278 765 2464 804; x_wconf 88' lang='lat' dir='ltr'><strong>rarum</strong></span> <span class='ocrx_word' id='word_1_134' title='bbox 2510 752 2842 807; x_wconf 89' lang='lat' dir='ltr'><strong>monimenta</strong></span> <span class='ocrx_word' id='word_1_135' title='bbox 2884 754 3232 810; x_wconf 82' lang='lat' dir='ltr'><strong>conﬁtentur.</strong></span> <span class='ocrx_word' id='word_1_136' title='bbox 3281 755 3559 826; x_wconf 88' lang='lat' dir='ltr'><strong>Siquidem</strong></span> <span class='ocrx_word' id='word_1_137' title='bbox 3601 759 3815 822; x_wconf 80' lang='lat' dir='ltr'><strong>Socrates</strong></span> 
     </span>
    </p>
   </div>
   <div class='ocr_carea' id='block_1_22' title="bbox 2277 841 3814 924">
    <p class='ocr_par' dir='ltr' id='par_1_22' title="bbox 2277 841 3814 924">
     <span class='ocr_line' id='line_1_22' title="bbox 2277 841 3814 924; baseline 0.011 -28"><span class='ocrx_word' id='word_1_138' title='bbox 2277 841 2330 896; x_wconf 95' lang='lat' dir='ltr'><strong>in</strong></span> <span class='ocrx_word' id='word_1_139' title='bbox 2360 841 2596 898; x_wconf 80' lang='lat' dir='ltr'><strong>Historia</strong></span> <span class='ocrx_word' id='word_1_140' title='bbox 2625 844 2992 902; x_wconf 88' lang='lat' dir='ltr'><strong>ecclesiastica</strong></span> <span class='ocrx_word' id='word_1_141' title='bbox 3026 849 3272 903; x_wconf 89' lang='lat' dir='ltr'><strong>scribens</strong></span> <span class='ocrx_word' id='word_1_142' title='bbox 3305 849 3371 903; x_wconf 89' lang='lat' dir='ltr'><strong>de</strong></span> <span class='ocrx_word' id='word_1_143' title='bbox 3397 851 3637 918; x_wconf 87' lang='lat' dir='ltr'><strong>Arianis,</strong></span> <span class='ocrx_word' id='word_1_144' title='bbox 3673 856 3752 924; x_wconf 90' lang='lat' dir='ltr'><strong>qui</strong></span> <span class='ocrx_word' id='word_1_145' title='bbox 3775 859 3814 914; x_wconf 90' lang='lat' dir='ltr'><strong>in</strong></span> 
     </span>
    </p>
   </div>
   <div class='ocr_carea' id='block_1_23' title="bbox 2275 934 3816 1011">
    <p class='ocr_par' dir='ltr' id='par_1_23' title="bbox 2275 934 3816 1011">
     <span class='ocr_line' id='line_1_23' title="bbox 2275 934 3816 1011; baseline 0.011 -22"><span class='ocrx_word' id='word_1_146' title='bbox 2275 934 2562 991; x_wconf 81' lang='lat' dir='ltr'><strong>Antiochia</strong></span> <span class='ocrx_word' id='word_1_147' title='bbox 2596 935 2769 1010; x_wconf 62' lang='lat' dir='ltr'><strong>Syrias</strong></span> <span class='ocrx_word' id='word_1_148' title='bbox 2799 940 3067 1011; x_wconf 83' lang='lat' dir='ltr'><strong>synodum</strong></span> <span class='ocrx_word' id='word_1_149' title='bbox 3097 941 3434 1011; x_wconf 88' lang='lat' dir='ltr'><strong>collegerant</strong></span> <span class='ocrx_word' id='word_1_150' title='bbox 3459 946 3524 999; x_wconf 87' lang='lat' dir='ltr'><strong>ad</strong></span> <span class='ocrx_word' id='word_1_151' title='bbox 3551 949 3816 1006; x_wconf 85' lang='lat' dir='ltr'><strong>subversio-</strong></span> 
     </span>
    </p>
   </div>
   <div class='ocr_carea' id='block_1_24' title="bbox 2276 1031 3815 1104">
    <p class='ocr_par' dir='ltr' id='par_1_24' title="bbox 2276 1031 3815 1104">
     <span class='ocr_line' id='line_1_24' title="bbox 2276 1031 3815 1104; baseline 0.01 -22"><span class='ocrx_word' id='word_1_152' title='bbox 2276 1042 2422 1092; x_wconf 90' lang='lat' dir='ltr'><strong>nem,</strong></span> <span class='ocrx_word' id='word_1_153' title='bbox 2471 1037 2634 1100; x_wconf 88' lang='lat' dir='ltr'><strong>atque</strong></span> <span class='ocrx_word' id='word_1_154' title='bbox 2671 1031 3100 1088; x_wconf 86' lang='lat' dir='ltr'><strong>destructionem</strong></span> <span class='ocrx_word' id='word_1_155' title='bbox 3132 1034 3334 1090; x_wconf 66' lang='lat' dir='ltr'><strong>Nicaani</strong></span> <span class='ocrx_word' id='word_1_156' title='bbox 3366 1038 3598 1104; x_wconf 86' lang='lat' dir='ltr'><strong>concilii,</strong></span> <span class='ocrx_word' id='word_1_157' title='bbox 3640 1049 3687 1095; x_wconf 87' lang='lat' dir='ltr'><strong>et</strong></span> <span class='ocrx_word' id='word_1_158' title='bbox 3709 1057 3815 1097; x_wconf 86' lang='lat' dir='ltr'><strong>con-</strong></span> 
     </span>
    </p>
   </div>
   <div class='ocr_carea' id='block_1_25' title="bbox 2275 1121 3816 1196">
    <p class='ocr_par' dir='ltr' id='par_1_25' title="bbox 2275 1121 3816 1196">
     <span class='ocr_line' id='line_1_25' title="bbox 2275 1121 3816 1196; baseline 0.009 -21"><span class='ocrx_word' id='word_1_159' title='bbox 2275 1121 2672 1178; x_wconf 86' lang='lat' dir='ltr'><strong>demnationem</strong></span> <span class='ocrx_word' id='word_1_160' title='bbox 2699 1123 2983 1180; x_wconf 87' lang='lat' dir='ltr'><strong>Athanasii</strong></span> <span class='ocrx_word' id='word_1_161' title='bbox 3009 1142 3023 1191; x_wconf 86' lang='lat'>;</span> <span class='ocrx_word' id='word_1_162' title='bbox 3054 1141 3314 1196; x_wconf 90' lang='lat' dir='ltr'><strong>posquam</strong></span> <span class='ocrx_word' id='word_1_163' title='bbox 3343 1144 3816 1190; x_wconf 82' lang='lat' dir='ltr'><strong>commemoraverat</strong></span> 
     </span>
    </p>
   </div>
   <div class='ocr_carea' id='block_1_26' title="bbox 2273 1213 3816 1290">
    <p class='ocr_par' dir='ltr' id='par_1_26' title="bbox 2273 1213 3816 1290">
     <span class='ocr_line' id='line_1_26' title="bbox 2273 1213 3816 1290; baseline 0.009 -25"><span class='ocrx_word' id='word_1_164' title='bbox 2273 1213 2553 1281; x_wconf 64' lang='lat' dir='ltr'><strong>praesules,</strong></span> <span class='ocrx_word' id='word_1_165' title='bbox 2567 1229 2797 1284; x_wconf 85' lang='lat' dir='ltr'><strong>quorum</strong></span> <span class='ocrx_word' id='word_1_166' title='bbox 2819 1215 3142 1272; x_wconf 88' lang='lat' dir='ltr'><strong>auctoritate</strong></span> <span class='ocrx_word' id='word_1_167' title='bbox 3159 1219 3399 1288; x_wconf 82' lang='lat' dir='ltr'><strong>synodus</strong></span> <span class='ocrx_word' id='word_1_168' title='bbox 3419 1219 3633 1276; x_wconf 90' lang='lat' dir='ltr'><strong>collecta</strong></span> <span class='ocrx_word' id='word_1_169' title='bbox 3653 1221 3816 1290; x_wconf 83' lang='lat' dir='ltr'><strong>fuerat,</strong></span> 
     </span>
    </p>
   </div>
   <div class='ocr_carea' id='block_1_27' title="bbox 2275 1303 3818 1377">
    <p class='ocr_par' dir='ltr' id='par_1_27' title="bbox 2275 1303 3818 1377">
     <span class='ocr_line' id='line_1_27' title="bbox 2275 1303 3818 1377; baseline 0.01 -21"><span class='ocrx_word' id='word_1_170' title='bbox 2275 1303 2601 1373; x_wconf 82' lang='lat' dir='ltr'><strong>subjunxit:</strong></span> <span class='ocrx_word' id='word_1_171' title='bbox 2653 1324 2672 1358; x_wconf 79' lang='grc' dir='ltr'><strong>ι</strong></span> <span class='ocrx_word' id='word_1_172' title='bbox 2715 1303 2820 1362; x_wconf 90' lang='lat' dir='ltr'><strong>Sed</strong></span> <span class='ocrx_word' id='word_1_173' title='bbox 2868 1322 3045 1377; x_wconf 89' lang='lat' dir='ltr'><strong>neque</strong></span> <span class='ocrx_word' id='word_1_174' title='bbox 3090 1306 3263 1362; x_wconf 84' lang='lat' dir='ltr'><strong>Julius</strong></span> <span class='ocrx_word' id='word_1_175' title='bbox 3315 1309 3560 1370; x_wconf 88' lang='lat' dir='ltr'><strong>interfuit</strong></span> <span class='ocrx_word' id='word_1_176' title='bbox 3608 1315 3818 1370; x_wconf 69' lang='lat' dir='ltr'><strong>maxime</strong></span> 
     </span>
    </p>
   </div>
   <div class='ocr_carea' id='block_1_28' title="bbox 2275 1391 3818 1471">
    <p class='ocr_par' dir='ltr' id='par_1_28' title="bbox 2275 1391 3818 1471">
     <span class='ocr_line' id='line_1_28' title="bbox 2275 1391 3818 1471; baseline 0.009 -26"><span class='ocrx_word' id='word_1_177' title='bbox 2275 1391 2460 1448; x_wconf 67' lang='lat' dir='ltr'><strong>Romae</strong></span> <span class='ocrx_word' id='word_1_178' title='bbox 2484 1394 2680 1464; x_wconf 68' lang='lat' dir='ltr'><strong>praesul</strong></span> <span class='ocrx_word' id='word_1_179' title='bbox 2698 1437 2713 1462; x_wconf 91' lang='lat'><strong>,</strong></span> <span class='ocrx_word' id='word_1_180' title='bbox 2757 1411 2934 1467; x_wconf 90' lang='lat' dir='ltr'><strong>neque</strong></span> <span class='ocrx_word' id='word_1_181' title='bbox 2963 1397 3018 1451; x_wconf 90' lang='lat' dir='ltr'><strong>in</strong></span> <span class='ocrx_word' id='word_1_182' title='bbox 3049 1397 3226 1452; x_wconf 88' lang='lat' dir='ltr'><strong>locum</strong></span> <span class='ocrx_word' id='word_1_183' title='bbox 3251 1413 3410 1454; x_wconf 91' lang='lat' dir='ltr'><strong>suum</strong></span> <span class='ocrx_word' id='word_1_184' title='bbox 3439 1400 3662 1471; x_wconf 86' lang='lat' dir='ltr'><strong>aliquem</strong></span> <span class='ocrx_word' id='word_1_185' title='bbox 3687 1405 3818 1459; x_wconf 86' lang='lat' dir='ltr'><strong>desti-</strong></span> 
     </span>
    </p>
   </div>
   <div class='ocr_carea' id='block_1_29' title="bbox 2274 1488 3818 1565">
    <p class='ocr_par' dir='ltr' id='par_1_29' title="bbox 2274 1488 3818 1565">
     <span class='ocr_line' id='line_1_29' title="bbox 2274 1488 3818 1565; baseline 0.008 -23"><span class='ocrx_word' id='word_1_186' title='bbox 2274 1488 2454 1555; x_wconf 80' lang='lat' dir='ltr'><strong>navit;</strong></span> <span class='ocrx_word' id='word_1_187' title='bbox 2505 1504 2628 1545; x_wconf 91' lang='lat' dir='ltr'><strong>cum</strong></span> <span class='ocrx_word' id='word_1_188' title='bbox 2669 1491 2856 1561; x_wconf 87' lang='lat' dir='ltr'><strong>utique</strong></span> <span class='ocrx_word' id='word_1_189' title='bbox 2889 1491 3074 1562; x_wconf 88' lang='lat' dir='ltr'><strong>regula</strong></span> <span class='ocrx_word' id='word_1_190' title='bbox 3118 1492 3489 1550; x_wconf 87' lang='lat' dir='ltr'><strong>ecclesiastica</strong></span> <span class='ocrx_word' id='word_1_191' title='bbox 3529 1494 3703 1565; x_wconf 86' lang='lat' dir='ltr'><strong>jubeat</strong></span> <span class='ocrx_word' id='word_1_192' title='bbox 3734 1513 3818 1554; x_wconf 88' lang='lat' dir='ltr'><strong>non</strong></span> 
     </span>
    </p>
   </div>
   <div class='ocr_carea' id='block_1_30' title="bbox 2273 1582 3817 1655">
    <p class='ocr_par' dir='ltr' id='par_1_30' title="bbox 2273 1582 3817 1655">
     <span class='ocr_line' id='line_1_30' title="bbox 2273 1582 3817 1655; baseline 0.005 -21"><span class='ocrx_word' id='word_1_193' title='bbox 2273 1589 2524 1649; x_wconf 86' lang='lat' dir='ltr'><strong>oportere</strong></span> <span class='ocrx_word' id='word_1_194' title='bbox 2564 1591 2762 1652; x_wconf 62' lang='lat' dir='ltr'><strong>praeter</strong></span> <span class='ocrx_word' id='word_1_195' title='bbox 2803 1582 3129 1637; x_wconf 90' lang='lat' dir='ltr'><strong>sententiam</strong></span> <span class='ocrx_word' id='word_1_196' title='bbox 3161 1583 3396 1639; x_wconf 90' lang='lat' dir='ltr'><strong>Romani</strong></span> <span class='ocrx_word' id='word_1_197' title='bbox 3428 1587 3685 1655; x_wconf 87' lang='lat' dir='ltr'><strong>pontillcis</strong></span> <span class='ocrx_word' id='word_1_198' title='bbox 3710 1603 3817 1642; x_wconf 84' lang='lat' dir='ltr'><strong>con-</strong></span> 
     </span>
    </p>
   </div>
   <div class='ocr_carea' id='block_1_31' title="bbox 2274 1669 3819 1735">
    <p class='ocr_par' dir='ltr' id='par_1_31' title="bbox 2274 1669 3819 1735">
     <span class='ocr_line' id='line_1_31' title="bbox 2274 1669 3819 1735; baseline 0.008 -12"><span class='ocrx_word' id='word_1_199' title='bbox 2274 1669 2398 1724; x_wconf 88' lang='lat' dir='ltr'><strong>cilia</strong></span> <span class='ocrx_word' id='word_1_200' title='bbox 2441 1671 2703 1728; x_wconf 89' lang='lat' dir='ltr'><strong>celebrari</strong></span> <span class='ocrx_word' id='word_1_201' title='bbox 2731 1685 2777 1727; x_wconf 75' lang='grc' dir='ltr'>ι.</span> <span class='ocrx_word' id='word_1_202' title='bbox 2815 1693 2833 1726; x_wconf 75' lang='grc' dir='ltr'><strong>ι</strong></span> <span class='ocrx_word' id='word_1_203' title='bbox 2885 1673 3027 1729; x_wconf 84' lang='lat' dir='ltr'><strong>Ecce</strong></span> <span class='ocrx_word' id='word_1_204' title='bbox 3073 1674 3176 1729; x_wconf 87' lang='lat' dir='ltr'><strong>fuit</strong></span> <span class='ocrx_word' id='word_1_205' title='bbox 3215 1675 3307 1730; x_wconf 92' lang='lat' dir='ltr'><strong>hic</strong></span> <span class='ocrx_word' id='word_1_206' title='bbox 3345 1676 3565 1733; x_wconf 69' lang='lat' dir='ltr'><strong>Grascus</strong></span> <span class='ocrx_word' id='word_1_207' title='bbox 3607 1679 3819 1735; x_wconf 74' lang='lat' dir='ltr'><strong>historio-</strong></span> 
     </span>
    </p>
   </div>
   <div class='ocr_carea' id='block_1_32' title="bbox 2276 1764 3816 1835">
    <p class='ocr_par' dir='ltr' id='par_1_32' title="bbox 2276 1764 3816 1835">
     <span class='ocr_line' id='line_1_32' title="bbox 2276 1764 3816 1835; baseline 0.005 -20"><span class='ocrx_word' id='word_1_208' title='bbox 2276 1764 2534 1832; x_wconf 87' lang='lat' dir='ltr'><strong>graphus,</strong></span> <span class='ocrx_word' id='word_1_209' title='bbox 2591 1779 2690 1818; x_wconf 87' lang='lat' dir='ltr'><strong>nec</strong></span> <span class='ocrx_word' id='word_1_210' title='bbox 2740 1773 2921 1819; x_wconf 89' lang='lat' dir='ltr'><strong>tamen</strong></span> <span class='ocrx_word' id='word_1_211' title='bbox 2969 1764 3494 1835; x_wconf 86' lang='lat' dir='ltr'><strong>Constantinopolim</strong></span> <span class='ocrx_word' id='word_1_212' title='bbox 3537 1768 3661 1822; x_wconf 89' lang='lat' dir='ltr'><strong>dicit</strong></span> <span class='ocrx_word' id='word_1_213' title='bbox 3698 1778 3816 1823; x_wconf 79' lang='lat' dir='ltr'><strong>tanta</strong></span> 
     </span>
    </p>
   </div>
   <div class='ocr_carea' id='block_1_33' title="bbox 581 1847 3817 1932">
    <p class='ocr_par' dir='ltr' id='par_1_33' title="bbox 581 1847 3817 1932">
     <span class='ocr_line' id='line_1_33' title="bbox 581 1847 3817 1932; baseline 0 -17"><span class='ocrx_word' id='word_1_214' title='bbox 581 1860 858 1932; x_wconf 77' lang='lat' dir='ltr'><strong>dignitatis</strong></span> <span class='ocrx_word' id='word_1_215' title='bbox 898 1871 1060 1928; x_wconf 88' lang='lat' dir='ltr'><strong>super</strong></span> <span class='ocrx_word' id='word_1_216' title='bbox 1091 1864 1234 1911; x_wconf 91' lang='lat' dir='ltr'><strong>astra</strong></span> <span class='ocrx_word' id='word_1_217' title='bbox 1262 1852 1384 1909; x_wconf 63' lang='lat' dir='ltr'><strong>coeli</strong></span> <span class='ocrx_word' id='word_1_218' title='bbox 1413 1866 1764 1921; x_wconf 88' lang='lat' dir='ltr'><strong>componere,</strong></span> <span class='ocrx_word' id='word_1_219' title='bbox 1812 1850 1866 1904; x_wconf 90' lang='lat' dir='ltr'><strong>id</strong></span> <span class='ocrx_word' id='word_1_220' title='bbox 1905 1857 1988 1904; x_wconf 90' lang='lat' dir='ltr'><strong>est</strong></span> <span class='ocrx_word' id='word_1_221' title='bbox 2015 1849 2164 1905; x_wconf 92' lang='lat' dir='ltr'><strong>omni</strong></span> <span class='ocrx_word' id='word_1_222' title='bbox 2196 1847 2244 1908; x_wconf 85' lang='grc' dir='ltr'><strong>Β</strong></span> <span class='ocrx_word' id='word_1_223' title='bbox 2275 1852 2476 1922; x_wconf 87' lang='lat' dir='ltr'><strong>pollere</strong></span> <span class='ocrx_word' id='word_1_224' title='bbox 2519 1854 2845 1910; x_wconf 82' lang='lat' dir='ltr'><strong>auctoritate</strong></span> <span class='ocrx_word' id='word_1_225' title='bbox 2884 1855 3048 1910; x_wconf 89' lang='lat' dir='ltr'><strong>veluti</strong></span> <span class='ocrx_word' id='word_1_226' title='bbox 3081 1856 3308 1911; x_wconf 81' lang='lat' dir='ltr'><strong>Romam</strong></span> <span class='ocrx_word' id='word_1_227' title='bbox 3337 1873 3351 1922; x_wconf 89' lang='lat'><strong>;</strong></span> <span class='ocrx_word' id='word_1_228' title='bbox 3404 1859 3688 1915; x_wconf 85' lang='lat' dir='ltr'><strong>testiticans</strong></span> <span class='ocrx_word' id='word_1_229' title='bbox 3725 1861 3817 1917; x_wconf 84' lang='lat' dir='ltr'><strong>sine</strong></span> 
     </span>
    </p>
   </div>
   <div class='ocr_carea' id='block_1_34' title="bbox 581 1943 2170 2017">
    <p class='ocr_par' dir='ltr' id='par_1_34' title="bbox 581 1943 2170 2017">
     <span class='ocr_line' id='line_1_34' title="bbox 581 1943 2170 2017; baseline -0.006 -10"><span class='ocrx_word' id='word_1_230' title='bbox 581 1961 894 2007; x_wconf 86' lang='lat' dir='ltr'><strong>sanctorum</strong></span> <span class='ocrx_word' id='word_1_231' title='bbox 938 1947 1101 2004; x_wconf 81' lang='lat' dir='ltr'><strong>coetui</strong></span> <span class='ocrx_word' id='word_1_232' title='bbox 1134 1944 1414 2017; x_wconf 77' lang='lat' dir='ltr'><strong>praeferre,</strong></span> <span class='ocrx_word' id='word_1_233' title='bbox 1446 1953 1502 2000; x_wconf 88' lang='lat' dir='ltr'><strong>et</strong></span> <span class='ocrx_word' id='word_1_234' title='bbox 1539 1943 1973 2015; x_wconf 86' lang='lat' dir='ltr'><strong>patriarcharum</strong></span> <span class='ocrx_word' id='word_1_235' title='bbox 1999 1951 2170 1998; x_wconf 55' lang='lat' dir='ltr'><strong>vene.</strong></span> 
     </span>
    </p>
   </div>
   <div class='ocr_carea' id='block_1_35' title="bbox 582 2031 2171 2109">
    <p class='ocr_par' dir='ltr' id='par_1_35' title="bbox 582 2031 2171 2109">
     <span class='ocr_line' id='line_1_35' title="bbox 582 2031 2171 2109; baseline -0.006 -11"><span class='ocrx_word' id='word_1_236' title='bbox 582 2044 846 2098; x_wconf 84' lang='lat' dir='ltr'><strong>rationem</strong></span> <span class='ocrx_word' id='word_1_237' title='bbox 892 2053 1184 2109; x_wconf 86' lang='lat' dir='ltr'><strong>usurpare;</strong></span> <span class='ocrx_word' id='word_1_238' title='bbox 1252 2046 1518 2106; x_wconf 89' lang='lat' dir='ltr'><strong>quatenus</strong></span> <span class='ocrx_word' id='word_1_239' title='bbox 1565 2035 1712 2090; x_wconf 90' lang='lat' dir='ltr'><strong>omni</strong></span> <span class='ocrx_word' id='word_1_240' title='bbox 1770 2033 2012 2089; x_wconf 88' lang='lat' dir='ltr'><strong>Ecclesia</strong></span> <span class='ocrx_word' id='word_1_241' title='bbox 2069 2031 2171 2088; x_wconf 87' lang='lat' dir='ltr'><strong>sibi</strong></span> 
     </span>
    </p>
   </div>
   <div class='ocr_carea' id='block_1_36' title="bbox 581 2123 2173 2203">
    <p class='ocr_par' dir='ltr' id='par_1_36' title="bbox 581 2123 2173 2203">
     <span class='ocr_line' id='line_1_36' title="bbox 581 2123 2173 2203; baseline -0.008 -14"><span class='ocrx_word' id='word_1_242' title='bbox 581 2131 824 2203; x_wconf 86' lang='lat' dir='ltr'><strong>subjecta</strong></span> <span class='ocrx_word' id='word_1_243' title='bbox 857 2130 1075 2186; x_wconf 89' lang='lat' dir='ltr'><strong>Christo</strong></span> <span class='ocrx_word' id='word_1_244' title='bbox 1109 2127 1316 2183; x_wconf 87' lang='lat' dir='ltr'><strong>similes</strong></span> <span class='ocrx_word' id='word_1_245' title='bbox 1343 2123 1687 2181; x_wconf 82' lang='lat' dir='ltr'><strong>eﬂiciantur:</strong></span> <span class='ocrx_word' id='word_1_246' title='bbox 1721 2138 1846 2179; x_wconf 91' lang='lat' dir='ltr'><strong>cum</strong></span> <span class='ocrx_word' id='word_1_247' title='bbox 1882 2123 2026 2178; x_wconf 90' lang='lat' dir='ltr'><strong>nulla</strong></span> <span class='ocrx_word' id='word_1_248' title='bbox 2057 2137 2173 2177; x_wconf 79' lang='lat' dir='ltr'><strong>ma-</strong></span> 
     </span>
    </p>
   </div>
   <div class='ocr_carea' id='block_1_37' title="bbox 573 2216 2170 2298">
    <p class='ocr_par' dir='ltr' id='par_1_37' title="bbox 573 2216 2170 2298">
     <span class='ocr_line' id='line_1_37' title="bbox 573 2216 2170 2298; baseline -0.008 -15"><span class='ocrx_word' id='word_1_249' title='bbox 573 2227 754 2298; x_wconf 91' lang='lat' dir='ltr'><strong>jorum</strong></span> <span class='ocrx_word' id='word_1_250' title='bbox 773 2224 1069 2281; x_wconf 87' lang='lat' dir='ltr'><strong>auctoritas</strong></span> <span class='ocrx_word' id='word_1_251' title='bbox 1094 2222 1198 2278; x_wconf 92' lang='lat' dir='ltr'><strong>hoc</strong></span> <span class='ocrx_word' id='word_1_252' title='bbox 1221 2221 1302 2276; x_wconf 90' lang='lat' dir='ltr'><strong>eis</strong></span> <span class='ocrx_word' id='word_1_253' title='bbox 1324 2219 1655 2284; x_wconf 89' lang='lat' dir='ltr'><strong>contribuat,</strong></span> <span class='ocrx_word' id='word_1_254' title='bbox 1681 2232 1780 2272; x_wconf 89' lang='lat' dir='ltr'><strong>nec</strong></span> <span class='ocrx_word' id='word_1_255' title='bbox 1801 2216 2170 2272; x_wconf 86' lang='lat' dir='ltr'><strong>ecclesiastica</strong></span> 
     </span>
    </p>
   </div>
   <div class='ocr_carea' id='block_1_38' title="bbox 493 2309 2172 2389">
    <p class='ocr_par' dir='ltr' id='par_1_38' title="bbox 493 2309 2172 2389">
     <span class='ocr_line' id='line_1_38' title="bbox 493 2309 2172 2389; baseline -0.009 -12"><span class='ocrx_word' id='word_1_256' title='bbox 493 2357 500 2364; x_wconf 89' lang='lat'><em>-</em></span> <span class='ocrx_word' id='word_1_257' title='bbox 571 2319 697 2389; x_wconf 88' lang='lat' dir='ltr'><strong>jura</strong></span> <span class='ocrx_word' id='word_1_258' title='bbox 727 2318 1256 2383; x_wconf 88' lang='lat' dir='ltr'><strong>concedant,verum</strong></span> <span class='ocrx_word' id='word_1_259' title='bbox 1280 2328 1378 2369; x_wconf 90' lang='lat' dir='ltr'><strong>nec</strong></span> <span class='ocrx_word' id='word_1_260' title='bbox 1409 2314 1660 2367; x_wconf 68' lang='lat' dir='ltr'><strong>humanm</strong></span> <span class='ocrx_word' id='word_1_261' title='bbox 1686 2310 1833 2380; x_wconf 88' lang='lat' dir='ltr'><strong>leges</strong></span> <span class='ocrx_word' id='word_1_262' title='bbox 1854 2309 2172 2365; x_wconf 82' lang='lat' dir='ltr'><strong>ascribant?</strong></span> 
     </span>
    </p>
   </div>
   <div class='ocr_carea' id='block_1_39' title="bbox 577 2403 2171 2482">
    <p class='ocr_par' dir='ltr' id='par_1_39' title="bbox 577 2403 2171 2482">
     <span class='ocr_line' id='line_1_39' title="bbox 577 2403 2171 2482; baseline -0.009 -14"><span class='ocrx_word' id='word_1_263' title='bbox 577 2415 708 2482; x_wconf 56' lang='lat' dir='ltr'><strong>Quae</strong></span> <span class='ocrx_word' id='word_1_264' title='bbox 731 2409 1051 2468; x_wconf 54' lang='lat' dir='ltr'><strong>cuneta‘sibi</strong></span> <span class='ocrx_word' id='word_1_265' title='bbox 1083 2407 1357 2462; x_wconf 89' lang='lat' dir='ltr'><strong>vindicare</strong></span> <span class='ocrx_word' id='word_1_266' title='bbox 1384 2404 1520 2460; x_wconf 85' lang='lat' dir='ltr'><strong>velle</strong></span> <span class='ocrx_word' id='word_1_267' title='bbox 1547 2403 1890 2473; x_wconf 89' lang='lat' dir='ltr'><strong>potissimum</strong></span> <span class='ocrx_word' id='word_1_268' title='bbox 1917 2416 2171 2482; x_wconf 86' lang='lat' dir='ltr'><strong>compro-</strong></span> 
     </span>
    </p>
   </div>
   <div class='ocr_carea' id='block_1_40' title="bbox 573 2479 2171 2574">
    <p class='ocr_par' dir='ltr' id='par_1_40' title="bbox 573 2479 2171 2574">
     <span class='ocr_line' id='line_1_40' title="bbox 573 2479 2171 2574; baseline -0.009 -14"><span class='ocrx_word' id='word_1_269' title='bbox 573 2479 729 2569; x_wconf 68' lang='lat' dir='ltr'><strong>bant,</strong></span> <span class='ocrx_word' id='word_1_270' title='bbox 753 2502 896 2574; x_wconf 91' lang='lat' dir='ltr'><strong>quod</strong></span> <span class='ocrx_word' id='word_1_271' title='bbox 913 2498 1292 2572; x_wconf 84' lang='lat' dir='ltr'><strong>‘patriarcham</strong></span> <span class='ocrx_word' id='word_1_272' title='bbox 1329 2483 1992 2563; x_wconf 86' lang='lat' dir='ltr'><strong>Constantinopolitanum</strong></span> <span class='ocrx_word' id='word_1_273' title='bbox 2032 2479 2171 2561; x_wconf 73' lang='lat' dir='ltr'><strong>prte-</strong></span> 
     </span>
    </p>
   </div>
   <div class='ocr_carea' id='block_1_41' title="bbox 575 2581 2171 2668">
    <p class='ocr_par' dir='ltr' id='par_1_41' title="bbox 575 2581 2171 2668">
     <span class='ocr_line' id='line_1_41' title="bbox 575 2581 2171 2668; baseline -0.009 -16"><span class='ocrx_word' id='word_1_274' title='bbox 575 2610 779 2668; x_wconf 90' lang='lat' dir='ltr'><strong>ponere</strong></span> <span class='ocrx_word' id='word_1_275' title='bbox 827 2595 1072 2649; x_wconf 90' lang='lat' dir='ltr'><strong>Romano</strong></span> <span class='ocrx_word' id='word_1_276' title='bbox 1118 2581 1360 2662; x_wconf 75' lang='lat' dir='ltr'><strong>pontifici</strong></span> <span class='ocrx_word' id='word_1_277' title='bbox 1394 2587 1653 2658; x_wconf 88' lang='lat' dir='ltr'><strong>gestiunt,</strong></span> <span class='ocrx_word' id='word_1_278' title='bbox 1703 2594 1759 2641; x_wconf 88' lang='lat' dir='ltr'><strong>et</strong></span> <span class='ocrx_word' id='word_1_279' title='bbox 1801 2587 1991 2640; x_wconf 86' lang='lat' dir='ltr'><strong>urbem</strong></span> <span class='ocrx_word' id='word_1_280' title='bbox 2029 2584 2171 2640; x_wconf 87' lang='lat' dir='ltr'><strong>Con-</strong></span> 
     </span>
    </p>
   </div>
   <div class='ocr_carea' id='block_1_42' title="bbox 573 2675 2168 2756">
    <p class='ocr_par' dir='ltr' id='par_1_42' title="bbox 573 2675 2168 2756">
     <span class='ocr_line' id='line_1_42' title="bbox 573 2675 2168 2756; baseline -0.008 -14"><span class='ocrx_word' id='word_1_281' title='bbox 573 2685 954 2756; x_wconf 88' lang='lat' dir='ltr'><strong>tantinopolim</strong></span> <span class='ocrx_word' id='word_1_282' title='bbox 987 2683 1171 2739; x_wconf 65' lang='lat' dir='ltr'><strong>Romae</strong></span> <span class='ocrx_word' id='word_1_283' title='bbox 1197 2678 1458 2751; x_wconf 82' lang='lat' dir='ltr'><strong>praeferre</strong></span> <span class='ocrx_word' id='word_1_284' title='bbox 1483 2685 1774 2740; x_wconf 87' lang='lat' dir='ltr'><strong>conantur,</strong></span> <span class='ocrx_word' id='word_1_285' title='bbox 1800 2683 2057 2746; x_wconf 89' lang='lat' dir='ltr'><strong>tanquam</strong></span> <span class='ocrx_word' id='word_1_286' title='bbox 2083 2675 2168 2730; x_wconf 91' lang='lat' dir='ltr'><strong>sui</strong></span> 
     </span>
    </p>
   </div>
   <div class='ocr_carea' id='block_1_43' title="bbox 571 2767 2170 2850">
    <p class='ocr_par' dir='ltr' id='par_1_43' title="bbox 571 2767 2170 2850">
     <span class='ocr_line' id='line_1_43' title="bbox 571 2767 2170 2850; baseline -0.008 -17"><span class='ocrx_word' id='word_1_287' title='bbox 571 2778 712 2850; x_wconf 83' lang='lat' dir='ltr'><strong>juris</strong></span> <span class='ocrx_word' id='word_1_288' title='bbox 751 2776 953 2832; x_wconf 81' lang='lat' dir='ltr'><strong>existat</strong></span> <span class='ocrx_word' id='word_1_289' title='bbox 982 2773 1126 2844; x_wconf 84' lang='lat' dir='ltr'><strong>leges</strong></span> <span class='ocrx_word' id='word_1_290' title='bbox 1163 2768 1564 2826; x_wconf 86' lang='lat' dir='ltr'><strong>ecclesiasticas</strong></span> <span class='ocrx_word' id='word_1_291' title='bbox 1611 2767 1930 2830; x_wconf 89' lang='lat' dir='ltr'><strong>immutare,</strong></span> <span class='ocrx_word' id='word_1_292' title='bbox 1982 2773 2038 2821; x_wconf 91' lang='lat' dir='ltr'><strong>et</strong></span> <span class='ocrx_word' id='word_1_293' title='bbox 2085 2779 2170 2820; x_wconf 84' lang='lat' dir='ltr'><strong>re-</strong></span> 
     </span>
    </p>
   </div>
   <div class='ocr_carea' id='block_1_44' title="bbox 575 2863 1376 2940">
    <p class='ocr_par' dir='ltr' id='par_1_44' title="bbox 575 2863 1376 2940">
     <span class='ocr_line' id='line_1_44' title="bbox 575 2863 1376 2940; baseline -0.014 -15"><span class='ocrx_word' id='word_1_294' title='bbox 575 2883 806 2940; x_wconf 84' lang='lat' dir='ltr'><strong>gnorum</strong></span> <span class='ocrx_word' id='word_1_295' title='bbox 837 2865 1045 2937; x_wconf 89' lang='lat' dir='ltr'><strong>apicem</strong></span> <span class='ocrx_word' id='word_1_296' title='bbox 1074 2863 1376 2934; x_wconf 88' lang='lat' dir='ltr'><strong>disponere.</strong></span> 
     </span>
    </p>
   </div>
   <div class='ocr_carea' id='block_1_45' title="bbox 652 2947 2169 3012">
    <p class='ocr_par' dir='ltr' id='par_1_45' title="bbox 652 2947 2169 3012">
     <span class='ocr_line' id='line_1_45' title="bbox 652 2947 2169 3012; baseline -0.007 0"><span class='ocrx_word' id='word_1_297' title='bbox 652 2955 960 3012; x_wconf 79' lang='lat' dir='ltr'><strong>Meminisse</strong></span> <span class='ocrx_word' id='word_1_298' title='bbox 1009 2963 1194 3012; x_wconf 75' lang='lat' dir='ltr'><strong>tamen</strong></span> <span class='ocrx_word' id='word_1_299' title='bbox 1234 2951 1532 3006; x_wconf 87' lang='lat' dir='ltr'><strong>debuerant</strong></span> <span class='ocrx_word' id='word_1_300' title='bbox 1561 2947 1843 3004; x_wconf 83' lang='lat' dir='ltr'><strong>Christum</strong></span> <span class='ocrx_word' id='word_1_301' title='bbox 1870 2949 2034 3004; x_wconf 89' lang='lat' dir='ltr'><strong>totius</strong></span> <span class='ocrx_word' id='word_1_302' title='bbox 2067 2948 2169 3003; x_wconf 85' lang='lat' dir='ltr'><strong>Ec-</strong></span> 
     </span>
    </p>
   </div>
   <div class='ocr_carea' id='block_1_46' title="bbox 575 3041 2166 3117">
    <p class='ocr_par' dir='ltr' id='par_1_46' title="bbox 575 3041 2166 3117">
     <span class='ocr_line' id='line_1_46' title="bbox 575 3041 2166 3117; baseline -0.007 -11"><span class='ocrx_word' id='word_1_303' title='bbox 575 3041 950 3117; x_wconf 18' lang='lat' dir='ltr'><strong>clesite’caput</strong></span> <span class='ocrx_word' id='word_1_304' title='bbox 971 3045 1230 3108; x_wconf 79' lang='lat' dir='ltr'><strong>existere,</strong></span> <span class='ocrx_word' id='word_1_305' title='bbox 1274 3053 1326 3100; x_wconf 86' lang='lat' dir='ltr'><strong>et</strong></span> <span class='ocrx_word' id='word_1_306' title='bbox 1355 3043 1404 3097; x_wconf 90' lang='lat' dir='ltr'><strong>ei</strong></span> <span class='ocrx_word' id='word_1_307' title='bbox 1452 3043 1669 3097; x_wconf 86' lang='lat' dir='ltr'><strong>Patrem</strong></span> <span class='ocrx_word' id='word_1_308' title='bbox 1709 3056 1808 3112; x_wconf 87' lang='lat' dir='ltr'><strong>per</strong></span> <span class='ocrx_word' id='word_1_309' title='bbox 1841 3042 2166 3112; x_wconf 88' lang='lat' dir='ltr'><strong>Prophetam</strong></span> 
     </span>
    </p>
   </div>
   <div class='ocr_carea' id='block_1_47' title="bbox 575 3125 2168 3206">
    <p class='ocr_par' dir='ltr' id='par_1_47' title="bbox 575 3125 2168 3206">
     <span class='ocr_line' id='line_1_47' title="bbox 575 3125 2168 3206; baseline -0.008 -6"><span class='ocrx_word' id='word_1_310' title='bbox 575 3143 781 3201; x_wconf 80' lang='lat' dir='ltr'><strong>dixisse</strong></span> <span class='ocrx_word' id='word_1_311' title='bbox 809 3156 825 3195; x_wconf 87' lang='lat'><strong>:</strong></span> <span class='ocrx_word' id='word_1_312' title='bbox 869 3125 1019 3194; x_wconf 81' lang='lat' dir='ltr'><strong>Dabo</strong></span> <span class='ocrx_word' id='word_1_313' title='bbox 1051 3137 1145 3191; x_wconf 86' lang='lat' dir='ltr'><strong>tibi</strong></span> <span class='ocrx_word' id='word_1_314' title='bbox 1173 3146 1348 3206; x_wconf 83' lang='lat' dir='ltr'><strong>gentes</strong></span> <span class='ocrx_word' id='word_1_315' title='bbox 1376 3137 1734 3189; x_wconf 79' lang='lat' dir='ltr'><strong>Itwreditatem</strong></span> <span class='ocrx_word' id='word_1_316' title='bbox 1761 3147 1942 3201; x_wconf 86' lang='lat' dir='ltr'><strong>tuam;</strong></span> <span class='ocrx_word' id='word_1_317' title='bbox 1974 3145 2020 3189; x_wconf 89' lang='lat' dir='ltr'><strong>et</strong></span> <span class='ocrx_word' id='word_1_318' title='bbox 2048 3153 2168 3206; x_wconf 57' lang='lat' dir='ltr'><strong>pose</strong></span> 
     </span>
    </p>
   </div>
   <div class='ocr_carea' id='block_1_48' title="bbox 573 3226 2168 3300">
    <p class='ocr_par' dir='ltr' id='par_1_48' title="bbox 573 3226 2168 3300">
     <span class='ocr_line' id='line_1_48' title="bbox 573 3226 2168 3300; baseline -0.009 -5"><span class='ocrx_word' id='word_1_319' title='bbox 573 3239 857 3294; x_wconf 73' lang='lat' dir='ltr'><strong>sessionem</strong></span> <span class='ocrx_word' id='word_1_320' title='bbox 897 3245 1042 3289; x_wconf 88' lang='lat' dir='ltr'><strong>tuam</strong></span> <span class='ocrx_word' id='word_1_321' title='bbox 1082 3231 1329 3286; x_wconf 81' lang='lat' dir='ltr'><strong>terminos</strong></span> <span class='ocrx_word' id='word_1_322' title='bbox 1375 3226 1723 3300; x_wconf 75' lang='lat' dir='ltr'><strong>terra:(Psal.</strong></span> <span class='ocrx_word' id='word_1_323' title='bbox 1755 3244 1814 3290; x_wconf 88' lang='lat' dir='ltr'><strong>tt,</strong></span> <span class='ocrx_word' id='word_1_324' title='bbox 1843 3229 1918 3299; x_wconf 92' lang='lat'><strong>8).</strong></span> <span class='ocrx_word' id='word_1_325' title='bbox 1964 3227 2168 3296; x_wconf 79' lang='lat' dir='ltr'><strong>ipsum-</strong></span> 
     </span>
    </p>
   </div>
   <div class='ocr_carea' id='block_1_49' title="bbox 574 3320 2166 3400">
    <p class='ocr_par' dir='ltr' id='par_1_49' title="bbox 574 3320 2166 3400">
     <span class='ocr_line' id='line_1_49' title="bbox 574 3320 2166 3400; baseline -0.005 -18"><span class='ocrx_word' id='word_1_326' title='bbox 574 3343 680 3400; x_wconf 84' lang='lat' dir='ltr'><strong>que</strong></span> <span class='ocrx_word' id='word_1_327' title='bbox 708 3329 824 3384; x_wconf 89' lang='lat' dir='ltr'><strong>fore</strong></span> <span class='ocrx_word' id='word_1_328' title='bbox 847 3326 1081 3396; x_wconf 87' lang='lat' dir='ltr'><strong>lapidem</strong></span> <span class='ocrx_word' id='word_1_329' title='bbox 1109 3323 1410 3378; x_wconf 88' lang='lat' dir='ltr'><strong>abscissum</strong></span> <span class='ocrx_word' id='word_1_330' title='bbox 1442 3321 1509 3375; x_wconf 85' lang='lat' dir='ltr'><strong>de</strong></span> <span class='ocrx_word' id='word_1_331' title='bbox 1537 3329 1718 3374; x_wconf 90' lang='lat' dir='ltr'><strong>monte</strong></span> <span class='ocrx_word' id='word_1_332' title='bbox 1748 3320 1866 3374; x_wconf 89' lang='lat' dir='ltr'><strong>sine</strong></span> <span class='ocrx_word' id='word_1_333' title='bbox 1894 3321 2166 3385; x_wconf 90' lang='lat' dir='ltr'><strong>manibus,</strong></span> 
     </span>
    </p>
   </div>
   <div class='ocr_carea' id='block_1_50' title="bbox 574 3412 2167 3496">
    <p class='ocr_par' dir='ltr' id='par_1_50' title="bbox 574 3412 2167 3496">
     <span class='ocr_line' id='line_1_50' title="bbox 574 3412 2167 3496; baseline -0.011 -15"><span class='ocrx_word' id='word_1_334' title='bbox 574 3425 667 3496; x_wconf 89' lang='lat' dir='ltr'><strong>qui</strong></span> <span class='ocrx_word' id='word_1_335' title='bbox 699 3419 1049 3490; x_wconf 85' lang='lat' dir='ltr'><strong>confregerit,</strong></span> <span class='ocrx_word' id='word_1_336' title='bbox 1099 3426 1153 3472; x_wconf 90' lang='lat' dir='ltr'><strong>et</strong></span> <span class='ocrx_word' id='word_1_337' title='bbox 1190 3416 1242 3470; x_wconf 91' lang='lat' dir='ltr'><strong>in</strong></span> <span class='ocrx_word' id='word_1_338' title='bbox 1284 3413 1561 3486; x_wconf 85' lang='lat' dir='ltr'><strong>pulverem</strong></span> <span class='ocrx_word' id='word_1_339' title='bbox 1607 3412 1878 3484; x_wconf 87' lang='lat' dir='ltr'><strong>redegerit</strong></span> <span class='ocrx_word' id='word_1_340' title='bbox 1914 3413 2167 3466; x_wconf 63' lang='lat' dir='ltr'><strong>universi</strong></span> 
     </span>
    </p>
   </div>
   <div class='ocr_carea' id='block_1_51' title="bbox 573 3503 2171 3588">
    <p class='ocr_par' dir='ltr' id='par_1_51' title="bbox 573 3503 2171 3588">
     <span class='ocr_line' id='line_1_51' title="bbox 573 3503 2171 3588; baseline -0.011 -15"><span class='ocrx_word' id='word_1_341' title='bbox 573 3532 741 3588; x_wconf 78' lang='lat' dir='ltr'><strong>regna</strong></span> <span class='ocrx_word' id='word_1_342' title='bbox 768 3513 951 3571; x_wconf 87' lang='lat' dir='ltr'><strong>mundi</strong></span> <span class='ocrx_word' id='word_1_343' title='bbox 983 3510 1200 3586; x_wconf 80' lang='lat' dir='ltr'><strong>(Matth.</strong></span> <span class='ocrx_word' id='word_1_344' title='bbox 1227 3524 1340 3572; x_wconf 76' lang='lat' dir='ltr'><strong>xvi,</strong></span> <span class='ocrx_word' id='word_1_345' title='bbox 1369 3505 1477 3578; x_wconf 74' lang='lat'><strong>18).</strong></span> <span class='ocrx_word' id='word_1_346' title='bbox 1507 3505 1796 3576; x_wconf 84' lang='lat' dir='ltr'><strong>Ipsumque</strong></span> <span class='ocrx_word' id='word_1_347' title='bbox 1820 3503 1982 3559; x_wconf 88' lang='lat' dir='ltr'><strong>Petro</strong></span> <span class='ocrx_word' id='word_1_348' title='bbox 2006 3504 2171 3559; x_wconf 77' lang='lat' dir='ltr'><strong>dixis-</strong></span> 
     </span>
    </p>
   </div>
   <div class='ocr_carea' id='block_1_52' title="bbox 572 3595 2168 3672">
    <p class='ocr_par' dir='ltr' id='par_1_52' title="bbox 572 3595 2168 3672">
     <span class='ocr_line' id='line_1_52' title="bbox 572 3595 2168 3672; baseline -0.011 -7"><span class='ocrx_word' id='word_1_349' title='bbox 572 3627 632 3666; x_wconf 86' lang='lat' dir='ltr'><strong>se</strong></span> <span class='ocrx_word' id='word_1_350' title='bbox 665 3629 676 3664; x_wconf 93' lang='lat'><strong>:</strong></span> <span class='ocrx_word' id='word_1_351' title='bbox 729 3609 807 3663; x_wconf 86' lang='lat' dir='ltr'><strong>Tu</strong></span> <span class='ocrx_word' id='word_1_352' title='bbox 849 3625 903 3663; x_wconf 87' lang='lat' dir='ltr'><strong>es</strong></span> <span class='ocrx_word' id='word_1_353' title='bbox 959 3604 1167 3667; x_wconf 80' lang='lat' dir='ltr'><strong>Petrus,</strong></span> <span class='ocrx_word' id='word_1_354' title='bbox 1220 3611 1267 3657; x_wconf 88' lang='lat' dir='ltr'><strong>et</strong></span> <span class='ocrx_word' id='word_1_355' title='bbox 1303 3616 1460 3672; x_wconf 82' lang='lat' dir='ltr'><strong>super</strong></span> <span class='ocrx_word' id='word_1_356' title='bbox 1495 3599 1632 3652; x_wconf 83' lang='lat' dir='ltr'><strong>lianc</strong></span> <span class='ocrx_word' id='word_1_357' title='bbox 1667 3607 1867 3666; x_wconf 84' lang='lat' dir='ltr'><strong>petram</strong></span> <span class='ocrx_word' id='word_1_358' title='bbox 1895 3595 2168 3662; x_wconf 70' lang='lat' dir='ltr'><strong>tl’dlﬁCtlbO</strong></span> 
     </span>
    </p>
   </div>
   <div class='ocr_carea' id='block_1_53' title="bbox 572 3685 2169 3767">
    <p class='ocr_par' dir='ltr' id='par_1_53' title="bbox 572 3685 2169 3767">
     <span class='ocr_line' id='line_1_53' title="bbox 572 3685 2169 3767; baseline -0.012 -11"><span class='ocrx_word' id='word_1_359' title='bbox 572 3701 864 3756; x_wconf 74' lang='lat' dir='ltr'><strong>Ecclesium</strong></span> <span class='ocrx_word' id='word_1_360' title='bbox 910 3712 1122 3754; x_wconf 85' lang='lat' dir='ltr'><strong>meam:</strong></span> <span class='ocrx_word' id='word_1_361' title='bbox 1172 3709 1218 3752; x_wconf 89' lang='lat' dir='ltr'><strong>et</strong></span> <span class='ocrx_word' id='word_1_362' title='bbox 1265 3703 1433 3767; x_wconf 69' lang='lat' dir='ltr'><strong>porta!</strong></span> <span class='ocrx_word' id='word_1_363' title='bbox 1477 3689 1633 3758; x_wconf 79' lang='lat' dir='ltr'><strong>inferi</strong></span> <span class='ocrx_word' id='word_1_364' title='bbox 1676 3704 1778 3742; x_wconf 89' lang='lat' dir='ltr'><strong>non</strong></span> <span class='ocrx_word' id='word_1_365' title='bbox 1815 3685 2169 3756; x_wconf 76' lang='lat' dir='ltr'><strong>prwvalebunt</strong></span> 
     </span>
    </p>
   </div>
   <div class='ocr_carea' id='block_1_54' title="bbox 571 3777 2168 3853">
    <p class='ocr_par' dir='ltr' id='par_1_54' title="bbox 571 3777 2168 3853">
     <span class='ocr_line' id='line_1_54' title="bbox 571 3777 2168 3853; baseline -0.013 -2"><span class='ocrx_word' id='word_1_366' title='bbox 571 3797 820 3850; x_wconf 78' lang='lat' dir='ltr'><strong>adversus</strong></span> <span class='ocrx_word' id='word_1_367' title='bbox 847 3810 983 3848; x_wconf 87' lang='lat' dir='ltr'><strong>eam.</strong></span> <span class='ocrx_word' id='word_1_368' title='bbox 1006 3792 1072 3846; x_wconf 80' lang='lat' dir='ltr'><strong>Et</strong></span> <span class='ocrx_word' id='word_1_369' title='bbox 1094 3791 1185 3845; x_wconf 86' lang='lat' dir='ltr'><strong>tibi</strong></span> <span class='ocrx_word' id='word_1_370' title='bbox 1209 3791 1344 3844; x_wconf 86' lang='lat' dir='ltr'><strong>dabo</strong></span> <span class='ocrx_word' id='word_1_371' title='bbox 1367 3786 1537 3842; x_wconf 82' lang='lat' dir='ltr'><strong>claves</strong></span> <span class='ocrx_word' id='word_1_372' title='bbox 1565 3782 1710 3853; x_wconf 86' lang='lat' dir='ltr'><strong>regni</strong></span> <span class='ocrx_word' id='word_1_373' title='bbox 1731 3779 1996 3834; x_wconf 70' lang='lat' dir='ltr'><strong>caelorum.</strong></span> <span class='ocrx_word' id='word_1_374' title='bbox 2026 3777 2168 3832; x_wconf 86' lang='lat' dir='ltr'><strong>Pau-</strong></span> 
     </span>
    </p>
   </div>
   <div class='ocr_carea' id='block_1_55' title="bbox 571 3867 2168 3957">
    <p class='ocr_par' dir='ltr' id='par_1_55' title="bbox 571 3867 2168 3957">
     <span class='ocr_line' id='line_1_55' title="bbox 571 3867 2168 3957; baseline -0.013 -16"><span class='ocrx_word' id='word_1_375' title='bbox 571 3888 682 3942; x_wconf 91' lang='lat' dir='ltr'><strong>lum</strong></span> <span class='ocrx_word' id='word_1_376' title='bbox 715 3901 930 3957; x_wconf 82' lang='lat' dir='ltr'><strong>quoque</strong></span> <span class='ocrx_word' id='word_1_377' title='bbox 963 3883 1341 3938; x_wconf 81' lang='lat' dir='ltr'><strong>testificantem</strong></span> <span class='ocrx_word' id='word_1_378' title='bbox 1370 3899 1382 3933; x_wconf 94' lang='lat'>:</span> <span class='ocrx_word' id='word_1_379' title='bbox 1421 3879 1526 3946; x_wconf 83' lang='lat' dir='ltr'><strong>Qui</strong></span> <span class='ocrx_word' id='word_1_380' title='bbox 1553 3883 1798 3950; x_wconf 83' lang='lat' dir='ltr'><strong>operatus</strong></span> <span class='ocrx_word' id='word_1_381' title='bbox 1824 3881 1898 3926; x_wconf 82' lang='lat' dir='ltr'><strong>est</strong></span> <span class='ocrx_word' id='word_1_382' title='bbox 1928 3867 2087 3923; x_wconf 88' lang='lat' dir='ltr'><strong>Petro</strong></span> <span class='ocrx_word' id='word_1_383' title='bbox 2114 3869 2168 3923; x_wconf 85' lang='lat' dir='ltr'><strong>in</strong></span> 
     </span>
    </p>
   </div>
   <div class='ocr_carea' id='block_1_56' title="bbox 573 3965 2172 4047">
    <p class='ocr_par' dir='ltr' id='par_1_56' title="bbox 573 3965 2172 4047">
     <span class='ocr_line' id='line_1_56' title="bbox 573 3965 2172 4047; baseline -0.01 -16"><span class='ocrx_word' id='word_1_384' title='bbox 573 3976 927 4047; x_wconf 85' lang='lat' dir='ltr'><strong>apostolatum</strong></span> <span class='ocrx_word' id='word_1_385' title='bbox 964 3974 1387 4028; x_wconf 64' lang='lat' dir='ltr'><strong>&#39;circumcisionis</strong></span> <span class='ocrx_word' id='word_1_386' title='bbox 1431 3981 1672 4041; x_wconf 65' lang='lat' dir='ltr'><strong>aper-atus</strong></span> <span class='ocrx_word' id='word_1_387' title='bbox 1712 3980 1786 4024; x_wconf 89' lang='lat' dir='ltr'><strong>est</strong></span> <span class='ocrx_word' id='word_1_388' title='bbox 1812 3977 1860 4024; x_wconf 84' lang='lat' dir='ltr'><strong>et</strong></span> <span class='ocrx_word' id='word_1_389' title='bbox 1881 3965 2010 4022; x_wconf 83' lang='lat' dir='ltr'><strong>mihi</strong></span> <span class='ocrx_word' id='word_1_390' title='bbox 2034 3965 2172 4018; x_wconf 86' lang='lat' dir='ltr'><strong>inter</strong></span> 
     </span>
    </p>
   </div>
   <div class='ocr_carea' id='block_1_57' title="bbox 571 4058 2168 4141">
    <p class='ocr_par' dir='ltr' id='par_1_57' title="bbox 571 4058 2168 4141">
     <span class='ocr_line' id='line_1_57' title="bbox 571 4058 2168 4141; baseline -0.008 -17"><span class='ocrx_word' id='word_1_391' title='bbox 571 4077 751 4141; x_wconf 79' lang='lat' dir='ltr'><strong>gentes</strong></span> <span class='ocrx_word' id='word_1_392' title='bbox 776 4065 921 4138; x_wconf 80' lang='lat' dir='ltr'><strong>(Gal.</strong></span> <span class='ocrx_word' id='word_1_393' title='bbox 952 4082 1013 4131; x_wconf 89' lang='grc' dir='ltr'>ιι,</span> <span class='ocrx_word' id='word_1_394' title='bbox 1036 4066 1114 4135; x_wconf 75' lang='lat'><strong>8).</strong></span> <span class='ocrx_word' id='word_1_395' title='bbox 1143 4066 1291 4131; x_wconf 88' lang='lat' dir='ltr'><strong>Quos</strong></span> <span class='ocrx_word' id='word_1_396' title='bbox 1320 4064 1510 4117; x_wconf 86' lang='lat' dir='ltr'><strong>ambos</strong></span> <span class='ocrx_word' id='word_1_397' title='bbox 1540 4063 1593 4116; x_wconf 93' lang='lat' dir='ltr'><strong>in</strong></span> <span class='ocrx_word' id='word_1_398' title='bbox 1627 4060 1867 4117; x_wconf 74' lang='lat' dir='ltr'><strong>Ecclesia</strong></span> <span class='ocrx_word' id='word_1_399' title='bbox 1896 4058 2168 4132; x_wconf 89' lang='lat' dir='ltr'><strong>principa-</strong></span> 
     </span>
    </p>
   </div>
   <div class='ocr_carea' id='block_1_58' title="bbox 575 4153 2164 4227">
    <p class='ocr_par' dir='ltr' id='par_1_58' title="bbox 575 4153 2164 4227">
     <span class='ocr_line' id='line_1_58' title="bbox 575 4153 2164 4227; baseline -0.003 -15"><span class='ocrx_word' id='word_1_400' title='bbox 575 4167 689 4212; x_wconf 90' lang='lat' dir='ltr'><strong>tum</strong></span> <span class='ocrx_word' id='word_1_401' title='bbox 741 4173 770 4211; x_wconf 85' lang='lat' dir='ltr'><strong>a</strong></span> <span class='ocrx_word' id='word_1_402' title='bbox 827 4156 1048 4212; x_wconf 87' lang='lat' dir='ltr'><strong>Christo</strong></span> <span class='ocrx_word' id='word_1_403' title='bbox 1095 4156 1341 4227; x_wconf 86' lang='lat' dir='ltr'><strong>positos,</strong></span> <span class='ocrx_word' id='word_1_404' title='bbox 1391 4165 1444 4209; x_wconf 90' lang='lat' dir='ltr'><strong>et</strong></span> <span class='ocrx_word' id='word_1_405' title='bbox 1492 4153 1677 4207; x_wconf 68' lang='lat' dir='ltr'><strong>Romae</strong></span> <span class='ocrx_word' id='word_1_406' title='bbox 1722 4153 1989 4217; x_wconf 87' lang='lat' dir='ltr'><strong>directos,</strong></span> <span class='ocrx_word' id='word_1_407' title='bbox 2043 4169 2164 4208; x_wconf 90' lang='lat' dir='ltr'><strong>cum</strong></span> 
     </span>
    </p>
   </div>
   <div class='ocr_carea' id='block_1_59' title="bbox 573 4243 2169 4314">
    <p class='ocr_par' dir='ltr' id='par_1_59' title="bbox 573 4243 2169 4314">
     <span class='ocr_line' id='line_1_59' title="bbox 573 4243 2169 4314; baseline -0.004 -11"><span class='ocrx_word' id='word_1_408' title='bbox 573 4247 946 4304; x_wconf 86' lang='lat' dir='ltr'><strong>ecclesiastica</strong></span> <span class='ocrx_word' id='word_1_409' title='bbox 984 4247 1207 4309; x_wconf 87' lang='lat' dir='ltr'><strong>veritas,</strong></span> <span class='ocrx_word' id='word_1_410' title='bbox 1243 4255 1354 4300; x_wconf 90' lang='lat' dir='ltr'><strong>tum</strong></span> <span class='ocrx_word' id='word_1_411' title='bbox 1390 4245 1558 4314; x_wconf 90' lang='lat' dir='ltr'><strong>ipsius</strong></span> <span class='ocrx_word' id='word_1_412' title='bbox 1601 4243 1872 4313; x_wconf 87' lang='lat' dir='ltr'><strong>passionis</strong></span> <span class='ocrx_word' id='word_1_413' title='bbox 1901 4253 2169 4298; x_wconf 86' lang='lat' dir='ltr'><strong>monstrat</strong></span> 
     </span>
    </p>
   </div>
   <div class='ocr_carea' id='block_1_60' title="bbox 575 4334 2169 4406">
    <p class='ocr_par' dir='ltr' id='par_1_60' title="bbox 575 4334 2169 4406">
     <span class='ocr_line' id='line_1_60' title="bbox 575 4334 2169 4406; baseline -0.003 -14"><span class='ocrx_word' id='word_1_414' title='bbox 575 4342 896 4396; x_wconf 85' lang='lat' dir='ltr'><strong>auctoritas.</strong></span> <span class='ocrx_word' id='word_1_415' title='bbox 944 4337 1076 4392; x_wconf 88' lang='lat' dir='ltr'><strong>llluc</strong></span> <span class='ocrx_word' id='word_1_416' title='bbox 1116 4351 1352 4406; x_wconf 88' lang='lat' dir='ltr'><strong>namque</strong></span> <span class='ocrx_word' id='word_1_417' title='bbox 1399 4336 1559 4388; x_wconf 90' lang='lat' dir='ltr'><strong>ambo</strong></span> <span class='ocrx_word' id='word_1_418' title='bbox 1607 4335 1882 4403; x_wconf 83' lang='lat' dir='ltr'><strong>principes</strong></span> <span class='ocrx_word' id='word_1_419' title='bbox 1921 4342 2048 4389; x_wconf 89' lang='lat' dir='ltr'><strong>sunt</strong></span> <span class='ocrx_word' id='word_1_420' title='bbox 2087 4334 2169 4389; x_wconf 88' lang='lat' dir='ltr'><strong>di-</strong></span> 
     </span>
    </p>
   </div>
   <div class='ocr_carea' id='block_1_61' title="bbox 576 4426 2166 4500">
    <p class='ocr_par' dir='ltr' id='par_1_61' title="bbox 576 4426 2166 4500">
     <span class='ocr_line' id='line_1_61' title="bbox 576 4426 2166 4500; baseline -0.003 -14"><span class='ocrx_word' id='word_1_421' title='bbox 576 4433 743 4497; x_wconf 87' lang='lat' dir='ltr'><strong>recti,</strong></span> <span class='ocrx_word' id='word_1_422' title='bbox 790 4431 898 4486; x_wconf 86' lang='lat' dir='ltr'><strong>ubi&#39;</strong></span> <span class='ocrx_word' id='word_1_423' title='bbox 925 4430 1264 4500; x_wconf 84' lang='lat' dir='ltr'><strong>principatus</strong></span> <span class='ocrx_word' id='word_1_424' title='bbox 1309 4427 1584 4482; x_wconf 88' lang='lat' dir='ltr'><strong>eminebat</strong></span> <span class='ocrx_word' id='word_1_425' title='bbox 1613 4426 1798 4481; x_wconf 92' lang='lat' dir='ltr'><strong>mundi</strong></span> <span class='ocrx_word' id='word_1_426' title='bbox 1835 4444 1848 4481; x_wconf 91' lang='lat'><strong>:</strong></span> <span class='ocrx_word' id='word_1_427' title='bbox 1895 4436 2166 4496; x_wconf 86' lang='lat' dir='ltr'><strong>quatenus</strong></span> 
     </span>
    </p>
   </div>
   <div class='ocr_carea' id='block_1_62' title="bbox 571 4517 2165 4589">
    <p class='ocr_par' dir='ltr' id='par_1_62' title="bbox 571 4517 2165 4589">
     <span class='ocr_line' id='line_1_62' title="bbox 571 4517 2165 4589; baseline -0.003 -14"><span class='ocrx_word' id='word_1_428' title='bbox 571 4521 822 4577; x_wconf 73' lang='lat' dir='ltr'><strong>Romana</strong></span> <span class='ocrx_word' id='word_1_429' title='bbox 869 4521 1082 4583; x_wconf 77' lang='lat' dir='ltr'><strong>civitas,</strong></span> <span class='ocrx_word' id='word_1_430' title='bbox 1117 4519 1256 4574; x_wconf 90' lang='lat' dir='ltr'><strong>sicut</strong></span> <span class='ocrx_word' id='word_1_431' title='bbox 1296 4517 1558 4589; x_wconf 83' lang='lat' dir='ltr'><strong>imperiali</strong></span> <span class='ocrx_word' id='word_1_432' title='bbox 1590 4517 1832 4588; x_wconf 89' lang='lat' dir='ltr'><strong>potentia</strong></span> <span class='ocrx_word' id='word_1_433' title='bbox 1861 4525 2036 4573; x_wconf 89' lang='lat' dir='ltr'><strong>totum</strong></span> <span class='ocrx_word' id='word_1_434' title='bbox 2062 4518 2165 4572; x_wconf 85' lang='lat' dir='ltr'><strong>sibi</strong></span> 
     </span>
    </p>
   </div>
   <div class='ocr_carea' id='block_1_63' title="bbox 2275 1944 3818 2024">
    <p class='ocr_par' dir='ltr' id='par_1_63' title="bbox 2275 1944 3818 2024">
     <span class='ocr_line' id='line_1_63' title="bbox 2275 1944 3818 2024; baseline 0.006 -25"><span class='ocrx_word' id='word_1_435' title='bbox 2275 1944 2504 2000; x_wconf 85' lang='lat' dir='ltr'><strong>Romani</strong></span> <span class='ocrx_word' id='word_1_436' title='bbox 2530 1948 2801 2015; x_wconf 76' lang='lat' dir='ltr'><strong>pontiﬁcis</strong></span> <span class='ocrx_word' id='word_1_437' title='bbox 2824 1949 2906 2004; x_wconf 85' lang='lat' dir='ltr'><strong>vel</strong></span> <span class='ocrx_word' id='word_1_438' title='bbox 2928 1965 3150 2005; x_wconf 90' lang='lat' dir='ltr'><strong>assensu</strong></span> <span class='ocrx_word' id='word_1_439' title='bbox 3174 1950 3257 2004; x_wconf 88' lang='lat' dir='ltr'><strong>vel</strong></span> <span class='ocrx_word' id='word_1_440' title='bbox 3275 1951 3521 2021; x_wconf 90' lang='lat' dir='ltr'><strong>jussione</strong></span> <span class='ocrx_word' id='word_1_441' title='bbox 3539 1952 3671 2008; x_wconf 88' lang='lat' dir='ltr'><strong>nulla</strong></span> <span class='ocrx_word' id='word_1_442' title='bbox 3692 1968 3818 2024; x_wconf 83' lang='lat' dir='ltr'><strong>posse</strong></span> 
     </span>
    </p>
   </div>
   <div class='ocr_carea' id='block_1_64' title="bbox 2275 2039 2822 2096">
    <p class='ocr_par' dir='ltr' id='par_1_64' title="bbox 2275 2039 2822 2096">
     <span class='ocr_line' id='line_1_64' title="bbox 2275 2039 2822 2096; baseline 0.004 -2"><span class='ocrx_word' id='word_1_443' title='bbox 2275 2039 2499 2094; x_wconf 89' lang='lat' dir='ltr'><strong>concilia</strong></span> <span class='ocrx_word' id='word_1_444' title='bbox 2533 2041 2746 2096; x_wconf 83' lang='lat' dir='ltr'><strong>celebra</strong></span> <span class='ocrx_word' id='word_1_445' title='bbox 2757 2043 2822 2096; x_wconf 90' lang='lat' dir='ltr'><strong>ri.</strong></span> 
     </span>
    </p>
   </div>
   <div class='ocr_carea' id='block_1_65' title="bbox 2343 2127 3814 2206">
    <p class='ocr_par' dir='ltr' id='par_1_65' title="bbox 2343 2127 3814 2206">
     <span class='ocr_line' id='line_1_65' title="bbox 2343 2127 3814 2206; baseline 0.007 -25"><span class='ocrx_word' id='word_1_446' title='bbox 2343 2127 2399 2181; x_wconf 89' lang='lat' dir='ltr'><strong>ln</strong></span> <span class='ocrx_word' id='word_1_447' title='bbox 2437 2129 2666 2184; x_wconf 92' lang='lat' dir='ltr'><strong>concilio</strong></span> <span class='ocrx_word' id='word_1_448' title='bbox 2697 2129 3008 2188; x_wconf 89' lang='lat' dir='ltr'><strong>Sardicensi</strong></span> <span class='ocrx_word' id='word_1_449' title='bbox 3046 2133 3188 2203; x_wconf 86' lang='lat' dir='ltr'><strong>(cap.</strong></span> <span class='ocrx_word' id='word_1_450' title='bbox 3221 2135 3270 2192; x_wconf 91' lang='lat'><strong>7.</strong></span> <span class='ocrx_word' id='word_1_451' title='bbox 3307 2149 3374 2189; x_wconf 66' lang='lat' dir='ltr'><strong>ex</strong></span> <span class='ocrx_word' id='word_1_452' title='bbox 3414 2135 3814 2206; x_wconf 81' lang='lat' dir='ltr'><strong>interpretatione</strong></span> 
     </span>
    </p>
   </div>
   <div class='ocr_carea' id='block_1_66' title="bbox 2275 2219 3816 2295">
    <p class='ocr_par' dir='ltr' id='par_1_66' title="bbox 2275 2219 3816 2295">
     <span class='ocr_line' id='line_1_66' title="bbox 2275 2219 3816 2295; baseline 0.006 -22"><span class='ocrx_word' id='word_1_453' title='bbox 2275 2219 2513 2292; x_wconf 85' lang='lat' dir='ltr'><strong>Dionysii</strong></span> <span class='ocrx_word' id='word_1_454' title='bbox 2551 2223 2778 2295; x_wconf 76' lang='lat' dir='ltr'><strong>Exigui)</strong></span> <span class='ocrx_word' id='word_1_455' title='bbox 2825 2226 2918 2280; x_wconf 88' lang='lat' dir='ltr'><strong>tali</strong></span> <span class='ocrx_word' id='word_1_456' title='bbox 2950 2226 3110 2281; x_wconf 88' lang='lat' dir='ltr'><strong>modo</strong></span> <span class='ocrx_word' id='word_1_457' title='bbox 3141 2228 3392 2282; x_wconf 90' lang='lat' dir='ltr'><strong>sancitur</strong></span> <span class='ocrx_word' id='word_1_458' title='bbox 3424 2245 3436 2282; x_wconf 93' lang='lat'>:</span> <span class='ocrx_word' id='word_1_459' title='bbox 3475 2248 3494 2279; x_wconf 74' lang='grc' dir='ltr'><strong>ι</strong></span> <span class='ocrx_word' id='word_1_460' title='bbox 3529 2228 3745 2294; x_wconf 88' lang='lat' dir='ltr'><strong>Placuit,</strong></span> <span class='ocrx_word' id='word_1_461' title='bbox 3771 2237 3816 2282; x_wconf 88' lang='lat' dir='ltr'><strong>ut</strong></span> 
     </span>
    </p>
   </div>
   <div class='ocr_carea' id='block_1_67' title="bbox 2274 2313 3815 2388">
    <p class='ocr_par' dir='ltr' id='par_1_67' title="bbox 2274 2313 3815 2388">
     <span class='ocr_line' id='line_1_67' title="bbox 2274 2313 3815 2388; baseline 0.004 -20"><span class='ocrx_word' id='word_1_462' title='bbox 2274 2313 2319 2368; x_wconf 89' lang='lat' dir='ltr'><strong>si</strong></span> <span class='ocrx_word' id='word_1_463' title='bbox 2352 2314 2638 2385; x_wconf 92' lang='lat' dir='ltr'><strong>episcopus</strong></span> <span class='ocrx_word' id='word_1_464' title='bbox 2669 2326 2953 2372; x_wconf 88' lang='lat' dir='ltr'><strong>accusatus</strong></span> <span class='ocrx_word' id='word_1_465' title='bbox 2982 2317 3166 2383; x_wconf 85' lang='lat' dir='ltr'><strong>fuerit,</strong></span> <span class='ocrx_word' id='word_1_466' title='bbox 3191 2326 3246 2373; x_wconf 92' lang='lat' dir='ltr'><strong>et</strong></span> <span class='ocrx_word' id='word_1_467' title='bbox 3271 2333 3466 2374; x_wconf 87' lang='lat' dir='ltr'><strong>onmes</strong></span> <span class='ocrx_word' id='word_1_468' title='bbox 3501 2318 3815 2388; x_wconf 83' lang='lat' dir='ltr'><strong>judicaverint</strong></span> 
     </span>
    </p>
   </div>
   <div class='ocr_carea' id='block_1_68' title="bbox 2271 2408 3815 2483">
    <p class='ocr_par' dir='ltr' id='par_1_68' title="bbox 2271 2408 3815 2483">
     <span class='ocr_line' id='line_1_68' title="bbox 2271 2408 3815 2483; baseline 0.002 -22"><span class='ocrx_word' id='word_1_469' title='bbox 2271 2408 2585 2478; x_wconf 85' lang='lat' dir='ltr'><strong>congregati</strong></span> <span class='ocrx_word' id='word_1_470' title='bbox 2613 2409 2846 2479; x_wconf 90' lang='lat' dir='ltr'><strong>episcopi</strong></span> <span class='ocrx_word' id='word_1_471' title='bbox 2876 2410 3114 2480; x_wconf 86' lang='lat' dir='ltr'><strong>regionis</strong></span> <span class='ocrx_word' id='word_1_472' title='bbox 3140 2411 3331 2479; x_wconf 88' lang='lat' dir='ltr'><strong>ipsius.</strong></span> <span class='ocrx_word' id='word_1_473' title='bbox 3367 2420 3422 2467; x_wconf 91' lang='lat' dir='ltr'><strong>et</strong></span> <span class='ocrx_word' id='word_1_474' title='bbox 3451 2413 3515 2466; x_wconf 87' lang='lat' dir='ltr'><strong>de</strong></span> <span class='ocrx_word' id='word_1_475' title='bbox 3552 2413 3705 2483; x_wconf 90' lang='lat' dir='ltr'><strong>gradu</strong></span> <span class='ocrx_word' id='word_1_476' title='bbox 3737 2426 3815 2466; x_wconf 88' lang='lat' dir='ltr'><strong>suo</strong></span> 
     </span>
    </p>
   </div>
   <div class='ocr_carea' id='block_1_69' title="bbox 2271 2499 3812 2572">
    <p class='ocr_par' dir='ltr' id='par_1_69' title="bbox 2271 2499 3812 2572">
     <span class='ocr_line' id='line_1_69' title="bbox 2271 2499 3812 2572; baseline 0.001 -18"><span class='ocrx_word' id='word_1_477' title='bbox 2271 2514 2396 2554; x_wconf 91' lang='lat' dir='ltr'><strong>eum</strong></span> <span class='ocrx_word' id='word_1_478' title='bbox 2423 2499 2718 2566; x_wconf 90' lang='lat' dir='ltr'><strong>dejecerint</strong></span> <span class='ocrx_word' id='word_1_479' title='bbox 2750 2519 2762 2554; x_wconf 91' lang='lat'><strong>:</strong></span> <span class='ocrx_word' id='word_1_480' title='bbox 2792 2501 2837 2555; x_wconf 90' lang='lat' dir='ltr'><strong>si</strong></span> <span class='ocrx_word' id='word_1_481' title='bbox 2860 2501 3211 2571; x_wconf 80' lang='lat' dir='ltr'><strong>appellaverit</strong></span> <span class='ocrx_word' id='word_1_482' title='bbox 3236 2503 3334 2572; x_wconf 82' lang='lat' dir='ltr'><strong>qui</strong></span> <span class='ocrx_word' id='word_1_483' title='bbox 3362 2502 3597 2571; x_wconf 90' lang='lat' dir='ltr'><strong>dejectus</strong></span> <span class='ocrx_word' id='word_1_484' title='bbox 3622 2504 3812 2563; x_wconf 83' lang='lat' dir='ltr'><strong>videtur,</strong></span> 
     </span>
    </p>
   </div>
   <div class='ocr_carea' id='block_1_70' title="bbox 2270 2591 3814 2662">
    <p class='ocr_par' dir='ltr' id='par_1_70' title="bbox 2270 2591 3814 2662">
     <span class='ocr_line' id='line_1_70' title="bbox 2270 2591 3814 2662; baseline -0.001 -14"><span class='ocrx_word' id='word_1_485' title='bbox 2270 2601 2324 2648; x_wconf 90' lang='lat' dir='ltr'><strong>et</strong></span> <span class='ocrx_word' id='word_1_486' title='bbox 2351 2591 2653 2662; x_wconf 78' lang='lat' dir='ltr'><strong>confugerit</strong></span> <span class='ocrx_word' id='word_1_487' title='bbox 2677 2593 2745 2648; x_wconf 90' lang='lat' dir='ltr'><strong>ad</strong></span> <span class='ocrx_word' id='word_1_488' title='bbox 2771 2594 3142 2648; x_wconf 88' lang='lat' dir='ltr'><strong>beatissimum</strong></span> <span class='ocrx_word' id='word_1_489' title='bbox 3172 2594 3431 2650; x_wconf 65' lang='lat' dir='ltr'><strong>Ecclesiae</strong></span> <span class='ocrx_word' id='word_1_490' title='bbox 3463 2594 3703 2649; x_wconf 72' lang='lat' dir='ltr'><strong>Romana:</strong></span> <span class='ocrx_word' id='word_1_491' title='bbox 3725 2593 3814 2661; x_wconf 82' lang='lat' dir='ltr'><strong>epi-</strong></span> 
     </span>
    </p>
   </div>
   <div class='ocr_carea' id='block_1_71' title="bbox 2270 2685 3813 2757">
    <p class='ocr_par' dir='ltr' id='par_1_71' title="bbox 2270 2685 3813 2757">
     <span class='ocr_line' id='line_1_71' title="bbox 2270 2685 3813 2757; baseline -0.001 -17"><span class='ocrx_word' id='word_1_492' title='bbox 2270 2699 2512 2754; x_wconf 83' lang='lat' dir='ltr'><strong>scopum.</strong></span> <span class='ocrx_word' id='word_1_493' title='bbox 2544 2695 2599 2740; x_wconf 90' lang='lat' dir='ltr'><strong>et</strong></span> <span class='ocrx_word' id='word_1_494' title='bbox 2626 2685 2857 2740; x_wconf 89' lang='lat' dir='ltr'><strong>voluerit</strong></span> <span class='ocrx_word' id='word_1_495' title='bbox 2887 2703 2946 2741; x_wconf 92' lang='lat' dir='ltr'><strong>se</strong></span> <span class='ocrx_word' id='word_1_496' title='bbox 2974 2688 3151 2741; x_wconf 90' lang='lat' dir='ltr'><strong>audiri</strong></span> <span class='ocrx_word' id='word_1_497' title='bbox 3185 2703 3198 2740; x_wconf 89' lang='lat'>:</span> <span class='ocrx_word' id='word_1_498' title='bbox 3248 2687 3295 2742; x_wconf 91' lang='lat' dir='ltr'><strong>si</strong></span> <span class='ocrx_word' id='word_1_499' title='bbox 3335 2687 3539 2756; x_wconf 91' lang='lat' dir='ltr'><strong>justum</strong></span> <span class='ocrx_word' id='word_1_500' title='bbox 3569 2685 3813 2757; x_wconf 82' lang='lat' dir='ltr'><strong>putaverit,</strong></span> 
     </span>
    </p>
   </div>
   <div class='ocr_carea' id='block_1_72' title="bbox 2271 2777 3814 2848">
    <p class='ocr_par' dir='ltr' id='par_1_72' title="bbox 2271 2777 3814 2848">
     <span class='ocr_line' id='line_1_72' title="bbox 2271 2777 3814 2848; baseline 0 -18"><span class='ocrx_word' id='word_1_501' title='bbox 2271 2785 2331 2830; x_wconf 88' lang='lat' dir='ltr'><strong>ut</strong></span> <span class='ocrx_word' id='word_1_502' title='bbox 2377 2786 2668 2831; x_wconf 85' lang='lat' dir='ltr'><strong>renovetur</strong></span> <span class='ocrx_word' id='word_1_503' title='bbox 2706 2791 2953 2842; x_wconf 86' lang='lat' dir='ltr'><strong>examen,</strong></span> <span class='ocrx_word' id='word_1_504' title='bbox 3005 2779 3246 2834; x_wconf 85' lang='lat' dir='ltr'><strong>scribere</strong></span> <span class='ocrx_word' id='word_1_505' title='bbox 3293 2779 3563 2848; x_wconf 80' lang='lat' dir='ltr'><strong>episcopis</strong></span> <span class='ocrx_word' id='word_1_506' title='bbox 3605 2777 3814 2848; x_wconf 80' lang='lat' dir='ltr'><strong>dignetur</strong></span> 
     </span>
    </p>
   </div>
   <div class='ocr_carea' id='block_1_73' title="bbox 2273 2870 3812 2942">
    <p class='ocr_par' dir='ltr' id='par_1_73' title="bbox 2273 2870 3812 2942">
     <span class='ocr_line' id='line_1_73' title="bbox 2273 2870 3812 2942; baseline -0.003 -17"><span class='ocrx_word' id='word_1_507' title='bbox 2273 2871 2548 2926; x_wconf 87' lang='lat' dir='ltr'><strong>Romanus</strong></span> <span class='ocrx_word' id='word_1_508' title='bbox 2570 2872 2858 2942; x_wconf 82' lang='lat' dir='ltr'><strong>episcOpus</strong></span> <span class='ocrx_word' id='word_1_509' title='bbox 2885 2871 2970 2926; x_wconf 90' lang='lat' dir='ltr'><strong>his</strong></span> <span class='ocrx_word' id='word_1_510' title='bbox 3001 2873 3091 2940; x_wconf 94' lang='lat' dir='ltr'><strong>qui</strong></span> <span class='ocrx_word' id='word_1_511' title='bbox 3122 2873 3175 2926; x_wconf 90' lang='lat' dir='ltr'><strong>in</strong></span> <span class='ocrx_word' id='word_1_512' title='bbox 3207 2871 3439 2927; x_wconf 84' lang='lat' dir='ltr'><strong>ﬁnitima</strong></span> <span class='ocrx_word' id='word_1_513' title='bbox 3481 2880 3534 2926; x_wconf 85' lang='lat' dir='ltr'><strong>et</strong></span> <span class='ocrx_word' id='word_1_514' title='bbox 3561 2870 3812 2941; x_wconf 81' lang='lat' dir='ltr'><strong>propinqua</strong></span> 
     </span>
    </p>
   </div>
   <div class='ocr_carea' id='block_1_74' title="bbox 2271 2961 3812 3034">
    <p class='ocr_par' dir='ltr' id='par_1_74' title="bbox 2271 2961 3812 3034">
     <span class='ocr_line' id='line_1_74' title="bbox 2271 2961 3812 3034; baseline 0 -18"><span class='ocrx_word' id='word_1_515' title='bbox 2271 2964 2442 3018; x_wconf 86' lang='lat' dir='ltr'><strong>altera</strong></span> <span class='ocrx_word' id='word_1_516' title='bbox 2470 2965 2747 3033; x_wconf 79' lang='lat' dir='ltr'><strong>provincia</strong></span> <span class='ocrx_word' id='word_1_517' title='bbox 2777 2973 2922 3026; x_wconf 88' lang='lat' dir='ltr'><strong>sunt.</strong></span> <span class='ocrx_word' id='word_1_518' title='bbox 2951 2974 3009 3017; x_wconf 92' lang='lat' dir='ltr'><strong>ut</strong></span> <span class='ocrx_word' id='word_1_519' title='bbox 3033 2965 3132 3034; x_wconf 92' lang='lat' dir='ltr'><strong>ipsi</strong></span> <span class='ocrx_word' id='word_1_520' title='bbox 3157 2963 3448 3034; x_wconf 86' lang='lat' dir='ltr'><strong>diligenter</strong></span> <span class='ocrx_word' id='word_1_521' title='bbox 3474 2964 3646 3019; x_wconf 90' lang='lat' dir='ltr'><strong>omnia</strong></span> <span class='ocrx_word' id='word_1_522' title='bbox 3670 2961 3812 3032; x_wconf 55' lang='lat' dir='ltr'><strong>requie</strong></span> 
     </span>
    </p>
   </div>
   <div class='ocr_carea' id='block_1_75' title="bbox 2272 3051 3812 3122">
    <p class='ocr_par' dir='ltr' id='par_1_75' title="bbox 2272 3051 3812 3122">
     <span class='ocr_line' id='line_1_75' title="bbox 2272 3051 3812 3122; baseline -0.001 -14"><span class='ocrx_word' id='word_1_523' title='bbox 2272 3064 2419 3119; x_wconf 86' lang='lat' dir='ltr'><strong>rant,</strong></span> <span class='ocrx_word' id='word_1_524' title='bbox 2443 3065 2500 3108; x_wconf 91' lang='lat' dir='ltr'><strong>ut</strong></span> <span class='ocrx_word' id='word_1_525' title='bbox 2523 3054 2678 3122; x_wconf 81' lang='lat' dir='ltr'><strong>juxta</strong></span> <span class='ocrx_word' id='word_1_526' title='bbox 2712 3056 2870 3110; x_wconf 76' lang='lat' dir='ltr'><strong>{idem</strong></span> <span class='ocrx_word' id='word_1_527' title='bbox 2905 3055 3146 3109; x_wconf 81' lang='lat' dir='ltr'><strong>veritatis</strong></span> <span class='ocrx_word' id='word_1_528' title='bbox 3175 3056 3361 3110; x_wconf 87' lang='lat' dir='ltr'><strong>omnia</strong></span> <span class='ocrx_word' id='word_1_529' title='bbox 3398 3055 3662 3110; x_wconf 82' lang='lat' dir='ltr'><strong>deﬁniant.</strong></span> <span class='ocrx_word' id='word_1_530' title='bbox 3693 3051 3812 3121; x_wconf 84' lang='lat' dir='ltr'><strong>Quod</strong></span> 
     </span>
    </p>
   </div>
   <div class='ocr_carea' id='block_1_76' title="bbox 2273 3146 3813 3216">
    <p class='ocr_par' dir='ltr' id='par_1_76' title="bbox 2273 3146 3813 3216">
     <span class='ocr_line' id='line_1_76' title="bbox 2273 3146 3813 3216; baseline -0.001 -17"><span class='ocrx_word' id='word_1_531' title='bbox 2273 3146 2316 3199; x_wconf 92' lang='lat' dir='ltr'><strong>si</strong></span> <span class='ocrx_word' id='word_1_532' title='bbox 2345 3146 2390 3200; x_wconf 92' lang='lat' dir='ltr'><strong>is</strong></span> <span class='ocrx_word' id='word_1_533' title='bbox 2417 3147 2504 3214; x_wconf 90' lang='lat' dir='ltr'><strong>qui</strong></span> <span class='ocrx_word' id='word_1_534' title='bbox 2541 3156 2692 3216; x_wconf 84' lang='lat' dir='ltr'><strong>rogat</strong></span> <span class='ocrx_word' id='word_1_535' title='bbox 2735 3157 2953 3201; x_wconf 85' lang='lat' dir='ltr'><strong>causam</strong></span> <span class='ocrx_word' id='word_1_536' title='bbox 2997 3162 3154 3202; x_wconf 87' lang='lat' dir='ltr'><strong>suam</strong></span> <span class='ocrx_word' id='word_1_537' title='bbox 3199 3147 3401 3202; x_wconf 89' lang='lat' dir='ltr'><strong>iterum</strong></span> <span class='ocrx_word' id='word_1_538' title='bbox 3437 3147 3632 3211; x_wconf 84' lang='lat' dir='ltr'><strong>audiri,</strong></span> <span class='ocrx_word' id='word_1_539' title='bbox 3661 3147 3813 3216; x_wconf 59' lang='lat' dir='ltr'><strong>depreo</strong></span> 
     </span>
    </p>
   </div>
   <div class='ocr_carea' id='block_1_77' title="bbox 2273 3237 3813 3308">
    <p class='ocr_par' dir='ltr' id='par_1_77' title="bbox 2273 3237 3813 3308">
     <span class='ocr_line' id='line_1_77' title="bbox 2273 3237 3813 3308; baseline -0.002 -18"><span class='ocrx_word' id='word_1_540' title='bbox 2273 3237 2487 3290; x_wconf 86' lang='lat' dir='ltr'><strong>catione</strong></span> <span class='ocrx_word' id='word_1_541' title='bbox 2539 3253 2633 3292; x_wconf 90' lang='lat' dir='ltr'><strong>sua</strong></span> <span class='ocrx_word' id='word_1_542' title='bbox 2686 3238 2916 3292; x_wconf 90' lang='lat' dir='ltr'><strong>moverit</strong></span> <span class='ocrx_word' id='word_1_543' title='bbox 2965 3237 3276 3308; x_wconf 90' lang='lat' dir='ltr'><strong>episcopum</strong></span> <span class='ocrx_word' id='word_1_544' title='bbox 3328 3240 3662 3302; x_wconf 83' lang='lat' dir='ltr'><strong>Romanum,</strong></span> <span class='ocrx_word' id='word_1_545' title='bbox 3702 3243 3750 3291; x_wconf 93' lang='lat' dir='ltr'><strong>ut</strong></span> <span class='ocrx_word' id='word_1_546' title='bbox 3790 3248 3813 3287; x_wconf 78' lang='grc' dir='ltr'><strong><em>ο</em></strong></span> 
     </span>
    </p>
   </div>
   <div class='ocr_carea' id='block_1_78' title="bbox 2274 3327 3812 3402">
    <p class='ocr_par' dir='ltr' id='par_1_78' title="bbox 2274 3327 3812 3402">
     <span class='ocr_line' id='line_1_78' title="bbox 2274 3327 3812 3402; baseline 0 -21"><span class='ocrx_word' id='word_1_547' title='bbox 2274 3327 2446 3382; x_wconf 88' lang='lat' dir='ltr'><strong>latere</strong></span> <span class='ocrx_word' id='word_1_548' title='bbox 2472 3343 2570 3382; x_wconf 91' lang='lat' dir='ltr'><strong>suo</strong></span> <span class='ocrx_word' id='word_1_549' title='bbox 2600 3329 2944 3400; x_wconf 77' lang='lat' dir='ltr'><strong>presbyteros</strong></span> <span class='ocrx_word' id='word_1_550' title='bbox 2975 3330 3170 3392; x_wconf 90' lang='lat' dir='ltr'><strong>mittat,</strong></span> <span class='ocrx_word' id='word_1_551' title='bbox 3195 3331 3302 3384; x_wconf 87' lang='lat' dir='ltr'><strong>erit</strong></span> <span class='ocrx_word' id='word_1_552' title='bbox 3332 3332 3383 3386; x_wconf 91' lang='lat' dir='ltr'><strong>in</strong></span> <span class='ocrx_word' id='word_1_553' title='bbox 3406 3338 3660 3402; x_wconf 86' lang='lat' dir='ltr'><strong>potestate</strong></span> <span class='ocrx_word' id='word_1_554' title='bbox 3679 3329 3812 3398; x_wconf 87' lang='lat' dir='ltr'><strong>ipsius</strong></span> 
     </span>
    </p>
   </div>
   <div class='ocr_carea' id='block_1_79' title="bbox 2272 3419 3814 3490">
    <p class='ocr_par' dir='ltr' id='par_1_79' title="bbox 2272 3419 3814 3490">
     <span class='ocr_line' id='line_1_79' title="bbox 2272 3419 3814 3490; baseline -0.002 -18"><span class='ocrx_word' id='word_1_555' title='bbox 2272 3419 2402 3490; x_wconf 89' lang='lat' dir='ltr'><strong>quid</strong></span> <span class='ocrx_word' id='word_1_556' title='bbox 2429 3419 2556 3474; x_wconf 90' lang='lat' dir='ltr'><strong>velit</strong></span> <span class='ocrx_word' id='word_1_557' title='bbox 2590 3429 2646 3474; x_wconf 91' lang='lat' dir='ltr'><strong>et</strong></span> <span class='ocrx_word' id='word_1_558' title='bbox 2675 3421 2803 3489; x_wconf 89' lang='lat' dir='ltr'><strong>quid</strong></span> <span class='ocrx_word' id='word_1_559' title='bbox 2835 3421 3085 3476; x_wconf 76' lang='lat' dir='ltr'><strong>aestimet.</strong></span> <span class='ocrx_word' id='word_1_560' title='bbox 3131 3422 3198 3476; x_wconf 88' lang='lat' dir='ltr'><strong>Et</strong></span> <span class='ocrx_word' id='word_1_561' title='bbox 3228 3422 3272 3476; x_wconf 92' lang='lat' dir='ltr'><strong>si</strong></span> <span class='ocrx_word' id='word_1_562' title='bbox 3306 3422 3602 3478; x_wconf 87' lang='lat' dir='ltr'><strong>decreverit</strong></span> <span class='ocrx_word' id='word_1_563' title='bbox 3637 3420 3814 3474; x_wconf 85' lang='lat' dir='ltr'><strong>mitten-</strong></span> 
     </span>
    </p>
   </div>
   <div class='ocr_carea' id='block_1_80' title="bbox 2273 3509 3812 3594">
    <p class='ocr_par' dir='ltr' id='par_1_80' title="bbox 2273 3509 3812 3594">
     <span class='ocr_line' id='line_1_80' title="bbox 2273 3509 3812 3594; baseline 0.001 -31"><span class='ocrx_word' id='word_1_564' title='bbox 2273 3509 2370 3564; x_wconf 91' lang='lat' dir='ltr'><strong>dos</strong></span> <span class='ocrx_word' id='word_1_565' title='bbox 2400 3525 2520 3564; x_wconf 86' lang='lat' dir='ltr'><strong>esse</strong></span> <span class='ocrx_word' id='word_1_566' title='bbox 2561 3511 2654 3594; x_wconf 77' lang='lat' dir='ltr'><strong>qui</strong></span> <span class='ocrx_word' id='word_1_567' title='bbox 2687 3521 2981 3581; x_wconf 71' lang='lat' dir='ltr'><strong>przesentcs</strong></span> <span class='ocrx_word' id='word_1_568' title='bbox 3028 3529 3148 3568; x_wconf 92' lang='lat' dir='ltr'><strong>cum</strong></span> <span class='ocrx_word' id='word_1_569' title='bbox 3178 3513 3451 3586; x_wconf 88' lang='lat' dir='ltr'><strong>episcopis</strong></span> <span class='ocrx_word' id='word_1_570' title='bbox 3493 3514 3730 3584; x_wconf 79' lang='lat' dir='ltr'><strong>judicent,</strong></span> <span class='ocrx_word' id='word_1_571' title='bbox 3769 3516 3812 3560; x_wconf 83' lang='lat' dir='ltr'><strong>ut</strong></span> 
     </span>
    </p>
   </div>
   <div class='ocr_carea' id='block_1_81' title="bbox 2272 3602 3810 3674">
    <p class='ocr_par' dir='ltr' id='par_1_81' title="bbox 2272 3602 3810 3674">
     <span class='ocr_line' id='line_1_81' title="bbox 2272 3602 3810 3674; baseline 0.001 -18"><span class='ocrx_word' id='word_1_572' title='bbox 2272 3602 2505 3657; x_wconf 83' lang='lat' dir='ltr'><strong>habeant</strong></span> <span class='ocrx_word' id='word_1_573' title='bbox 2548 3604 2712 3657; x_wconf 85' lang='lat' dir='ltr'><strong>etiam</strong></span> <span class='ocrx_word' id='word_1_574' title='bbox 2758 3606 3138 3659; x_wconf 88' lang='lat' dir='ltr'><strong>auctoritatem</strong></span> <span class='ocrx_word' id='word_1_575' title='bbox 3191 3618 3443 3674; x_wconf 71' lang='lat' dir='ltr'><strong>persona:</strong></span> <span class='ocrx_word' id='word_1_576' title='bbox 3490 3605 3624 3660; x_wconf 91' lang='lat' dir='ltr'><strong>illius</strong></span> <span class='ocrx_word' id='word_1_577' title='bbox 3665 3617 3689 3657; x_wconf 84' lang='lat' dir='ltr'><strong>a</strong></span> <span class='ocrx_word' id='word_1_578' title='bbox 3728 3613 3810 3670; x_wconf 81' lang='lat' dir='ltr'><strong>quo</strong></span> 
     </span>
    </p>
   </div>
   <div class='ocr_carea' id='block_1_82' title="bbox 2272 3695 3811 3766">
    <p class='ocr_par' dir='ltr' id='par_1_82' title="bbox 2272 3695 3811 3766">
     <span class='ocr_line' id='line_1_82' title="bbox 2272 3695 3811 3766; baseline 0 -19"><span class='ocrx_word' id='word_1_579' title='bbox 2272 3695 2528 3750; x_wconf 87' lang='lat' dir='ltr'><strong>destinati</strong></span> <span class='ocrx_word' id='word_1_580' title='bbox 2561 3707 2708 3764; x_wconf 90' lang='lat' dir='ltr'><strong>sunt,</strong></span> <span class='ocrx_word' id='word_1_581' title='bbox 2739 3700 2846 3753; x_wconf 89' lang='lat' dir='ltr'><strong>erit</strong></span> <span class='ocrx_word' id='word_1_582' title='bbox 2873 3698 2924 3753; x_wconf 92' lang='lat' dir='ltr'><strong>in</strong></span> <span class='ocrx_word' id='word_1_583' title='bbox 2950 3697 3066 3766; x_wconf 91' lang='lat' dir='ltr'><strong>ejus</strong></span> <span class='ocrx_word' id='word_1_584' title='bbox 3093 3698 3344 3754; x_wconf 84' lang='lat' dir='ltr'><strong>arbitrio.</strong></span> <span class='ocrx_word' id='word_1_585' title='bbox 3379 3699 3434 3756; x_wconf 87' lang='lat' dir='ltr'><strong>Si</strong></span> <span class='ocrx_word' id='word_1_586' title='bbox 3463 3715 3586 3756; x_wconf 87' lang='lat' dir='ltr'><strong>vero</strong></span> <span class='ocrx_word' id='word_1_587' title='bbox 3613 3696 3811 3754; x_wconf 82' lang='lat' dir='ltr'><strong>credide-</strong></span> 
     </span>
    </p>
   </div>
   <div class='ocr_carea' id='block_1_83' title="bbox 2272 3785 3812 3866">
    <p class='ocr_par' dir='ltr' id='par_1_83' title="bbox 2272 3785 3812 3866">
     <span class='ocr_line' id='line_1_83' title="bbox 2272 3785 3812 3866; baseline -0.002 -28"><span class='ocrx_word' id='word_1_588' title='bbox 2272 3785 2340 3840; x_wconf 88' lang='lat' dir='ltr'><strong>rit</strong></span> <span class='ocrx_word' id='word_1_589' title='bbox 2389 3785 2636 3866; x_wconf 66' lang='lat' dir='ltr'><strong>sutliccre</strong></span> <span class='ocrx_word' id='word_1_590' title='bbox 2681 3788 2961 3858; x_wconf 81' lang='lat' dir='ltr'><strong>episcOpos</strong></span> <span class='ocrx_word' id='word_1_591' title='bbox 2988 3788 3367 3858; x_wconf 86' lang='lat' dir='ltr'><strong>provinciales,</strong></span> <span class='ocrx_word' id='word_1_592' title='bbox 3411 3798 3472 3844; x_wconf 88' lang='lat' dir='ltr'><strong>ut</strong></span> <span class='ocrx_word' id='word_1_593' title='bbox 3512 3787 3706 3860; x_wconf 85' lang='lat' dir='ltr'><strong>negotio</strong></span> <span class='ocrx_word' id='word_1_594' title='bbox 3731 3792 3812 3837; x_wconf 86' lang='lat' dir='ltr'><strong>ter-</strong></span> 
     </span>
    </p>
   </div>
   <div class='ocr_carea' id='block_1_84' title="bbox 2274 3873 3810 3950">
    <p class='ocr_par' dir='ltr' id='par_1_84' title="bbox 2274 3873 3810 3950">
     <span class='ocr_line' id='line_1_84' title="bbox 2274 3873 3810 3950; baseline -0.003 -20"><span class='ocrx_word' id='word_1_595' title='bbox 2274 3878 2479 3931; x_wconf 91' lang='lat' dir='ltr'><strong>minum</strong></span> <span class='ocrx_word' id='word_1_596' title='bbox 2512 3877 2816 3948; x_wconf 90' lang='lat' dir='ltr'><strong>imponant,</strong></span> <span class='ocrx_word' id='word_1_597' title='bbox 2844 3878 3010 3933; x_wconf 84' lang='lat' dir='ltr'><strong>faciat</strong></span> <span class='ocrx_word' id='word_1_598' title='bbox 3031 3880 3173 3949; x_wconf 89' lang='lat' dir='ltr'><strong>quod</strong></span> <span class='ocrx_word' id='word_1_599' title='bbox 3203 3879 3602 3950; x_wconf 89' lang='lat' dir='ltr'><strong>sapientissimo</strong></span> <span class='ocrx_word' id='word_1_600' title='bbox 3625 3873 3810 3933; x_wconf 83' lang='lat' dir='ltr'><strong>consilio</strong></span> 
     </span>
    </p>
   </div>
   <div class='ocr_carea' id='block_1_85' title="bbox 2272 3966 3810 4035">
    <p class='ocr_par' dir='ltr' id='par_1_85' title="bbox 2272 3966 3810 4035">
     <span class='ocr_line' id='line_1_85' title="bbox 2272 3966 3810 4035; baseline -0.005 -13"><span class='ocrx_word' id='word_1_601' title='bbox 2272 3983 2370 4023; x_wconf 91' lang='lat' dir='ltr'><strong>suo</strong></span> <span class='ocrx_word' id='word_1_602' title='bbox 2413 3967 2756 4035; x_wconf 77' lang='lat' dir='ltr'><strong>iudicaverit.</strong></span> <span class='ocrx_word' id='word_1_603' title='bbox 2797 3990 2815 4021; x_wconf 69' lang='grc' dir='ltr'><strong>ι</strong></span> <span class='ocrx_word' id='word_1_604' title='bbox 2869 3969 2984 4024; x_wconf 89' lang='lat' dir='ltr'><strong>Hoc</strong></span> <span class='ocrx_word' id='word_1_605' title='bbox 3029 3970 3320 4025; x_wconf 91' lang='lat' dir='ltr'><strong>concilium</strong></span> <span class='ocrx_word' id='word_1_606' title='bbox 3374 3972 3442 4027; x_wconf 87' lang='lat' dir='ltr'><strong>ab</strong></span> <span class='ocrx_word' id='word_1_607' title='bbox 3495 3966 3810 4026; x_wconf 84' lang='lat' dir='ltr'><strong>Orientalibus</strong></span> 
     </span>
    </p>
   </div>
   <div class='ocr_carea' id='block_1_86' title="bbox 2271 4057 3812 4132">
    <p class='ocr_par' dir='ltr' id='par_1_86' title="bbox 2271 4057 3812 4132">
     <span class='ocr_line' id='line_1_86' title="bbox 2271 4057 3812 4132; baseline -0.005 -17"><span class='ocrx_word' id='word_1_608' title='bbox 2271 4059 2536 4132; x_wconf 90' lang='lat' dir='ltr'><strong>episcopis</strong></span> <span class='ocrx_word' id='word_1_609' title='bbox 2567 4060 2618 4113; x_wconf 92' lang='lat' dir='ltr'><strong>in</strong></span> <span class='ocrx_word' id='word_1_610' title='bbox 2644 4059 2786 4115; x_wconf 63' lang='lat' dir='ltr'><strong>Asiae</strong></span> <span class='ocrx_word' id='word_1_611' title='bbox 2812 4061 3089 4129; x_wconf 85' lang='lat' dir='ltr'><strong>provincia</strong></span> <span class='ocrx_word' id='word_1_612' title='bbox 3119 4061 3146 4100; x_wconf 73' lang='grc' dir='ltr'>ι’</span> <span class='ocrx_word' id='word_1_613' title='bbox 3177 4070 3416 4132; x_wconf 81' lang='lat' dir='ltr'><strong>gestum,</strong></span> <span class='ocrx_word' id='word_1_614' title='bbox 3449 4062 3623 4116; x_wconf 86' lang='lat' dir='ltr'><strong>taliter</strong></span> <span class='ocrx_word' id='word_1_615' title='bbox 3655 4061 3711 4114; x_wconf 88' lang='lat' dir='ltr'><strong>de</strong></span> <span class='ocrx_word' id='word_1_616' title='bbox 3734 4057 3812 4110; x_wconf 75' lang='lat' dir='ltr'><strong>lto-</strong></span> 
     </span>
    </p>
   </div>
   <div class='ocr_carea' id='block_1_87' title="bbox 2274 4145 3810 4220">
    <p class='ocr_par' dir='ltr' id='par_1_87' title="bbox 2274 4145 3810 4220">
     <span class='ocr_line' id='line_1_87' title="bbox 2274 4145 3810 4220; baseline -0.005 -14"><span class='ocrx_word' id='word_1_617' title='bbox 2274 4151 2416 4206; x_wconf 90' lang='lat' dir='ltr'><strong>mani</strong></span> <span class='ocrx_word' id='word_1_618' title='bbox 2449 4149 2721 4220; x_wconf 81' lang='lat' dir='ltr'><strong>pontiﬁcis</strong></span> <span class='ocrx_word' id='word_1_619' title='bbox 2751 4151 3015 4220; x_wconf 89' lang='lat' dir='ltr'><strong>dignitate</strong></span> <span class='ocrx_word' id='word_1_620' title='bbox 3059 4151 3304 4207; x_wconf 83' lang='lat' dir='ltr'><strong>decrevit</strong></span> <span class='ocrx_word' id='word_1_621' title='bbox 3343 4154 3443 4208; x_wconf 90' lang='lat' dir='ltr'><strong>sub</strong></span> <span class='ocrx_word' id='word_1_622' title='bbox 3477 4152 3699 4206; x_wconf 83' lang='lat' dir='ltr'><strong>Romano</strong></span> <span class='ocrx_word' id='word_1_623' title='bbox 3731 4145 3810 4200; x_wconf 65' lang='lat' dir='ltr'><strong>imo</strong></span> 
     </span>
    </p>
   </div>
   <div class='ocr_carea' id='block_1_88' title="bbox 2271 4239 3811 4317">
    <p class='ocr_par' dir='ltr' id='par_1_88' title="bbox 2271 4239 3811 4317">
     <span class='ocr_line' id='line_1_88' title="bbox 2271 4239 3811 4317; baseline -0.006 -17"><span class='ocrx_word' id='word_1_624' title='bbox 2271 4253 2521 4317; x_wconf 86' lang='lat' dir='ltr'><strong>peratore</strong></span> <span class='ocrx_word' id='word_1_625' title='bbox 2575 4240 2932 4298; x_wconf 84' lang='lat' dir='ltr'><strong>Constantino</strong></span> <span class='ocrx_word' id='word_1_626' title='bbox 2989 4242 3210 4314; x_wconf 86' lang='lat' dir='ltr'><strong>Magno,</strong></span> <span class='ocrx_word' id='word_1_627' title='bbox 3264 4246 3358 4315; x_wconf 89' lang='lat' dir='ltr'><strong>qui</strong></span> <span class='ocrx_word' id='word_1_628' title='bbox 3409 4246 3664 4301; x_wconf 87' lang='lat' dir='ltr'><strong>civitatem</strong></span> <span class='ocrx_word' id='word_1_629' title='bbox 3703 4239 3811 4295; x_wconf 81' lang='lat' dir='ltr'><strong>Con-</strong></span> 
     </span>
    </p>
   </div>
   <div class='ocr_carea' id='block_1_89' title="bbox 2270 4328 3811 4408">
    <p class='ocr_par' dir='ltr' id='par_1_89' title="bbox 2270 4328 3811 4408">
     <span class='ocr_line' id='line_1_89' title="bbox 2270 4328 3811 4408; baseline -0.007 -15"><span class='ocrx_word' id='word_1_630' title='bbox 2270 4336 2682 4408; x_wconf 88' lang='lat' dir='ltr'><strong>stantinopolim</strong></span> <span class='ocrx_word' id='word_1_631' title='bbox 2731 4335 3040 4400; x_wconf 63' lang='lat' dir='ltr'><strong>asditicavit,</strong></span> <span class='ocrx_word' id='word_1_632' title='bbox 3086 4337 3366 4406; x_wconf 89' lang='lat' dir='ltr'><strong>voluitque</strong></span> <span class='ocrx_word' id='word_1_633' title='bbox 3420 4337 3682 4392; x_wconf 84' lang='lat' dir='ltr'><strong>Juniorem</strong></span> <span class='ocrx_word' id='word_1_634' title='bbox 3729 4328 3811 4383; x_wconf 83' lang='lat' dir='ltr'><strong>Ro-</strong></span> 
     </span>
    </p>
   </div>
   <div class='ocr_carea' id='block_1_90' title="bbox 2271 4419 3809 4500">
    <p class='ocr_par' dir='ltr' id='par_1_90' title="bbox 2271 4419 3809 4500">
     <span class='ocr_line' id='line_1_90' title="bbox 2271 4419 3809 4500; baseline -0.007 -14"><span class='ocrx_word' id='word_1_635' title='bbox 2271 4446 2416 4486; x_wconf 89' lang='lat' dir='ltr'><strong>mam</strong></span> <span class='ocrx_word' id='word_1_636' title='bbox 2469 4431 2722 4486; x_wconf 87' lang='lat' dir='ltr'><strong>vocitari.</strong></span> <span class='ocrx_word' id='word_1_637' title='bbox 2773 4429 2912 4485; x_wconf 86' lang='lat' dir='ltr'><strong>Num</strong></span> <span class='ocrx_word' id='word_1_638' title='bbox 2967 4430 3035 4484; x_wconf 90' lang='lat' dir='ltr'><strong>de</strong></span> <span class='ocrx_word' id='word_1_639' title='bbox 3097 4427 3683 4500; x_wconf 79' lang='lat' dir='ltr'><strong>ConstantinOpolitano</strong></span> <span class='ocrx_word' id='word_1_640' title='bbox 3730 4419 3809 4475; x_wconf 78' lang='lat' dir='ltr'><strong>Pa-</strong></span> 
     </span>
    </p>
   </div>
   <div class='ocr_carea' id='block_1_91' title="bbox 2274 4511 3810 4594">
    <p class='ocr_par' dir='ltr' id='par_1_91' title="bbox 2274 4511 3810 4594">
     <span class='ocr_line' id='line_1_91' title="bbox 2274 4511 3810 4594; baseline -0.009 -16"><span class='ocrx_word' id='word_1_641' title='bbox 2274 4523 2512 4578; x_wconf 87' lang='lat' dir='ltr'><strong>triarcha</strong></span> <span class='ocrx_word' id='word_1_642' title='bbox 2545 4523 2651 4579; x_wconf 86' lang='lat' dir='ltr'><strong>tale</strong></span> <span class='ocrx_word' id='word_1_643' title='bbox 2681 4524 2808 4594; x_wconf 90' lang='lat' dir='ltr'><strong>quid</strong></span> <span class='ocrx_word' id='word_1_644' title='bbox 2840 4524 2908 4579; x_wconf 87' lang='lat' dir='ltr'><strong>ab</strong></span> <span class='ocrx_word' id='word_1_645' title='bbox 2936 4521 3207 4593; x_wconf 90' lang='lat' dir='ltr'><strong>episcopis</strong></span> <span class='ocrx_word' id='word_1_646' title='bbox 3246 4522 3444 4592; x_wconf 87' lang='lat' dir='ltr'><strong>legitur</strong></span> <span class='ocrx_word' id='word_1_647' title='bbox 3471 4511 3810 4576; x_wconf 81' lang='lat' dir='ltr'><strong>constitutum?</strong></span> 
     </span>
    </p>
   </div>
   <div class='ocr_carea' id='block_1_92' title="bbox 575 4586 3808 4685">
    <p class='ocr_par' dir='ltr' id='par_1_92' title="bbox 575 4586 3808 4685">
     <span class='ocr_line' id='line_1_92' title="bbox 575 4586 3808 4685; baseline -0.004 -15"><span class='ocrx_word' id='word_1_648' title='bbox 575 4613 884 4685; x_wconf 80' lang='lat' dir='ltr'><strong>subjecerat</strong></span> <span class='ocrx_word' id='word_1_649' title='bbox 920 4612 1128 4676; x_wconf 87' lang='lat' dir='ltr'><strong>orbem,</strong></span> <span class='ocrx_word' id='word_1_650' title='bbox 1160 4611 1241 4666; x_wconf 88' lang='lat' dir='ltr'><strong>sic</strong></span> <span class='ocrx_word' id='word_1_651' title='bbox 1272 4609 1546 4680; x_wconf 87' lang='lat' dir='ltr'><strong>religionis</strong></span> <span class='ocrx_word' id='word_1_652' title='bbox 1575 4609 1829 4676; x_wconf 85' lang='lat' dir='ltr'><strong>culmine,</strong></span> <span class='ocrx_word' id='word_1_653' title='bbox 1861 4619 1913 4665; x_wconf 91' lang='lat' dir='ltr'><strong>et</strong></span> <span class='ocrx_word' id='word_1_654' title='bbox 1942 4619 2162 4681; x_wconf 86' lang='lat' dir='ltr'><strong>aposto-</strong></span> <span class='ocrx_word' id='word_1_655' title='bbox 2196 4586 2248 4646; x_wconf 83' lang='grc' dir='ltr'><strong>Ῑ)</strong></span> <span class='ocrx_word' id='word_1_656' title='bbox 2273 4612 2560 4669; x_wconf 89' lang='lat' dir='ltr'><strong>Cernimus</strong></span> <span class='ocrx_word' id='word_1_657' title='bbox 2616 4615 2839 4670; x_wconf 92' lang='lat' dir='ltr'><strong>omnino</strong></span> <span class='ocrx_word' id='word_1_658' title='bbox 2889 4586 3139 4669; x_wconf 44' lang='lat' dir='ltr'><strong>Romani-</strong></span> <span class='ocrx_word' id='word_1_659' title='bbox 3161 4586 3434 4684; x_wconf 68' lang='lat' dir='ltr'><strong>pontificis</strong></span> <span class='ocrx_word' id='word_1_660' title='bbox 3485 4607 3808 4666; x_wconf 65' lang='lat' dir='ltr'><strong>auctoritatem</strong></span> 
     </span>
    </p>
   </div>
   <div class='ocr_carea' id='block_1_93' title="bbox 576 4699 2167 4774">
    <p class='ocr_par' dir='ltr' id='par_1_93' title="bbox 576 4699 2167 4774">
     <span class='ocr_line' id='line_1_93' title="bbox 576 4699 2167 4774; baseline -0.001 -17"><span class='ocrx_word' id='word_1_661' title='bbox 576 4705 720 4759; x_wconf 85' lang='lat' dir='ltr'><strong>latus</strong></span> <span class='ocrx_word' id='word_1_662' title='bbox 747 4702 1032 4774; x_wconf 89' lang='lat' dir='ltr'><strong>dignitate,</strong></span> <span class='ocrx_word' id='word_1_663' title='bbox 1083 4702 1248 4756; x_wconf 87' lang='lat' dir='ltr'><strong>totius</strong></span> <span class='ocrx_word' id='word_1_664' title='bbox 1278 4699 1462 4754; x_wconf 89' lang='lat' dir='ltr'><strong>mundi</strong></span> <span class='ocrx_word' id='word_1_665' title='bbox 1495 4700 1677 4770; x_wconf 88' lang='lat' dir='ltr'><strong>regnis</strong></span> <span class='ocrx_word' id='word_1_666' title='bbox 1712 4700 2046 4770; x_wconf 62' lang='lat' dir='ltr'><strong>praesideret.</strong></span> <span class='ocrx_word' id='word_1_667' title='bbox 2099 4700 2167 4756; x_wconf 81' lang='lat' dir='ltr'><strong>Et</strong></span> 
     </span>
    </p>
   </div>
   <div class='ocr_carea' id='block_1_94' title="bbox 573 4789 2160 4862">
    <p class='ocr_par' dir='ltr' id='par_1_94' title="bbox 573 4789 2160 4862">
     <span class='ocr_line' id='line_1_94' title="bbox 573 4789 2160 4862; baseline -0.006 -10"><span class='ocrx_word' id='word_1_668' title='bbox 573 4798 718 4852; x_wconf 84' lang='lat' dir='ltr'><strong>sicut</strong></span> <span class='ocrx_word' id='word_1_669' title='bbox 741 4794 918 4850; x_wconf 82' lang='lat' dir='ltr'><strong>voluit</strong></span> <span class='ocrx_word' id='word_1_670' title='bbox 964 4792 1215 4848; x_wconf 89' lang='lat' dir='ltr'><strong>Salvator</strong></span> <span class='ocrx_word' id='word_1_671' title='bbox 1254 4789 1688 4862; x_wconf 77' lang='lat' dir='ltr'><strong>Hierosolymam</strong></span> <span class='ocrx_word' id='word_1_672' title='bbox 1721 4791 2005 4847; x_wconf 88' lang='lat' dir='ltr'><strong>nativitate</strong></span> <span class='ocrx_word' id='word_1_673' title='bbox 2039 4807 2160 4856; x_wconf 89' lang='lat' dir='ltr'><strong>sua,</strong></span> 
     </span>
    </p>
   </div>
   <div class='ocr_carea' id='block_1_95' title="bbox 575 4883 2164 4953">
    <p class='ocr_par' dir='ltr' id='par_1_95' title="bbox 575 4883 2164 4953">
     <span class='ocr_line' id='line_1_95' title="bbox 575 4883 2164 4953; baseline -0.004 -11"><span class='ocrx_word' id='word_1_674' title='bbox 575 4889 844 4949; x_wconf 86' lang='lat' dir='ltr'><strong>doctrina,</strong></span> <span class='ocrx_word' id='word_1_675' title='bbox 892 4885 1190 4950; x_wconf 79' lang='lat' dir='ltr'><strong>miraculis,</strong></span> <span class='ocrx_word' id='word_1_676' title='bbox 1236 4893 1432 4948; x_wconf 91' lang='lat' dir='ltr'><strong>morte,</strong></span> <span class='ocrx_word' id='word_1_677' title='bbox 1464 4883 1764 4953; x_wconf 90' lang='lat' dir='ltr'><strong>sepultura,</strong></span> <span class='ocrx_word' id='word_1_678' title='bbox 1809 4883 2164 4939; x_wconf 82' lang='lat' dir='ltr'><strong>resurrectio-</strong></span> 
     </span>
    </p>
   </div>
   <div class='ocr_carea' id='block_1_96' title="bbox 575 4975 2162 5050">
    <p class='ocr_par' dir='ltr' id='par_1_96' title="bbox 575 4975 2162 5050">
     <span class='ocr_line' id='line_1_96' title="bbox 575 4975 2162 5050; baseline -0.002 -18"><span class='ocrx_word' id='word_1_679' title='bbox 575 4991 753 5050; x_wconf 85' lang='lat' dir='ltr'><strong>neque</strong></span> <span class='ocrx_word' id='word_1_680' title='bbox 780 4977 1004 5031; x_wconf 83' lang='lat' dir='ltr'><strong>reddere</strong></span> <span class='ocrx_word' id='word_1_681' title='bbox 1029 4976 1338 5040; x_wconf 85' lang='lat' dir='ltr'><strong>sublimem,</strong></span> <span class='ocrx_word' id='word_1_682' title='bbox 1358 4975 1615 5030; x_wconf 88' lang='lat' dir='ltr'><strong>sic&#39;etiam</strong></span> <span class='ocrx_word' id='word_1_683' title='bbox 1639 4975 1838 5046; x_wconf 86' lang='lat' dir='ltr'><strong>delegit</strong></span> <span class='ocrx_word' id='word_1_684' title='bbox 1861 4975 2162 5030; x_wconf 85' lang='lat' dir='ltr'><strong>Romanam</strong></span> 
     </span>
    </p>
   </div>
   <div class='ocr_carea' id='block_1_97' title="bbox 575 5071 2165 5142">
    <p class='ocr_par' dir='ltr' id='par_1_97' title="bbox 575 5071 2165 5142">
     <span class='ocr_line' id='line_1_97' title="bbox 575 5071 2165 5142; baseline 0 -17"><span class='ocrx_word' id='word_1_685' title='bbox 575 5072 767 5126; x_wconf 83' lang='lat' dir='ltr'><strong>urbem</strong></span> <span class='ocrx_word' id='word_1_686' title='bbox 795 5071 1161 5142; x_wconf 85' lang='lat' dir='ltr'><strong>apostolorum</strong></span> <span class='ocrx_word' id='word_1_687' title='bbox 1209 5073 1512 5142; x_wconf 84' lang='lat' dir='ltr'><strong>principum</strong></span> <span class='ocrx_word' id='word_1_688' title='bbox 1563 5071 1845 5140; x_wconf 87' lang='lat' dir='ltr'><strong>sanguine,</strong></span> <span class='ocrx_word' id='word_1_689' title='bbox 1891 5071 2165 5142; x_wconf 84' lang='lat' dir='ltr'><strong>sepulcro,</strong></span> 
     </span>
    </p>
   </div>
   <div class='ocr_carea' id='block_1_98' title="bbox 577 5160 2164 5230">
    <p class='ocr_par' dir='ltr' id='par_1_98' title="bbox 577 5160 2164 5230">
     <span class='ocr_line' id='line_1_98' title="bbox 577 5160 2164 5230; baseline -0.001 -14"><span class='ocrx_word' id='word_1_690' title='bbox 577 5161 864 5224; x_wconf 86' lang='lat' dir='ltr'><strong>memoria,</strong></span> <span class='ocrx_word' id='word_1_691' title='bbox 889 5161 1154 5224; x_wconf 91' lang='lat' dir='ltr'><strong>doctrina,</strong></span> <span class='ocrx_word' id='word_1_692' title='bbox 1187 5162 1412 5215; x_wconf 87' lang='lat' dir='ltr'><strong>reddere</strong></span> <span class='ocrx_word' id='word_1_693' title='bbox 1441 5161 1730 5230; x_wconf 86' lang='lat' dir='ltr'><strong>gloriosam</strong></span> <span class='ocrx_word' id='word_1_694' title='bbox 1765 5177 1776 5212; x_wconf 93' lang='lat'><strong>:</strong></span> <span class='ocrx_word' id='word_1_695' title='bbox 1817 5169 1876 5212; x_wconf 92' lang='lat' dir='ltr'><strong>ut</strong></span> <span class='ocrx_word' id='word_1_696' title='bbox 1906 5160 2164 5229; x_wconf 90' lang='lat' dir='ltr'><strong>quoniam</strong></span> 
     </span>
    </p>
   </div>
   <div class='ocr_carea' id='block_1_99' title="bbox 576 5248 2168 5306">
    <p class='ocr_par' dir='ltr' id='par_1_99' title="bbox 576 5248 2168 5306">
     <span class='ocr_line' id='line_1_99' title="bbox 576 5248 2168 5306; baseline -0.003 0"><span class='ocrx_word' id='word_1_697' title='bbox 576 5250 831 5306; x_wconf 88' lang='lat' dir='ltr'><strong>Christus</strong></span> <span class='ocrx_word' id='word_1_698' title='bbox 858 5249 1157 5306; x_wconf 83' lang='lat' dir='ltr'><strong>Jerusalem</strong></span> <span class='ocrx_word' id='word_1_699' title='bbox 1186 5250 1423 5305; x_wconf 76' lang='lat' dir='ltr'><strong>ccelestis</strong></span> <span class='ocrx_word' id='word_1_700' title='bbox 1462 5251 1512 5304; x_wconf 89' lang='lat' dir='ltr'><strong>iu</strong></span> <span class='ocrx_word' id='word_1_701' title='bbox 1552 5250 1740 5304; x_wconf 79' lang='lat' dir='ltr'><strong>dextra</strong></span> <span class='ocrx_word' id='word_1_702' title='bbox 1784 5248 1962 5304; x_wconf 88' lang='lat' dir='ltr'><strong>Patris</strong></span> <span class='ocrx_word' id='word_1_703' title='bbox 1991 5251 2168 5304; x_wconf 77' lang='lat' dir='ltr'><strong>consi-</strong></span> 
     </span>
    </p>
   </div>
   <div class='ocr_carea' id='block_1_100' title="bbox 578 5334 2167 5412">
    <p class='ocr_par' dir='ltr' id='par_1_100' title="bbox 578 5334 2167 5412">
     <span class='ocr_line' id='line_1_100' title="bbox 578 5334 2167 5412; baseline 0 -15"><span class='ocrx_word' id='word_1_704' title='bbox 578 5344 732 5407; x_wconf 73' lang='lat' dir='ltr'><strong>tlens,</strong></span> <span class='ocrx_word' id='word_1_705' title='bbox 766 5341 881 5396; x_wconf 75' lang='lat' dir='ltr'><strong>Rex</strong></span> <span class='ocrx_word' id='word_1_706' title='bbox 911 5334 965 5396; x_wconf 83' lang='lat' dir='ltr'><strong>et</strong></span> <span class='ocrx_word' id='word_1_707' title='bbox 986 5341 1247 5397; x_wconf 87' lang='lat' dir='ltr'><strong>Dominus</strong></span> <span class='ocrx_word' id='word_1_708' title='bbox 1279 5343 1576 5397; x_wconf 86' lang='lat' dir='ltr'><strong>honoratur</strong></span> <span class='ocrx_word' id='word_1_709' title='bbox 1609 5342 1925 5412; x_wconf 86' lang='lat' dir='ltr'><strong>angelorum</strong></span> <span class='ocrx_word' id='word_1_710' title='bbox 1955 5352 2009 5397; x_wconf 91' lang='lat' dir='ltr'><strong>et</strong></span> <span class='ocrx_word' id='word_1_711' title='bbox 2044 5357 2167 5397; x_wconf 89' lang='lat' dir='ltr'><strong>san-</strong></span> 
     </span>
    </p>
   </div>
   <div class='ocr_carea' id='block_1_101' title="bbox 576 5433 2166 5500">
    <p class='ocr_par' dir='ltr' id='par_1_101' title="bbox 576 5433 2166 5500">
     <span class='ocr_line' id='line_1_101' title="bbox 576 5433 2166 5500; baseline 0.001 -12"><span class='ocrx_word' id='word_1_712' title='bbox 576 5444 790 5488; x_wconf 77' lang='lat' dir='ltr'><strong>ctorum</strong></span> <span class='ocrx_word' id='word_1_713' title='bbox 835 5435 1076 5488; x_wconf 88' lang='lat' dir='ltr'><strong>omnium</strong></span> <span class='ocrx_word' id='word_1_714' title='bbox 1125 5433 1431 5500; x_wconf 89' lang='lat' dir='ltr'><strong>famulatu;</strong></span> <span class='ocrx_word' id='word_1_715' title='bbox 1493 5436 1571 5489; x_wconf 89' lang='lat' dir='ltr'><strong>sic</strong></span> <span class='ocrx_word' id='word_1_716' title='bbox 1621 5435 1815 5490; x_wconf 88' lang='lat' dir='ltr'><strong>Petrus</strong></span> <span class='ocrx_word' id='word_1_717' title='bbox 1867 5444 1924 5490; x_wconf 88' lang='lat' dir='ltr'><strong>et</strong></span> <span class='ocrx_word' id='word_1_718' title='bbox 1971 5435 2166 5489; x_wconf 88' lang='lat' dir='ltr'><strong>Paulus</strong></span> 
     </span>
    </p>
   </div>
   <div class='ocr_carea' id='block_1_102' title="bbox 554 5519 2164 5601">
    <p class='ocr_par' dir='ltr' id='par_1_102' title="bbox 554 5519 2164 5601">
     <span class='ocr_line' id='line_1_102' title="bbox 554 5519 2164 5601; baseline 0 -18"><span class='ocrx_word' id='word_1_719' title='bbox 554 5519 878 5584; x_wconf 56' lang='lat' dir='ltr'><strong>Jerusalem</strong></span> <span class='ocrx_word' id='word_1_720' title='bbox 908 5529 1308 5601; x_wconf 89' lang='lat' dir='ltr'><strong>peregrinantis</strong></span> <span class='ocrx_word' id='word_1_721' title='bbox 1336 5530 1582 5584; x_wconf 86' lang='lat' dir='ltr'><strong>obtineat</strong></span> <span class='ocrx_word' id='word_1_722' title='bbox 1607 5530 1968 5599; x_wconf 87' lang='lat' dir='ltr'><strong>principatum</strong></span> <span class='ocrx_word' id='word_1_723' title='bbox 1988 5570 2003 5595; x_wconf 96' lang='lat'><strong>,</strong></span> <span class='ocrx_word' id='word_1_724' title='bbox 2035 5531 2164 5584; x_wconf 87' lang='lat' dir='ltr'><strong>sub-</strong></span> 
     </span>
    </p>
   </div>
   <div class='ocr_carea' id='block_1_103' title="bbox 573 5664 2168 5748">
    <p class='ocr_par' dir='ltr' id='par_1_103' title="bbox 573 5664 2168 5748">
     <span class='ocr_line' id='line_1_103' title="bbox 573 5664 2168 5748; baseline -0.001 -28"><span class='ocrx_word' id='word_1_725' title='bbox 573 5707 576 5710; x_wconf 72' lang='lat'><strong>.</strong></span> <span class='ocrx_word' id='word_1_726' title='bbox 649 5677 675 5707; x_wconf 75' lang='grc' dir='ltr'><strong>ι</strong></span> <span class='ocrx_word' id='word_1_727' title='bbox 718 5664 991 5748; x_wconf 77' lang='lat' dir='ltr'><strong>Socrates,</strong></span> <span class='ocrx_word' id='word_1_728' title='bbox 1022 5666 1116 5748; x_wconf 77' lang='lat' dir='ltr'><strong>lib.</strong></span> <span class='ocrx_word' id='word_1_729' title='bbox 1153 5684 1213 5729; x_wconf 88' lang='grc' dir='ltr'>ιι,</span> <span class='ocrx_word' id='word_1_730' title='bbox 1243 5682 1361 5737; x_wconf 85' lang='lat' dir='ltr'><strong>cap.</strong></span> <span class='ocrx_word' id='word_1_731' title='bbox 1401 5666 1485 5727; x_wconf 74' lang='lat' dir='ltr'><strong>l5,</strong></span> <span class='ocrx_word' id='word_1_732' title='bbox 1513 5665 1680 5730; x_wconf 58' lang='lat' dir='ltr'><strong>mem;</strong></span> <span class='ocrx_word' id='word_1_733' title='bbox 1715 5666 1807 5719; x_wconf 88' lang='lat' dir='ltr'><strong>sed</strong></span> <span class='ocrx_word' id='word_1_734' title='bbox 1839 5664 1959 5718; x_wconf 90' lang='lat' dir='ltr'><strong>aliis</strong></span> <span class='ocrx_word' id='word_1_735' title='bbox 1987 5664 2168 5718; x_wconf 87' lang='lat' dir='ltr'><strong>verbis</strong></span> 
     </span>
    </p>
   </div>
   <div class='ocr_carea' id='block_1_104' title="bbox 575 5739 1100 5806">
    <p class='ocr_par' dir='ltr' id='par_1_104' title="bbox 575 5739 1100 5806">
     <span class='ocr_line' id='line_1_104' title="bbox 575 5739 1100 5806; baseline 0 -16"><span class='ocrx_word' id='word_1_736' title='bbox 575 5751 794 5795; x_wconf 75' lang='lat' dir='ltr'><strong>sensum</strong></span> <span class='ocrx_word' id='word_1_737' title='bbox 825 5739 1100 5806; x_wconf 76' lang='lat' dir='ltr'><strong>exprimit.</strong></span> 
     </span>
    </p>
   </div>
   <div class='ocr_carea' id='block_1_105' title="bbox 648 5805 2161 5880">
    <p class='ocr_par' dir='ltr' id='par_1_105' title="bbox 648 5805 2161 5880">
     <span class='ocr_line' id='line_1_105' title="bbox 648 5805 2161 5880; baseline -0.003 -18"><span class='ocrx_word' id='word_1_738' title='bbox 648 5809 674 5849; x_wconf 67' lang='grc' dir='ltr'>δ</span> <span class='ocrx_word' id='word_1_739' title='bbox 714 5807 778 5862; x_wconf 87' lang='lat' dir='ltr'><strong>In</strong></span> <span class='ocrx_word' id='word_1_740' title='bbox 806 5805 1254 5880; x_wconf 62' lang='lat' dir='ltr'><strong>Asiirprorincia.</strong></span> <span class='ocrx_word' id='word_1_741' title='bbox 1289 5806 1668 5876; x_wconf 69' lang='lat' dir='ltr'><strong>Nequaquam,</strong></span> <span class='ocrx_word' id='word_1_742' title='bbox 1702 5808 1793 5862; x_wconf 78' lang='lat' dir='ltr'><strong>sed</strong></span> <span class='ocrx_word' id='word_1_743' title='bbox 1828 5806 1878 5860; x_wconf 84' lang='lat' dir='ltr'><strong>in</strong></span> <span class='ocrx_word' id='word_1_744' title='bbox 1913 5805 2122 5861; x_wconf 62' lang='lat' dir='ltr'><strong>lllt&#39;rit‘o</strong></span> <span class='ocrx_word' id='word_1_745' title='bbox 2152 5824 2161 5858; x_wconf 96' lang='lat'>:</span> 
     </span>
    </p>
   </div>
   <div class='ocr_carea' id='block_1_106' title="bbox 2270 4705 3810 4776">
    <p class='ocr_par' dir='ltr' id='par_1_106' title="bbox 2270 4705 3810 4776">
     <span class='ocr_line' id='line_1_106' title="bbox 2270 4705 3810 4776; baseline -0.007 -17"><span class='ocrx_word' id='word_1_746' title='bbox 2270 4718 2435 4775; x_wconf 91' lang='lat' dir='ltr'><strong>super</strong></span> <span class='ocrx_word' id='word_1_747' title='bbox 2458 4714 2688 4760; x_wconf 89' lang='lat' dir='ltr'><strong>cunctas</strong></span> <span class='ocrx_word' id='word_1_748' title='bbox 2722 4705 2991 4760; x_wconf 89' lang='lat' dir='ltr'><strong>Ecclesias</strong></span> <span class='ocrx_word' id='word_1_749' title='bbox 3019 4705 3219 4761; x_wconf 87' lang='lat' dir='ltr'><strong>Christi</strong></span> <span class='ocrx_word' id='word_1_750' title='bbox 3253 4705 3618 4776; x_wconf 78' lang='lat' dir='ltr'><strong>przeeminere,</strong></span> <span class='ocrx_word' id='word_1_751' title='bbox 3648 4708 3698 4755; x_wconf 92' lang='lat' dir='ltr'><strong>ut</strong></span> <span class='ocrx_word' id='word_1_752' title='bbox 3722 4712 3810 4750; x_wconf 86' lang='lat' dir='ltr'><strong>om-</strong></span> 
     </span>
    </p>
   </div>
   <div class='ocr_carea' id='block_1_107' title="bbox 2272 4785 3809 4867">
    <p class='ocr_par' dir='ltr' id='par_1_107' title="bbox 2272 4785 3809 4867">
     <span class='ocr_line' id='line_1_107' title="bbox 2272 4785 3809 4867; baseline -0.005 -18"><span class='ocrx_word' id='word_1_753' title='bbox 2272 4795 2637 4866; x_wconf 81' lang='lat' dir='ltr'><strong>nesepisc0pi</strong></span> <span class='ocrx_word' id='word_1_754' title='bbox 2669 4795 2818 4850; x_wconf 91' lang='lat' dir='ltr'><strong>illum</strong></span> <span class='ocrx_word' id='word_1_755' title='bbox 2872 4797 3108 4850; x_wconf 88' lang='lat' dir='ltr'><strong>habeant</strong></span> <span class='ocrx_word' id='word_1_756' title='bbox 3143 4806 3325 4867; x_wconf 89' lang='lat' dir='ltr'><strong>caput,</strong></span> <span class='ocrx_word' id='word_1_757' title='bbox 3359 4805 3413 4850; x_wconf 92' lang='lat' dir='ltr'><strong>et</strong></span> <span class='ocrx_word' id='word_1_758' title='bbox 3459 4797 3524 4850; x_wconf 83' lang='lat' dir='ltr'><strong>ad</strong></span> <span class='ocrx_word' id='word_1_759' title='bbox 3567 4793 3673 4864; x_wconf 84' lang='lat' dir='ltr'><strong>ejus</strong></span> <span class='ocrx_word' id='word_1_760' title='bbox 3699 4785 3809 4857; x_wconf 52' lang='lat' dir='ltr'><strong>judio</strong></span> 
     </span>
    </p>
   </div>
   <div class='ocr_carea' id='block_1_108' title="bbox 2269 4876 3809 4955">
    <p class='ocr_par' dir='ltr' id='par_1_108' title="bbox 2269 4876 3809 4955">
     <span class='ocr_line' id='line_1_108' title="bbox 2269 4876 3809 4955; baseline -0.007 -17"><span class='ocrx_word' id='word_1_761' title='bbox 2269 4885 2417 4938; x_wconf 88' lang='lat' dir='ltr'><strong>&#39;cium</strong></span> <span class='ocrx_word' id='word_1_762' title='bbox 2447 4886 2676 4954; x_wconf 88' lang='lat' dir='ltr'><strong>pendeat</strong></span> <span class='ocrx_word' id='word_1_763' title='bbox 2705 4885 2968 4955; x_wconf 91' lang='lat' dir='ltr'><strong>quidquid</strong></span> <span class='ocrx_word' id='word_1_764' title='bbox 2999 4887 3052 4942; x_wconf 92' lang='lat' dir='ltr'><strong>in</strong></span> <span class='ocrx_word' id='word_1_765' title='bbox 3077 4886 3458 4941; x_wconf 89' lang='lat' dir='ltr'><strong>ecclesiasticis</strong></span> <span class='ocrx_word' id='word_1_766' title='bbox 3487 4883 3698 4952; x_wconf 78' lang='lat' dir='ltr'><strong>negotiis</strong></span> <span class='ocrx_word' id='word_1_767' title='bbox 3725 4876 3809 4930; x_wconf 85' lang='lat' dir='ltr'><strong>dis-</strong></span> 
     </span>
    </p>
   </div>
   <div class='ocr_carea' id='block_1_109' title="bbox 2270 4973 3806 5043">
    <p class='ocr_par' dir='ltr' id='par_1_109' title="bbox 2270 4973 3806 5043">
     <span class='ocr_line' id='line_1_109' title="bbox 2270 4973 3806 5043; baseline -0.001 -16"><span class='ocrx_word' id='word_1_768' title='bbox 2270 4974 2526 5043; x_wconf 90' lang='lat' dir='ltr'><strong>ponitur;</strong></span> <span class='ocrx_word' id='word_1_769' title='bbox 2561 4985 2620 5029; x_wconf 90' lang='lat' dir='ltr'><strong>ut</strong></span> <span class='ocrx_word' id='word_1_770' title='bbox 2649 4987 2712 5029; x_wconf 83' lang='lat' dir='ltr'><strong>ex</strong></span> <span class='ocrx_word' id='word_1_771' title='bbox 2741 4974 2858 5042; x_wconf 87' lang='lat' dir='ltr'><strong>ejus</strong></span> <span class='ocrx_word' id='word_1_772' title='bbox 2885 4977 3112 5031; x_wconf 89' lang='lat' dir='ltr'><strong>arbitrio</strong></span> <span class='ocrx_word' id='word_1_773' title='bbox 3133 4976 3218 5030; x_wconf 87' lang='lat' dir='ltr'><strong>vel</strong></span> <span class='ocrx_word' id='word_1_774' title='bbox 3241 4985 3456 5032; x_wconf 87' lang='lat' dir='ltr'><strong>maneat</strong></span> <span class='ocrx_word' id='word_1_775' title='bbox 3483 4973 3806 5031; x_wconf 79' lang='lat' dir='ltr'><strong>constitutum.</strong></span> 
     </span>
    </p>
   </div>
   <div class='ocr_carea' id='block_1_110' title="bbox 2270 5066 3808 5140">
    <p class='ocr_par' dir='ltr' id='par_1_110' title="bbox 2270 5066 3808 5140">
     <span class='ocr_line' id='line_1_110' title="bbox 2270 5066 3808 5140; baseline -0.003 -20"><span class='ocrx_word' id='word_1_776' title='bbox 2270 5067 2354 5124; x_wconf 87' lang='lat' dir='ltr'><strong>vel</strong></span> <span class='ocrx_word' id='word_1_777' title='bbox 2386 5069 2692 5138; x_wconf 85' lang='lat' dir='ltr'><strong>corrigatur</strong></span> <span class='ocrx_word' id='word_1_778' title='bbox 2733 5079 3010 5136; x_wconf 87' lang='lat' dir='ltr'><strong>erratum,</strong></span> <span class='ocrx_word' id='word_1_779' title='bbox 3059 5070 3140 5124; x_wconf 84' lang='lat' dir='ltr'><strong>vel</strong></span> <span class='ocrx_word' id='word_1_780' title='bbox 3185 5072 3461 5125; x_wconf 83' lang='lat' dir='ltr'><strong>sanciatur</strong></span> <span class='ocrx_word' id='word_1_781' title='bbox 3504 5066 3808 5140; x_wconf 80' lang='lat' dir='ltr'><strong>quodcunque</strong></span> 
     </span>
    </p>
   </div>
   <div class='ocr_carea' id='block_1_111' title="bbox 2269 5159 2846 5216">
    <p class='ocr_par' dir='ltr' id='par_1_111' title="bbox 2269 5159 2846 5216">
     <span class='ocr_line' id='line_1_111' title="bbox 2269 5159 2846 5216; baseline -0.002 -2"><span class='ocrx_word' id='word_1_782' title='bbox 2269 5159 2434 5216; x_wconf 89' lang='lat' dir='ltr'><strong>fuerit</strong></span> <span class='ocrx_word' id='word_1_783' title='bbox 2460 5161 2846 5216; x_wconf 87' lang='lat' dir='ltr'><strong>innovandum.</strong></span> 
     </span>
    </p>
   </div>
   <div class='ocr_carea' id='block_1_112' title="bbox 2342 5255 3804 5323">
    <p class='ocr_par' dir='ltr' id='par_1_112' title="bbox 2342 5255 3804 5323">
     <span class='ocr_line' id='line_1_112' title="bbox 2342 5255 3804 5323; baseline -0.005 -11"><span class='ocrx_word' id='word_1_784' title='bbox 2342 5257 2599 5314; x_wconf 89' lang='lat' dir='ltr'><strong>Testatur</strong></span> <span class='ocrx_word' id='word_1_785' title='bbox 2625 5268 2682 5312; x_wconf 91' lang='lat' dir='ltr'><strong>et</strong></span> <span class='ocrx_word' id='word_1_786' title='bbox 2714 5258 2816 5313; x_wconf 92' lang='lat' dir='ltr'><strong>hoc</strong></span> <span class='ocrx_word' id='word_1_787' title='bbox 2860 5256 3125 5313; x_wconf 85' lang='lat' dir='ltr'><strong>Eusebius</strong></span> <span class='ocrx_word' id='word_1_788' title='bbox 3169 5258 3518 5314; x_wconf 61' lang='lat' dir='ltr'><strong>Caesariensis</strong></span> <span class='ocrx_word' id='word_1_789' title='bbox 3549 5255 3804 5323; x_wconf 73' lang='lat' dir='ltr'><strong>cpiscopus.</strong></span> 
     </span>
    </p>
   </div>
   <div class='ocr_carea' id='block_1_113' title="bbox 2269 5335 3808 5422">
    <p class='ocr_par' dir='ltr' id='par_1_113' title="bbox 2269 5335 3808 5422">
     <span class='ocr_line' id='line_1_113' title="bbox 2269 5335 3808 5422; baseline -0.01 -16"><span class='ocrx_word' id='word_1_790' title='bbox 2269 5353 2360 5422; x_wconf 88' lang='lat' dir='ltr'><strong>qui</strong></span> <span class='ocrx_word' id='word_1_791' title='bbox 2389 5352 2440 5406; x_wconf 92' lang='lat' dir='ltr'><strong>in</strong></span> <span class='ocrx_word' id='word_1_792' title='bbox 2465 5352 2692 5407; x_wconf 88' lang='lat' dir='ltr'><strong>historia</strong></span> <span class='ocrx_word' id='word_1_793' title='bbox 2720 5353 2784 5406; x_wconf 87' lang='lat' dir='ltr'><strong>de</strong></span> <span class='ocrx_word' id='word_1_794' title='bbox 2822 5349 2943 5404; x_wconf 75' lang='lat' dir='ltr'><strong>Vita</strong></span> <span class='ocrx_word' id='word_1_795' title='bbox 2977 5351 3223 5407; x_wconf 89' lang='lat' dir='ltr'><strong>Silvestri</strong></span> <span class='ocrx_word' id='word_1_796' title='bbox 3268 5350 3417 5422; x_wconf 77' lang='lat' dir='ltr'><strong>(Vita</strong></span> <span class='ocrx_word' id='word_1_797' title='bbox 3455 5366 3548 5402; x_wconf 85' lang='lat' dir='ltr'><strong>ms.</strong></span> <span class='ocrx_word' id='word_1_798' title='bbox 3579 5359 3720 5414; x_wconf 84' lang='lat' dir='ltr'><strong>supra</strong></span> <span class='ocrx_word' id='word_1_799' title='bbox 3751 5335 3808 5388; x_wconf 62' lang='grc' dir='ltr'><strong>εἰη</strong></span> 
     </span>
    </p>
   </div>
   <div class='ocr_carea' id='block_1_114' title="bbox 2269 5429 3807 5515">
    <p class='ocr_par' dir='ltr' id='par_1_114' title="bbox 2269 5429 3807 5515">
     <span class='ocr_line' id='line_1_114' title="bbox 2269 5429 3807 5515; baseline -0.01 -19"><span class='ocrx_word' id='word_1_800' title='bbox 2269 5443 2402 5515; x_wconf 87' lang='lat' dir='ltr'><strong>tata)</strong></span> <span class='ocrx_word' id='word_1_801' title='bbox 2433 5443 2511 5497; x_wconf 92' lang='lat' dir='ltr'><strong>sic</strong></span> <span class='ocrx_word' id='word_1_802' title='bbox 2539 5443 2654 5496; x_wconf 90' lang='lat' dir='ltr'><strong>ait:</strong></span> <span class='ocrx_word' id='word_1_803' title='bbox 2698 5461 2714 5494; x_wconf 76' lang='grc' dir='ltr'><strong>ι</strong></span> <span class='ocrx_word' id='word_1_804' title='bbox 2768 5442 2972 5508; x_wconf 86' lang='lat' dir='ltr'><strong>Quarta</strong></span> <span class='ocrx_word' id='word_1_805' title='bbox 3005 5443 3092 5497; x_wconf 87' lang='lat' dir='ltr'><strong>die</strong></span> <span class='ocrx_word' id='word_1_806' title='bbox 3139 5443 3431 5513; x_wconf 85' lang='lat' dir='ltr'><strong>imperator</strong></span> <span class='ocrx_word' id='word_1_807' title='bbox 3474 5429 3807 5515; x_wconf 66' lang='lat' dir='ltr'><strong>Constantinus</strong></span> 
     </span>
    </p>
   </div>
   <div class='ocr_carea' id='block_1_115' title="bbox 2270 5514 3807 5605">
    <p class='ocr_par' dir='ltr' id='par_1_115' title="bbox 2270 5514 3807 5605">
     <span class='ocr_line' id='line_1_115' title="bbox 2270 5514 3807 5605; baseline -0.008 -19"><span class='ocrx_word' id='word_1_808' title='bbox 2270 5514 2614 5604; x_wconf 87' lang='lat' dir='ltr'><strong>privilegium</strong></span> <span class='ocrx_word' id='word_1_809' title='bbox 2648 5534 2905 5589; x_wconf 71' lang='lat' dir='ltr'><strong>Ecclesia:</strong></span> <span class='ocrx_word' id='word_1_810' title='bbox 2933 5534 3191 5588; x_wconf 74' lang='lat' dir='ltr'><strong>Romana:</strong></span> <span class='ocrx_word' id='word_1_811' title='bbox 3237 5532 3472 5605; x_wconf 74' lang='lat' dir='ltr'><strong>pontifici</strong></span> <span class='ocrx_word' id='word_1_812' title='bbox 3504 5523 3728 5586; x_wconf 89' lang='lat' dir='ltr'><strong>contulit,</strong></span> <span class='ocrx_word' id='word_1_813' title='bbox 3749 5514 3807 5570; x_wconf 76' lang='lat' dir='ltr'><strong>uti</strong></span> 
     </span>
    </p>
   </div>
   <div class='ocr_carea' id='block_1_116' title="bbox 2272 5655 3808 5796">
    <p class='ocr_par' dir='ltr' id='par_1_116' title="bbox 2272 5655 3808 5796">
     <span class='ocr_line' id='line_1_116' title="bbox 2272 5655 3808 5796; baseline -0.01 -68"><span class='ocrx_word' id='word_1_814' title='bbox 2272 5673 2604 5796; x_wconf 51' lang='lat' dir='ltr'><strong>Rat;arlunus</strong></span> <span class='ocrx_word' id='word_1_815' title='bbox 2631 5670 2939 5738; x_wconf 89' lang='lat' dir='ltr'><strong>Sardicam,</strong></span> <span class='ocrx_word' id='word_1_816' title='bbox 2971 5669 3086 5728; x_wconf 84' lang='lat' dir='ltr'><strong>sive</strong></span> <span class='ocrx_word' id='word_1_817' title='bbox 3116 5671 3412 5734; x_wconf 88' lang='lat' dir='ltr'><strong>Serdicam,</strong></span> <span class='ocrx_word' id='word_1_818' title='bbox 3447 5682 3562 5726; x_wconf 87' lang='lat' dir='ltr'><strong>cum</strong></span> <span class='ocrx_word' id='word_1_819' title='bbox 3591 5655 3808 5719; x_wconf 68' lang='lat' dir='ltr'><strong>Sardibus</strong></span> 
     </span>
     <span class='ocr_line' id='line_1_117' title="bbox 2272 5751 2536 5796; baseline 0 0"><span class='ocrx_word' id='word_1_820' title='bbox 2272 5761 2370 5796; x_wconf 84' lang='lat' dir='ltr'><strong>con</strong></span> <span class='ocrx_word' id='word_1_821' title='bbox 2403 5760 2450 5796; x_wconf 76' lang='lat' dir='ltr'><strong>tt;</strong></span> <span class='ocrx_word' id='word_1_822' title='bbox 2478 5751 2536 5796; x_wconf 84' lang='lat' dir='ltr'><strong>tt.</strong></span> 
     </span>
    </p>
   </div>
   <div class='ocr_carea' id='block_1_117' title="bbox 2272 5751 2536 5802">
    <p class='ocr_par' dir='ltr' id='par_1_117' title="bbox 2272 5751 2536 5802">
     <span class='ocr_line' id='line_1_118' title="bbox 2272 5751 2536 5802; baseline 0.011 -8"><span class='ocrx_word' id='word_1_823' title='bbox 2272 5751 2536 5802; x_wconf 65' lang='lat' dir='ltr'><strong>cottl&#39;tttlil.</strong></span> 
     </span>
    </p>
   </div>
  </div>
