4026 6346
203 407 312 466 857

1089 393 1368 451 CONan
1403 387 1814 448 GRAECORUM
1849 386 2206 444 OPPOSITA.
2247 419 2316 430 --
2353 386 2478 442 LIB.
2522 386 2608 442 IV.

3373 336 3481 440 .5.

209 526 325 573 toto
375 513 509 570 orbe
547 511 794 567 Romano
839 505 1152 564 sacerdotes
1204 505 1278 560 ita
1323 505 1466 562 hunc
1493 511 1656 573 caput
1701 502 1790 555 ba-
1823 503 1868 560 Α
1899 499 2098 568 cunda,
2125 512 2250 572 post
2271 500 2648 556 salutationem
2675 508 2724 554 et
2750 498 3082 570 praefatiouis
3101 490 3482 556 allocutionem

209 608 398 670 beant,
423 612 484 658 ut
511 602 722 671 iudices
754 614 957 670 regem.
999 624 1015 648 υ
1047 596 1179 664 Quae
1209 611 1297 653 res
1333 611 1400 651 es
1440 594 1792 650 conciliorum

210 697 382 770 gestis
435 693 767 765 approbatur
807 709 820 746 :
864 690 1130 760 siquidem
1174 703 1338 744 omne
1372 686 1664 741 concilium
1708 683 1792 738 vel

211 789 357 860 quod
403 789 460 843 in
507 785 749 849 Oriente,
799 783 883 838 vel
929 781 1072 851 quod
1107 781 1161 835 in
1207 779 1388 834 Africa
1434 786 1644 848 gestum
1674 788 1795 830 esse

206 881 572 953 dignoscitur,
603 878 685 933 vel
726 876 958 934 Romani
989 872 1260 944 pontiﬁcis
1301 870 1536 925 viearios
1584 882 1797 937 semper

211 971 810 1042 babnitprtesidentes,
838 967 923 1022 vel
949 967 1066 1037 ejus
1101 963 1426 1019 auctoritate
1471 962 1796 1026 litterarum,

208 1084 335 1138 quae
361 1066 580 1121 fuerunt
605 1064 818 1119 decreta
847 1057 1231 1114 ﬁrmitudinem
1250 1061 1591 1124 acceperunt.
1619 1051 1800 1120 Siqui-

211 1162 340 1216 dem
370 1157 663 1214 concilium
692 1153 992 1216 Niczeuum,
1017 1147 1271 1203 omnibus
1297 1143 1500 1200 Christi
1541 1140 1801 1198 Ecclesiis

213 1252 616 1313 venerandum,
650 1245 922 1300 Victorem
970 1249 1025 1298 et
1065 1237 1409 1295 Vincentium
1455 1234 1803 1306 presbyteros

213 1345 370 1400 urbis
411 1343 619 1406 Romae,
664 1337 894 1393 Romani
932 1333 1205 1405 pontiﬁcis
1252 1333 1424 1387 vicem
1472 1339 1716 1400 agentes,
1748 1329 1800 1381 in

212 1438 596 1507 episc0porum
641 1427 1040 1499 subscriptione
1084 1425 1290 1495 primos
1337 1437 1569 1492 posuere
1620 1419 1802 1474 statim

214 1536 342 1598 post
363 1525 550 1581 Osium
581 1521 892 1591 episc0pum
925 1517 1160 1572 civitatis
1190 1513 1554 1570 Cordubensls
1590 1511 1807 1582 provin-

210 1619 313 1674 circ
343 1614 635 1684 Hispaniae,
661 1612 752 1682 qui
795 1609 976 1664 fuerat
1021 1607 1149 1662 illuc
1189 1621 1219 1660 a
1263 1605 1506 1661 Romano
1552 1602 1806 1674 pontiﬁce

213 1711 478 1768 directus.
509 1703 766 1775 quoniam
792 1703 906 1770 ipse
937 1699 1122 1754 venire
1142 1706 1424 1754 senectute.
1443 1695 1807 1768 praepediente

214 1813 323 1854 non
384 1793 637 1849 valuerit.
687 1790 780 1846 Sic
818 1789 1029 1858 reliqua
1081 1786 1309 1843 concilia
1359 1787 1534 1856 primo
1583 1785 1638 1840 iu
1689 1783 1806 1839 loco

1896 596 2156 650 scribitur
2183 598 2263 651 sic
2291 596 2452 667 (Ibid.
2473 597 2622 666 epist.
2664 595 2754 667 5t)
2782 613 2796 650 :
2833 615 2852 647 ι
2892 595 3172 666 Superest,
3199 602 3260 650 ut
3288 593 3333 649 si
3364 591 3481 663 plac

1895 686 2069 740 euerit
2098 695 2202 740 tute
2223 686 2544 742 Beatitudini
2594 686 2677 740 bis
2706 685 2950 756 partibus
2978 685 3258 750 advenire,
3285 677 3342 740 et
3363 697 3488 755 syn-

1895 778 2057 832 odum
2098 778 2375 833 celebrare
2401 818 2416 843 ,
2459 779 2561 833 hoc
2611 777 2792 834 facere
2838 778 3114 849 religionis
3168 776 3360 832 all'ectu
3397 774 3484 829 di-

1895 877 2120 938 gnetur;
2161 869 2365 924 nostris
2405 869 2589 938 utique
2637 869 2923 924 desideriis
2971 877 3154 924 vestra
3207 866 3487 924 Sanctitas

1895 957 2214 1022 satisfaciet,
2261 967 2316 1013 et
2361 973 2533 1014 sacra:
2577 959 2824 1030 religioni
2853 975 2972 1030 quae
3011 960 3162 1015 utilia
3208 969 3334 1016 sunt
3377 959 3483 1013 “de—

1898 1059 2105 1108 cernat.
2163 1051 2222 1106 Si
2275 1067 2406 1107 vero
2448 1053 2550 1107 hoc
2593 1067 2880 1108 onerosum
2910 1061 3023 1118 est,
3062 1062 3122 1109 ut
3167 1062 3225 1108 tu
3271 1052 3340 1108 ad
3386 1051 3489 1106 has

1899 1154 2084 1213 partes
2121 1141 2409 1207 advenias.
2454 1144 2558 1198 hoc
2585 1143 2758 1213 ipsum
2790 1143 2947 1198 nobis
2967 1144 3202 1214 propriis
3227 1152 3316 1198 tua
3349 1140 3489 1198 Sau-

1902 1233 2064 1288 ctitas
2083 1232 2276 1286 litteris
2297 1232 2637 1297 manifestet;
2677 1238 2944 1301 quatenus
2977 1232 3030 1286 in
3061 1247 3275 1288 omnem
3293 1231 3491 1288 Oriens

1904 1330 2044 1385 tem,
2089 1330 2145 1376 et
2194 1321 2246 1374 in
2291 1323 2459 1391 ipsum
2503 1320 2829 1384 Thraciam,
2871 1329 2927 1375 et
2968 1320 3269 1393 lllyricum,
3317 1334 3488 1376 sacras

1903 1424 2098 1470 vestrae
2134 1413 2338 1469 litterae.
2365 1414 2697 1484 dirigantur;
2749 1423 2810 1467 ut
2851 1413 2920 1468 ad
2962 1414 3251 1482 quemdam
3297 1410 3492 1466 deﬁni-

1904 1514 2020 1559 tum
2089 1504 2264 1559 locum
2318 1518 2510 1559 omnes
2581 1503 2907 1558 sanctissimi
2965 1503 3206 1574 episcopi
3257 1501 3494 1558 debeant

1902 1596 2230 1660 convenire;
2290 1605 2346 1651 et
2391 1611 2511 1666 quae
2559 1595 2993 1652 Christianorum
3039 1595 3285 1667 religioni
3331 1603 3496 1666 atque

1909 1687 2187 1743 catholicae
2220 1686 2342 1741 ﬁdei
2391 1688 2624 1757 prosint,
2662 1688 2802 1743 sicut
2842 1687 3116 1745 Sanctitas
3163 1695 3256 1743 tua
3297 1701 3492 1743 secun-

1908 1780 2036 1836 dum
2067 1781 2466 1836 ecclesiasticas
2509 1781 2724 1852 regulas
2769 1781 3077 1848 deﬁnierit,
3123 1798 3222 1838 sua
3258 1779 3494 1853 dispOsi-

213 1903 433 1958 semper
470 1885 708 1941 habuere
737 1853 1012 1936 Roman-os
1047 1853 1465 1949 pontiﬁcem—vel
1494 1892 1683 1934 eorum
1724 1875 1804 1932 le-
1833 1853 1881 1913 Β
1910 1873 2053 1928 tione
2099 1870 2394 1928 declarent.
2448 1893 2466 1924 ι
2521 1873 2617 1928 His
2649 1873 2860 1934 litteris
2911 1873 3284 1930 Romanorum
3328 1873 3498 1944 impe-

213 1988 408 2052 gatos,
463 1986 722 2045 tanquam
779 1970 1150 2041 apostolorum
1195 1968 1449 2024 vicarios.
1499 1967 1566 2022 Et
1614 1980 1805 2022 revera

211 2085 405 2126 omnes
433 2067 738 2123 Orientales
780 2064 1064 2129 Ecclesiae,
1112 2063 1273 2118 simul
1307 2075 1362 2117 et
1403 2059 1804 2126 Occidentales,

213 2159 478 2215 Romana:
523 2158 764 2212 civitatis
828 2155 1114 2227 praesulem
1175 2168 1390 2224 semper
1440 2153 1597 2222 quasi
1644 2157 1808 2220 caput

209 2249 592 2319 episcoporum
641 2247 880 2302 venerati
927 2252 1076 2309 sunt,
1119 2251 1176 2299 et
1217 2245 1284 2298 ad
1322 2241 1441 2312 ejus
1480 2242 1805 2298 sententiam

214 2347 599 2410 respexerunt,
623 2344 679 2393 et
713 2336 780 2391 de
812 2337 976 2391 rebus
1000 2333 1181 2389 dubiis
1212 2348 1548 2403 quaecunque
1563 2332 1809 2388 decrevit

209 2433 333 2504 ejus
355 2431 619 2502 judicium
648 2429 1053 2492 sustinuerunt,
1084 2427 1338 2496 illiusque
1369 2426 1589 2481 decreto
1607 2438 1806 2495 parue—

214 2531 365 2578 runt.
422 2521 770 2588 Qutecunque
802 2517 1031 2574 concilia
1061 2515 1180 2586 ejus
1233 2515 1502 2573 sententia
1554 2515 1807 2570 roborata

213 2622 366 2676 sunt,
405 2621 523 2666 rata
556 2617 909 2674 manserunt;
964 2623 1084 2678 qua:
1114 2623 1244 2663 vero
1272 2607 1570 2672 damnavit,
1599 2621 1698 2676 pro
1725 2605 1810 2660 ni.-

211 2704 326 2759 bilo
357 2711 603 2773 reputata
631 2700 870 2775 fuerunt,
896 2716 996 2763 nec
1017 2701 1399 2760 auctoritatem
1418 2700 1586 2768 ullam
1606 2699 1808 2757 habere

213 2803 537 2866 potuerunt.

291 2889 425 2955 Quae
446 2887 574 2942 licet
621 2888 966 2958 antiquarunm
1017 2886 1376 2942 monimentis.
1411 2886 1633 2942 Patrum
1678 2899 1809 2941 vera

217 2996 348 3037 esse
369 2997 484 3050 quae
508 2981 738 3036 dicimus
767 2980 1155 3050 approbeutur,
1181 2979 1343 3035 unius
1369 2987 1548 3033 tamen
1578 2977 1812 3033 Romani

223 3072 503 3142 pontiﬁcis
551 3071 728 3140 placet
775 3070 974 3132 litteris
1018 3070 1306 3124 ostendere
1349 3084 1470 3138 qua:
1511 3067 1810 3137 loquimur.

219 3161 510 3217 Namcum
542 3160 830 3221 Flavianus
851 3158 1482 3229 Constantinpolitanus
1503 3158 1807 3228 episcopus,

1908 1971 2149 2018 ratorum
2176 1977 2284 2018 non
2309 1963 2636 2028 ostenditur,
2668 1963 2811 2032 quod
2845 1963 3155 2033 patriarcha
3182 1962 3497 2018 Constanti-

1906 2053 2251 2124 nopolitanus
2302 2055 2547 2110 Romano
2599 2055 2844 2124 pontiﬁci
2893 2056 3147 2126 prmlatus
3200 2056 3494 2120 habeatur;

1904 2160 2093 2200 verum
2143 2146 2286 2216 quod
2315 2146 2600 2200 Romanus
2639 2146 2879 2216 pontifex
2916 2147 3293 2218 principatum
3349 2147 3492 2202 obti-

1906 2236 2457 2308 neatepiscoporum,
2491 2236 2645 2307 cujus
2683 2237 2912 2293 arbitrio
2933 2238 3131 2294 debeat
3159 2237 3338 2310 colligi
3367 2252 3496 2309 syn-

1904 2330 2043 2386 odus
2060 2371 2074 2396 ,
2116 2340 2172 2384 et
2195 2346 2326 2400 Jqua
2356 2340 2482 2386 sunt
2511 2331 2791 2386 tractanda
2816 2345 2914 2402 per
2941 2329 3058 2400 ejus
3085 2324 3495 2402 dispositionem

1906 2423 2140 2478 debeant
2153 2423 2423 2479 ordinari.
3217 2431 3219 2434 ‘
3253 2431 3256 2434 ’

1980 2511 2270 2569 Testantur
2316 2514 2482 2570 etiam
2514 2514 2707 2572 litterae
2747 2515 3112 2572 Valentiniani
3155 2514 3500 2588 imperatoris

1909 2605 1984 2671 ad,
2019 2604 2383 2662 Theodosium
2433 2616 2644 2677 patrem
2680 2608 3002 2679 Augustum,
3054 2623 3216 2679 quam
3265 2606 3502 2679 dignita—

1910 2707 2038 2762 tem,
2071 2708 2234 2769 atque
2261 2699 2519 2754 honorem
2547 2699 2823 2756 Romanus
2844 2699 3086 2771 pontifex
3117 2715 3279 2769 super
3309 2713 3500 2754 omnes

1909 2791 2192 2863 episcopos
2222 2791 2414 2847 debeat
2443 2792 2692 2850 obtinere
2729 2811 2744 2848 :
2787 2807 2908 2863 quae
2938 2794 3010 2848 ita
3051 2807 3109 2846 se
3158 2789 3360 2847 habere
3409 2805 3503 2848 no-

1907 2891 2133 2938 scuntur
2160 2882 2350 2955 (Ibid.,
2377 2885 2528 2956 epist.
2557 2883 2650 2957 25)
2677 2903 2690 2939 :
2735 2903 2753 2936 ι
2785 2884 3013 2940 Domino
3039 2881 3361 2948 Theodosio,
3387 2880 3502 2953 glo-

1912 2975 2213 3031 riosissimo
2235 2977 2447 3042 victori,
2489 2992 2552 3033 ac
2585 2975 2965 3047 triumphatori
2995 2974 3498 3046 praecellentissimo

1914 3066 2226 3138 imperatori
2257 3078 2310 3122 et
2340 3068 2517 3138 patri,
2559 3066 2966 3122 Valentinianus
2996 3067 3171 3122 victor
3212 3051 3499 3136 gloriosus,

1917 3172 1982 3214 ac
2012 3159 2388 3229 triumphator,
2419 3173 2634 3229 semper
2665 3158 2937 3229 Augustus
2963 3167 3018 3212 et
3058 3157 3219 3212 ﬁlius.
3244 3156 3379 3212 Cum
3407 3169 3503 3211 ve-

129 3254 146 3263 “
221 3253 314 3323 qui
347 3249 1130 3322 Eutychen.archimandritam
1149 3246 1810 3317 Constantinopolitauum
1840 3220 1885 3282 C
1919 3249 2118 3304 nisscm
2163 3250 2216 3304 in
2266 3249 2454 3304 urbem
2496 3249 2724 3304 Romam
2777 3251 2848 3305 ob
2891 3249 3238 3304 Diviuitatem
3283 3247 3506 3320 placan-

225 3342 459 3399 malede
483 3343 858 3410 incarnatione
890 3340 1170 3394 Dominica
1218 3339 1540 3394 sentientem
1588 3338 1813 3393 damna-

224 3443 406 3501 verat,
457 3435 572 3507 ipse
610 3447 826 3502 quoque
867 3431 1056 3486 fuisset
1087 3447 1116 3485 a
1172 3431 1398 3501 synodo,
1445 3447 1565 3502 qum
1612 3431 1812 3501 Ephesi

225 3525 586 3588 collectaest,
617 3533 802 3579 contra
830 3522 1041 3594 regulas
1069 3523 1464 3578 ecclesiasticas
1506 3524 1810 3588 datnnatus,

226 3613 536 3672 Romanum
585 3614 686 3668 hac
729 3614 795 3666 de
837 3627 996 3668 causa
1048 3611 1280 3667 Leonem
1309 3612 1618 3683 pontiﬁcem
1652 3613 1818 3668 inter-

227 3705 510 3776 pellasset,
563 3704 782 3774 scripsit
831 3702 1138 3758 Theodosio
1187 3704 1501 3774 imperatori
1550 3704 1816 3775 synodum

231 3795 664 3859 retractaudam,
712 3802 766 3847 ct
813 3809 876 3848 ea
905 3809 1024 3863 qure
1055 3809 1218 3864 prave
1265 3795 1560 3850 constituta
1603 3794 1818 3851 fuerant

230 3887 520 3943 cassanda.
560 3885 711 3954 Quod
742 3903 864 3941 cum
888 3887 986 3943 sub
1017 3887 1319 3942 Theodosio
1347 3887 1670 3958 imperatore
1702 3887 1816 3948 ﬁeri

231 3994 343 4034 non
367 3979 564 4048 potuit,
596 3989 770 4034 morte
797 3979 1180 4050 pneveniente,
1215 3978 1316 4034 sub
1350 3978 1686 4050 principibus
1713 3977 1818 4044 Va.

233 4069 541 4126 lentiniano
571 4080 625 4124 et
655 4070 950 4135 Marciano,
980 4070 1069 4140 qui
1098 4069 1403 4126 Theodosio
1437 4069 1576 4140 patri
1607 4085 1820 4128 succes-

233 4171 444 4227 serant,
476 4170 654 4217 actum
692 4172 792 4217 est.
825 4161 1066 4228 Quorum
1113 4160 1332 4225 litterae,
1363 4161 1429 4214 ad
1455 4161 1688 4216 Leonem
1732 4176 1822 4215 ve-

234 4253 538 4310 nerabilem
568 4254 877 4323 episcopum
910 4252 1166 4306 Romanae
1207 4251 1356 4306 urbis
1393 4251 1573 4306 missae
1594 4291 1609 4317 ,
1645 4250 1824 4305 taliter

237 4345 514 4401 habentur
554 4344 697 4415 (ante
737 4342 924 4397 coucil.
966 4341 1282 4397 Chalcedon.
1315 4341 1468 4411 epist.
1509 4342 1599 4412 55)
1633 4361 1644 4395 :
1685 4359 1703 4393 r
1734 4343 1824 4404 Vi,-

236 4448 423 4495 ctores
456 4437 863 4491 Valentinianus
902 4445 956 4490 et
989 4433 1328 4498 Marcianus,
1373 4433 1594 4504 gloriosi
1635 4435 1825 4494 triumr

235 4532 531 4603 3hatores,
576 4544 788 4598 semper
843 4526 1112 4597 Augusti,
1155 4525 1322 4580 Leoni
1372 4525 1824 4588 revereudissimo

237 4621 656 4690 archiepiscopo
713 4619 958 4690 gloriosae
1013 4618 1246 4672 civitatis
1310 4617 1512 4671 Roman
1584 4617 1664 4679 Ad
1722 4619 1824 4674 hoc

237 4713 542 4768 maximum
587 4711 868 4784 imperium
909 4708 1180 4777 venimus.
1217 4707 1312 4762 Dei
1361 4707 1724 4778 providentia,
1770 4721 1826 4766 et,

238 4814 473 4862 senatus
521 4801 987 4863 excellentissimi,
1041 4809 1358 4868 cunctaeque
1410 4800 1634 4858 militi-.13.
1679 4799 1829 4858 Unde

241 4879 344 4968 pro
377 4895 671 4952 reverenda
711 4904 765 4949 et
805 4892 1070 4948 catholica
1111 4891 1371 4960 religione
1399 4891 1829 4946 Christianorum

245 4990 395 5061 ﬁdei,
419 4987 815 5057 cujusauxiliis
832 4987 1084 5040 virtutem
1107 4992 1306 5039 nostrae
1327 4985 1583 5055 potentia:
1608 4985 1835 5040 conﬁdi-

235 5058 372 5138 mus
415 5079 745 5152 gubernari,
793 5087 942 5133 tuam
987 5078 1331 5140 sanctitatem
1371 5076 1736 5146 principatum
1780 5075 1833 5130 in

1917 3343 2064 3408 dam,
2104 3343 2348 3413 sequenti
2378 3341 2464 3396 die
2505 3343 2572 3397 ad
2605 3341 2885 3397 basilicam
2929 3342 3157 3413 apostoli
3190 3341 3336 3397 Petri
3364 3355 3496 3412 pro-

1916 3434 2076 3499 cessi,
2117 3444 2173 3489 et
2220 3433 2327 3488 illic
2368 3441 2490 3503 post
2535 3422 2920 3489 venerabilem.
2954 3444 3165 3490 noctem
3214 3434 3319 3488 diei
3370 3447 3503 3505 apo-

1917 3527 2072 3591 stoli,
2117 3535 2172 3581 et
2223 3542 2256 3580 a
2294 3526 2540 3582 Romano
2583 3528 2865 3597 episcopo,
2895 3537 2962 3595 _et
3005 3529 3094 3583 ab
3123 3527 3242 3583 aliis
3283 3542 3404 3583 cum
3441 3542 3507 3583 eu

1921 3629 1985 3668 ex
2040 3615 2270 3670 diversis
2317 3616 2611 3684 provinciis
2663 3616 3046 3686 congregatis,
3107 3625 3326 3688 rogatus
3385 3631 3509 3670 sum

1921 3708 2162 3763 scribere
2191 3716 2386 3762 vestra:
2431 3706 2830 3762 mansuetudini
2865 3707 2930 3763 de
2957 3707 3092 3773 ﬁde,
3133 3724 3256 3778 quae
3286 3722 3410 3763 cum
3437 3707 3510 3762 sit

1920 3796 2290 3852 conservatrix
2340 3797 2582 3851 omnium
2635 3797 2872 3852 ﬁdelium
2914 3798 3260 3863 animarum.
3311 3797 3510 3854 dicitur

1918 3887 2234 3956 perturbata
2282 3905 2294 3940 :
2344 3901 2504 3958 quam
2546 3903 2646 3943 nos
2683 3903 2716 3942 a
2756 3888 2958 3944 nostris
2997 3888 3291 3960 majoribus
3341 3887 3510 3944 tradi-

1923 3986 2035 4031 tam
2097 3977 2360 4034 debemus
2425 3993 2547 4034 cum
2577 4015 2584 4022 -
2614 3980 2762 4036 omni
2821 3981 3153 4052 competenti
3227 3981 3508 4036 devotione
3587 4030 3594 4037 .

1924 4069 2244 4138 defendere,
2274 4081 2329 4126 et
2355 4072 2671 4142 dignitatem
2699 4075 2932 4145 propriae
2959 4075 3510 4130 venerationis-beato

1926 4162 2170 4230 apostolo
2242 4162 2403 4218 Petro
2438 4164 2849 4220 rintemeratam
2907 4167 3122 4222 nostris
3179 4167 3514 4238 temporibus

1927 4271 2289 4322 conservare,
2349 4265 2616 4326 quatenus
2667 4258 3014 4313 beatissimus
3066 4258 3324 4314 Romanae
3377 4258 3515 4312 'civi-

1929 4347 2058 4401 tatis
2103 4347 2418 4418 episcopus,
2465 4347 2575 4404 cui.
2602 4347 2964 4419 principatum
3010 4348 3296 4404 sacerdotii
3352 4362 3518 4418 super

1927 4453 2116 4492 omnes
2146 4439 2442 4507 antiquitas
2464 4438 2713 4506 contulit,
2742 4439 2920 4494 locum
2961 4439 3160 4494 habeat
3195 4449 3251 4495 et
3288 4437 3515 4492 faculta-

1932 4539 2039 4584 tem
2064 4531 2130 4584 de
2143 4530 2246 4585 ﬁde
2267 4542 2322 4586 et
2348 4531 2720 4586 sacerdotibus
2736 4530 3000 4600 judicare,
3022 4532 3244 4585 Domine
3259 4529 3516 4584 sacratis-

1930 4622 2066 4676 sime
2085 4629 2260 4691 pater,
2277 4630 2332 4676 et
2353 4620 2685 4676 venerabilis
2697 4621 3020 4691 imperator:
3046 4623 3148 4676 hac
3162 4622 3305 4676 enim
3322 4622 3518 4688 gratia,

1931 4711 2228 4766 secundum
2285 4710 2683 4766 solemnitatem
2750 4711 3102 4766 conciliorum
3155 4719 3209 4765 et
3264 4709 3523 4763 Constauo

1937 4801 2323 4871 tinopolitanus
2367 4803 2650 4872 episcopus
2685 4817 2809 4858 eum
2836 4820 2934 4874 per
2969 4803 3178 4858 libellos
3209 4803 3517 4873 appellavit,

1938 4901 2159 4962 pr0pter
2186 4893 2586 4948 contentionem
2623 4910 2742 4964 qua:
2777 4905 2896 4950 orta
2941 4896 3115 4951 estde
3145 4895 3268 4951 ﬁde.
3308 4917 3326 4947 ι
3369 4895 3524 4950 Galla

1940 4997 2153 5052 quoque
2183 4982 2419 5039 Placidia
2442 5025 2458 5050 ,
2490 4993 2665 5040 mater
2684 4986 2928 5057 Augusti,
2958 4987 3168 5041 litteras
3201 4987 3393 5042 cadam
3424 5003 3524 5058 pro

1940 5088 1999 5129 re
2026 5072 2134 5128 ﬁlio
2158 5073 2397 5145 dirigens
2427 5076 2690 5147 Augusto,
2724 5077 2864 5133 inter
2891 5087 3086 5134 caetera
3115 5079 3194 5134 sic
3229 5079 3304 5133 ait
3332 5079 3523 5150 (lbid.,

243 5173 564 5243 episcopatu
601 5169 794 5236 divina:
828 5167 947 5222 ﬁdei
995 5166 1377 5236 possidentem,
1428 5166 1602 5222 sacris
1643 5166 1838 5222 litteris
1936 5166 2088 5236 epist.
2118 5166 2190 5222 26
2219 5175 2338 5238 post
2362 5169 2506 5240 init.)
2557 5187 2570 5224 :
2625 5187 2644 5221 ι
2693 5169 3110 5226 Nonmodicum
3141 5165 3526 5227 detrimentum

243 5265 308 5338 in
337 5263 607 5334 principio
625 5262 831 5331 justum
856 5247 1129 5324 credimus
1157 5255 1559 5324 alloquendam,
1603 5255 1836 5310 invitan-

250 5364 337 5410 tes
369 5364 531 5424 atque
557 5361 830 5422 rogantes,
857 5358 929 5420 put
967 5365 1064 5418 pro
1106 5347 1368 5421 ﬁrmitate
1401 5356 1456 5400 et
1485 5354 1624 5401 statu
1669 5346 1838 5401 nostri

252 5433 506 5518 imperii,
559 5455 816 5497 aeternam
871 5440 1206 5496 divinitatem
1271 5447 1361 5494 tua
1414 5437 1688 5492 Sanctitas
1753 5439 1840 5490 de-

252 5545 540 5608 precetur,
575 5545 633 5588 ut
673 5545 726 5588 et
758 5534 866 5608 tale
911 5533 1246 5603 propositum
1282 5541 1336 5586 et
1379 5529 1703 5586 desiderium
1741 5529 1837 5584 lia--

255 5605 486 5685 beamus
507 5668 522 5692 ,
553 5605 818 5696 quatenus
835 5625 982 5680 omni
1013 5625 1174 5693 impio
1195 5638 1382 5678 errore
1405 5621 1616 5676 sublato
1641 5637 1737 5691 per
1761 5637 1844 5677 ce-

241 5720 580 5775 lebrandam
609 5719 872 5788 synodum
898 5757 912 5781 ,
942 5725 992 5770 te
1020 5724 1237 5770 auclore
1256 5756 1271 5781 ,
1301 5714 1537 5768 maxima
1570 5729 1668 5784 pax
1697 5714 1842 5769 circa

264 5827 458 5867 omnes
504 5811 783 5880 episcopos
833 5809 954 5862 fidei
1001 5807 1277 5862 catholicrc
1316 5806 1425 5860 ﬁat.
1461 5827 1477 5856 ›
1525 5804 1654 5860 ltctn
1683 5806 1736 5861 in
1765 5822 1846 5862 se-

1937 5268 2020 5316 est
2049 5275 2117 5316 ex
2144 5260 2228 5315 his
2251 5275 2371 5331 quae
2398 5271 2548 5333 gesta
2575 5271 2698 5317 sunt
2724 5279 2739 5329 ;
2774 5271 2833 5318 ut
2861 5263 3024 5328 ﬁdes,
3055 5278 3174 5333 quae
3198 5264 3362 5318 tantis
3391 5273 3530 5319 tem-

1940 5351 2162 5421 poribus
2181 5350 2498 5422 regulariter
2517 5353 2784 5407 custodita
2811 5362 2894 5409 est
2916 5369 2946 5408 a
2973 5353 3346 5409 sacratissimo
3368 5362 3527 5424 patro

1946 5449 2130 5495 nostro
2175 5439 2528 5496 Constantino
2578 5441 2690 5514 (qui
2735 5444 2944 5515 primus
2979 5444 3206 5514 imperio
3259 5443 3531 5514 splenduit

1947 5529 2304 5601 Christianus)
2353 5547 2524 5601 nuper
2553 5533 2766 5588 turbata
2796 5534 2898 5599 sit,
2929 5533 2997 5588 ad
3045 5532 3327 5588 arbitrium
3359 5535 3522 5590 unius

1950 5621 2203 5694 hominis,
2235 5622 2327 5691 qui
2355 5622 2409 5678 in
2440 5623 2644 5693 synodo
2672 5623 2953 5694 Ephesium
2991 5622 3226 5678 civitatis
3252 5623 3435 5678 odium
3471 5636 3530 5681 et

1952 5717 2326 5774 contentiones
2377 5719 2556 5789 potius
2606 5720 2916 5777 exercuisse
2964 5724 3242 5782 narratur,
3296 5717 3528 5773 militum

1954 5810 2239 5883 prtesentia
2270 5822 2325 5868 et
2349 5822 2493 5869 metu
2534 5821 2788 5884 appetens
2815 5810 3419 5880 Constantinopolitanre
3445 5808 3526 5864 ci-
