4026 6346
568 347 674 404 539

1595 341 1952 396 ΒΑΤΒᾹΜΝΙ
1994 340 2159 396 CORl

2262 341 2445 396 ΕΞΝὸιὸ
2485 341 2790 398 MONACIII
3724 348 3806 408 Sili

569 461 755 520 vitatis
799 461 1112 530 episcopum
1140 458 1458 518 Flavianum
1484 498 1498 521 ,
1549 471 1614 510 eo
1643 455 1786 525 quod
1817 455 2053 509 libellum
2087 454 2153 507 ad
2184 458 2229 513 Λ
2263 455 2336 506 De
2367 455 2450 508 his
2479 464 2659 508 autem
2681 496 2696 519 ,
2727 455 2820 525 qui
2863 457 2914 508 in
2967 456 3067 510 hac
3108 472 3275 512 causa
3329 459 3546 528 gravius
3591 473 3812 530 peccave-

571 552 923 625 apostolicam
967 553 1150 606 sedem
1186 549 1394 606 miserit
1419 562 1518 619 per
1555 562 1649 603 eos
1693 545 1786 618 qui
1813 546 2005 602 directi
2037 543 2150 598 fue-

568 656 695 704 rant
720 647 774 701 in
803 644 1090 702 concilium
1114 659 1144 698 a
1177 641 1630 700 reverendissimo
1655 640 1909 711 episcopo
1941 638 2150 702 Romae,

568 737 662 805 qui
708 736 1002 792 secundum
1047 734 1389 790 definitiones
1422 731 1626 788 Nicteni
1665 729 1878 786 concilii
1907 727 2150 784 consueti

556 836 700 895 sunt
727 827 990 882 interesse
1013 865 1027 892 ,
1059 825 1286 880 Domine
1309 823 1659 880 sanctissime
1687 821 1793 887 fili,
1829 819 2152 876 venerabilis

572 921 884 990 imperator.
913 917 1025 973 Hac
1056 918 1236 989 itaque
1264 918 1458 988 gratia,
1481 925 1573 972 tua
1603 915 1958 972 mansuetudo
1988 913 2152 968 tantis

567 1011 742 1066 turbis
785 1011 1066 1076 resistens,
1095 1010 1379 1065 veritatem
1425 1007 1831 1064 immaculatam
1871 1004 2153 1060 catholica:

569 1103 691 1156 ﬁdei
717 1103 921 1158 servari
949 1101 1252 1172 praecipiat,
1292 1108 1347 1157 et
1378 1099 1677 1156 secundum
1706 1099 1938 1164 formam
1967 1102 2024 1152 et
2061 1095 2154 1150 de-

563 1192 869 1249 finitionem
911 1191 1220 1263 apostolica:
1261 1190 1435 1254 sedis,
1468 1203 1630 1260 quam
1672 1189 1840 1243 etiam
1891 1201 1990 1242 nos
2033 1195 2154 1242 tan-

562 1301 728 1356 quam
773 1286 1171 1357 praecellentem
1223 1283 1477 1338 similiter
1521 1297 1868 1344 veneramur,
1904 1281 1956 1335 in
2007 1287 2151 1335 statu

565 1378 856 1437 sacerdotii
897 1378 1068 1434 illaesa
1097 1385 1352 1432 manente
1406 1391 1503 1446 per
1545 1375 1726 1431 omnia
1775 1373 2056 1436 Flaviano,
2085 1372 2152 1425 ad

567 1468 784 1525 concilii
819 1477 876 1524 et
919 1467 1230 1538 apostolicae
1275 1466 1420 1522 sedis
1467 1465 1730 1536 judicium
1789 1464 2149 1534 transmittat;

565 1559 621 1612 in
651 1573 757 1628 qua
806 1558 1014 1628 primus
1045 1557 1164 1623 ille,
1195 1557 1288 1628 qui
1317 1557 1570 1612 caalestes
1607 1555 1786 1610 claves
1814 1554 2010 1623 dignus
2054 1551 2154 1607 fuit

565 1650 834 1721 accipere,
885 1649 1247 1720 principatum
1295 1648 1638 1718 episcopatus
1693 1645 1982 1702 ordinavit.
2051 1643 2156 1698 Dc-

565 1749 651 1806 cet
697 1739 880 1810 itaque
931 1755 1029 1796 nos
1058 1740 1185 1802 huic
1215 1739 1461 1795 maximae
1513 1738 1750 1802 civitati,
1782 1752 1902 1806 quae
1937 1735 2152 1790 domina

2266 556 2410 610 runt,
2451 554 2506 600 et
2526 547 2594 600 ob
2626 547 2730 601 hoc
2761 546 3096 616 superiorem
3124 549 3225 604 sibi
3248 549 3436 604 locum
3468 549 3522 602 in
3550 551 3720 607 eadem
3749 555 3811 612 in-

2262 635 2406 692 felici
2434 639 2641 709 synodo
2663 638 3029 704 vindicarunt,
3061 648 3122 694 ut
3145 640 3436 694 humilium
3461 639 3678 697 fratrum
3707 647 3816 702 sim-

2259 732 2560 800 plicitatem
2611 734 2936 802 arrogantia:
2987 734 3321 804 praeiudiciis
3372 750 3750 807 aggravarent:
3780 745 3816 799 si

2259 821 2399 878 forte
2436 823 2757 894 resipiscant
2780 832 2835 878 et
2864 823 2989 879 facti
3018 825 3102 879 sui
3141 824 3520 882 defensionem
3571 839 3817 887 cassantes

2259 919 2312 971 in
2343 918 2845 974 condemnationem
2869 919 3069 988 proprii
3093 927 3491 975 convertuntur
3515 921 3722 986 erroris,
3747 922 3820 979 ho-

2259 1026 2376 1064 rum
2426 1010 2729 1066 satisfactio
2779 1009 2906 1065 talis
2938 1012 3184 1077 accedat,
3220 1027 3348 1082 qum
3395 1028 3504 1067 non
3566 1014 3814 1070 refutanda

2259 1100 2529 1165 videatur,
2557 1101 2650 1156 sed
2675 1100 3066 1157 maturioribus
3100 1103 3421 1171 apostolicae
3447 1104 3592 1159 sedis
3610 1106 3817 1163 consiliis

2260 1199 2604 1257 reservetur;
2629 1201 2710 1255 ut,
2735 1191 3059 1247 examinatis
3074 1193 3332 1248 omnibus
3363 1203 3528 1263 atque
3555 1195 3817 1265 perpensis,
3888 1213 3891 1217 '

2257 1283 2356 1352 ipsi
2383 1298 2570 1338 eorum
2599 1285 2990 1354 agnitionibus,
3016 1286 3142 1355 quid
3167 1288 3431 1342 constitui
3458 1286 3664 1350 debeat,
3684 1288 3809 1344 aesti-

2259 1383 2456 1429 metur.
2487 1374 2674 1445 Neque
2708 1377 2856 1446 prius
2882 1377 2934 1430 in
2964 1376 3238 1441 Ecclesia,
3266 1379 3359 1433 cui
3400 1386 3455 1433 te
3476 1377 3723 1433 Dominus
3745 1394 3820 1434 vo-

2259 1467 2358 1520 luit
2379 1466 2694 1536 pmesidere,
2722 1467 3044 1538 cujusquam
3077 1468 3268 1523 talium
3297 1469 3384 1540 (ut
3405 1469 3473 1524 ad
3504 1475 3557 1524 te
3583 1468 3686 1539 jam
3708 1468 3815 1525 scri-

2257 1556 2486 1626 psimus)
2513 1570 2708 1612 nomen
2736 1557 2802 1612 ad
2819 1556 2992 1612 altare
3014 1559 3293 1628 recitatur,
3322 1573 3489 1628 quam
3529 1558 3653 1628 quid
3677 1558 3734 1613 de
3757 1558 3818 1613 eis

2257 1648 2516 1703 constitui
2567 1648 2786 1714 debeat,
2831 1665 3009 1704 rerum
3061 1665 3353 1719 processus
3404 1652 3670 1706 ostendat.
3717 1670 3734 1703 ι
3763 1649 3817 1705 Et

2257 1746 2380 1807 post
2415 1752 2624 1806 pauca:
2654 1757 2673 1791 r
2709 1739 2970 1794 Anni-tere
2991 1741 3191 1811 itaque,
3221 1741 3396 1797 frater
3423 1741 3744 1806 charissima,
3769 1749 3817 1795 ut

562 1833 807 1888 omnium
860 1842 962 1897 est,
988 1833 1042 1886 in
1094 1832 1346 1902 omnibus
1398 1831 1758 1887 reverentiam
1807 1841 2151 1885 conservare.
2189 1809 2229 1868 Β
2255 1844 2378 1898 quae
2428 1828 2684 1884 Ecclesia:
2719 1830 2812 1884 Dei
2838 1809 3160 1902 congruunt,
3197 1833 3438 1888 fideliter
3479 1841 3536 1888 et
3562 1830 3817 1888 efficaciter

564 1923 887 1995 Diligentius
928 1932 1108 1986 autem
1161 1925 1264 1982 hoc
1309 1923 1622 1994 providete,
1656 1937 1724 1977 ne
1770 1921 1912 1991 quod
1961 1920 2157 1996 priscis

566 2015 901 2084 temporibus
941 2023 1124 2074 nostra
1180 2013 1456 2085 generatio
1497 2012 1816 2076 custodivit,
1863 2011 1964 2066 sub
2001 2010 2157 2066 nobis

569 2105 821 2160 imminui
871 2106 1136 2170 videatur,
1175 2113 1232 2158 et
1261 2120 1360 2174 per
1388 2118 1628 2173 praesens
1681 2100 1982 2170 exemplum
2011 2100 2156 2154 schia-

565 2208 741 2254 smata
771 2207 1099 2271 generentur
1128 2178 1268 2254 inter
1305 2196 1586 2265 episcopos
1619 2210 1684 2250 ac
1725 2203 1944 2248 sanctas
1968 2191 2155 2247 Eccle-

564 2293 698 2355 sias.
739 2310 757 2344 ι
797 2291 1038 2362 Apparet
1089 2291 1251 2361 igitur
1277 2306 1345 2345 cx
1373 2289 1457 2345 his
1494 2288 1798 2344 Romanum
1847 2285 2156 2357 pontificem

567 2395 844 2450 nunquam
884 2378 1051 2444 fuisse
1080 2377 1380 2448 subjectum
1419 2378 1741 2449 patriarcha:
1771 2376 2156 2433 Constantino-

561 2470 828 2549 politano,
857 2471 988 2541 quin
1015 2470 1196 2540 potius
1236 2469 1326 2525 ubi
1370 2469 1666 2524 necessitas
1694 2467 2009 2539 postulavit,
2034 2482 2158 2523 eum

566 2563 921 2634 apostolicam
955 2562 1140 2618 sedem
1171 2561 1484 2632 cxpetiisse,
1509 2569 1565 2616 et
1592 2560 1888 2615 secundum
1935 2560 2052 2630 ejus
2071 2559 2158 2628 jus

567 2654 771 2714 dicium
799 2670 955 2710 suam
999 2653 1289 2710 terminum
1329 2652 1532 2707 habere
1560 2666 1779 2707 causam
1810 2651 2153 2724 p0poscisse:

569 2745 1009 2816 quandoquidem
1038 2745 1109 2800 sit
1139 2744 1383 2799 Romana
1419 2743 1614 2799 civitas
1649 2745 1903 2799 omnibus
1942 2743 2156 2814 imperii

570 2837 803 2892 Romani
833 2834 1143 2890 civitatibus
1177 2819 1548 2889 honorabilior
1571 2874 1586 2898 ,
1617 2841 1672 2887 et
1718 2832 1993 2889 Romanus
2023 2847 2158 2902 pon-

568 2929 704 2984 tifex
756 2928 1120 2999 principatum
1164 2926 1410 2981 obtineat
1447 2922 1735 2979 sacerdotii
1768 2938 1930 2994 super
1971 2937 2160 2979 omnes

569 3008 882 3094 episcopos;
929 3029 988 3074 ut
1012 3026 1136 3090 pote
1170 3033 1292 3073 cum
1324 3017 1394 3072 sit
1423 3017 1614 3072 civitas
1641 3017 1755 3070 hrec
1797 3017 2014 3070 domina
2043 3030 2158 3069 om-

569 3115 743 3180 nium,
770 3122 827 3168 et
854 3111 927 3167 illi
957 3109 1162 3166 civitati
1184 3107 1428 3178 quisquis
1454 3104 1733 3176 praefuerit
1755 3105 2061 3174 episcopus,
2087 3118 2156 3158 ex

572 3202 910 3280 antiquitatis
935 3161 1597 3280 constitutione'princeps
1625 3196 1866 3253 omnium
1893 3196 2158 3251 habeatur
2185 3161 2232 3238 Ο

573 3289 959 3367 Ecclesiarum.

643 3387 757 3444 Hac
789 3387 954 3459 igitur
1003 3385 1328 3440 auctoritate
1376 3382 1486 3437 Leo
1523 3380 1852 3437 venerabilis
1900 3378 2160 3437 Romanae

572 3479 808 3545 civitatis
839 3477 1123 3548 episcopus
1154 3475 1353 3553 fretus,
1385 3473 1605 3544 scripsit
1633 3471 1883 3526 Anatolio
1909 3471 2160 3541 episcopo

572 3567 1381 3640 Constantinopolitano(Epist.
1406 3565 1522 3636 46),
1565 3579 1725 3634 quam
1768 3563 1998 3618 formam
2033 3576 2161 3621 con-

569 3661 679 3725 cilii
709 3672 893 3731 tenere
919 3660 1216 3724 debuisset,
1247 3658 1554 3714 damnando
1584 3641 1893 3711 Nestorium
1916 3695 1929 3717 ,
1964 3662 2017 3708 et
2050 3652 2157 3711 Eu.-

570 3743 802 3826 tychen,
833 3753 907 3808 ita
937 3752 1182 3808 scribens
1224 3767 1238 3804 :
1287 3769 1306 3802 ς
1352 3749 1505 3807 Licet
1553 3764 1764 3821 sperem
1819 3746 2159 3804 dilectionem

570 3857 720 3904 tuam
742 3847 811 3901 ad
845 3861 1005 3902 omne
1030 3861 1166 3914 opus
1202 3859 1323 3900 esse
1362 3845 1636 3907 devotam,
1665 3852 1724 3897 ut
1771 3850 1951 3898 tamen
1975 3836 2160 3901 'efficag

571 3938 690 3995 cior
720 3947 810 3990 tua
838 3936 955 3990 fieri
979 3936 1150 4004 possit
1197 3934 1463 3994 industria
1488 3973 1503 3996 ,
1536 3920 1903 3988 necessarium
1931 3936 1986 3984 et
2013 3942 2160 3982 com-

570 4029 793 4085 modum
828 4027 948 4103 fuit,
977 4027 1176 4088 fratres
1201 4040 1352 4095 meos
1381 4024 1680 4098 Licentium
1713 4021 2024 4091 episcopum
2060 4017 2161 4072 Ba-

575 4122 759 4178 siliam
823 4120 1202 4192 presbyterum
1279 4117 1300 4179 f
1315 4128 1373 4172 ut
1426 4116 1812 4187 promisimus)
1869 4114 2156 4176 destinare,

575 4211 773 4285 quibus
821 4219 912 4266 tua
953 4209 1172 4276 dilectio
1199 4209 1458 4273 societur,
1482 4200 1550 4260 'ut
1590 4205 1722 4266 nihil
1751 4205 1803 4259 in
1837 4204 1920 4270 his
1949 4218 2070 4273 quae
2094 4201 2163 4271 ad

571 4300 896 4367 universalis
944 4300 1202 4370 Ecclesiae
1254 4307 1460 4354 statum
1502 4296 1795 4366 pertinent,
1849 4303 1943 4348 aut
1999 4293 2163 4365 dubie

573 4401 766 4465 agatur
791 4401 886 4466 aut
911 4391 1150 4462 segniter
1177 4408 1192 4445 :
1223 4405 1346 4446 cum
1376 4387 1738 4446 residentibus
1766 4385 1942 4451 vobis,
1964 4384 2162 4460 quibus

2257 1934 2380 1974 cum
2409 1918 2496 1973 his
2516 1917 2777 1974 fratribus
2798 1930 3129 1985 constanter,
3159 1937 3298 1992 quos
3339 1924 3567 1982 idoneos
3599 1932 3815 1978 auctores

2257 2008 2537 2079 elegimus,
2562 2009 2902 2079 exsequaris.
2940 2029 2958 2063 ι
2999 2009 3334 2069 Monstratur
3384 2013 3473 2074 bis
3498 2012 3684 2067 litteris
3713 2011 3814 2066 llo-

2259 2119 2480 2159 manum
2509 2103 2821 2174 pontificem
2843 2119 3077 2174 praeesse
3105 2105 3440 2174 patriarcha:
3473 2102 3816 2160 Constantino-

2258 2195 2521 2266 politano,
2547 2195 2636 2251 cui
2674 2197 2824 2250 vices
2861 2210 2988 2251 suas
3017 2197 3069 2250 in
3115 2197 3324 2266 synodo
3373 2196 3648 2262 habendas
3689 2208 3814 2249 com-

2260 2287 2427 2342 mittit
2480 2303 2494 2341 :
2548 2287 2746 2358 cuique
2796 2287 2865 2342 de
2915 2285 3143 2356 singulis
3195 2286 3438 2357 qualiter
3499 2293 3810 2356 exsequatur,

2259 2375 2603 2446 przescrihit;
2650 2386 2705 2430 et
2743 2375 2871 2446 quid
2919 2389 3017 2428 suo
3056 2374 3262 2442 judicio
3310 2375 3690 2432 reservandum
3739 2373 3809 2429 sit.

2261 2468 2482 2535 indicit;
2516 2470 2643 2540 quid
2669 2485 2798 2524 vero
2823 2469 2936 2537 ipse
2983 2467 3351 2525 determinare
3379 2471 3592 2535 debeat,
3622 2467 3808 2531 definit;

2262 2575 2362 2616 nec
2410 2570 2587 2615 tamen
2641 2561 2788 2615 solus
2813 2569 3136 2630 potestatem
3165 2561 3368 2617 habere
3410 2561 3676 2631 iudicandi
3711 2573 3810 2629 per-

2261 2650 2525 2714 mittitur,
2560 2667 2747 2707 verum
2801 2651 2983 2705 socius
3021 2651 3148 2717 illis,
3196 2653 3291 2723 qui
3342 2653 3558 2709 fuerant
3605 2652 3668 2706 ab
3710 2665 3812 2720 apo-

2263 2741 2450 2818 stolica
2498 2741 2625 2796 sede
2673 2742 2895 2804 directi,
2941 2755 3101 2810 super
3143 2742 3573 2800 determinandis
3616 2739 3810 2812 negotiis

2263 2830 2571 2886 adhibetur.
2597 2882 2600 2885 .
3692 2829 3695 2831 “

2334 2919 2536 2977 Scribit
2581 2924 2747 2978 etiam
2779 2924 2920 2979 idem
2949 2925 3139 2981 beatus
3184 2925 3295 2981 Leo
3338 2927 3620 2996 episcopus
3646 2927 3812 2986 sanctae

2261 3013 2470 3086 synodo
2521 3015 2952 3073 Chalcedonensi
2994 3019 3304 3084 constituta:
3355 3019 3528 3087 (epist.
3569 3015 3692 3086 40),
3734 3027 3812 3083 pro

2262 3107 2668 3162 condemnanda
2699 3107 2969 3177 Ephesina
2997 3109 3203 3180 synodo
3231 3108 3496 3172 secunda,
3522 3107 3575 3161 in
3602 3119 3698 3174 qua
3722 3101 3813 3156 ῐιιθ-

2265 3211 2350 3262 rat
2370 3203 2681 3273 patriarcha
2710 3201 3352 3273 Constantiuopolitanus
3380 3199 3693 3275 venerabilis
3725 3194 3816 3250 Fla-

2262 3298 2454 3353 vianus
2483 3312 2589 3353 non
2611 3297 2848 3367 justitia,
2881 3298 2976 3354 sed
3004 3299 3262 3354 violentia
3298 3299 3702 3354 condemnatus.
3734 3290 3816 3346 Cu-

2256 3393 2347 3464 jus
2374 3392 2476 3446 ista
2507 3400 2634 3446 sunt
2665 3390 2828 3446 verba
2849 3433 2864 3457 ,
2899 3391 3223 3447 salutatione
3271 3390 3578 3462 praemissa.
3624 3405 3640 3438 ι
3678 3383 3814 3455 Opta-

2262 3497 2448 3538 veram
2495 3483 2734 3552 quidem,
2782 3482 3155 3549 dilectissimi,
3204 3497 3305 3553 pro
3357 3491 3543 3539 nostra
3593 3476 3815 3534 cbaritate

2260 3573 2470 3644 collegii
2496 3613 2510 3639 ,
2543 3587 2733 3627 omnes
2761 3573 2976 3644 Domini
3004 3573 3317 3632 sacerdotes
3350 3574 3410 3630 in
3442 3587 3546 3647 una
3576 3564 3815 3625 catholica:

2263 3665 2386 3721 fidei
2416 3665 2698 3721 devotione
2731 3665 3046 3736 persistere,
3070 3680 3171 3721 nec
3191 3680 3523 3736 quemquam
3547 3659 3706 3735 gratia
3742 3660 3815 3710 aut

2262 3755 2552 3814 formidine
2586 3756 2924 3812 saacularium
2975 3758 3311 3814 sacerdotem
3356 3754 3659 3828 depravari,
3690 3757 3814 3805 auta

2261 3851 2346 3904 via
2377 3850 2626 3904 veritatis
2652 3850 2963 3905 abscedere.
3011 3849 3117 3905 Sed
3149 3852 3275 3920 quia
3325 3851 3500 3908 multa
3546 3860 3677 3916 sape
3720 3852 3815 3912 ίῐυπ

2261 3941 2652 4010 ρωηίιιιόίηθηι
2674 3939 2882 4010 possint
2903 3954 3186 4010 generare,
3207 3940 3551 4010 proveniunt,
3565 3943 3615 3991 et
3635 3934 3816 4000 superat

2262 4031 2450 4102 culpas
2491 4031 2925 4101 delinquentium
2979 4031 3352 4086 misericordia
3388 4031 3516 4096 Dei,
3543 4037 3693 4096 atque
3719 4020 3814 4076 ideo

2261 4121 2610 4192 suspenditur
2631 4120 2784 4186 ultio,
2811 4131 2868 4175 ut
2895 4122 3066 4191 possit
3097 4122 3274 4177 locum
3320 4123 3524 4178 habere
3549 4111 3812 4198 correctio.

2263 4213 2694 4283 amplectendum
2741 4221 2826 4267 est
2865 4212 3272 4269 clementissimi
3319 4211 3585 4284 principis
3633 4205 3813 4277 plenum

2263 4304 2526 4375 religione
2547 4305 2854 4370 consilium,
2893 4321 3000 4375 quo
3026 4315 3270 4362 sanctam
3317 4304 3701 4361 fraternitatem
3742 4305 3814 4347 ve.

2262 4403 2432 4450 stram
2469 4396 2538 4450 ad
2567 4393 2922 4450 destruendas
2945 4395 3172 4476 insidias
3202 4395 3427 4461 diaboli,
3459 4404 3513 4450 et
3546 4391 3813 4476 reformano

570 4486 976 4554 exsecutionem
1025 4493 1223 4545 nostrae
1250 4479 1618 4551 dispositionis
1665 4477 1999 4545 injunximus
2023 4517 2039 4540 ,
2095 4491 2157 4530 ea
2189 4523 2238 4584 Β
2265 4487 2386 4541 dam
2409 4486 2838 4542 ecclesiasticam
2869 4471 3060 4558 pacem
3095 4485 3281 4540 malui;
3317 4484 3628 4547 convenire,
3650 4471 3810 4534 beatis-

569 4577 781 4650 possint
813 4577 901 4653 agi
930 4584 1126 4636 cuncta
1152 4591 1278 4631 cum
1319 4572 1720 4645 moderatione;
1754 4578 1814 4623 ut
1854 4583 1955 4648 nec
1995 4569 2158 4622 bene-

571 4667 821 4725 volentiae
850 4675 1052 4738 partes,
1082 4680 1181 4722 nec
1202 4664 1430 4734 iustitia:
1451 4662 1809 4734 negligantur,
1835 4661 1929 4717 sed
1955 4661 2160 4730 absque

571 4774 926 4836 personarum
951 4758 1265 4829 acceptione
1286 4757 1526 4814 divinum
1549 4756 1602 4810 in
1631 4754 1884 4810 omnibus
1894 4751 2157 4822 judicium

572 4849 861 4921 cogitetur.
923 4867 943 4900 ι
997 4847 1065 4902 Et
1115 4847 1393 4904 nonnullis
1427 4844 1758 4914 interpositis
1803 4863 1816 4898 :
1855 4861 1872 4894 ε
1924 4842 1990 4898 Et
2033 4842 2158 4912 quia

572 4942 883 5012 evangelica
910 4951 964 4996 et
989 4941 1285 5011 apostolica
1315 4924 1450 4995 fides
1476 4952 1664 4994 omnes
1691 4945 1966 5008 expugnat
2008 4950 2159 4999 erro,-

575 5047 685 5096 res,
710 5041 765 5088 et
791 5032 860 5088 ab
885 5047 993 5090 uno
1015 5031 1181 5088 latere
1203 5030 1508 5100 Nestorium
1550 5029 1757 5100 dejicit,
1794 5029 1862 5095 ab
1894 5028 2002 5083 alio
2055 5027 2161 5081 Eu-

575 5121 774 5194 tychen
805 5131 861 5178 et
910 5121 1202 5191 participes
1229 5123 1347 5192 ejus
1393 5120 1575 5183 elidit,
1611 5120 1754 5175 hanc
1784 5120 2022 5190 regulam
2053 5131 2166 5171 me-

577 5219 818 5268 mentote
860 5212 1222 5268 servandam:
1260 5221 1319 5265 ut
1363 5212 1673 5281 quicunque
1711 5211 1765 5264 in
1812 5209 1900 5264 illa
1937 5207 2163 5279 synodo,

577 5321 699 5374 quae
725 5317 922 5360 nomen
950 5304 1138 5374 synodi
1165 5319 1265 5358 nec
1287 5303 1488 5359 habere
1513 5303 1742 5372 poterit,
1766 5317 1866 5358 nec
1905 5309 2162 5368 meretur,

579 5406 634 5458 et
655 5395 709 5450 in
739 5409 843 5464 qua
875 5395 1304 5450 malevolentiam
1333 5411 1485 5452 suam
1509 5386 1817 5461 Dioscorus,
1848 5395 2164 5450 industriam

585 5497 763 5543 autem
805 5487 1080 5544 Juvenalis
1125 5488 1390 5557 ostendit,
1420 5490 1776 5548 satisfactioni
1823 5505 2010 5545 eorum
2063 5504 2164 5558 pax

583 5580 823 5636 fraterna
861 5591 1146 5651 pmstetur
1178 5603 1188 5636 :
1374 5584 1448 5638 ita
1489 5593 1547 5636 ut
1584 5598 1688 5637 non
1737 5583 1916 5637 dubiis
1958 5581 2166 5652 profesv

585 5672 828 5730 sionibus
853 5672 1131 5744 Eutychen
1153 5689 1276 5728 cum
1303 5689 1403 5730 suo
1424 5675 1694 5742 dogmate,
1728 5681 1782 5725 et
1808 5689 1929 5726 cum
1951 5687 2172 5725 consor-

587 5767 731 5826 ti‘bus
763 5768 895 5833 suis,
929 5769 1291 5825 anathematis
1334 5767 1746 5824 consecratione
1788 5766 2165 5822 condemnem.

2264 4578 2387 4654 simi
2420 4577 2646 4650 apostoli
2675 4578 2819 4657 Petri
2841 4577 2985 4634 sedis
3005 4579 3129 4648 jure
3156 4587 3211 4633 et
3231 4579 3436 4635 honore
3458 4581 3682 4635 servato,
3703 4565 3813 4622 adeo

2262 4677 2324 4725 ut
2352 4685 2454 4724 nos
2479 4683 2694 4740 quoque
2721 4669 2789 4725 ad
2834 4669 2938 4724 hoc
2983 4677 3043 4723 ut
3070 4669 3184 4724 suis
3237 4668 3434 4726 litteris
3487 4659 3812 4723 invitaret,“l

2265 4759 2558 4815 venerabili
2589 4760 2796 4831 synodo
2823 4767 3065 4815 nostram
3097 4760 3424 4815 sententiam
3450 4754 3808 4830 praeberemus:

2264 4847 2406 4918 quod
2428 4849 2646 4925 quidem
2675 4863 2776 4904 nec
2804 4849 3101 4905 necessitas
3127 4850 3405 4919 temporis,
3435 4862 3535 4904 nec
3562 4843 3659 4900 ulla
3690 4843 3810 4909 ροιε·

2266 4948 2351 4994 rat
2376 4940 2707 4996 consuetudo
2732 4941 3088 5010 permittere:
3120 4925 3319 5001 tamen.
3339 4941 3393 4994 in
3434 4939 3518 4995 his
3568 4927 3808 4989 fratribus,

2268 5033 2375 5088 hoc
2401 5042 2504 5096 est,
2540 5031 2806 5104 Pacasino
2835 5041 2892 5088 et
2937 5031 3201 5089 Lucontio
3253 5032 3543 5103 episcopis,
3570 5015 3808 5104 Βοηίίθείίξ

2268 5132 2322 5179 et
2344 5121 2546 5178 Basilio
2563 5099 2918 5194 presbyteris,
2949 5122 3040 5192 qui
3073 5123 3142 5177 ab
3171 5099 3464 5192 apostolica
3503 5116 3624 5174 sede
3650 5099 3806 5166 directi

2269 5224 2414 5281 sunt,
2429 5229 2517 5271 me
2539 5214 2744 5286 synodo
2763 5222 2942 5269 vestra
2956 5213 3272 5269 fraternitas
3288 5213 3517 5269 aestimet
3535 5197 3802 5279 praesidere.

2273 5324 2371 5366 nec
2401 5308 2700 5376 seiunctam
2731 5324 2762 5366 a
2788 5309 2942 5362 vobis
2977 5307 3320 5377 praesentiam
3358 5318 3552 5366 meam,
3580 5293 3664 5368 qui
3690 5295 3804 5346 nunc

2272 5405 2327 5459 in
2349 5404 2569 5460 vicariis
2595 5403 2728 5456 meis
2755 5401 2965 5470 adsum,
2998 5400 3160 5454 etiam
3193 5397 3394 5471 dudum
3421 5399 3470 5451 in
3500 5388 3613 5447 fidei

2269 5497 2385 5550 lica:
2407 5493 2790 5565 praedicatione
2819 5507 2922 5546 non
2947 5492 3157 5545 desum.
3195 5509 3214 5548 ι
3247 5488 3313 5543 Et
3332 5497 3452 5559 post
3479 5483 3611 5538 alia:
3648 5493 3663 5525 ι
3694 5470 3803 5565 Qui.a

2273 5599 2399 5639 vero
2427 5599 2530 5636 non
2573 5583 2906 5651 ignoramus,
2939 5593 3034 5649 per
3079 5593 3272 5648 pravas
3302 5571 3654 5631 aemulationes
3692 5552 3800 5651 tnﬂf'

2271 5685 2447 5732 tarum
2483 5647 2842 5728 Ecefesiayum
2891 5647 3088 5724 statum
3135 5668 3300 5723 fuisse
3354 5667 3640 5721 turbatura,
3669 5647 3802 5719 pluri-

2276 5781 2495 5835 mosque
2526 5765 2740 5829 fratres,
2786 5765 2907 5832 quia
2942 5763 3186 5816 hrurcsim
3220 5777 3326 5814 non
3370 5753 3696 5827 receperunt.
3736 5749 3801 5788 ⁵⁸·
