  <div class='ocr_page' id='page_1' title='image "/cluster/home/n/w/nwhite01/storage/ocr_20150623/121/hvd.32044015471642/176.png"; bbox 0 0 4026 6346; ppageno 0'>
   <div class='ocr_carea' id='block_1_1' title="bbox 238 307 341 365">
    <p class='ocr_par' dir='ltr' id='par_1_1' title="bbox 238 307 341 365">
     <span class='ocr_line' id='line_1_1' title="bbox 238 307 341 365; baseline -0.01 0"><span class='ocrx_word' id='word_1_1' title='bbox 238 307 341 365; x_wconf 65' lang='lat' dir='ltr'><strong>Nl</strong></span> 
     </span>
    </p>
   </div>
   <div class='ocr_carea' id='block_1_2' title="bbox 1133 301 2643 366">
    <p class='ocr_par' dir='ltr' id='par_1_2' title="bbox 1133 301 2643 366">
     <span class='ocr_line' id='line_1_2' title="bbox 1133 301 2643 366; baseline -0.007 0"><span class='ocrx_word' id='word_1_2' title='bbox 1133 307 1406 366; x_wconf 77' lang='lat' dir='ltr'><strong>CONTRA</strong></span> <span class='ocrx_word' id='word_1_3' title='bbox 1444 306 1851 365; x_wconf 62' lang='lat' dir='ltr'><strong>GBECORUM</strong></span> <span class='ocrx_word' id='word_1_4' title='bbox 1890 304 2242 363; x_wconf 71' lang='lat' dir='ltr'><strong>OPPOSITA.</strong></span> <span class='ocrx_word' id='word_1_5' title='bbox 2288 335 2353 345; x_wconf 88' lang='lat'><strong>--</strong></span> <span class='ocrx_word' id='word_1_6' title='bbox 2388 303 2515 358; x_wconf 86' lang='lat' dir='ltr'><strong>LIB.</strong></span> <span class='ocrx_word' id='word_1_7' title='bbox 2558 301 2643 356; x_wconf 69' lang='lat' dir='ltr'><strong>IV&#39;.</strong></span> 
     </span>
    </p>
   </div>
   <div class='ocr_carea' id='block_1_3' title="bbox 3397 304 3502 359">
    <p class='ocr_par' dir='ltr' id='par_1_3' title="bbox 3397 304 3502 359">
     <span class='ocr_line' id='line_1_3' title="bbox 3397 304 3502 359; baseline 0.019 -2"><span class='ocrx_word' id='word_1_8' title='bbox 3397 304 3502 359; x_wconf 63' lang='lat'><strong>349</strong></span> 
     </span>
    </p>
   </div>
   <div class='ocr_carea' id='block_1_4' title="bbox 242 416 3503 491">
    <p class='ocr_par' dir='ltr' id='par_1_4' title="bbox 242 416 3503 491">
     <span class='ocr_line' id='line_1_4' title="bbox 242 416 3503 491; baseline -0.003 -12"><span class='ocrx_word' id='word_1_9' title='bbox 242 422 403 479; x_wconf 81' lang='lat' dir='ltr'><strong>dibus</strong></span> <span class='ocrx_word' id='word_1_10' title='bbox 430 421 545 477; x_wconf 78' lang='lat' dir='ltr'><strong>suis</strong></span> <span class='ocrx_word' id='word_1_11' title='bbox 595 420 797 491; x_wconf 81' lang='lat' dir='ltr'><strong>pulsos,</strong></span> <span class='ocrx_word' id='word_1_12' title='bbox 828 418 961 475; x_wconf 88' lang='lat' dir='ltr'><strong>etin</strong></span> <span class='ocrx_word' id='word_1_13' title='bbox 997 421 1184 475; x_wconf 73' lang='lat' dir='ltr'><strong>exsilia</strong></span> <span class='ocrx_word' id='word_1_14' title='bbox 1231 421 1542 490; x_wconf 74' lang='lat' dir='ltr'><strong>deportatos</strong></span> <span class='ocrx_word' id='word_1_15' title='bbox 1580 428 1739 489; x_wconf 88' lang='lat' dir='ltr'><strong>atque</strong></span> <span class='ocrx_word' id='word_1_16' title='bbox 1776 418 1827 472; x_wconf 93' lang='lat' dir='ltr'><strong>in</strong></span> <span class='ocrx_word' id='word_1_17' title='bbox 1859 424 1904 482; x_wconf 75' lang='grc' dir='ltr'>Α</span> <span class='ocrx_word' id='word_1_18' title='bbox 1934 419 2109 473; x_wconf 85' lang='lat' dir='ltr'><strong>deres.</strong></span> <span class='ocrx_word' id='word_1_19' title='bbox 2156 416 2431 485; x_wconf 85' lang='lat' dir='ltr'><strong>Siquidem</strong></span> <span class='ocrx_word' id='word_1_20' title='bbox 2476 416 2774 471; x_wconf 74' lang='lat' dir='ltr'><strong>continenti</strong></span> <span class='ocrx_word' id='word_1_21' title='bbox 2827 425 3237 485; x_wconf 74' lang='lat' dir='ltr'><strong>opportunaque</strong></span> <span class='ocrx_word' id='word_1_22' title='bbox 3280 430 3503 487; x_wconf 82' lang='lat' dir='ltr'><strong>prospe-</strong></span> 
     </span>
    </p>
   </div>
   <div class='ocr_carea' id='block_1_5' title="bbox 241 509 1829 583">
    <p class='ocr_par' dir='ltr' id='par_1_5' title="bbox 241 509 1829 583">
     <span class='ocr_line' id='line_1_5' title="bbox 241 509 1829 583; baseline -0.006 -13"><span class='ocrx_word' id='word_1_23' title='bbox 241 514 422 570; x_wconf 84' lang='lat' dir='ltr'><strong>loeum</strong></span> <span class='ocrx_word' id='word_1_24' title='bbox 451 512 803 583; x_wconf 83' lang='lat' dir='ltr'><strong>superstitum</strong></span> <span class='ocrx_word' id='word_1_25' title='bbox 830 510 969 566; x_wconf 91' lang='lat' dir='ltr'><strong>alios</strong></span> <span class='ocrx_word' id='word_1_26' title='bbox 996 510 1299 575; x_wconf 87' lang='lat' dir='ltr'><strong>institutos;</strong></span> <span class='ocrx_word' id='word_1_27' title='bbox 1332 511 1417 565; x_wconf 89' lang='lat' dir='ltr'><strong>his</strong></span> <span class='ocrx_word' id='word_1_28' title='bbox 1436 512 1685 581; x_wconf 84' lang='lat' dir='ltr'><strong>primitus</strong></span> <span class='ocrx_word' id='word_1_29' title='bbox 1714 509 1829 563; x_wconf 84' lang='lat' dir='ltr'><strong>vul-</strong></span> 
     </span>
    </p>
   </div>
   <div class='ocr_carea' id='block_1_6' title="bbox 240 601 1827 672">
    <p class='ocr_par' dir='ltr' id='par_1_6' title="bbox 240 601 1827 672">
     <span class='ocr_line' id='line_1_6' title="bbox 240 601 1827 672; baseline -0.003 -12"><span class='ocrx_word' id='word_1_30' title='bbox 240 604 468 660; x_wconf 80' lang='lat' dir='ltr'><strong>neribus</strong></span> <span class='ocrx_word' id='word_1_31' title='bbox 499 603 821 659; x_wconf 81' lang='lat' dir='ltr'><strong>adhibeatur</strong></span> <span class='ocrx_word' id='word_1_32' title='bbox 845 602 1110 657; x_wconf 85' lang='lat' dir='ltr'><strong>medicina</strong></span> <span class='ocrx_word' id='word_1_33' title='bbox 1135 601 1384 669; x_wconf 64' lang='lat' dir='ltr'><strong>justitiaa;</strong></span> <span class='ocrx_word' id='word_1_34' title='bbox 1418 616 1516 656; x_wconf 81' lang='lat' dir='ltr'><strong>nec</strong></span> <span class='ocrx_word' id='word_1_35' title='bbox 1543 602 1827 672; x_wconf 81' lang='lat' dir='ltr'><strong>quisquam</strong></span> 
     </span>
    </p>
   </div>
   <div class='ocr_carea' id='block_1_7' title="bbox 240 692 1823 765">
    <p class='ocr_par' dir='ltr' id='par_1_7' title="bbox 240 692 1823 765">
     <span class='ocr_line' id='line_1_7' title="bbox 240 692 1823 765; baseline -0.004 -13"><span class='ocrx_word' id='word_1_36' title='bbox 240 696 320 752; x_wconf 84' lang='lat' dir='ltr'><strong>ita</strong></span> <span class='ocrx_word' id='word_1_37' title='bbox 348 704 536 751; x_wconf 78' lang='lat' dir='ltr'><strong>careat</strong></span> <span class='ocrx_word' id='word_1_38' title='bbox 563 695 818 765; x_wconf 84' lang='lat' dir='ltr'><strong>propriis,</strong></span> <span class='ocrx_word' id='word_1_39' title='bbox 852 703 919 747; x_wconf 84' lang='lat' dir='ltr'><strong>ut</strong></span> <span class='ocrx_word' id='word_1_40' title='bbox 938 693 1074 748; x_wconf 85' lang='lat' dir='ltr'><strong>alter</strong></span> <span class='ocrx_word' id='word_1_41' title='bbox 1116 702 1298 747; x_wconf 82' lang='lat' dir='ltr'><strong>utatur</strong></span> <span class='ocrx_word' id='word_1_42' title='bbox 1338 693 1528 748; x_wconf 90' lang='lat' dir='ltr'><strong>alienis</strong></span> <span class='ocrx_word' id='word_1_43' title='bbox 1559 707 1573 746; x_wconf 88' lang='lat'><strong>:</strong></span> <span class='ocrx_word' id='word_1_44' title='bbox 1606 708 1728 749; x_wconf 88' lang='lat' dir='ltr'><strong>cum</strong></span> <span class='ocrx_word' id='word_1_45' title='bbox 1759 692 1823 755; x_wconf 93' lang='lat' dir='ltr'><strong>si,</strong></span> 
     </span>
    </p>
   </div>
   <div class='ocr_carea' id='block_1_8' title="bbox 239 781 1829 853">
    <p class='ocr_par' dir='ltr' id='par_1_8' title="bbox 239 781 1829 853">
     <span class='ocr_line' id='line_1_8' title="bbox 239 781 1829 853; baseline -0.001 -15"><span class='ocrx_word' id='word_1_46' title='bbox 239 794 306 839; x_wconf 88' lang='lat' dir='ltr'><strong>ut</strong></span> <span class='ocrx_word' id='word_1_47' title='bbox 321 786 593 853; x_wconf 89' lang='lat' dir='ltr'><strong>cupimus,</strong></span> <span class='ocrx_word' id='word_1_48' title='bbox 622 798 863 840; x_wconf 86' lang='lat' dir='ltr'><strong>errorem</strong></span> <span class='ocrx_word' id='word_1_49' title='bbox 887 798 1078 838; x_wconf 91' lang='lat' dir='ltr'><strong>omnes</strong></span> <span class='ocrx_word' id='word_1_50' title='bbox 1106 781 1436 852; x_wconf 90' lang='lat' dir='ltr'><strong>relinquunt,</strong></span> <span class='ocrx_word' id='word_1_51' title='bbox 1469 783 1667 836; x_wconf 86' lang='lat' dir='ltr'><strong>nemini</strong></span> <span class='ocrx_word' id='word_1_52' title='bbox 1708 782 1829 851; x_wconf 87' lang='lat' dir='ltr'><strong>qui-</strong></span> 
     </span>
    </p>
   </div>
   <div class='ocr_carea' id='block_1_9' title="bbox 238 872 1829 946">
    <p class='ocr_par' dir='ltr' id='par_1_9' title="bbox 238 872 1829 946">
     <span class='ocr_line' id='line_1_9' title="bbox 238 872 1829 946; baseline -0.001 -17"><span class='ocrx_word' id='word_1_53' title='bbox 238 874 368 929; x_wconf 85' lang='lat' dir='ltr'><strong>dem</strong></span> <span class='ocrx_word' id='word_1_54' title='bbox 395 876 571 930; x_wconf 86' lang='lat' dir='ltr'><strong>honor</strong></span> <span class='ocrx_word' id='word_1_55' title='bbox 595 874 773 946; x_wconf 85' lang='lat' dir='ltr'><strong>perire</strong></span> <span class='ocrx_word' id='word_1_56' title='bbox 798 873 1015 937; x_wconf 85' lang='lat' dir='ltr'><strong>debeat,</strong></span> <span class='ocrx_word' id='word_1_57' title='bbox 1045 873 1140 929; x_wconf 90' lang='lat' dir='ltr'><strong>sed</strong></span> <span class='ocrx_word' id='word_1_58' title='bbox 1165 873 1270 928; x_wconf 89' lang='lat' dir='ltr'><strong>illis</strong></span> <span class='ocrx_word' id='word_1_59' title='bbox 1310 873 1400 942; x_wconf 87' lang='lat' dir='ltr'><strong>qui</strong></span> <span class='ocrx_word' id='word_1_60' title='bbox 1421 887 1520 942; x_wconf 88' lang='lat' dir='ltr'><strong>pro</strong></span> <span class='ocrx_word' id='word_1_61' title='bbox 1552 872 1655 926; x_wconf 93' lang='lat' dir='ltr'><strong>ﬁde</strong></span> <span class='ocrx_word' id='word_1_62' title='bbox 1680 872 1829 927; x_wconf 85' lang='lat' dir='ltr'><strong>labo-</strong></span> 
     </span>
    </p>
   </div>
   <div class='ocr_carea' id='block_1_10' title="bbox 240 964 1829 1034">
    <p class='ocr_par' dir='ltr' id='par_1_10' title="bbox 240 964 1829 1034">
     <span class='ocr_line' id='line_1_10' title="bbox 240 964 1829 1034; baseline -0.002 -14"><span class='ocrx_word' id='word_1_63' title='bbox 240 975 547 1030; x_wconf 89' lang='lat' dir='ltr'><strong>raverunt,</strong></span> <span class='ocrx_word' id='word_1_64' title='bbox 588 981 711 1021; x_wconf 92' lang='lat' dir='ltr'><strong>cum</strong></span> <span class='ocrx_word' id='word_1_65' title='bbox 756 966 903 1020; x_wconf 91' lang='lat' dir='ltr'><strong>omni</strong></span> <span class='ocrx_word' id='word_1_66' title='bbox 951 964 1235 1034; x_wconf 86' lang='lat' dir='ltr'><strong>privilegio</strong></span> <span class='ocrx_word' id='word_1_67' title='bbox 1288 973 1534 1033; x_wconf 85' lang='lat' dir='ltr'><strong>oporteat</strong></span> <span class='ocrx_word' id='word_1_68' title='bbox 1581 964 1662 1018; x_wconf 90' lang='lat' dir='ltr'><strong>eis</strong></span> <span class='ocrx_word' id='word_1_69' title='bbox 1702 978 1829 1033; x_wconf 79' lang='lat' dir='ltr'><strong>pro-</strong></span> 
     </span>
    </p>
   </div>
   <div class='ocr_carea' id='block_1_11' title="bbox 237 1056 1826 1131">
    <p class='ocr_par' dir='ltr' id='par_1_11' title="bbox 237 1056 1826 1131">
     <span class='ocr_line' id='line_1_11' title="bbox 237 1056 1826 1131; baseline -0.003 -16"><span class='ocrx_word' id='word_1_70' title='bbox 237 1062 426 1131; x_wconf 85' lang='lat' dir='ltr'><strong>prium</strong></span> <span class='ocrx_word' id='word_1_71' title='bbox 460 1059 781 1117; x_wconf 78' lang='lat' dir='ltr'><strong>reformare.</strong></span> <span class='ocrx_word' id='word_1_72' title='bbox 810 1059 1019 1114; x_wconf 84' lang='lat' dir='ltr'><strong>Prioris</strong></span> <span class='ocrx_word' id='word_1_73' title='bbox 1058 1068 1238 1114; x_wconf 92' lang='lat' dir='ltr'><strong>autem</strong></span> <span class='ocrx_word' id='word_1_74' title='bbox 1297 1058 1580 1128; x_wconf 72' lang='lat' dir='ltr'><strong>Ephesium</strong></span> <span class='ocrx_word' id='word_1_75' title='bbox 1615 1056 1826 1128; x_wconf 88' lang='lat' dir='ltr'><strong>synodi,</strong></span> 
     </span>
    </p>
   </div>
   <div class='ocr_carea' id='block_1_12' title="bbox 238 1150 1831 1221">
    <p class='ocr_par' dir='ltr' id='par_1_12' title="bbox 238 1150 1831 1221">
     <span class='ocr_line' id='line_1_12' title="bbox 238 1150 1831 1221; baseline -0.001 -16"><span class='ocrx_word' id='word_1_76' title='bbox 238 1152 330 1205; x_wconf 88' lang='lat' dir='ltr'><strong>cui</strong></span> <span class='ocrx_word' id='word_1_77' title='bbox 365 1162 573 1207; x_wconf 59' lang='lat' dir='ltr'><strong>sancte</strong></span> <span class='ocrx_word' id='word_1_78' title='bbox 610 1151 885 1206; x_wconf 65' lang='lat' dir='ltr'><strong>memoria:</strong></span> <span class='ocrx_word' id='word_1_79' title='bbox 918 1150 1153 1221; x_wconf 82' lang='lat' dir='ltr'><strong>Cyrillus</strong></span> <span class='ocrx_word' id='word_1_80' title='bbox 1199 1151 1485 1220; x_wconf 87' lang='lat' dir='ltr'><strong>episcopus</strong></span> <span class='ocrx_word' id='word_1_81' title='bbox 1533 1160 1660 1204; x_wconf 91' lang='lat' dir='ltr'><strong>tunc</strong></span> <span class='ocrx_word' id='word_1_82' title='bbox 1694 1163 1831 1218; x_wconf 72' lang='lat' dir='ltr'><strong>prae-</strong></span> 
     </span>
    </p>
   </div>
   <div class='ocr_carea' id='block_1_13' title="bbox 237 1241 1829 1312">
    <p class='ocr_par' dir='ltr' id='par_1_13' title="bbox 237 1241 1829 1312">
     <span class='ocr_line' id='line_1_13' title="bbox 237 1241 1829 1312; baseline -0.003 -15"><span class='ocrx_word' id='word_1_83' title='bbox 237 1242 422 1305; x_wconf 76' lang='lat' dir='ltr'><strong>sedit,</strong></span> <span class='ocrx_word' id='word_1_84' title='bbox 454 1252 643 1297; x_wconf 87' lang='lat' dir='ltr'><strong>contra</strong></span> <span class='ocrx_word' id='word_1_85' title='bbox 693 1241 999 1297; x_wconf 81' lang='lat' dir='ltr'><strong>Nestorium</strong></span> <span class='ocrx_word' id='word_1_86' title='bbox 1043 1242 1349 1312; x_wconf 87' lang='lat' dir='ltr'><strong>specialiter</strong></span> <span class='ocrx_word' id='word_1_87' title='bbox 1379 1248 1579 1296; x_wconf 88' lang='lat' dir='ltr'><strong>statuta</strong></span> <span class='ocrx_word' id='word_1_88' title='bbox 1616 1254 1829 1310; x_wconf 82' lang='lat' dir='ltr'><strong>perma-</strong></span> 
     </span>
    </p>
   </div>
   <div class='ocr_carea' id='block_1_14' title="bbox 238 1332 1827 1403">
    <p class='ocr_par' dir='ltr' id='par_1_14' title="bbox 238 1332 1827 1403">
     <span class='ocr_line' id='line_1_14' title="bbox 238 1332 1827 1403; baseline -0.001 -15"><span class='ocrx_word' id='word_1_89' title='bbox 238 1344 416 1389; x_wconf 85' lang='lat' dir='ltr'><strong>neant</strong></span> <span class='ocrx_word' id='word_1_90' title='bbox 451 1353 464 1388; x_wconf 91' lang='lat'>:</span> <span class='ocrx_word' id='word_1_91' title='bbox 499 1351 567 1389; x_wconf 91' lang='lat' dir='ltr'><strong>ne</strong></span> <span class='ocrx_word' id='word_1_92' title='bbox 614 1344 740 1389; x_wconf 90' lang='lat' dir='ltr'><strong>tunc</strong></span> <span class='ocrx_word' id='word_1_93' title='bbox 790 1334 1045 1389; x_wconf 85' lang='lat' dir='ltr'><strong>damnata</strong></span> <span class='ocrx_word' id='word_1_94' title='bbox 1092 1335 1344 1403; x_wconf 88' lang='lat' dir='ltr'><strong>impietas</strong></span> <span class='ocrx_word' id='word_1_95' title='bbox 1396 1334 1610 1389; x_wconf 79' lang='lat' dir='ltr'><strong>demum</strong></span> <span class='ocrx_word' id='word_1_96' title='bbox 1641 1332 1742 1388; x_wconf 90' lang='lat' dir='ltr'><strong>sibi</strong></span> <span class='ocrx_word' id='word_1_97' title='bbox 1774 1333 1827 1387; x_wconf 93' lang='lat' dir='ltr'><strong>in</strong></span> 
     </span>
    </p>
   </div>
   <div class='ocr_carea' id='block_1_15' title="bbox 237 1423 1831 1495">
    <p class='ocr_par' dir='ltr' id='par_1_15' title="bbox 237 1423 1831 1495">
     <span class='ocr_line' id='line_1_15' title="bbox 237 1423 1831 1495; baseline -0.002 -17"><span class='ocrx_word' id='word_1_98' title='bbox 237 1424 429 1494; x_wconf 83' lang='lat' dir='ltr'><strong>aliquo</strong></span> <span class='ocrx_word' id='word_1_99' title='bbox 468 1425 796 1488; x_wconf 84' lang='lat' dir='ltr'><strong>blandiatur,</strong></span> <span class='ocrx_word' id='word_1_100' title='bbox 840 1440 945 1493; x_wconf 89' lang='lat' dir='ltr'><strong>qua</strong></span> <span class='ocrx_word' id='word_1_101' title='bbox 978 1424 1249 1495; x_wconf 84' lang='lat' dir='ltr'><strong>Eutyches</strong></span> <span class='ocrx_word' id='word_1_102' title='bbox 1273 1424 1415 1493; x_wconf 88' lang='lat' dir='ltr'><strong>justa</strong></span> <span class='ocrx_word' id='word_1_103' title='bbox 1458 1423 1831 1477; x_wconf 77' lang='lat' dir='ltr'><strong>exsecratione</strong></span> 
     </span>
    </p>
   </div>
   <div class='ocr_carea' id='block_1_16' title="bbox 238 1515 1830 1586">
    <p class='ocr_par' dir='ltr' id='par_1_16' title="bbox 238 1515 1830 1586">
     <span class='ocr_line' id='line_1_16' title="bbox 238 1515 1830 1586; baseline -0.001 -17"><span class='ocrx_word' id='word_1_104' title='bbox 238 1515 578 1586; x_wconf 84' lang='lat' dir='ltr'><strong>percellitur.</strong></span> <span class='ocrx_word' id='word_1_105' title='bbox 606 1515 818 1571; x_wconf 85' lang='lat' dir='ltr'><strong>Puritas</strong></span> <span class='ocrx_word' id='word_1_106' title='bbox 840 1516 986 1571; x_wconf 91' lang='lat' dir='ltr'><strong>enim</strong></span> <span class='ocrx_word' id='word_1_107' title='bbox 1012 1516 1133 1571; x_wconf 87' lang='lat' dir='ltr'><strong>ﬁdei</strong></span> <span class='ocrx_word' id='word_1_108' title='bbox 1161 1524 1323 1585; x_wconf 91' lang='lat' dir='ltr'><strong>atque</strong></span> <span class='ocrx_word' id='word_1_109' title='bbox 1352 1515 1595 1570; x_wconf 87' lang='lat' dir='ltr'><strong>doctrina</strong></span> <span class='ocrx_word' id='word_1_110' title='bbox 1620 1555 1633 1576; x_wconf 92' lang='lat'><strong>,</strong></span> <span class='ocrx_word' id='word_1_111' title='bbox 1665 1528 1830 1583; x_wconf 85' lang='lat' dir='ltr'><strong>quam</strong></span> 
     </span>
    </p>
   </div>
   <div class='ocr_carea' id='block_1_17' title="bbox 238 1604 1832 1676">
    <p class='ocr_par' dir='ltr' id='par_1_17' title="bbox 238 1604 1832 1676">
     <span class='ocr_line' id='line_1_17' title="bbox 238 1604 1832 1676; baseline -0.002 -15"><span class='ocrx_word' id='word_1_112' title='bbox 238 1605 461 1671; x_wconf 80' lang='lat' dir='ltr'><strong>eodem,</strong></span> <span class='ocrx_word' id='word_1_113' title='bbox 510 1622 621 1676; x_wconf 91' lang='lat' dir='ltr'><strong>quo</strong></span> <span class='ocrx_word' id='word_1_114' title='bbox 671 1606 842 1662; x_wconf 83' lang='lat' dir='ltr'><strong>sancti</strong></span> <span class='ocrx_word' id='word_1_115' title='bbox 899 1606 1091 1661; x_wconf 86' lang='lat' dir='ltr'><strong>Patres</strong></span> <span class='ocrx_word' id='word_1_116' title='bbox 1135 1606 1343 1669; x_wconf 89' lang='lat' dir='ltr'><strong>nostri,</strong></span> <span class='ocrx_word' id='word_1_117' title='bbox 1384 1606 1575 1676; x_wconf 77' lang='lat' dir='ltr'><strong>Spiritu</strong></span> <span class='ocrx_word' id='word_1_118' title='bbox 1638 1604 1832 1676; x_wconf 69' lang='lat' dir='ltr'><strong>praedi-</strong></span> 
     </span>
    </p>
   </div>
   <div class='ocr_carea' id='block_1_18' title="bbox 238 1696 1831 1769">
    <p class='ocr_par' dir='ltr' id='par_1_18' title="bbox 238 1696 1831 1769">
     <span class='ocr_line' id='line_1_18' title="bbox 238 1696 1831 1769; baseline 0 -16"><span class='ocrx_word' id='word_1_119' title='bbox 238 1712 459 1762; x_wconf 81' lang='lat' dir='ltr'><strong>camus,</strong></span> <span class='ocrx_word' id='word_1_120' title='bbox 500 1708 556 1753; x_wconf 91' lang='lat' dir='ltr'><strong>et</strong></span> <span class='ocrx_word' id='word_1_121' title='bbox 601 1696 977 1754; x_wconf 79' lang='lat' dir='ltr'><strong>Nestorianam</strong></span> <span class='ocrx_word' id='word_1_122' title='bbox 1028 1708 1085 1753; x_wconf 92' lang='lat' dir='ltr'><strong>et</strong></span> <span class='ocrx_word' id='word_1_123' title='bbox 1128 1699 1515 1769; x_wconf 83' lang='lat' dir='ltr'><strong>Eutychianam</strong></span> <span class='ocrx_word' id='word_1_124' title='bbox 1556 1714 1679 1753; x_wconf 91' lang='lat' dir='ltr'><strong>cum</strong></span> <span class='ocrx_word' id='word_1_125' title='bbox 1720 1699 1831 1753; x_wconf 87' lang='lat' dir='ltr'><strong>suis</strong></span> 
     </span>
    </p>
   </div>
   <div class='ocr_carea' id='block_1_19' title="bbox 1931 506 3499 578">
    <p class='ocr_par' dir='ltr' id='par_1_19' title="bbox 1931 506 3499 578">
     <span class='ocr_line' id='line_1_19' title="bbox 1931 506 3499 578; baseline -0.003 -15"><span class='ocrx_word' id='word_1_126' title='bbox 1931 519 2019 564; x_wconf 91' lang='lat' dir='ltr'><strong>ctu</strong></span> <span class='ocrx_word' id='word_1_127' title='bbox 2068 516 2370 578; x_wconf 90' lang='lat' dir='ltr'><strong>promptum</strong></span> <span class='ocrx_word' id='word_1_128' title='bbox 2427 507 2521 560; x_wconf 93' lang='lat' dir='ltr'><strong>tibi</strong></span> <span class='ocrx_word' id='word_1_129' title='bbox 2564 516 2709 561; x_wconf 85' lang='lat' dir='ltr'><strong>esset</strong></span> <span class='ocrx_word' id='word_1_130' title='bbox 2759 519 3065 576; x_wconf 87' lang='lat' dir='ltr'><strong>agnoscere,</strong></span> <span class='ocrx_word' id='word_1_131' title='bbox 3113 506 3240 576; x_wconf 89' lang='lat' dir='ltr'><strong>quid</strong></span> <span class='ocrx_word' id='word_1_132' title='bbox 3282 506 3335 559; x_wconf 92' lang='lat' dir='ltr'><strong>in</strong></span> <span class='ocrx_word' id='word_1_133' title='bbox 3376 508 3499 575; x_wconf 84' lang='lat' dir='ltr'><strong>qui-</strong></span> 
     </span>
    </p>
   </div>
   <div class='ocr_carea' id='block_1_20' title="bbox 1931 597 3505 671">
    <p class='ocr_par' dir='ltr' id='par_1_20' title="bbox 1931 597 3505 671">
     <span class='ocr_line' id='line_1_20' title="bbox 1931 597 3505 671; baseline -0.002 -15"><span class='ocrx_word' id='word_1_134' title='bbox 1931 604 2135 671; x_wconf 88' lang='lat' dir='ltr'><strong>busque</strong></span> <span class='ocrx_word' id='word_1_135' title='bbox 2165 600 2323 656; x_wconf 83' lang='lat' dir='ltr'><strong>rebus</strong></span> <span class='ocrx_word' id='word_1_136' title='bbox 2347 600 2431 655; x_wconf 87' lang='lat' dir='ltr'><strong>vel</strong></span> <span class='ocrx_word' id='word_1_137' title='bbox 2466 610 2555 654; x_wconf 91' lang='lat' dir='ltr'><strong>tuo</strong></span> <span class='ocrx_word' id='word_1_138' title='bbox 2581 600 2759 655; x_wconf 89' lang='lat' dir='ltr'><strong>studio</strong></span> <span class='ocrx_word' id='word_1_139' title='bbox 2792 614 3174 669; x_wconf 86' lang='lat' dir='ltr'><strong>componeres,</strong></span> <span class='ocrx_word' id='word_1_140' title='bbox 3208 597 3289 652; x_wconf 94' lang='lat' dir='ltr'><strong>vel</strong></span> <span class='ocrx_word' id='word_1_141' title='bbox 3320 607 3505 653; x_wconf 84' lang='lat' dir='ltr'><strong>nostro</strong></span> 
     </span>
    </p>
   </div>
   <div class='ocr_carea' id='block_1_21' title="bbox 1923 693 3503 763">
    <p class='ocr_par' dir='ltr' id='par_1_21' title="bbox 1923 693 3503 763">
     <span class='ocr_line' id='line_1_21' title="bbox 1923 693 3503 763; baseline 0.001 -17"><span class='ocrx_word' id='word_1_142' title='bbox 1923 694 2129 763; x_wconf 89' lang='lat' dir='ltr'><strong>judicio</strong></span> <span class='ocrx_word' id='word_1_143' title='bbox 2173 708 2499 751; x_wconf 85' lang='lat' dir='ltr'><strong>reservares.</strong></span> <span class='ocrx_word' id='word_1_144' title='bbox 2554 693 2685 747; x_wconf 86' lang='lat' dir='ltr'><strong>Nam</strong></span> <span class='ocrx_word' id='word_1_145' title='bbox 2734 710 2855 749; x_wconf 92' lang='lat' dir='ltr'><strong>cum</strong></span> <span class='ocrx_word' id='word_1_146' title='bbox 2913 694 3118 763; x_wconf 83' lang='lat' dir='ltr'><strong>majora</strong></span> <span class='ocrx_word' id='word_1_147' title='bbox 3169 694 3383 760; x_wconf 75' lang='lat' dir='ltr'><strong>negotia</strong></span> <span class='ocrx_word' id='word_1_148' title='bbox 3447 703 3503 747; x_wconf 89' lang='lat' dir='ltr'><strong>et</strong></span> 
     </span>
    </p>
   </div>
   <div class='ocr_carea' id='block_1_22' title="bbox 1930 784 3507 841">
    <p class='ocr_par' dir='ltr' id='par_1_22' title="bbox 1930 784 3507 841">
     <span class='ocr_line' id='line_1_22' title="bbox 1930 784 3507 841; baseline -0.001 -1"><span class='ocrx_word' id='word_1_149' title='bbox 1930 784 2254 841; x_wconf 69' lang='lat' dir='ltr'><strong>difﬁciliores</strong></span> <span class='ocrx_word' id='word_1_150' title='bbox 2295 801 2583 841; x_wconf 90' lang='lat' dir='ltr'><strong>causarum</strong></span> <span class='ocrx_word' id='word_1_151' title='bbox 2616 787 2794 841; x_wconf 76' lang='lat' dir='ltr'><strong>exitus</strong></span> <span class='ocrx_word' id='word_1_152' title='bbox 2823 785 3052 840; x_wconf 90' lang='lat' dir='ltr'><strong>liberum</strong></span> <span class='ocrx_word' id='word_1_153' title='bbox 3094 784 3189 838; x_wconf 87' lang='lat' dir='ltr'><strong>tibi</strong></span> <span class='ocrx_word' id='word_1_154' title='bbox 3223 792 3366 839; x_wconf 84' lang='lat' dir='ltr'><strong>esset</strong></span> <span class='ocrx_word' id='word_1_155' title='bbox 3405 784 3507 839; x_wconf 86' lang='lat' dir='ltr'><strong>sub</strong></span> 
     </span>
    </p>
   </div>
   <div class='ocr_carea' id='block_1_23' title="bbox 1929 878 3507 948">
    <p class='ocr_par' dir='ltr' id='par_1_23' title="bbox 1929 878 3507 948">
     <span class='ocr_line' id='line_1_23' title="bbox 1929 878 3507 948; baseline -0.001 -16"><span class='ocrx_word' id='word_1_156' title='bbox 1929 888 2114 932; x_wconf 90' lang='lat' dir='ltr'><strong>nostra</strong></span> <span class='ocrx_word' id='word_1_157' title='bbox 2185 878 2467 934; x_wconf 66' lang='lat' dir='ltr'><strong>sententia:</strong></span> <span class='ocrx_word' id='word_1_158' title='bbox 2527 878 2935 947; x_wconf 79' lang='lat' dir='ltr'><strong>exspectatione</strong></span> <span class='ocrx_word' id='word_1_159' title='bbox 2988 878 3351 948; x_wconf 88' lang='lat' dir='ltr'><strong>suspendere,</strong></span> <span class='ocrx_word' id='word_1_160' title='bbox 3406 891 3507 931; x_wconf 83' lang='lat' dir='ltr'><strong>nec</strong></span> 
     </span>
    </p>
   </div>
   <div class='ocr_carea' id='block_1_24' title="bbox 1928 966 3507 1036">
    <p class='ocr_par' dir='ltr' id='par_1_24' title="bbox 1928 966 3507 1036">
     <span class='ocr_line' id='line_1_24' title="bbox 1928 966 3507 1036; baseline -0.001 -15"><span class='ocrx_word' id='word_1_161' title='bbox 1928 967 2067 1021; x_wconf 87' lang='lat' dir='ltr'><strong>ratio</strong></span> <span class='ocrx_word' id='word_1_162' title='bbox 2097 968 2191 1023; x_wconf 83' lang='lat' dir='ltr'><strong>tibi</strong></span> <span class='ocrx_word' id='word_1_163' title='bbox 2224 982 2326 1023; x_wconf 86' lang='lat' dir='ltr'><strong>nec</strong></span> <span class='ocrx_word' id='word_1_164' title='bbox 2352 968 2649 1023; x_wconf 87' lang='lat' dir='ltr'><strong>necessitas</strong></span> <span class='ocrx_word' id='word_1_165' title='bbox 2683 967 2781 1022; x_wconf 83' lang='lat' dir='ltr'><strong>fuit</strong></span> <span class='ocrx_word' id='word_1_166' title='bbox 2802 1009 2816 1027; x_wconf 86' lang='lat'><strong><em>.</em></strong></span> <span class='ocrx_word' id='word_1_167' title='bbox 2848 967 2901 1021; x_wconf 93' lang='lat' dir='ltr'><strong>in</strong></span> <span class='ocrx_word' id='word_1_168' title='bbox 2942 966 2992 1021; x_wconf 92' lang='lat' dir='ltr'><strong>id</strong></span> <span class='ocrx_word' id='word_1_169' title='bbox 3024 967 3165 1036; x_wconf 91' lang='lat' dir='ltr'><strong>quod</strong></span> <span class='ocrx_word' id='word_1_170' title='bbox 3196 981 3507 1021; x_wconf 88' lang='lat' dir='ltr'><strong>mensuram</strong></span> 
     </span>
    </p>
   </div>
   <div class='ocr_carea' id='block_1_25' title="bbox 1930 1060 3509 1131">
    <p class='ocr_par' dir='ltr' id='par_1_25' title="bbox 1930 1060 3509 1131">
     <span class='ocr_line' id='line_1_25' title="bbox 1930 1060 3509 1131; baseline -0.002 -12"><span class='ocrx_word' id='word_1_171' title='bbox 1930 1064 2008 1119; x_wconf 92' lang='lat' dir='ltr'><strong>tui</strong></span> <span class='ocrx_word' id='word_1_172' title='bbox 2049 1063 2363 1125; x_wconf 76' lang='lat' dir='ltr'><strong>excederet,</strong></span> <span class='ocrx_word' id='word_1_173' title='bbox 2409 1063 2705 1118; x_wconf 90' lang='lat' dir='ltr'><strong>deviandi:</strong></span> <span class='ocrx_word' id='word_1_174' title='bbox 2748 1062 3025 1116; x_wconf 89' lang='lat' dir='ltr'><strong>abundant</strong></span> <span class='ocrx_word' id='word_1_175' title='bbox 3072 1060 3217 1115; x_wconf 89' lang='lat' dir='ltr'><strong>cnim</strong></span> <span class='ocrx_word' id='word_1_176' title='bbox 3267 1060 3407 1131; x_wconf 88' lang='lat' dir='ltr'><strong>apud</strong></span> <span class='ocrx_word' id='word_1_177' title='bbox 3454 1068 3509 1116; x_wconf 86' lang='lat' dir='ltr'><strong>te</strong></span> 
     </span>
    </p>
   </div>
   <div class='ocr_carea' id='block_1_26' title="bbox 1929 1150 3509 1225">
    <p class='ocr_par' dir='ltr' id='par_1_26' title="bbox 1929 1150 3509 1225">
     <span class='ocr_line' id='line_1_26' title="bbox 1929 1150 3509 1225; baseline -0.003 -16"><span class='ocrx_word' id='word_1_178' title='bbox 1929 1157 2257 1210; x_wconf 88' lang='lat' dir='ltr'><strong>monitorum</strong></span> <span class='ocrx_word' id='word_1_179' title='bbox 2306 1155 2507 1225; x_wconf 86' lang='lat' dir='ltr'><strong>scripta</strong></span> <span class='ocrx_word' id='word_1_180' title='bbox 2548 1165 2899 1216; x_wconf 88' lang='lat' dir='ltr'><strong>nostrorum,</strong></span> <span class='ocrx_word' id='word_1_181' title='bbox 2946 1153 3142 1222; x_wconf 89' lang='lat' dir='ltr'><strong>quibus</strong></span> <span class='ocrx_word' id='word_1_182' title='bbox 3178 1160 3230 1206; x_wconf 87' lang='lat' dir='ltr'><strong>te</strong></span> <span class='ocrx_word' id='word_1_183' title='bbox 3275 1150 3340 1205; x_wconf 93' lang='lat' dir='ltr'><strong>de</strong></span> <span class='ocrx_word' id='word_1_184' title='bbox 3388 1167 3509 1205; x_wconf 90' lang='lat' dir='ltr'><strong>om-</strong></span> 
     </span>
    </p>
   </div>
   <div class='ocr_carea' id='block_1_27' title="bbox 1930 1246 3511 1318">
    <p class='ocr_par' dir='ltr' id='par_1_27' title="bbox 1930 1246 3511 1318">
     <span class='ocr_line' id='line_1_27' title="bbox 1930 1246 3511 1318; baseline -0.003 -15"><span class='ocrx_word' id='word_1_185' title='bbox 1930 1250 2078 1304; x_wconf 91' lang='lat' dir='ltr'><strong>nium</strong></span> <span class='ocrx_word' id='word_1_186' title='bbox 2139 1250 2412 1303; x_wconf 86' lang='lat' dir='ltr'><strong>actionum</strong></span> <span class='ocrx_word' id='word_1_187' title='bbox 2466 1249 2821 1318; x_wconf 85' lang='lat' dir='ltr'><strong>temperantia</strong></span> <span class='ocrx_word' id='word_1_188' title='bbox 2881 1248 3191 1317; x_wconf 76' lang='lat' dir='ltr'><strong>frequenter</strong></span> <span class='ocrx_word' id='word_1_189' title='bbox 3250 1246 3511 1300; x_wconf 78' lang='lat' dir='ltr'><strong>instruxi-</strong></span> 
     </span>
    </p>
   </div>
   <div class='ocr_carea' id='block_1_28' title="bbox 1931 1335 3512 1406">
    <p class='ocr_par' dir='ltr' id='par_1_28' title="bbox 1931 1335 3512 1406">
     <span class='ocr_line' id='line_1_28' title="bbox 1931 1335 3512 1406; baseline -0.003 -12"><span class='ocrx_word' id='word_1_190' title='bbox 1931 1356 2082 1404; x_wconf 87' lang='lat' dir='ltr'><strong>mus;</strong></span> <span class='ocrx_word' id='word_1_191' title='bbox 2146 1349 2205 1395; x_wconf 92' lang='lat' dir='ltr'><strong>ut</strong></span> <span class='ocrx_word' id='word_1_192' title='bbox 2244 1340 2654 1396; x_wconf 88' lang='lat' dir='ltr'><strong>commendatas</strong></span> <span class='ocrx_word' id='word_1_193' title='bbox 2709 1339 2804 1393; x_wconf 80' lang='lat' dir='ltr'><strong>tibi</strong></span> <span class='ocrx_word' id='word_1_194' title='bbox 2854 1337 3053 1392; x_wconf 88' lang='lat' dir='ltr'><strong>Christi</strong></span> <span class='ocrx_word' id='word_1_195' title='bbox 3096 1335 3365 1391; x_wconf 86' lang='lat' dir='ltr'><strong>Ecclesias</strong></span> <span class='ocrx_word' id='word_1_196' title='bbox 3412 1349 3512 1406; x_wconf 86' lang='lat' dir='ltr'><strong>per</strong></span> 
     </span>
    </p>
   </div>
   <div class='ocr_carea' id='block_1_29' title="bbox 1931 1427 3511 1488">
    <p class='ocr_par' dir='ltr' id='par_1_29' title="bbox 1931 1427 3511 1488">
     <span class='ocr_line' id='line_1_29' title="bbox 1931 1427 3511 1488; baseline -0.004 -1"><span class='ocrx_word' id='word_1_197' title='bbox 1931 1433 2359 1488; x_wconf 79' lang='lat' dir='ltr'><strong>exhortationem</strong></span> <span class='ocrx_word' id='word_1_198' title='bbox 2399 1432 2682 1487; x_wconf 89' lang='lat' dir='ltr'><strong>charitatis</strong></span> <span class='ocrx_word' id='word_1_199' title='bbox 2720 1430 2785 1483; x_wconf 90' lang='lat' dir='ltr'><strong>ad</strong></span> <span class='ocrx_word' id='word_1_200' title='bbox 2836 1429 3208 1483; x_wconf 84' lang='lat' dir='ltr'><strong>salubritatem</strong></span> <span class='ocrx_word' id='word_1_201' title='bbox 3257 1427 3511 1482; x_wconf 85' lang='lat' dir='ltr'><strong>obedien-</strong></span> 
     </span>
    </p>
   </div>
   <div class='ocr_carea' id='block_1_30' title="bbox 1933 1519 3505 1595">
    <p class='ocr_par' dir='ltr' id='par_1_30' title="bbox 1933 1519 3505 1595">
     <span class='ocr_line' id='line_1_30' title="bbox 1933 1519 3505 1595; baseline -0.006 -16"><span class='ocrx_word' id='word_1_202' title='bbox 1933 1526 2019 1579; x_wconf 63' lang='lat' dir='ltr'><strong>tite</strong></span> <span class='ocrx_word' id='word_1_203' title='bbox 2044 1540 2387 1595; x_wconf 88' lang='lat' dir='ltr'><strong>provocares.</strong></span> <span class='ocrx_word' id='word_1_204' title='bbox 2426 1544 2445 1576; x_wconf 73' lang='grc' dir='ltr'><strong>ι</strong></span> <span class='ocrx_word' id='word_1_205' title='bbox 2492 1525 2559 1579; x_wconf 83' lang='lat' dir='ltr'><strong>Et</strong></span> <span class='ocrx_word' id='word_1_206' title='bbox 2594 1532 2712 1592; x_wconf 90' lang='lat' dir='ltr'><strong>post</strong></span> <span class='ocrx_word' id='word_1_207' title='bbox 2753 1521 2855 1575; x_wconf 88' lang='lat' dir='ltr'><strong>alia</strong></span> <span class='ocrx_word' id='word_1_208' title='bbox 2900 1519 3203 1575; x_wconf 85' lang='lat' dir='ltr'><strong>istiusmodi</strong></span> <span class='ocrx_word' id='word_1_209' title='bbox 3248 1519 3505 1588; x_wconf 82' lang='lat' dir='ltr'><strong>redargu-</strong></span> 
     </span>
    </p>
   </div>
   <div class='ocr_carea' id='block_1_31' title="bbox 1932 1607 3509 1685">
    <p class='ocr_par' dir='ltr' id='par_1_31' title="bbox 1932 1607 3509 1685">
     <span class='ocr_line' id='line_1_31' title="bbox 1932 1607 3509 1685; baseline -0.004 -17"><span class='ocrx_word' id='word_1_210' title='bbox 1932 1615 2167 1670; x_wconf 88' lang='lat' dir='ltr'><strong>tionibus</strong></span> <span class='ocrx_word' id='word_1_211' title='bbox 2189 1625 2504 1685; x_wconf 81' lang='lat' dir='ltr'><strong>conquesta,</strong></span> <span class='ocrx_word' id='word_1_212' title='bbox 2536 1614 2732 1667; x_wconf 90' lang='lat' dir='ltr'><strong>iterum</strong></span> <span class='ocrx_word' id='word_1_213' title='bbox 2760 1610 2919 1666; x_wconf 88' lang='lat' dir='ltr'><strong>inl&#39;erl</strong></span> <span class='ocrx_word' id='word_1_214' title='bbox 2956 1609 3131 1681; x_wconf 85' lang='lat' dir='ltr'><strong>(ibid.)</strong></span> <span class='ocrx_word' id='word_1_215' title='bbox 3160 1628 3172 1662; x_wconf 87' lang='lat'><strong>:</strong></span> <span class='ocrx_word' id='word_1_216' title='bbox 3218 1627 3235 1659; x_wconf 73' lang='grc' dir='ltr'><strong>ι</strong></span> <span class='ocrx_word' id='word_1_217' title='bbox 3278 1607 3344 1661; x_wconf 82' lang='grc' dir='ltr'>Ει</span> <span class='ocrx_word' id='word_1_218' title='bbox 3379 1607 3509 1661; x_wconf 87' lang='lat' dir='ltr'><strong>dum</strong></span> 
     </span>
    </p>
   </div>
   <div class='ocr_carea' id='block_1_32' title="bbox 1933 1700 3497 1777">
    <p class='ocr_par' dir='ltr' id='par_1_32' title="bbox 1933 1700 3497 1777">
     <span class='ocr_line' id='line_1_32' title="bbox 1933 1700 3497 1777; baseline -0.005 -18"><span class='ocrx_word' id='word_1_219' title='bbox 1933 1705 2197 1759; x_wconf 85' lang='lat' dir='ltr'><strong>dominari</strong></span> <span class='ocrx_word' id='word_1_220' title='bbox 2242 1706 2412 1777; x_wconf 85' lang='lat' dir='ltr'><strong>magis</strong></span> <span class='ocrx_word' id='word_1_221' title='bbox 2448 1719 2609 1774; x_wconf 88' lang='lat' dir='ltr'><strong>quam</strong></span> <span class='ocrx_word' id='word_1_222' title='bbox 2639 1702 2918 1757; x_wconf 84' lang='lat' dir='ltr'><strong>consulere</strong></span> <span class='ocrx_word' id='word_1_223' title='bbox 2967 1700 3197 1755; x_wconf 81' lang='lat' dir='ltr'><strong>subditis</strong></span> <span class='ocrx_word' id='word_1_224' title='bbox 3227 1707 3497 1770; x_wconf 80' lang='lat' dir='ltr'><strong>quzerant,</strong></span> 
     </span>
    </p>
   </div>
   <div class='ocr_carea' id='block_1_33' title="bbox 239 1773 3510 1867">
    <p class='ocr_par' dir='ltr' id='par_1_33' title="bbox 239 1773 3510 1867">
     <span class='ocr_line' id='line_1_33' title="bbox 239 1773 3510 1867; baseline 0.001 -24"><span class='ocrx_word' id='word_1_225' title='bbox 239 1790 567 1845; x_wconf 85' lang='lat' dir='ltr'><strong>auctoribus</strong></span> <span class='ocrx_word' id='word_1_226' title='bbox 601 1791 924 1847; x_wconf 86' lang='lat' dir='ltr'><strong>condemnat</strong></span> <span class='ocrx_word' id='word_1_227' title='bbox 949 1792 1158 1861; x_wconf 87' lang='lat' dir='ltr'><strong>pariter</strong></span> <span class='ocrx_word' id='word_1_228' title='bbox 1180 1800 1235 1846; x_wconf 92' lang='lat' dir='ltr'><strong>et</strong></span> <span class='ocrx_word' id='word_1_229' title='bbox 1263 1791 1605 1862; x_wconf 85' lang='lat' dir='ltr'><strong>persequitur</strong></span> <span class='ocrx_word' id='word_1_230' title='bbox 1651 1790 1830 1860; x_wconf 90' lang='lat' dir='ltr'><strong>pravi-</strong></span> <span class='ocrx_word' id='word_1_231' title='bbox 1860 1773 1907 1833; x_wconf 69' lang='grc' dir='ltr'><strong>Β</strong></span> <span class='ocrx_word' id='word_1_232' title='bbox 1934 1797 2109 1867; x_wconf 80' lang='lat' dir='ltr'><strong>placet</strong></span> <span class='ocrx_word' id='word_1_233' title='bbox 2156 1773 2356 1861; x_wconf 63' lang='lat' dir='ltr'><strong>honor,</strong></span> <span class='ocrx_word' id='word_1_234' title='bbox 2396 1773 2547 1852; x_wconf 88' lang='lat' dir='ltr'><strong>inﬁat</strong></span> <span class='ocrx_word' id='word_1_235' title='bbox 2596 1796 2845 1865; x_wconf 85' lang='lat' dir='ltr'><strong>superbia</strong></span> <span class='ocrx_word' id='word_1_236' title='bbox 2871 1835 2885 1858; x_wconf 89' lang='lat'><strong>,</strong></span> <span class='ocrx_word' id='word_1_237' title='bbox 2930 1802 2984 1849; x_wconf 91' lang='lat' dir='ltr'><strong>et</strong></span> <span class='ocrx_word' id='word_1_238' title='bbox 3038 1793 3179 1864; x_wconf 89' lang='lat' dir='ltr'><strong>quod</strong></span> <span class='ocrx_word' id='word_1_239' title='bbox 3232 1791 3510 1862; x_wconf 89' lang='lat' dir='ltr'><strong>provisum</strong></span> 
     </span>
    </p>
   </div>
   <div class='ocr_carea' id='block_1_34' title="bbox 241 1886 498 1933">
    <p class='ocr_par' dir='ltr' id='par_1_34' title="bbox 241 1886 498 1933">
     <span class='ocr_line' id='line_1_34' title="bbox 241 1886 498 1933; baseline -0.012 0"><span class='ocrx_word' id='word_1_240' title='bbox 241 1886 437 1933; x_wconf 85' lang='lat' dir='ltr'><strong>tatem.</strong></span> <span class='ocrx_word' id='word_1_241' title='bbox 480 1898 498 1930; x_wconf 75' lang='grc' dir='ltr'><strong>ι</strong></span> 
     </span>
    </p>
   </div>
   <div class='ocr_carea' id='block_1_35' title="bbox 1930 1881 3515 1951">
    <p class='ocr_par' dir='ltr' id='par_1_35' title="bbox 1930 1881 3515 1951">
     <span class='ocr_line' id='line_1_35' title="bbox 1930 1881 3515 1951; baseline -0.006 -7"><span class='ocrx_word' id='word_1_242' title='bbox 1930 1899 2015 1944; x_wconf 89' lang='lat' dir='ltr'><strong>est</strong></span> <span class='ocrx_word' id='word_1_243' title='bbox 2072 1889 2135 1943; x_wconf 89' lang='lat' dir='ltr'><strong>ad</strong></span> <span class='ocrx_word' id='word_1_244' title='bbox 2186 1890 2532 1945; x_wconf 79' lang='lat' dir='ltr'><strong>concordiam</strong></span> <span class='ocrx_word' id='word_1_245' title='bbox 2564 1929 2577 1951; x_wconf 91' lang='lat'><strong>,</strong></span> <span class='ocrx_word' id='word_1_246' title='bbox 2629 1886 2803 1942; x_wconf 87' lang='lat' dir='ltr'><strong>tendit</strong></span> <span class='ocrx_word' id='word_1_247' title='bbox 2855 1885 2920 1939; x_wconf 89' lang='lat' dir='ltr'><strong>ad</strong></span> <span class='ocrx_word' id='word_1_248' title='bbox 2972 1898 3189 1939; x_wconf 81' lang='lat' dir='ltr'><strong>noxam.</strong></span> <span class='ocrx_word' id='word_1_249' title='bbox 3251 1881 3403 1948; x_wconf 86' lang='lat' dir='ltr'><strong>Quod</strong></span> <span class='ocrx_word' id='word_1_250' title='bbox 3453 1891 3515 1936; x_wconf 86' lang='lat' dir='ltr'><strong>ut</strong></span> 
     </span>
    </p>
   </div>
   <div class='ocr_carea' id='block_1_36' title="bbox 314 1970 3514 2044">
    <p class='ocr_par' dir='ltr' id='par_1_36' title="bbox 314 1970 3514 2044">
     <span class='ocr_line' id='line_1_36' title="bbox 314 1970 3514 2044; baseline 0.003 -21"><span class='ocrx_word' id='word_1_251' title='bbox 314 1970 666 2026; x_wconf 74' lang='lat' dir='ltr'><strong>Advenimus</strong></span> <span class='ocrx_word' id='word_1_252' title='bbox 695 1980 841 2027; x_wconf 87' lang='lat' dir='ltr'><strong>certe</strong></span> <span class='ocrx_word' id='word_1_253' title='bbox 885 1972 1140 2026; x_wconf 68' lang='lat' dir='ltr'><strong>Romanae</strong></span> <span class='ocrx_word' id='word_1_254' title='bbox 1183 1970 1327 2028; x_wconf 89' lang='lat' dir='ltr'><strong>sedis</strong></span> <span class='ocrx_word' id='word_1_255' title='bbox 1369 1970 1677 2041; x_wconf 84' lang='lat' dir='ltr'><strong>pontiﬁcem</strong></span> <span class='ocrx_word' id='word_1_256' title='bbox 1734 1985 1833 2025; x_wconf 80' lang='lat' dir='ltr'><strong>nec</strong></span> <span class='ocrx_word' id='word_1_257' title='bbox 1932 1994 2154 2035; x_wconf 86' lang='lat' dir='ltr'><strong>necesse</strong></span> <span class='ocrx_word' id='word_1_258' title='bbox 2200 1979 2497 2034; x_wconf 84' lang='lat' dir='ltr'><strong>habeamus</strong></span> <span class='ocrx_word' id='word_1_259' title='bbox 2534 1978 2606 2031; x_wconf 87' lang='lat' dir='ltr'><strong>ita</strong></span> <span class='ocrx_word' id='word_1_260' title='bbox 2659 1977 2868 2040; x_wconf 85' lang='lat' dir='ltr'><strong>dicere,</strong></span> <span class='ocrx_word' id='word_1_261' title='bbox 2904 1991 3009 2029; x_wconf 89' lang='lat' dir='ltr'><strong>non</strong></span> <span class='ocrx_word' id='word_1_262' title='bbox 3050 1974 3116 2028; x_wconf 91' lang='lat' dir='ltr'><strong>de</strong></span> <span class='ocrx_word' id='word_1_263' title='bbox 3146 1988 3312 2044; x_wconf 86' lang='lat' dir='ltr'><strong>parvo</strong></span> <span class='ocrx_word' id='word_1_264' title='bbox 3342 1973 3514 2031; x_wconf 84' lang='lat' dir='ltr'><strong>animi</strong></span> 
     </span>
    </p>
   </div>
   <div class='ocr_carea' id='block_1_37' title="bbox 242 2062 1830 2133">
    <p class='ocr_par' dir='ltr' id='par_1_37' title="bbox 242 2062 1830 2133">
     <span class='ocr_line' id='line_1_37' title="bbox 242 2062 1830 2133; baseline 0.001 -18"><span class='ocrx_word' id='word_1_265' title='bbox 242 2062 507 2130; x_wconf 81' lang='lat' dir='ltr'><strong>supponi,</strong></span> <span class='ocrx_word' id='word_1_266' title='bbox 536 2076 634 2117; x_wconf 90' lang='lat' dir='ltr'><strong>nec</strong></span> <span class='ocrx_word' id='word_1_267' title='bbox 658 2062 923 2125; x_wconf 83' lang='lat' dir='ltr'><strong>conferri,</strong></span> <span class='ocrx_word' id='word_1_268' title='bbox 956 2063 1048 2118; x_wconf 83' lang='lat' dir='ltr'><strong>sed</strong></span> <span class='ocrx_word' id='word_1_269' title='bbox 1077 2063 1319 2133; x_wconf 57' lang='lat' dir='ltr'><strong>praeferri</strong></span> <span class='ocrx_word' id='word_1_270' title='bbox 1378 2063 1830 2133; x_wconf 67' lang='lat' dir='ltr'><strong>Constantinopoo</strong></span> 
     </span>
    </p>
   </div>
   <div class='ocr_carea' id='block_1_38' title="bbox 243 2151 1835 2224">
    <p class='ocr_par' dir='ltr' id='par_1_38' title="bbox 243 2151 1835 2224">
     <span class='ocr_line' id='line_1_38' title="bbox 243 2151 1835 2224; baseline 0.003 -21"><span class='ocrx_word' id='word_1_271' title='bbox 243 2151 421 2207; x_wconf 89' lang='lat' dir='ltr'><strong>litano</strong></span> <span class='ocrx_word' id='word_1_272' title='bbox 464 2154 823 2223; x_wconf 77' lang='lat' dir='ltr'><strong>patriarchze;</strong></span> <span class='ocrx_word' id='word_1_273' title='bbox 863 2156 1295 2224; x_wconf 86' lang='lat' dir='ltr'><strong>quandoquidem</strong></span> <span class='ocrx_word' id='word_1_274' title='bbox 1339 2155 1835 2211; x_wconf 87' lang='lat' dir='ltr'><strong>Chalcedonensem</strong></span> 
     </span>
    </p>
   </div>
   <div class='ocr_carea' id='block_1_39' title="bbox 242 2244 1837 2316">
    <p class='ocr_par' dir='ltr' id='par_1_39' title="bbox 242 2244 1837 2316">
     <span class='ocr_line' id='line_1_39' title="bbox 242 2244 1837 2316; baseline 0.001 -19"><span class='ocrx_word' id='word_1_275' title='bbox 242 2244 518 2313; x_wconf 76' lang='lat' dir='ltr'><strong>synodum</strong></span> <span class='ocrx_word' id='word_1_276' title='bbox 569 2245 845 2299; x_wconf 80' lang='lat' dir='ltr'><strong>videamus</strong></span> <span class='ocrx_word' id='word_1_277' title='bbox 898 2245 1013 2313; x_wconf 83' lang='lat' dir='ltr'><strong>ejus</strong></span> <span class='ocrx_word' id='word_1_278' title='bbox 1056 2248 1413 2316; x_wconf 85' lang='lat' dir='ltr'><strong>permissione</strong></span> <span class='ocrx_word' id='word_1_279' title='bbox 1459 2246 1622 2301; x_wconf 79' lang='lat' dir='ltr'><strong>fuisse</strong></span> <span class='ocrx_word' id='word_1_280' title='bbox 1683 2246 1837 2301; x_wconf 62' lang='lat' dir='ltr'><strong>colle.</strong></span> 
     </span>
    </p>
   </div>
   <div class='ocr_carea' id='block_1_40' title="bbox 243 2337 1831 2409">
    <p class='ocr_par' dir='ltr' id='par_1_40' title="bbox 243 2337 1831 2409">
     <span class='ocr_line' id='line_1_40' title="bbox 243 2337 1831 2409; baseline 0 -18"><span class='ocrx_word' id='word_1_281' title='bbox 243 2345 436 2391; x_wconf 81' lang='lat' dir='ltr'><strong>ctam:</strong></span> <span class='ocrx_word' id='word_1_282' title='bbox 470 2337 668 2405; x_wconf 85' lang='lat' dir='ltr'><strong>cuique</strong></span> <span class='ocrx_word' id='word_1_283' title='bbox 709 2337 997 2405; x_wconf 71' lang='lat' dir='ltr'><strong>prarsidere</strong></span> <span class='ocrx_word' id='word_1_284' title='bbox 1044 2338 1233 2391; x_wconf 90' lang='lat' dir='ltr'><strong>maluit</strong></span> <span class='ocrx_word' id='word_1_285' title='bbox 1278 2354 1375 2409; x_wconf 90' lang='lat' dir='ltr'><strong>per</strong></span> <span class='ocrx_word' id='word_1_286' title='bbox 1422 2353 1548 2393; x_wconf 92' lang='lat' dir='ltr'><strong>suos</strong></span> <span class='ocrx_word' id='word_1_287' title='bbox 1598 2337 1831 2408; x_wconf 84' lang='lat' dir='ltr'><strong>legatos,</strong></span> 
     </span>
    </p>
   </div>
   <div class='ocr_carea' id='block_1_41' title="bbox 243 2428 1836 2499">
    <p class='ocr_par' dir='ltr' id='par_1_41' title="bbox 243 2428 1836 2499">
     <span class='ocr_line' id='line_1_41' title="bbox 243 2428 1836 2499; baseline 0 -16"><span class='ocrx_word' id='word_1_288' title='bbox 243 2430 449 2499; x_wconf 87' lang='lat' dir='ltr'><strong>cuique</strong></span> <span class='ocrx_word' id='word_1_289' title='bbox 478 2430 645 2484; x_wconf 88' lang='lat' dir='ltr'><strong>etiam</strong></span> <span class='ocrx_word' id='word_1_290' title='bbox 683 2429 910 2483; x_wconf 81' lang='lat' dir='ltr'><strong>formam</strong></span> <span class='ocrx_word' id='word_1_291' title='bbox 937 2429 1082 2484; x_wconf 90' lang='lat' dir='ltr'><strong>dedit</strong></span> <span class='ocrx_word' id='word_1_292' title='bbox 1122 2431 1355 2499; x_wconf 86' lang='lat' dir='ltr'><strong>propriis</strong></span> <span class='ocrx_word' id='word_1_293' title='bbox 1388 2429 1585 2485; x_wconf 86' lang='lat' dir='ltr'><strong>litteris</strong></span> <span class='ocrx_word' id='word_1_294' title='bbox 1613 2429 1741 2497; x_wconf 92' lang='lat' dir='ltr'><strong>quid</strong></span> <span class='ocrx_word' id='word_1_295' title='bbox 1770 2428 1836 2483; x_wconf 88' lang='lat' dir='ltr'><strong>de</strong></span> 
     </span>
    </p>
   </div>
   <div class='ocr_carea' id='block_1_42' title="bbox 245 2520 1857 2591">
    <p class='ocr_par' dir='ltr' id='par_1_42' title="bbox 245 2520 1857 2591">
     <span class='ocr_line' id='line_1_42' title="bbox 245 2520 1857 2591; baseline -0.001 -16"><span class='ocrx_word' id='word_1_296' title='bbox 245 2520 491 2575; x_wconf 82' lang='lat' dir='ltr'><strong>secunda</strong></span> <span class='ocrx_word' id='word_1_297' title='bbox 525 2520 729 2591; x_wconf 85' lang='lat' dir='ltr'><strong>synodo</strong></span> <span class='ocrx_word' id='word_1_298' title='bbox 758 2520 953 2589; x_wconf 76' lang='lat' dir='ltr'><strong>Ephesi</strong></span> <span class='ocrx_word' id='word_1_299' title='bbox 995 2520 1219 2576; x_wconf 88' lang='lat' dir='ltr'><strong>collecta</strong></span> <span class='ocrx_word' id='word_1_300' title='bbox 1276 2520 1415 2576; x_wconf 78' lang='lat' dir='ltr'><strong>foret</strong></span> <span class='ocrx_word' id='word_1_301' title='bbox 1443 2522 1785 2575; x_wconf 87' lang='lat' dir='ltr'><strong>statuendum</strong></span> <span class='ocrx_word' id='word_1_302' title='bbox 1819 2538 1857 2587; x_wconf 10' lang='lat'><strong>:7</strong></span> 
     </span>
    </p>
   </div>
   <div class='ocr_carea' id='block_1_43' title="bbox 244 2609 1836 2681">
    <p class='ocr_par' dir='ltr' id='par_1_43' title="bbox 244 2609 1836 2681">
     <span class='ocr_line' id='line_1_43' title="bbox 244 2609 1836 2681; baseline 0.002 -19"><span class='ocrx_word' id='word_1_303' title='bbox 244 2609 380 2678; x_wconf 83' lang='lat' dir='ltr'><strong>quid</strong></span> <span class='ocrx_word' id='word_1_304' title='bbox 406 2625 621 2680; x_wconf 89' lang='lat' dir='ltr'><strong>quoque</strong></span> <span class='ocrx_word' id='word_1_305' title='bbox 656 2611 723 2665; x_wconf 94' lang='lat' dir='ltr'><strong>de</strong></span> <span class='ocrx_word' id='word_1_306' title='bbox 756 2611 840 2665; x_wconf 89' lang='lat' dir='ltr'><strong>his</strong></span> <span class='ocrx_word' id='word_1_307' title='bbox 875 2612 966 2678; x_wconf 86' lang='lat' dir='ltr'><strong>qui</strong></span> <span class='ocrx_word' id='word_1_308' title='bbox 1004 2610 1221 2666; x_wconf 81' lang='lat' dir='ltr'><strong>fuerant</strong></span> <span class='ocrx_word' id='word_1_309' title='bbox 1252 2612 1305 2665; x_wconf 91' lang='lat' dir='ltr'><strong>in</strong></span> <span class='ocrx_word' id='word_1_310' title='bbox 1341 2627 1425 2666; x_wconf 31' lang='lat' dir='ltr'><strong>ea-</strong></span> <span class='ocrx_word' id='word_1_311' title='bbox 1448 2622 1668 2681; x_wconf 88' lang='lat' dir='ltr'><strong>propter</strong></span> <span class='ocrx_word' id='word_1_312' title='bbox 1711 2611 1836 2666; x_wconf 87' lang='lat' dir='ltr'><strong>ﬁdei</strong></span> 
     </span>
    </p>
   </div>
   <div class='ocr_carea' id='block_1_44' title="bbox 248 2701 1838 2773">
    <p class='ocr_par' dir='ltr' id='par_1_44' title="bbox 248 2701 1838 2773">
     <span class='ocr_line' id='line_1_44' title="bbox 248 2701 1838 2773; baseline 0.003 -21"><span class='ocrx_word' id='word_1_313' title='bbox 248 2701 542 2755; x_wconf 73' lang='lat' dir='ltr'><strong>veritatem</strong></span> <span class='ocrx_word' id='word_1_314' title='bbox 564 2702 779 2757; x_wconf 87' lang='lat' dir='ltr'><strong>sedibus</strong></span> <span class='ocrx_word' id='word_1_315' title='bbox 800 2703 1030 2772; x_wconf 86' lang='lat' dir='ltr'><strong>propriis</strong></span> <span class='ocrx_word' id='word_1_316' title='bbox 1054 2703 1281 2773; x_wconf 80' lang='lat' dir='ltr'><strong>expulsi,</strong></span> <span class='ocrx_word' id='word_1_317' title='bbox 1326 2712 1381 2758; x_wconf 87' lang='lat' dir='ltr'><strong>et</strong></span> <span class='ocrx_word' id='word_1_318' title='bbox 1432 2704 1484 2757; x_wconf 94' lang='lat' dir='ltr'><strong>in</strong></span> <span class='ocrx_word' id='word_1_319' title='bbox 1516 2703 1703 2758; x_wconf 77' lang='lat' dir='ltr'><strong>exsilia</strong></span> <span class='ocrx_word' id='word_1_320' title='bbox 1747 2703 1838 2756; x_wconf 90' lang='lat' dir='ltr'><strong>de-</strong></span> 
     </span>
    </p>
   </div>
   <div class='ocr_carea' id='block_1_45' title="bbox 251 2794 1840 2865">
    <p class='ocr_par' dir='ltr' id='par_1_45' title="bbox 251 2794 1840 2865">
     <span class='ocr_line' id='line_1_45' title="bbox 251 2794 1840 2865; baseline 0.002 -20"><span class='ocrx_word' id='word_1_321' title='bbox 251 2794 500 2861; x_wconf 81' lang='lat' dir='ltr'><strong>portati;</strong></span> <span class='ocrx_word' id='word_1_322' title='bbox 535 2808 739 2847; x_wconf 89' lang='lat' dir='ltr'><strong>necnon</strong></span> <span class='ocrx_word' id='word_1_323' title='bbox 770 2802 826 2848; x_wconf 91' lang='lat' dir='ltr'><strong>et</strong></span> <span class='ocrx_word' id='word_1_324' title='bbox 848 2809 914 2848; x_wconf 82' lang='lat' dir='ltr'><strong>ex</strong></span> <span class='ocrx_word' id='word_1_325' title='bbox 943 2794 1009 2848; x_wconf 92' lang='lat' dir='ltr'><strong>iis</strong></span> <span class='ocrx_word' id='word_1_326' title='bbox 1050 2794 1141 2863; x_wconf 91' lang='lat' dir='ltr'><strong>qui</strong></span> <span class='ocrx_word' id='word_1_327' title='bbox 1186 2794 1348 2848; x_wconf 86' lang='lat' dir='ltr'><strong>minis</strong></span> <span class='ocrx_word' id='word_1_328' title='bbox 1400 2804 1563 2865; x_wconf 90' lang='lat' dir='ltr'><strong>atque</strong></span> <span class='ocrx_word' id='word_1_329' title='bbox 1620 2795 1840 2848; x_wconf 88' lang='lat' dir='ltr'><strong>terrori-</strong></span> 
     </span>
    </p>
   </div>
   <div class='ocr_carea' id='block_1_46' title="bbox 264 2883 1837 2954">
    <p class='ocr_par' dir='ltr' id='par_1_46' title="bbox 264 2883 1837 2954">
     <span class='ocr_line' id='line_1_46' title="bbox 264 2883 1837 2954; baseline 0.002 -18"><span class='ocrx_word' id='word_1_330' title='bbox 264 2883 374 2937; x_wconf 87' lang='lat' dir='ltr'><strong>bus</strong></span> <span class='ocrx_word' id='word_1_331' title='bbox 405 2884 661 2954; x_wconf 88' lang='lat' dir='ltr'><strong>compulsi</strong></span> <span class='ocrx_word' id='word_1_332' title='bbox 715 2893 905 2938; x_wconf 87' lang='lat' dir='ltr'><strong>contra</strong></span> <span class='ocrx_word' id='word_1_333' title='bbox 958 2884 1115 2939; x_wconf 86' lang='lat' dir='ltr'><strong>ﬁdem</strong></span> <span class='ocrx_word' id='word_1_334' title='bbox 1167 2885 1429 2954; x_wconf 88' lang='lat' dir='ltr'><strong>judicium</strong></span> <span class='ocrx_word' id='word_1_335' title='bbox 1480 2885 1837 2954; x_wconf 89' lang='lat' dir='ltr'><strong>protulerunt,</strong></span> 
     </span>
    </p>
   </div>
   <div class='ocr_carea' id='block_1_47' title="bbox 260 2976 1837 3046">
    <p class='ocr_par' dir='ltr' id='par_1_47' title="bbox 260 2976 1837 3046">
     <span class='ocr_line' id='line_1_47' title="bbox 260 2976 1837 3046; baseline 0.002 -16"><span class='ocrx_word' id='word_1_336' title='bbox 260 2985 429 3046; x_wconf 85' lang='lat' dir='ltr'><strong>atque</strong></span> <span class='ocrx_word' id='word_1_337' title='bbox 473 2984 888 3042; x_wconf 84' lang='lat' dir='ltr'><strong>consenserunt,</strong></span> <span class='ocrx_word' id='word_1_338' title='bbox 933 2977 976 3033; x_wconf 91' lang='lat' dir='ltr'><strong>si</strong></span> <span class='ocrx_word' id='word_1_339' title='bbox 1015 2977 1313 3036; x_wconf 82' lang='lat' dir='ltr'><strong>revertiab</strong></span> <span class='ocrx_word' id='word_1_340' title='bbox 1362 2993 1549 3033; x_wconf 91' lang='lat' dir='ltr'><strong>errore</strong></span> <span class='ocrx_word' id='word_1_341' title='bbox 1598 2976 1837 3041; x_wconf 88' lang='lat' dir='ltr'><strong>mallent.</strong></span> 
     </span>
    </p>
   </div>
   <div class='ocr_carea' id='block_1_48' title="bbox 258 3067 1842 3139">
    <p class='ocr_par' dir='ltr' id='par_1_48' title="bbox 258 3067 1842 3139">
     <span class='ocr_line' id='line_1_48' title="bbox 258 3067 1842 3139; baseline -0.001 -16"><span class='ocrx_word' id='word_1_342' title='bbox 258 3078 317 3123; x_wconf 89' lang='lat' dir='ltr'><strong>et</strong></span> <span class='ocrx_word' id='word_1_343' title='bbox 360 3069 646 3123; x_wconf 78' lang='lat' dir='ltr'><strong>veritatem</strong></span> <span class='ocrx_word' id='word_1_344' title='bbox 677 3068 800 3123; x_wconf 90' lang='lat' dir='ltr'><strong>ﬁdei</strong></span> <span class='ocrx_word' id='word_1_345' title='bbox 840 3068 1079 3139; x_wconf 88' lang='lat' dir='ltr'><strong>proﬁteri</strong></span> <span class='ocrx_word' id='word_1_346' title='bbox 1114 3088 1126 3122; x_wconf 90' lang='lat'>:</span> <span class='ocrx_word' id='word_1_347' title='bbox 1168 3067 1429 3138; x_wconf 81' lang='lat' dir='ltr'><strong>synodum</strong></span> <span class='ocrx_word' id='word_1_348' title='bbox 1478 3083 1690 3138; x_wconf 88' lang='lat' dir='ltr'><strong>quoque</strong></span> <span class='ocrx_word' id='word_1_349' title='bbox 1732 3069 1842 3139; x_wconf 81' lang='lat' dir='ltr'><strong>pri-</strong></span> 
     </span>
    </p>
   </div>
   <div class='ocr_carea' id='block_1_49' title="bbox 259 3158 1842 3231">
    <p class='ocr_par' dir='ltr' id='par_1_49' title="bbox 259 3158 1842 3231">
     <span class='ocr_line' id='line_1_49' title="bbox 259 3158 1842 3231; baseline 0.001 -18"><span class='ocrx_word' id='word_1_350' title='bbox 259 3174 412 3213; x_wconf 87' lang='lat' dir='ltr'><strong>mam</strong></span> <span class='ocrx_word' id='word_1_351' title='bbox 441 3159 765 3231; x_wconf 65' lang='lat' dir='ltr'><strong>Ephesinam</strong></span> <span class='ocrx_word' id='word_1_352' title='bbox 811 3174 907 3229; x_wconf 89' lang='lat' dir='ltr'><strong>per</strong></span> <span class='ocrx_word' id='word_1_353' title='bbox 955 3158 1169 3213; x_wconf 80' lang='lat' dir='ltr'><strong>beatum</strong></span> <span class='ocrx_word' id='word_1_354' title='bbox 1219 3158 1477 3229; x_wconf 87' lang='lat' dir='ltr'><strong>Cyrillum</strong></span> <span class='ocrx_word' id='word_1_355' title='bbox 1525 3158 1842 3214; x_wconf 81' lang='lat' dir='ltr'><strong>Alexandri-</strong></span> 
     </span>
    </p>
   </div>
   <div class='ocr_carea' id='block_1_50' title="bbox 258 3252 1842 3320">
    <p class='ocr_par' dir='ltr' id='par_1_50' title="bbox 258 3252 1842 3320">
     <span class='ocr_line' id='line_1_50' title="bbox 258 3252 1842 3320; baseline 0.003 -16"><span class='ocrx_word' id='word_1_356' title='bbox 258 3266 393 3305; x_wconf 90' lang='lat' dir='ltr'><strong>num</strong></span> <span class='ocrx_word' id='word_1_357' title='bbox 425 3252 736 3320; x_wconf 88' lang='lat' dir='ltr'><strong>episcopum</strong></span> <span class='ocrx_word' id='word_1_358' title='bbox 778 3252 975 3307; x_wconf 79' lang='lat' dir='ltr'><strong>{actam</strong></span> <span class='ocrx_word' id='word_1_359' title='bbox 1015 3252 1203 3307; x_wconf 88' lang='lat' dir='ltr'><strong>statuit</strong></span> <span class='ocrx_word' id='word_1_360' title='bbox 1232 3252 1483 3307; x_wconf 86' lang='lat' dir='ltr'><strong>omnibus</strong></span> <span class='ocrx_word' id='word_1_361' title='bbox 1520 3252 1694 3308; x_wconf 88' lang='lat' dir='ltr'><strong>modis</strong></span> <span class='ocrx_word' id='word_1_362' title='bbox 1724 3267 1842 3308; x_wconf 87' lang='lat' dir='ltr'><strong>ser-</strong></span> 
     </span>
    </p>
   </div>
   <div class='ocr_carea' id='block_1_51' title="bbox 256 3339 1840 3411">
    <p class='ocr_par' dir='ltr' id='par_1_51' title="bbox 256 3339 1840 3411">
     <span class='ocr_line' id='line_1_51' title="bbox 256 3339 1840 3411; baseline 0.001 -18"><span class='ocrx_word' id='word_1_363' title='bbox 256 3343 527 3406; x_wconf 85' lang='lat' dir='ltr'><strong>vandam,</strong></span> <span class='ocrx_word' id='word_1_364' title='bbox 593 3342 958 3397; x_wconf 85' lang='lat' dir='ltr'><strong>condemnans</strong></span> <span class='ocrx_word' id='word_1_365' title='bbox 1009 3350 1118 3394; x_wconf 91' lang='lat' dir='ltr'><strong>tam</strong></span> <span class='ocrx_word' id='word_1_366' title='bbox 1167 3339 1469 3395; x_wconf 80' lang='lat' dir='ltr'><strong>Nestorium</strong></span> <span class='ocrx_word' id='word_1_367' title='bbox 1517 3356 1679 3411; x_wconf 89' lang='lat' dir='ltr'><strong>quam</strong></span> <span class='ocrx_word' id='word_1_368' title='bbox 1738 3342 1840 3395; x_wconf 69' lang='lat' dir='ltr'><strong>Eu»</strong></span> 
     </span>
    </p>
   </div>
   <div class='ocr_carea' id='block_1_52' title="bbox 256 3432 1839 3508">
    <p class='ocr_par' dir='ltr' id='par_1_52' title="bbox 256 3432 1839 3508">
     <span class='ocr_line' id='line_1_52' title="bbox 256 3432 1839 3508; baseline -0.002 -18"><span class='ocrx_word' id='word_1_369' title='bbox 256 3437 460 3508; x_wconf 83' lang='lat' dir='ltr'><strong>tychen</strong></span> <span class='ocrx_word' id='word_1_370' title='bbox 503 3436 567 3489; x_wconf 89' lang='lat' dir='ltr'><strong>de</strong></span> <span class='ocrx_word' id='word_1_371' title='bbox 616 3433 986 3489; x_wconf 89' lang='lat' dir='ltr'><strong>incarnatione</strong></span> <span class='ocrx_word' id='word_1_372' title='bbox 1032 3432 1242 3487; x_wconf 91' lang='lat' dir='ltr'><strong>Domini</strong></span> <span class='ocrx_word' id='word_1_373' title='bbox 1277 3433 1443 3487; x_wconf 86' lang='lat' dir='ltr'><strong>nostri</strong></span> <span class='ocrx_word' id='word_1_374' title='bbox 1477 3432 1601 3487; x_wconf 81' lang='lat' dir='ltr'><strong>.lesu</strong></span> <span class='ocrx_word' id='word_1_375' title='bbox 1640 3432 1839 3488; x_wconf 87' lang='lat' dir='ltr'><strong>Christi</strong></span> 
     </span>
    </p>
   </div>
   <div class='ocr_carea' id='block_1_53' title="bbox 256 3525 1836 3600">
    <p class='ocr_par' dir='ltr' id='par_1_53' title="bbox 256 3525 1836 3600">
     <span class='ocr_line' id='line_1_53' title="bbox 256 3525 1836 3600; baseline -0.002 -18"><span class='ocrx_word' id='word_1_376' title='bbox 256 3542 429 3600; x_wconf 86' lang='lat' dir='ltr'><strong>prave</strong></span> <span class='ocrx_word' id='word_1_377' title='bbox 454 3527 768 3583; x_wconf 87' lang='lat' dir='ltr'><strong>sentientes.</strong></span> <span class='ocrx_word' id='word_1_378' title='bbox 802 3526 1007 3593; x_wconf 82' lang='lat' dir='ltr'><strong>Quibus</strong></span> <span class='ocrx_word' id='word_1_379' title='bbox 1033 3527 1283 3580; x_wconf 85' lang='lat' dir='ltr'><strong>omnibus</strong></span> <span class='ocrx_word' id='word_1_380' title='bbox 1314 3526 1591 3580; x_wconf 79' lang='lat' dir='ltr'><strong>evidenter</strong></span> <span class='ocrx_word' id='word_1_381' title='bbox 1618 3525 1836 3579; x_wconf 83' lang='lat' dir='ltr'><strong>instrui-</strong></span> 
     </span>
    </p>
   </div>
   <div class='ocr_carea' id='block_1_54' title="bbox 257 3617 1844 3687">
    <p class='ocr_par' dir='ltr' id='par_1_54' title="bbox 257 3617 1844 3687">
     <span class='ocr_line' id='line_1_54' title="bbox 257 3617 1844 3687; baseline -0.005 -10"><span class='ocrx_word' id='word_1_382' title='bbox 257 3637 405 3684; x_wconf 83' lang='lat' dir='ltr'><strong>mur,</strong></span> <span class='ocrx_word' id='word_1_383' title='bbox 444 3636 553 3675; x_wconf 91' lang='lat' dir='ltr'><strong>non</strong></span> <span class='ocrx_word' id='word_1_384' title='bbox 591 3620 763 3676; x_wconf 88' lang='lat' dir='ltr'><strong>solum</strong></span> <span class='ocrx_word' id='word_1_385' title='bbox 811 3617 1427 3687; x_wconf 86' lang='lat' dir='ltr'><strong>Constantinopolitano,</strong></span> <span class='ocrx_word' id='word_1_386' title='bbox 1476 3631 1664 3671; x_wconf 89' lang='lat' dir='ltr'><strong>verum</strong></span> <span class='ocrx_word' id='word_1_387' title='bbox 1708 3631 1844 3671; x_wconf 71' lang='lat' dir='ltr'><strong>cun«</strong></span> 
     </span>
    </p>
   </div>
   <div class='ocr_carea' id='block_1_55' title="bbox 258 3707 1841 3780">
    <p class='ocr_par' dir='ltr' id='par_1_55' title="bbox 258 3707 1841 3780">
     <span class='ocr_line' id='line_1_55' title="bbox 258 3707 1841 3780; baseline -0.006 -10"><span class='ocrx_word' id='word_1_388' title='bbox 258 3716 362 3770; x_wconf 89' lang='lat' dir='ltr'><strong>etis</strong></span> <span class='ocrx_word' id='word_1_389' title='bbox 414 3713 778 3769; x_wconf 86' lang='lat' dir='ltr'><strong>Orientalibus</strong></span> <span class='ocrx_word' id='word_1_390' title='bbox 832 3711 1098 3780; x_wconf 85' lang='lat' dir='ltr'><strong>episcopis</strong></span> <span class='ocrx_word' id='word_1_391' title='bbox 1163 3710 1463 3764; x_wconf 79' lang='lat' dir='ltr'><strong>Romanum</strong></span> <span class='ocrx_word' id='word_1_392' title='bbox 1530 3707 1841 3778; x_wconf 88' lang='lat' dir='ltr'><strong>pontiﬁcem</strong></span> 
     </span>
    </p>
   </div>
   <div class='ocr_carea' id='block_1_56' title="bbox 255 3799 1844 3873">
    <p class='ocr_par' dir='ltr' id='par_1_56' title="bbox 255 3799 1844 3873">
     <span class='ocr_line' id='line_1_56' title="bbox 255 3799 1844 3873; baseline -0.006 -12"><span class='ocrx_word' id='word_1_393' title='bbox 255 3807 468 3861; x_wconf 88' lang='lat' dir='ltr'><strong>honore</strong></span> <span class='ocrx_word' id='word_1_394' title='bbox 513 3803 831 3873; x_wconf 69' lang='lat' dir='ltr'><strong>prmlatum,</strong></span> <span class='ocrx_word' id='word_1_395' title='bbox 880 3800 1040 3855; x_wconf 85' lang='lat' dir='ltr'><strong>veluti</strong></span> <span class='ocrx_word' id='word_1_396' title='bbox 1091 3800 1181 3870; x_wconf 92' lang='lat' dir='ltr'><strong>qui</strong></span> <span class='ocrx_word' id='word_1_397' title='bbox 1222 3808 1537 3854; x_wconf 81' lang='lat' dir='ltr'><strong>cunctorum</strong></span> <span class='ocrx_word' id='word_1_398' title='bbox 1586 3799 1844 3854; x_wconf 82' lang='lat' dir='ltr'><strong>sollicitu—</strong></span> 
     </span>
    </p>
   </div>
   <div class='ocr_carea' id='block_1_57' title="bbox 257 3878 1844 3964">
    <p class='ocr_par' dir='ltr' id='par_1_57' title="bbox 257 3878 1844 3964">
     <span class='ocr_line' id='line_1_57' title="bbox 257 3878 1844 3964; baseline -0.003 -13"><span class='ocrx_word' id='word_1_399' title='bbox 257 3898 443 3952; x_wconf 89' lang='lat' dir='ltr'><strong>dinem</strong></span> <span class='ocrx_word' id='word_1_400' title='bbox 488 3878 702 3964; x_wconf 83' lang='lat' dir='ltr'><strong>plenam</strong></span> <span class='ocrx_word' id='word_1_401' title='bbox 751 3893 950 3949; x_wconf 87' lang='lat' dir='ltr'><strong>habere</strong></span> <span class='ocrx_word' id='word_1_402' title='bbox 1003 3891 1196 3947; x_wconf 88' lang='lat' dir='ltr'><strong>debeat</strong></span> <span class='ocrx_word' id='word_1_403' title='bbox 1232 3892 1635 3961; x_wconf 88' lang='lat' dir='ltr'><strong>episcoporum,</strong></span> <span class='ocrx_word' id='word_1_404' title='bbox 1664 3901 1718 3945; x_wconf 87' lang='lat' dir='ltr'><strong>et</strong></span> <span class='ocrx_word' id='word_1_405' title='bbox 1758 3891 1844 3946; x_wconf 91' lang='lat' dir='ltr'><strong>cui</strong></span> 
     </span>
    </p>
   </div>
   <div class='ocr_carea' id='block_1_58' title="bbox 256 3983 1844 4058">
    <p class='ocr_par' dir='ltr' id='par_1_58' title="bbox 256 3983 1844 4058">
     <span class='ocr_line' id='line_1_58' title="bbox 256 3983 1844 4058; baseline -0.003 -16"><span class='ocrx_word' id='word_1_406' title='bbox 256 3986 573 4058; x_wconf 82' lang='lat' dir='ltr'><strong>specialiter</strong></span> <span class='ocrx_word' id='word_1_407' title='bbox 609 3987 883 4040; x_wconf 86' lang='lat' dir='ltr'><strong>incumbat</strong></span> <span class='ocrx_word' id='word_1_408' title='bbox 928 3998 1025 4053; x_wconf 90' lang='lat' dir='ltr'><strong>pro</strong></span> <span class='ocrx_word' id='word_1_409' title='bbox 1073 3983 1282 4038; x_wconf 87' lang='lat' dir='ltr'><strong>cunctis</strong></span> <span class='ocrx_word' id='word_1_410' title='bbox 1335 3983 1587 4039; x_wconf 85' lang='lat' dir='ltr'><strong>Ecclesiis</strong></span> <span class='ocrx_word' id='word_1_411' title='bbox 1622 3983 1844 4053; x_wconf 78' lang='lat' dir='ltr'><strong>pervigil</strong></span> 
     </span>
    </p>
   </div>
   <div class='ocr_carea' id='block_1_59' title="bbox 257 4077 591 4133">
    <p class='ocr_par' dir='ltr' id='par_1_59' title="bbox 257 4077 591 4133">
     <span class='ocr_line' id='line_1_59' title="bbox 257 4077 591 4133; baseline -0.012 0"><span class='ocrx_word' id='word_1_412' title='bbox 257 4077 591 4133; x_wconf 82' lang='lat' dir='ltr'><strong>sollicitudo.</strong></span> 
     </span>
    </p>
   </div>
   <div class='ocr_carea' id='block_1_60' title="bbox 328 4165 1844 4238">
    <p class='ocr_par' dir='ltr' id='par_1_60' title="bbox 328 4165 1844 4238">
     <span class='ocr_line' id='line_1_60' title="bbox 328 4165 1844 4238; baseline -0.003 -13"><span class='ocrx_word' id='word_1_413' title='bbox 328 4168 409 4225; x_wconf 90' lang='lat' dir='ltr'><strong>Ut</strong></span> <span class='ocrx_word' id='word_1_414' title='bbox 446 4176 625 4222; x_wconf 84' lang='lat' dir='ltr'><strong>autem</strong></span> <span class='ocrx_word' id='word_1_415' title='bbox 673 4165 975 4223; x_wconf 86' lang='lat' dir='ltr'><strong>evidentius</strong></span> <span class='ocrx_word' id='word_1_416' title='bbox 1026 4174 1281 4236; x_wconf 84' lang='lat' dir='ltr'><strong>appareat</strong></span> <span class='ocrx_word' id='word_1_417' title='bbox 1325 4174 1528 4238; x_wconf 87' lang='lat' dir='ltr'><strong>quanto</strong></span> <span class='ocrx_word' id='word_1_418' title='bbox 1571 4165 1844 4221; x_wconf 76' lang='lat' dir='ltr'><strong>Romanus</strong></span> 
     </span>
    </p>
   </div>
   <div class='ocr_carea' id='block_1_61' title="bbox 258 4255 1844 4327">
    <p class='ocr_par' dir='ltr' id='par_1_61' title="bbox 258 4255 1844 4327">
     <span class='ocr_line' id='line_1_61' title="bbox 258 4255 1844 4327; baseline -0.001 -16"><span class='ocrx_word' id='word_1_419' title='bbox 258 4256 551 4327; x_wconf 83' lang='lat' dir='ltr'><strong>episcOpus</strong></span> <span class='ocrx_word' id='word_1_420' title='bbox 590 4256 793 4311; x_wconf 88' lang='lat' dir='ltr'><strong>honore</strong></span> <span class='ocrx_word' id='word_1_421' title='bbox 838 4255 1109 4325; x_wconf 59' lang='lat' dir='ltr'><strong>praecellat</strong></span> <span class='ocrx_word' id='word_1_422' title='bbox 1140 4270 1298 4326; x_wconf 87' lang='lat' dir='ltr'><strong>supra</strong></span> <span class='ocrx_word' id='word_1_423' title='bbox 1341 4266 1564 4311; x_wconf 88' lang='lat' dir='ltr'><strong>cunctos</strong></span> <span class='ocrx_word' id='word_1_424' title='bbox 1612 4256 1703 4325; x_wconf 91' lang='lat' dir='ltr'><strong>qui</strong></span> <span class='ocrx_word' id='word_1_425' title='bbox 1749 4270 1844 4325; x_wconf 88' lang='lat' dir='ltr'><strong>per</strong></span> 
     </span>
    </p>
   </div>
   <div class='ocr_carea' id='block_1_62' title="bbox 259 4347 1844 4419">
    <p class='ocr_par' dir='ltr' id='par_1_62' title="bbox 259 4347 1844 4419">
     <span class='ocr_line' id='line_1_62' title="bbox 259 4347 1844 4419; baseline -0.003 -13"><span class='ocrx_word' id='word_1_426' title='bbox 259 4348 542 4406; x_wconf 88' lang='lat' dir='ltr'><strong>Orientem</strong></span> <span class='ocrx_word' id='word_1_427' title='bbox 597 4349 862 4404; x_wconf 90' lang='lat' dir='ltr'><strong>habentur</strong></span> <span class='ocrx_word' id='word_1_428' title='bbox 921 4349 1240 4419; x_wconf 85' lang='lat' dir='ltr'><strong>episcopos,</strong></span> <span class='ocrx_word' id='word_1_429' title='bbox 1302 4361 1369 4401; x_wconf 78' lang='lat' dir='ltr'><strong>ex</strong></span> <span class='ocrx_word' id='word_1_430' title='bbox 1421 4347 1645 4417; x_wconf 90' lang='lat' dir='ltr'><strong>epistola</strong></span> <span class='ocrx_word' id='word_1_431' title='bbox 1702 4347 1844 4402; x_wconf 86' lang='lat' dir='ltr'><strong>beati</strong></span> 
     </span>
    </p>
   </div>
   <div class='ocr_carea' id='block_1_63' title="bbox 258 4439 1844 4511">
    <p class='ocr_par' dir='ltr' id='par_1_63' title="bbox 258 4439 1844 4511">
     <span class='ocr_line' id='line_1_63' title="bbox 258 4439 1844 4511; baseline -0.002 -14"><span class='ocrx_word' id='word_1_432' title='bbox 258 4440 460 4497; x_wconf 60' lang='lat' dir='ltr'><strong>leonis</strong></span> <span class='ocrx_word' id='word_1_433' title='bbox 514 4441 751 4510; x_wconf 80' lang='lat' dir='ltr'><strong>episcopi</strong></span> <span class='ocrx_word' id='word_1_434' title='bbox 798 4440 950 4496; x_wconf 90' lang='lat' dir='ltr'><strong>urbis</strong></span> <span class='ocrx_word' id='word_1_435' title='bbox 994 4440 1211 4506; x_wconf 66' lang='lat' dir='ltr'><strong>Romm,</strong></span> <span class='ocrx_word' id='word_1_436' title='bbox 1261 4439 1551 4501; x_wconf 84' lang='lat' dir='ltr'><strong>Anastasio</strong></span> <span class='ocrx_word' id='word_1_437' title='bbox 1588 4440 1844 4511; x_wconf 87' lang='lat' dir='ltr'><strong>episeopo</strong></span> 
     </span>
    </p>
   </div>
   <div class='ocr_carea' id='block_1_64' title="bbox 259 4528 1845 4601">
    <p class='ocr_par' dir='ltr' id='par_1_64' title="bbox 259 4528 1845 4601">
     <span class='ocr_line' id='line_1_64' title="bbox 259 4528 1845 4601; baseline 0 -16"><span class='ocrx_word' id='word_1_438' title='bbox 259 4528 733 4586; x_wconf 84' lang='lat' dir='ltr'><strong>Thessalonicensi</strong></span> <span class='ocrx_word' id='word_1_439' title='bbox 779 4531 979 4586; x_wconf 86' lang='lat' dir='ltr'><strong>directa</strong></span> <span class='ocrx_word' id='word_1_440' title='bbox 1023 4530 1194 4601; x_wconf 78' lang='lat' dir='ltr'><strong>(epist.</strong></span> <span class='ocrx_word' id='word_1_441' title='bbox 1249 4529 1361 4599; x_wconf 67' lang='lat'><strong>84),</strong></span> <span class='ocrx_word' id='word_1_442' title='bbox 1414 4529 1618 4599; x_wconf 89' lang='lat' dir='ltr'><strong>placuit</strong></span> <span class='ocrx_word' id='word_1_443' title='bbox 1668 4539 1845 4585; x_wconf 88' lang='lat' dir='ltr'><strong>osten-</strong></span> 
     </span>
    </p>
   </div>
   <div class='ocr_carea' id='block_1_65' title="bbox 258 4622 1844 4693">
    <p class='ocr_par' dir='ltr' id='par_1_65' title="bbox 258 4622 1844 4693">
     <span class='ocr_line' id='line_1_65' title="bbox 258 4622 1844 4693; baseline -0.001 -14"><span class='ocrx_word' id='word_1_444' title='bbox 258 4625 423 4689; x_wconf 86' lang='lat' dir='ltr'><strong>dere;</strong></span> <span class='ocrx_word' id='word_1_445' title='bbox 449 4624 537 4679; x_wconf 90' lang='lat' dir='ltr'><strong>cui</strong></span> <span class='ocrx_word' id='word_1_446' title='bbox 558 4624 877 4679; x_wconf 89' lang='lat' dir='ltr'><strong>salutatione</strong></span> <span class='ocrx_word' id='word_1_447' title='bbox 898 4623 1174 4693; x_wconf 60' lang='lat' dir='ltr'><strong>preemissa</strong></span> <span class='ocrx_word' id='word_1_448' title='bbox 1197 4623 1275 4677; x_wconf 91' lang='lat' dir='ltr'><strong>sic</strong></span> <span class='ocrx_word' id='word_1_449' title='bbox 1291 4623 1526 4692; x_wconf 91' lang='lat' dir='ltr'><strong>loquitur</strong></span> <span class='ocrx_word' id='word_1_450' title='bbox 1551 4642 1562 4676; x_wconf 92' lang='lat'><strong>:</strong></span> <span class='ocrx_word' id='word_1_451' title='bbox 1588 4646 1603 4669; x_wconf 76' lang='grc' dir='ltr'><strong>ι</strong></span> <span class='ocrx_word' id='word_1_452' title='bbox 1633 4622 1844 4690; x_wconf 86' lang='lat' dir='ltr'><strong>Quanta</strong></span> 
     </span>
    </p>
   </div>
   <div class='ocr_carea' id='block_1_66' title="bbox 260 4714 1845 4785">
    <p class='ocr_par' dir='ltr' id='par_1_66' title="bbox 260 4714 1845 4785">
     <span class='ocr_line' id='line_1_66' title="bbox 260 4714 1845 4785; baseline -0.001 -13"><span class='ocrx_word' id='word_1_453' title='bbox 260 4718 593 4772; x_wconf 77' lang='lat' dir='ltr'><strong>fraternitati</strong></span> <span class='ocrx_word' id='word_1_454' title='bbox 641 4726 746 4771; x_wconf 75' lang='lat' dir='ltr'><strong>tua:</strong></span> <span class='ocrx_word' id='word_1_455' title='bbox 781 4733 811 4771; x_wconf 87' lang='lat' dir='ltr'><strong>a</strong></span> <span class='ocrx_word' id='word_1_456' title='bbox 852 4717 1149 4772; x_wconf 84' lang='lat' dir='ltr'><strong>beatissimi</strong></span> <span class='ocrx_word' id='word_1_457' title='bbox 1197 4714 1343 4770; x_wconf 86' lang='lat' dir='ltr'><strong>Petri</strong></span> <span class='ocrx_word' id='word_1_458' title='bbox 1383 4714 1612 4785; x_wconf 86' lang='lat' dir='ltr'><strong>apostoli</strong></span> <span class='ocrx_word' id='word_1_459' title='bbox 1658 4725 1845 4771; x_wconf 86' lang='lat' dir='ltr'><strong>aucto-</strong></span> 
     </span>
    </p>
   </div>
   <div class='ocr_carea' id='block_1_67' title="bbox 260 4806 1847 4878">
    <p class='ocr_par' dir='ltr' id='par_1_67' title="bbox 260 4806 1847 4878">
     <span class='ocr_line' id='line_1_67' title="bbox 260 4806 1847 4878; baseline 0.001 -18"><span class='ocrx_word' id='word_1_460' title='bbox 260 4809 427 4862; x_wconf 86' lang='lat' dir='ltr'><strong>ritate</strong></span> <span class='ocrx_word' id='word_1_461' title='bbox 455 4808 744 4862; x_wconf 85' lang='lat' dir='ltr'><strong>commissa</strong></span> <span class='ocrx_word' id='word_1_462' title='bbox 779 4808 904 4871; x_wconf 83' lang='lat' dir='ltr'><strong>sint,</strong></span> <span class='ocrx_word' id='word_1_463' title='bbox 938 4818 991 4861; x_wconf 93' lang='lat' dir='ltr'><strong>et</strong></span> <span class='ocrx_word' id='word_1_464' title='bbox 1020 4807 1198 4878; x_wconf 88' lang='lat' dir='ltr'><strong>qualia</strong></span> <span class='ocrx_word' id='word_1_465' title='bbox 1228 4808 1391 4861; x_wconf 88' lang='lat' dir='ltr'><strong>etiam</strong></span> <span class='ocrx_word' id='word_1_466' title='bbox 1419 4817 1607 4863; x_wconf 88' lang='lat' dir='ltr'><strong>nostro</strong></span> <span class='ocrx_word' id='word_1_467' title='bbox 1646 4806 1740 4862; x_wconf 91' lang='lat' dir='ltr'><strong>tibi</strong></span> <span class='ocrx_word' id='word_1_468' title='bbox 1768 4807 1847 4863; x_wconf 55' lang='lat' dir='ltr'><strong>fac</strong></span> 
     </span>
    </p>
   </div>
   <div class='ocr_carea' id='block_1_68' title="bbox 261 4898 1846 4969">
    <p class='ocr_par' dir='ltr' id='par_1_68' title="bbox 261 4898 1846 4969">
     <span class='ocr_line' id='line_1_68' title="bbox 261 4898 1846 4969; baseline 0.001 -19"><span class='ocrx_word' id='word_1_469' title='bbox 261 4912 396 4953; x_wconf 90' lang='lat' dir='ltr'><strong>vore</strong></span> <span class='ocrx_word' id='word_1_470' title='bbox 447 4898 557 4952; x_wconf 90' lang='lat' dir='ltr'><strong>sint</strong></span> <span class='ocrx_word' id='word_1_471' title='bbox 596 4900 800 4953; x_wconf 88' lang='lat' dir='ltr'><strong>credita</strong></span> <span class='ocrx_word' id='word_1_472' title='bbox 828 4939 842 4963; x_wconf 89' lang='lat'><strong>,</strong></span> <span class='ocrx_word' id='word_1_473' title='bbox 897 4900 939 4953; x_wconf 92' lang='lat' dir='ltr'><strong>si</strong></span> <span class='ocrx_word' id='word_1_474' title='bbox 971 4913 1097 4952; x_wconf 89' lang='lat' dir='ltr'><strong>vera</strong></span> <span class='ocrx_word' id='word_1_475' title='bbox 1130 4899 1340 4953; x_wconf 86' lang='lat' dir='ltr'><strong>ratione</strong></span> <span class='ocrx_word' id='word_1_476' title='bbox 1385 4899 1718 4969; x_wconf 84' lang='lat' dir='ltr'><strong>perspiceres</strong></span> <span class='ocrx_word' id='word_1_477' title='bbox 1742 4938 1755 4959; x_wconf 90' lang='lat'><strong>,</strong></span> <span class='ocrx_word' id='word_1_478' title='bbox 1790 4906 1846 4953; x_wconf 92' lang='lat' dir='ltr'><strong>et</strong></span> 
     </span>
    </p>
   </div>
   <div class='ocr_carea' id='block_1_69' title="bbox 258 4989 1848 5060">
    <p class='ocr_par' dir='ltr' id='par_1_69' title="bbox 258 4989 1848 5060">
     <span class='ocr_line' id='line_1_69' title="bbox 258 4989 1848 5060; baseline 0.002 -19"><span class='ocrx_word' id='word_1_479' title='bbox 258 4990 411 5055; x_wconf 88' lang='lat' dir='ltr'><strong>justo</strong></span> <span class='ocrx_word' id='word_1_480' title='bbox 440 4989 691 5043; x_wconf 77' lang='lat' dir='ltr'><strong>examine</strong></span> <span class='ocrx_word' id='word_1_481' title='bbox 720 4990 1069 5058; x_wconf 87' lang='lat' dir='ltr'><strong>ponderares,</strong></span> <span class='ocrx_word' id='word_1_482' title='bbox 1106 4990 1331 5043; x_wconf 90' lang='lat' dir='ltr'><strong>multum</strong></span> <span class='ocrx_word' id='word_1_483' title='bbox 1360 5005 1637 5060; x_wconf 91' lang='lat' dir='ltr'><strong>possemus</strong></span> <span class='ocrx_word' id='word_1_484' title='bbox 1672 4990 1738 5044; x_wconf 90' lang='lat' dir='ltr'><strong>de</strong></span> <span class='ocrx_word' id='word_1_485' title='bbox 1767 4991 1848 5044; x_wconf 82' lang='lat' dir='ltr'><strong>in-</strong></span> 
     </span>
    </p>
   </div>
   <div class='ocr_carea' id='block_1_70' title="bbox 259 5080 1847 5153">
    <p class='ocr_par' dir='ltr' id='par_1_70' title="bbox 259 5080 1847 5153">
     <span class='ocr_line' id='line_1_70' title="bbox 259 5080 1847 5153; baseline 0.003 -18"><span class='ocrx_word' id='word_1_486' title='bbox 259 5080 467 5149; x_wconf 67' lang='lat' dir='ltr'><strong>junctm</strong></span> <span class='ocrx_word' id='word_1_487' title='bbox 511 5083 605 5137; x_wconf 92' lang='lat' dir='ltr'><strong>tibi</strong></span> <span class='ocrx_word' id='word_1_488' title='bbox 634 5082 1012 5138; x_wconf 82' lang='lat' dir='ltr'><strong>sollicitudinis</strong></span> <span class='ocrx_word' id='word_1_489' title='bbox 1055 5083 1341 5138; x_wconf 86' lang='lat' dir='ltr'><strong>devotione</strong></span> <span class='ocrx_word' id='word_1_490' title='bbox 1373 5084 1608 5153; x_wconf 86' lang='lat' dir='ltr'><strong>gaudere</strong></span> <span class='ocrx_word' id='word_1_491' title='bbox 1651 5104 1664 5139; x_wconf 86' lang='lat'><strong>:</strong></span> <span class='ocrx_word' id='word_1_492' title='bbox 1717 5099 1847 5153; x_wconf 88' lang='lat' dir='ltr'><strong>quo-</strong></span> 
     </span>
    </p>
   </div>
   <div class='ocr_carea' id='block_1_71' title="bbox 268 5174 1848 5246">
    <p class='ocr_par' dir='ltr' id='par_1_71' title="bbox 268 5174 1848 5246">
     <span class='ocr_line' id='line_1_71' title="bbox 268 5174 1848 5246; baseline 0.003 -18"><span class='ocrx_word' id='word_1_493' title='bbox 268 5174 415 5229; x_wconf 85' lang='lat' dir='ltr'><strong>niam</strong></span> <span class='ocrx_word' id='word_1_494' title='bbox 446 5175 589 5229; x_wconf 90' lang='lat' dir='ltr'><strong>sicut</strong></span> <span class='ocrx_word' id='word_1_495' title='bbox 612 5190 967 5245; x_wconf 76' lang='lat' dir='ltr'><strong>praecessores</strong></span> <span class='ocrx_word' id='word_1_496' title='bbox 999 5178 1104 5232; x_wconf 90' lang='lat' dir='ltr'><strong>mei</strong></span> <span class='ocrx_word' id='word_1_497' title='bbox 1145 5177 1565 5246; x_wconf 62' lang='lat' dir='ltr'><strong>praecessoribus</strong></span> <span class='ocrx_word' id='word_1_498' title='bbox 1606 5178 1733 5243; x_wconf 87' lang='lat' dir='ltr'><strong>tuis,</strong></span> <span class='ocrx_word' id='word_1_499' title='bbox 1775 5178 1848 5232; x_wconf 89' lang='lat' dir='ltr'><strong>ita</strong></span> 
     </span>
    </p>
   </div>
   <div class='ocr_carea' id='block_1_72' title="bbox 268 5264 1852 5339">
    <p class='ocr_par' dir='ltr' id='par_1_72' title="bbox 268 5264 1852 5339">
     <span class='ocr_line' id='line_1_72' title="bbox 268 5264 1852 5339; baseline 0.004 -21"><span class='ocrx_word' id='word_1_500' title='bbox 268 5279 370 5334; x_wconf 83' lang='lat' dir='ltr'><strong>ego</strong></span> <span class='ocrx_word' id='word_1_501' title='bbox 394 5264 671 5320; x_wconf 88' lang='lat' dir='ltr'><strong>dilectioni</strong></span> <span class='ocrx_word' id='word_1_502' title='bbox 705 5276 807 5321; x_wconf 67' lang='lat' dir='ltr'><strong>tum</strong></span> <span class='ocrx_word' id='word_1_503' title='bbox 833 5266 1072 5335; x_wconf 89' lang='lat' dir='ltr'><strong>priorum</strong></span> <span class='ocrx_word' id='word_1_504' title='bbox 1098 5278 1316 5323; x_wconf 87' lang='lat' dir='ltr'><strong>secutus</strong></span> <span class='ocrx_word' id='word_1_505' title='bbox 1345 5268 1673 5339; x_wconf 79' lang='lat' dir='ltr'><strong>exemplum,</strong></span> <span class='ocrx_word' id='word_1_506' title='bbox 1706 5269 1852 5325; x_wconf 86' lang='lat' dir='ltr'><strong>vices</strong></span> 
     </span>
    </p>
   </div>
   <div class='ocr_carea' id='block_1_73' title="bbox 271 5358 1850 5431">
    <p class='ocr_par' dir='ltr' id='par_1_73' title="bbox 271 5358 1850 5431">
     <span class='ocr_line' id='line_1_73' title="bbox 271 5358 1850 5431; baseline 0.003 -19"><span class='ocrx_word' id='word_1_507' title='bbox 271 5358 379 5413; x_wconf 84' lang='lat' dir='ltr'><strong>mei</strong></span> <span class='ocrx_word' id='word_1_508' title='bbox 420 5359 811 5415; x_wconf 74' lang='lat' dir='ltr'><strong>moderaminis</strong></span> <span class='ocrx_word' id='word_1_509' title='bbox 853 5360 1122 5430; x_wconf 83' lang='lat' dir='ltr'><strong>delegavi;</strong></span> <span class='ocrx_word' id='word_1_510' title='bbox 1170 5370 1232 5415; x_wconf 92' lang='lat' dir='ltr'><strong>ut</strong></span> <span class='ocrx_word' id='word_1_511' title='bbox 1279 5375 1466 5418; x_wconf 85' lang='lat' dir='ltr'><strong>curam</strong></span> <span class='ocrx_word' id='word_1_512' title='bbox 1524 5375 1684 5431; x_wconf 89' lang='lat' dir='ltr'><strong>quam</strong></span> <span class='ocrx_word' id='word_1_513' title='bbox 1736 5364 1850 5416; x_wconf 85' lang='lat' dir='ltr'><strong>uui-</strong></span> 
     </span>
    </p>
   </div>
   <div class='ocr_carea' id='block_1_74' title="bbox 270 5448 1851 5520">
    <p class='ocr_par' dir='ltr' id='par_1_74' title="bbox 270 5448 1851 5520">
     <span class='ocr_line' id='line_1_74' title="bbox 270 5448 1851 5520; baseline 0.003 -18"><span class='ocrx_word' id='word_1_514' title='bbox 270 5448 445 5503; x_wconf 84' lang='lat' dir='ltr'><strong>versis</strong></span> <span class='ocrx_word' id='word_1_515' title='bbox 479 5448 736 5504; x_wconf 83' lang='lat' dir='ltr'><strong>Ecclesiis</strong></span> <span class='ocrx_word' id='word_1_516' title='bbox 782 5450 1148 5520; x_wconf 84' lang='lat' dir='ltr'><strong>principaliter</strong></span> <span class='ocrx_word' id='word_1_517' title='bbox 1183 5467 1250 5506; x_wconf 74' lang='lat' dir='ltr'><strong>ex</strong></span> <span class='ocrx_word' id='word_1_518' title='bbox 1298 5452 1475 5507; x_wconf 88' lang='lat' dir='ltr'><strong>divina</strong></span> <span class='ocrx_word' id='word_1_519' title='bbox 1516 5452 1851 5507; x_wconf 85' lang='lat' dir='ltr'><strong>institutione</strong></span> 
     </span>
    </p>
   </div>
   <div class='ocr_carea' id='block_1_75' title="bbox 273 5537 1851 5605">
    <p class='ocr_par' dir='ltr' id='par_1_75' title="bbox 273 5537 1851 5605">
     <span class='ocr_line' id='line_1_75' title="bbox 273 5537 1851 5605; baseline 0.003 -12"><span class='ocrx_word' id='word_1_520' title='bbox 273 5537 567 5605; x_wconf 79' lang='lat' dir='ltr'><strong>debemus,</strong></span> <span class='ocrx_word' id='word_1_521' title='bbox 619 5540 855 5595; x_wconf 87' lang='lat' dir='ltr'><strong>imitator</strong></span> <span class='ocrx_word' id='word_1_522' title='bbox 908 5549 1104 5596; x_wconf 68' lang='lat' dir='ltr'><strong>nostra:</strong></span> <span class='ocrx_word' id='word_1_523' title='bbox 1144 5543 1574 5598; x_wconf 81' lang='lat' dir='ltr'><strong>mansuetudinis</strong></span> <span class='ocrx_word' id='word_1_524' title='bbox 1629 5540 1851 5598; x_wconf 81' lang='lat' dir='ltr'><strong>eﬁ‘ectus</strong></span> 
     </span>
    </p>
   </div>
   <div class='ocr_carea' id='block_1_76' title="bbox 274 5630 1851 5707">
    <p class='ocr_par' dir='ltr' id='par_1_76' title="bbox 274 5630 1851 5707">
     <span class='ocr_line' id='line_1_76' title="bbox 274 5630 1851 5707; baseline 0.005 -23"><span class='ocrx_word' id='word_1_525' title='bbox 274 5630 593 5703; x_wconf 78' lang='lat' dir='ltr'><strong>adiuvares,</strong></span> <span class='ocrx_word' id='word_1_526' title='bbox 642 5641 699 5685; x_wconf 85' lang='lat' dir='ltr'><strong>et</strong></span> <span class='ocrx_word' id='word_1_527' title='bbox 745 5632 1049 5704; x_wconf 77' lang='lat' dir='ltr'><strong>longinquis</strong></span> <span class='ocrx_word' id='word_1_528' title='bbox 1090 5649 1121 5687; x_wconf 89' lang='lat' dir='ltr'><strong>a</strong></span> <span class='ocrx_word' id='word_1_529' title='bbox 1168 5634 1323 5691; x_wconf 91' lang='lat' dir='ltr'><strong>nobis</strong></span> <span class='ocrx_word' id='word_1_530' title='bbox 1368 5635 1662 5707; x_wconf 88' lang='lat' dir='ltr'><strong>provinciis</strong></span> <span class='ocrx_word' id='word_1_531' title='bbox 1709 5650 1851 5707; x_wconf 67' lang='lat' dir='ltr'><strong>prte-</strong></span> 
     </span>
    </p>
   </div>
   <div class='ocr_carea' id='block_1_77' title="bbox 275 5725 1848 5798">
    <p class='ocr_par' dir='ltr' id='par_1_77' title="bbox 275 5725 1848 5798">
     <span class='ocr_line' id='line_1_77' title="bbox 275 5725 1848 5798; baseline 0.003 -20"><span class='ocrx_word' id='word_1_532' title='bbox 275 5725 507 5779; x_wconf 86' lang='lat' dir='ltr'><strong>sentiam</strong></span> <span class='ocrx_word' id='word_1_533' title='bbox 560 5726 955 5794; x_wconf 83' lang='lat' dir='ltr'><strong>quodammodo</strong></span> <span class='ocrx_word' id='word_1_534' title='bbox 1004 5734 1204 5782; x_wconf 76' lang='lat' dir='ltr'><strong>nostra:</strong></span> <span class='ocrx_word' id='word_1_535' title='bbox 1263 5728 1586 5784; x_wconf 86' lang='lat' dir='ltr'><strong>visitationis</strong></span> <span class='ocrx_word' id='word_1_536' title='bbox 1641 5729 1848 5798; x_wconf 86' lang='lat' dir='ltr'><strong>impen-</strong></span> 
     </span>
    </p>
   </div>
   <div class='ocr_carea' id='block_1_78' title="bbox 1934 2069 2501 2140">
    <p class='ocr_par' dir='ltr' id='par_1_78' title="bbox 1934 2069 2501 2140">
     <span class='ocr_line' id='line_1_78' title="bbox 1934 2069 2501 2140; baseline -0.004 -16"><span class='ocrx_word' id='word_1_537' title='bbox 1934 2070 2115 2124; x_wconf 88' lang='lat' dir='ltr'><strong>dolore</strong></span> <span class='ocrx_word' id='word_1_538' title='bbox 2186 2069 2428 2140; x_wconf 87' lang='lat' dir='ltr'><strong>procedit</strong></span> <span class='ocrx_word' id='word_1_539' title='bbox 2487 2084 2501 2122; x_wconf 88' lang='lat'><strong>:</strong></span> 
     </span>
    </p>
   </div>
   <div class='ocr_carea' id='block_1_79' title="bbox 2577 2064 3515 2138">
    <p class='ocr_par' dir='ltr' id='par_1_79' title="bbox 2577 2064 3515 2138">
     <span class='ocr_line' id='line_1_79' title="bbox 2577 2064 3515 2138; baseline -0.001 -16"><span class='ocrx_word' id='word_1_540' title='bbox 2577 2068 2837 2138; x_wconf 89' lang='lat' dir='ltr'><strong>meipsum</strong></span> <span class='ocrx_word' id='word_1_541' title='bbox 2909 2067 3053 2121; x_wconf 90' lang='lat' dir='ltr'><strong>enim</strong></span> <span class='ocrx_word' id='word_1_542' title='bbox 3117 2064 3515 2134; x_wconf 82' lang='lat' dir='ltr'><strong>quodammodo</strong></span> 
     </span>
    </p>
   </div>
   <div class='ocr_carea' id='block_1_80' title="bbox 1936 2156 3518 2232">
    <p class='ocr_par' dir='ltr' id='par_1_80' title="bbox 1936 2156 3518 2232">
     <span class='ocr_line' id='line_1_80' title="bbox 1936 2156 3518 2232; baseline -0.001 -17"><span class='ocrx_word' id='word_1_543' title='bbox 1936 2162 2073 2216; x_wconf 89' lang='lat' dir='ltr'><strong>trahi</strong></span> <span class='ocrx_word' id='word_1_544' title='bbox 2112 2163 2164 2215; x_wconf 92' lang='lat' dir='ltr'><strong>in</strong></span> <span class='ocrx_word' id='word_1_545' title='bbox 2196 2162 2406 2232; x_wconf 89' lang='lat' dir='ltr'><strong>culpam</strong></span> <span class='ocrx_word' id='word_1_546' title='bbox 2444 2162 2619 2216; x_wconf 89' lang='lat' dir='ltr'><strong>sentio</strong></span> <span class='ocrx_word' id='word_1_547' title='bbox 2645 2200 2659 2223; x_wconf 89' lang='lat'><strong>,</strong></span> <span class='ocrx_word' id='word_1_548' title='bbox 2705 2175 2825 2215; x_wconf 92' lang='lat' dir='ltr'><strong>cum</strong></span> <span class='ocrx_word' id='word_1_549' title='bbox 2872 2168 2923 2213; x_wconf 89' lang='lat' dir='ltr'><strong>te</strong></span> <span class='ocrx_word' id='word_1_550' title='bbox 2966 2173 2995 2211; x_wconf 89' lang='lat' dir='ltr'><strong>a</strong></span> <span class='ocrx_word' id='word_1_551' title='bbox 3039 2157 3253 2211; x_wconf 88' lang='lat' dir='ltr'><strong>traditis</strong></span> <span class='ocrx_word' id='word_1_552' title='bbox 3292 2156 3385 2210; x_wconf 85' lang='lat' dir='ltr'><strong>tibi</strong></span> <span class='ocrx_word' id='word_1_553' title='bbox 3428 2172 3518 2213; x_wconf 85' lang='lat' dir='ltr'><strong>re—</strong></span> 
     </span>
    </p>
   </div>
   <div class='ocr_carea' id='block_1_81' title="bbox 1935 2248 3515 2324">
    <p class='ocr_par' dir='ltr' id='par_1_81' title="bbox 1935 2248 3515 2324">
     <span class='ocr_line' id='line_1_81' title="bbox 1935 2248 3515 2324; baseline -0.002 -17"><span class='ocrx_word' id='word_1_554' title='bbox 1935 2254 2072 2324; x_wconf 85' lang='lat' dir='ltr'><strong>gulis</strong></span> <span class='ocrx_word' id='word_1_555' title='bbox 2122 2254 2407 2308; x_wconf 89' lang='lat' dir='ltr'><strong>immodice</strong></span> <span class='ocrx_word' id='word_1_556' title='bbox 2458 2252 2771 2308; x_wconf 75' lang='lat' dir='ltr'><strong>discessisse</strong></span> <span class='ocrx_word' id='word_1_557' title='bbox 2820 2265 3103 2322; x_wconf 80' lang='lat' dir='ltr'><strong>cognosco.</strong></span> <span class='ocrx_word' id='word_1_558' title='bbox 3158 2248 3257 2316; x_wconf 86' lang='lat' dir='ltr'><strong>Qui</strong></span> <span class='ocrx_word' id='word_1_559' title='bbox 3306 2250 3349 2303; x_wconf 90' lang='lat' dir='ltr'><strong>si</strong></span> <span class='ocrx_word' id='word_1_560' title='bbox 3409 2257 3515 2304; x_wconf 68' lang='lat' dir='ltr'><strong>tum</strong></span> 
     </span>
    </p>
   </div>
   <div class='ocr_carea' id='block_1_82' title="bbox 1936 2341 3515 2414">
    <p class='ocr_par' dir='ltr' id='par_1_82' title="bbox 1936 2341 3515 2414">
     <span class='ocr_line' id='line_1_82' title="bbox 1936 2341 3515 2414; baseline 0 -17"><span class='ocrx_word' id='word_1_561' title='bbox 1936 2344 2349 2398; x_wconf 82' lang='lat' dir='ltr'><strong>existimationis</strong></span> <span class='ocrx_word' id='word_1_562' title='bbox 2398 2359 2585 2414; x_wconf 90' lang='lat' dir='ltr'><strong>parum</strong></span> <span class='ocrx_word' id='word_1_563' title='bbox 2638 2343 2865 2414; x_wconf 75' lang='lat' dir='ltr'><strong>diligens</strong></span> <span class='ocrx_word' id='word_1_564' title='bbox 2919 2359 3076 2405; x_wconf 86' lang='lat' dir='ltr'><strong>eras,</strong></span> <span class='ocrx_word' id='word_1_565' title='bbox 3135 2357 3268 2397; x_wconf 69' lang='lat' dir='ltr'><strong>mea:</strong></span> <span class='ocrx_word' id='word_1_566' title='bbox 3321 2341 3515 2397; x_wconf 82' lang='lat' dir='ltr'><strong>saltem</strong></span> 
     </span>
    </p>
   </div>
   <div class='ocr_carea' id='block_1_83' title="bbox 1938 2432 3510 2506">
    <p class='ocr_par' dir='ltr' id='par_1_83' title="bbox 1938 2432 3510 2506">
     <span class='ocr_line' id='line_1_83' title="bbox 1938 2432 3510 2506; baseline -0.001 -17"><span class='ocrx_word' id='word_1_567' title='bbox 1938 2435 2093 2490; x_wconf 70' lang='lat' dir='ltr'><strong>fama:</strong></span> <span class='ocrx_word' id='word_1_568' title='bbox 2131 2452 2356 2506; x_wconf 79' lang='lat' dir='ltr'><strong>parcere</strong></span> <span class='ocrx_word' id='word_1_569' title='bbox 2409 2436 2671 2499; x_wconf 89' lang='lat' dir='ltr'><strong>debuisti;</strong></span> <span class='ocrx_word' id='word_1_570' title='bbox 2717 2452 2783 2490; x_wconf 91' lang='lat' dir='ltr'><strong>ne</strong></span> <span class='ocrx_word' id='word_1_571' title='bbox 2821 2450 2940 2504; x_wconf 69' lang='lat' dir='ltr'><strong>quae</strong></span> <span class='ocrx_word' id='word_1_572' title='bbox 2986 2443 3077 2490; x_wconf 93' lang='lat' dir='ltr'><strong>tuo</strong></span> <span class='ocrx_word' id='word_1_573' title='bbox 3124 2442 3329 2488; x_wconf 89' lang='lat' dir='ltr'><strong>tantum</strong></span> <span class='ocrx_word' id='word_1_574' title='bbox 3373 2432 3510 2488; x_wconf 77' lang='lat' dir='ltr'><strong>facta</strong></span> 
     </span>
    </p>
   </div>
   <div class='ocr_carea' id='block_1_84' title="bbox 1938 2523 3515 2594">
    <p class='ocr_par' dir='ltr' id='par_1_84' title="bbox 1938 2523 3515 2594">
     <span class='ocr_line' id='line_1_84' title="bbox 1938 2523 3515 2594; baseline -0.003 -10"><span class='ocrx_word' id='word_1_575' title='bbox 1938 2538 2063 2584; x_wconf 88' lang='lat' dir='ltr'><strong>sunt</strong></span> <span class='ocrx_word' id='word_1_576' title='bbox 2107 2530 2321 2589; x_wconf 88' lang='lat' dir='ltr'><strong>animo,</strong></span> <span class='ocrx_word' id='word_1_577' title='bbox 2367 2539 2555 2584; x_wconf 90' lang='lat' dir='ltr'><strong>nostro</strong></span> <span class='ocrx_word' id='word_1_578' title='bbox 2586 2528 2899 2582; x_wconf 89' lang='lat' dir='ltr'><strong>viderentur</strong></span> <span class='ocrx_word' id='word_1_579' title='bbox 2948 2526 3087 2581; x_wconf 81' lang='lat' dir='ltr'><strong>facta</strong></span> <span class='ocrx_word' id='word_1_580' title='bbox 3125 2524 3345 2594; x_wconf 88' lang='lat' dir='ltr'><strong>judicio.</strong></span> <span class='ocrx_word' id='word_1_581' title='bbox 3404 2523 3515 2580; x_wconf 79' lang='lat' dir='ltr'><strong>Re-</strong></span> 
     </span>
    </p>
   </div>
   <div class='ocr_carea' id='block_1_85' title="bbox 1938 2618 3519 2692">
    <p class='ocr_par' dir='ltr' id='par_1_85' title="bbox 1938 2618 3519 2692">
     <span class='ocr_line' id='line_1_85' title="bbox 1938 2618 3519 2692; baseline -0.003 -17"><span class='ocrx_word' id='word_1_582' title='bbox 1938 2622 2081 2692; x_wconf 90' lang='lat' dir='ltr'><strong>legat</strong></span> <span class='ocrx_word' id='word_1_583' title='bbox 2129 2621 2438 2675; x_wconf 78' lang='lat' dir='ltr'><strong>fraternitas</strong></span> <span class='ocrx_word' id='word_1_584' title='bbox 2498 2630 2583 2673; x_wconf 89' lang='lat' dir='ltr'><strong>tua</strong></span> <span class='ocrx_word' id='word_1_585' title='bbox 2641 2620 2861 2689; x_wconf 75' lang='lat' dir='ltr'><strong>paginas</strong></span> <span class='ocrx_word' id='word_1_586' title='bbox 2918 2627 3169 2681; x_wconf 84' lang='lat' dir='ltr'><strong>nostras,</strong></span> <span class='ocrx_word' id='word_1_587' title='bbox 3224 2618 3519 2686; x_wconf 78' lang='lat' dir='ltr'><strong>omniaque</strong></span> 
     </span>
    </p>
   </div>
   <div class='ocr_carea' id='block_1_86' title="bbox 1941 2707 3518 2781">
    <p class='ocr_par' dir='ltr' id='par_1_86' title="bbox 1941 2707 3518 2781">
     <span class='ocr_line' id='line_1_86' title="bbox 1941 2707 3518 2781; baseline -0.001 -14"><span class='ocrx_word' id='word_1_588' title='bbox 1941 2714 2007 2767; x_wconf 89' lang='lat' dir='ltr'><strong>ad</strong></span> <span class='ocrx_word' id='word_1_589' title='bbox 2050 2722 2170 2768; x_wconf 94' lang='lat' dir='ltr'><strong>tuos</strong></span> <span class='ocrx_word' id='word_1_590' title='bbox 2222 2713 2385 2767; x_wconf 90' lang='lat' dir='ltr'><strong>missa</strong></span> <span class='ocrx_word' id='word_1_591' title='bbox 2420 2710 2650 2779; x_wconf 88' lang='lat' dir='ltr'><strong>majores</strong></span> <span class='ocrx_word' id='word_1_592' title='bbox 2696 2711 3004 2781; x_wconf 76' lang='lat' dir='ltr'><strong>apostoliczr</strong></span> <span class='ocrx_word' id='word_1_593' title='bbox 3044 2710 3184 2765; x_wconf 85' lang='lat' dir='ltr'><strong>sedis</strong></span> <span class='ocrx_word' id='word_1_594' title='bbox 3228 2707 3518 2780; x_wconf 76' lang='lat' dir='ltr'><strong>prmsulum</strong></span> 
     </span>
    </p>
   </div>
   <div class='ocr_carea' id='block_1_87' title="bbox 1942 2797 3511 2872">
    <p class='ocr_par' dir='ltr' id='par_1_87' title="bbox 1942 2797 3511 2872">
     <span class='ocr_line' id='line_1_87' title="bbox 1942 2797 3511 2872; baseline -0.003 -14"><span class='ocrx_word' id='word_1_595' title='bbox 1942 2803 2140 2872; x_wconf 88' lang='lat' dir='ltr'><strong>scripta</strong></span> <span class='ocrx_word' id='word_1_596' title='bbox 2182 2802 2468 2866; x_wconf 87' lang='lat' dir='ltr'><strong>decurrat,</strong></span> <span class='ocrx_word' id='word_1_597' title='bbox 2497 2809 2551 2855; x_wconf 90' lang='lat' dir='ltr'><strong>et</strong></span> <span class='ocrx_word' id='word_1_598' title='bbox 2576 2800 2659 2856; x_wconf 89' lang='lat' dir='ltr'><strong>vel</strong></span> <span class='ocrx_word' id='word_1_599' title='bbox 2689 2816 2717 2854; x_wconf 91' lang='lat' dir='ltr'><strong>a</strong></span> <span class='ocrx_word' id='word_1_600' title='bbox 2748 2815 2833 2855; x_wconf 89' lang='lat' dir='ltr'><strong>me</strong></span> <span class='ocrx_word' id='word_1_601' title='bbox 2853 2841 2865 2861; x_wconf 88' lang='lat'><strong>,</strong></span> <span class='ocrx_word' id='word_1_602' title='bbox 2897 2799 2979 2853; x_wconf 89' lang='lat' dir='ltr'><strong>vel</strong></span> <span class='ocrx_word' id='word_1_603' title='bbox 3017 2815 3046 2853; x_wconf 91' lang='lat' dir='ltr'><strong>a</strong></span> <span class='ocrx_word' id='word_1_604' title='bbox 3090 2797 3511 2870; x_wconf 68' lang='lat' dir='ltr'><strong>praecessoribus</strong></span> 
     </span>
    </p>
   </div>
   <div class='ocr_carea' id='block_1_88' title="bbox 1941 2889 3517 2960">
    <p class='ocr_par' dir='ltr' id='par_1_88' title="bbox 1941 2889 3517 2960">
     <span class='ocr_line' id='line_1_88' title="bbox 1941 2889 3517 2960; baseline -0.001 -14"><span class='ocrx_word' id='word_1_605' title='bbox 1941 2892 2078 2947; x_wconf 89' lang='lat' dir='ltr'><strong>meis</strong></span> <span class='ocrx_word' id='word_1_606' title='bbox 2124 2893 2363 2947; x_wconf 85' lang='lat' dir='ltr'><strong>inveniet</strong></span> <span class='ocrx_word' id='word_1_607' title='bbox 2403 2892 2743 2954; x_wconf 86' lang='lat' dir='ltr'><strong>ordinatum,</strong></span> <span class='ocrx_word' id='word_1_608' title='bbox 2795 2891 2937 2960; x_wconf 89' lang='lat' dir='ltr'><strong>quod</strong></span> <span class='ocrx_word' id='word_1_609' title='bbox 2985 2905 3015 2944; x_wconf 91' lang='lat' dir='ltr'><strong>a</strong></span> <span class='ocrx_word' id='word_1_610' title='bbox 3072 2899 3121 2945; x_wconf 88' lang='lat' dir='ltr'><strong>te</strong></span> <span class='ocrx_word' id='word_1_611' title='bbox 3166 2889 3517 2960; x_wconf 78' lang='lat' dir='ltr'><strong>cognovimus</strong></span> 
     </span>
    </p>
   </div>
   <div class='ocr_carea' id='block_1_89' title="bbox 1945 2981 3524 3054">
    <p class='ocr_par' dir='ltr' id='par_1_89' title="bbox 1945 2981 3524 3054">
     <span class='ocr_line' id='line_1_89' title="bbox 1945 2981 3524 3054; baseline 0.001 -17"><span class='ocrx_word' id='word_1_612' title='bbox 1945 2997 2065 3038; x_wconf 87' lang='lat' dir='ltr'><strong>esse</strong></span> <span class='ocrx_word' id='word_1_613' title='bbox 2101 2991 2505 3053; x_wconf 65' lang='lat' dir='ltr'><strong>prtesumptum.</strong></span> <span class='ocrx_word' id='word_1_614' title='bbox 2551 2981 2709 3037; x_wconf 75' lang='lat' dir='ltr'><strong>Venit</strong></span> <span class='ocrx_word' id='word_1_615' title='bbox 2739 2997 2972 3050; x_wconf 90' lang='lat' dir='ltr'><strong>namque</strong></span> <span class='ocrx_word' id='word_1_616' title='bbox 3008 2982 3073 3035; x_wconf 89' lang='lat' dir='ltr'><strong>ad</strong></span> <span class='ocrx_word' id='word_1_617' title='bbox 3118 2997 3215 3036; x_wconf 84' lang='lat' dir='ltr'><strong>nos</strong></span> <span class='ocrx_word' id='word_1_618' title='bbox 3254 2998 3374 3037; x_wconf 89' lang='lat' dir='ltr'><strong>cum</strong></span> <span class='ocrx_word' id='word_1_619' title='bbox 3406 2981 3524 3054; x_wconf 75' lang='lat' dir='ltr'><strong>epl-</strong></span> 
     </span>
    </p>
   </div>
   <div class='ocr_carea' id='block_1_90' title="bbox 1946 3071 3525 3145">
    <p class='ocr_par' dir='ltr' id='par_1_90' title="bbox 1946 3071 3525 3145">
     <span class='ocr_line' id='line_1_90' title="bbox 1946 3071 3525 3145; baseline 0.001 -16"><span class='ocrx_word' id='word_1_620' title='bbox 1946 3076 2123 3145; x_wconf 84' lang='lat' dir='ltr'><strong>scapis</strong></span> <span class='ocrx_word' id='word_1_621' title='bbox 2157 3076 2449 3145; x_wconf 73' lang='lat' dir='ltr'><strong>provinciae.</strong></span> <span class='ocrx_word' id='word_1_622' title='bbox 2477 3090 2585 3129; x_wconf 67' lang='lat' dir='ltr'><strong>sum</strong></span> <span class='ocrx_word' id='word_1_623' title='bbox 2631 3074 2798 3128; x_wconf 79' lang='lat' dir='ltr'><strong>frater</strong></span> <span class='ocrx_word' id='word_1_624' title='bbox 2825 3082 3010 3129; x_wconf 76' lang='lat' dir='ltr'><strong>noster</strong></span> <span class='ocrx_word' id='word_1_625' title='bbox 3047 3073 3286 3137; x_wconf 79' lang='lat' dir='ltr'><strong>Atticus,</strong></span> <span class='ocrx_word' id='word_1_626' title='bbox 3320 3071 3525 3130; x_wconf 80' lang='lat' dir='ltr'><strong>veteris</strong></span> 
     </span>
    </p>
   </div>
   <div class='ocr_carea' id='block_1_91' title="bbox 1948 3164 3523 3235">
    <p class='ocr_par' dir='ltr' id='par_1_91' title="bbox 1948 3164 3523 3235">
     <span class='ocr_line' id='line_1_91' title="bbox 1948 3164 3523 3235; baseline 0.001 -15"><span class='ocrx_word' id='word_1_627' title='bbox 1948 3165 2094 3235; x_wconf 82' lang='lat' dir='ltr'><strong>Epiri</strong></span> <span class='ocrx_word' id='word_1_628' title='bbox 2140 3166 2581 3235; x_wconf 89' lang='lat' dir='ltr'><strong>metropolitauus</strong></span> <span class='ocrx_word' id='word_1_629' title='bbox 2624 3166 2883 3228; x_wconf 85' lang='lat' dir='ltr'><strong>antistes,</strong></span> <span class='ocrx_word' id='word_1_630' title='bbox 2936 3173 2990 3218; x_wconf 90' lang='lat' dir='ltr'><strong>et</strong></span> <span class='ocrx_word' id='word_1_631' title='bbox 3040 3166 3105 3219; x_wconf 85' lang='lat' dir='ltr'><strong>de</strong></span> <span class='ocrx_word' id='word_1_632' title='bbox 3149 3164 3523 3235; x_wconf 78' lang='lat' dir='ltr'><strong>indignissima</strong></span> 
     </span>
    </p>
   </div>
   <div class='ocr_carea' id='block_1_92' title="bbox 1947 3248 3521 3320">
    <p class='ocr_par' dir='ltr' id='par_1_92' title="bbox 1947 3248 3521 3320">
     <span class='ocr_line' id='line_1_92' title="bbox 1947 3248 3521 3320; baseline 0.001 -16"><span class='ocrx_word' id='word_1_633' title='bbox 1947 3249 2230 3305; x_wconf 83' lang='lat' dir='ltr'><strong>alllictioue</strong></span> <span class='ocrx_word' id='word_1_634' title='bbox 2272 3265 2433 3319; x_wconf 88' lang='lat' dir='ltr'><strong>quam</strong></span> <span class='ocrx_word' id='word_1_635' title='bbox 2467 3248 2706 3320; x_wconf 88' lang='lat' dir='ltr'><strong>pertulit,</strong></span> <span class='ocrx_word' id='word_1_636' title='bbox 2754 3248 3105 3318; x_wconf 80' lang='lat' dir='ltr'><strong>lacrymabili-</strong></span> <span class='ocrx_word' id='word_1_637' title='bbox 3134 3249 3345 3304; x_wconf 75' lang='lat' dir='ltr'><strong>actione</strong></span> <span class='ocrx_word' id='word_1_638' title='bbox 3388 3261 3521 3305; x_wconf 86' lang='lat' dir='ltr'><strong>con-</strong></span> 
     </span>
    </p>
   </div>
   <div class='ocr_carea' id='block_1_93' title="bbox 1946 3340 3524 3414">
    <p class='ocr_par' dir='ltr' id='par_1_93' title="bbox 1946 3340 3524 3414">
     <span class='ocr_line' id='line_1_93' title="bbox 1946 3340 3524 3414; baseline 0.002 -19"><span class='ocrx_word' id='word_1_639' title='bbox 1946 3352 2168 3414; x_wconf 87' lang='lat' dir='ltr'><strong>questus</strong></span> <span class='ocrx_word' id='word_1_640' title='bbox 2194 3352 2277 3399; x_wconf 86' lang='lat' dir='ltr'><strong>est</strong></span> <span class='ocrx_word' id='word_1_641' title='bbox 2314 3358 2494 3398; x_wconf 87' lang='lat' dir='ltr'><strong>coram</strong></span> <span class='ocrx_word' id='word_1_642' title='bbox 2546 3340 2847 3397; x_wconf 89' lang='lat' dir='ltr'><strong>astantibus</strong></span> <span class='ocrx_word' id='word_1_643' title='bbox 2888 3341 3203 3396; x_wconf 88' lang='lat' dir='ltr'><strong>diaconibus</strong></span> <span class='ocrx_word' id='word_1_644' title='bbox 3246 3341 3389 3407; x_wconf 81' lang='lat' dir='ltr'><strong>tuis,</strong></span> <span class='ocrx_word' id='word_1_645' title='bbox 3426 3343 3524 3412; x_wconf 79' lang='lat' dir='ltr'><strong>qui</strong></span> 
     </span>
    </p>
   </div>
   <div class='ocr_carea' id='block_1_94' title="bbox 1946 3431 3524 3505">
    <p class='ocr_par' dir='ltr' id='par_1_94' title="bbox 1946 3431 3524 3505">
     <span class='ocr_line' id='line_1_94' title="bbox 1946 3431 3524 3505; baseline 0.001 -17"><span class='ocrx_word' id='word_1_646' title='bbox 1946 3435 2179 3505; x_wconf 90' lang='lat' dir='ltr'><strong>querelis</strong></span> <span class='ocrx_word' id='word_1_647' title='bbox 2224 3432 2488 3488; x_wconf 79' lang='lat' dir='ltr'><strong>ﬂebilibus</strong></span> <span class='ocrx_word' id='word_1_648' title='bbox 2530 3432 2647 3500; x_wconf 91' lang='lat' dir='ltr'><strong>ejus</strong></span> <span class='ocrx_word' id='word_1_649' title='bbox 2691 3432 2822 3486; x_wconf 90' lang='lat' dir='ltr'><strong>nihil</strong></span> <span class='ocrx_word' id='word_1_650' title='bbox 2857 3440 3045 3487; x_wconf 89' lang='lat' dir='ltr'><strong>contra</strong></span> <span class='ocrx_word' id='word_1_651' title='bbox 3092 3431 3403 3495; x_wconf 77' lang='lat' dir='ltr'><strong>referendo,</strong></span> <span class='ocrx_word' id='word_1_652' title='bbox 3455 3447 3524 3489; x_wconf 79' lang='lat' dir='ltr'><strong>ea</strong></span> 
     </span>
    </p>
   </div>
   <div class='ocr_carea' id='block_1_95' title="bbox 1945 3522 3525 3596">
    <p class='ocr_par' dir='ltr' id='par_1_95' title="bbox 1945 3522 3525 3596">
     <span class='ocr_line' id='line_1_95' title="bbox 1945 3522 3525 3596; baseline 0.002 -20"><span class='ocrx_word' id='word_1_653' title='bbox 1945 3540 2064 3596; x_wconf 73' lang='lat' dir='ltr'><strong>quae</strong></span> <span class='ocrx_word' id='word_1_654' title='bbox 2092 3524 2248 3579; x_wconf 88' lang='lat' dir='ltr'><strong>nobis</strong></span> <span class='ocrx_word' id='word_1_655' title='bbox 2288 3525 2672 3593; x_wconf 84' lang='lat' dir='ltr'><strong>ingerebantur</strong></span> <span class='ocrx_word' id='word_1_656' title='bbox 2721 3522 2825 3577; x_wconf 88' lang='lat' dir='ltr'><strong>ﬁde</strong></span> <span class='ocrx_word' id='word_1_657' title='bbox 2872 3539 2977 3578; x_wconf 91' lang='lat' dir='ltr'><strong>non</strong></span> <span class='ocrx_word' id='word_1_658' title='bbox 3019 3538 3205 3579; x_wconf 84' lang='lat' dir='ltr'><strong>carere</strong></span> <span class='ocrx_word' id='word_1_659' title='bbox 3256 3532 3525 3580; x_wconf 85' lang='lat' dir='ltr'><strong>monstra-</strong></span> 
     </span>
    </p>
   </div>
   <div class='ocr_carea' id='block_1_96' title="bbox 1946 3615 3521 3687">
    <p class='ocr_par' dir='ltr' id='par_1_96' title="bbox 1946 3615 3521 3687">
     <span class='ocr_line' id='line_1_96' title="bbox 1946 3615 3521 3687; baseline 0 -16"><span class='ocrx_word' id='word_1_660' title='bbox 1946 3619 2093 3671; x_wconf 87' lang='lat' dir='ltr'><strong>bant.</strong></span> <span class='ocrx_word' id='word_1_661' title='bbox 2127 3617 2432 3685; x_wconf 86' lang='lat' dir='ltr'><strong>Legebatur</strong></span> <span class='ocrx_word' id='word_1_662' title='bbox 2459 3631 2673 3685; x_wconf 90' lang='lat' dir='ltr'><strong>quoque</strong></span> <span class='ocrx_word' id='word_1_663' title='bbox 2706 3616 2759 3671; x_wconf 91' lang='lat' dir='ltr'><strong>in</strong></span> <span class='ocrx_word' id='word_1_664' title='bbox 2802 3616 2998 3671; x_wconf 88' lang='lat' dir='ltr'><strong>litteris</strong></span> <span class='ocrx_word' id='word_1_665' title='bbox 3028 3618 3167 3680; x_wconf 87' lang='lat' dir='ltr'><strong>tuis,</strong></span> <span class='ocrx_word' id='word_1_666' title='bbox 3194 3632 3331 3687; x_wconf 89' lang='lat' dir='ltr'><strong>quas</strong></span> <span class='ocrx_word' id='word_1_667' title='bbox 3358 3615 3521 3672; x_wconf 90' lang='lat' dir='ltr'><strong>iidem</strong></span> 
     </span>
    </p>
   </div>
   <div class='ocr_carea' id='block_1_97' title="bbox 1947 3704 3527 3777">
    <p class='ocr_par' dir='ltr' id='par_1_97' title="bbox 1947 3704 3527 3777">
     <span class='ocr_line' id='line_1_97' title="bbox 1947 3704 3527 3777; baseline 0.001 -18"><span class='ocrx_word' id='word_1_668' title='bbox 1947 3707 2010 3759; x_wconf 88' lang='lat' dir='ltr'><strong>ad</strong></span> <span class='ocrx_word' id='word_1_669' title='bbox 2050 3722 2134 3761; x_wconf 91' lang='lat' dir='ltr'><strong>me</strong></span> <span class='ocrx_word' id='word_1_670' title='bbox 2164 3707 2375 3761; x_wconf 86' lang='lat' dir='ltr'><strong>diaconi</strong></span> <span class='ocrx_word' id='word_1_671' title='bbox 2415 3706 2488 3760; x_wconf 91' lang='lat' dir='ltr'><strong>tui</strong></span> <span class='ocrx_word' id='word_1_672' title='bbox 2530 3705 2868 3773; x_wconf 89' lang='lat' dir='ltr'><strong>detulerunt,</strong></span> <span class='ocrx_word' id='word_1_673' title='bbox 2914 3706 3053 3777; x_wconf 91' lang='lat' dir='ltr'><strong>quod</strong></span> <span class='ocrx_word' id='word_1_674' title='bbox 3100 3704 3267 3761; x_wconf 85' lang='lat' dir='ltr'><strong>l‘rater</strong></span> <span class='ocrx_word' id='word_1_675' title='bbox 3314 3705 3527 3762; x_wconf 81' lang='lat' dir='ltr'><strong>Atticus</strong></span> 
     </span>
    </p>
   </div>
   <div class='ocr_carea' id='block_1_98' title="bbox 1948 3796 2727 3852">
    <p class='ocr_par' dir='ltr' id='par_1_98' title="bbox 1948 3796 2727 3852">
     <span class='ocr_line' id='line_1_98' title="bbox 1948 3796 2727 3852; baseline -0.003 -1"><span class='ocrx_word' id='word_1_676' title='bbox 1948 3797 2385 3852; x_wconf 87' lang='lat' dir='ltr'><strong>Thessalonicam</strong></span> <span class='ocrx_word' id='word_1_677' title='bbox 2420 3796 2677 3851; x_wconf 83' lang='lat' dir='ltr'><strong>venisset.</strong></span> <span class='ocrx_word' id='word_1_678' title='bbox 2709 3816 2727 3849; x_wconf 73' lang='grc' dir='ltr'><strong>ι</strong></span> 
     </span>
    </p>
   </div>
   <div class='ocr_carea' id='block_1_99' title="bbox 2021 3882 3547 3960">
    <p class='ocr_par' dir='ltr' id='par_1_99' title="bbox 2021 3882 3547 3960">
     <span class='ocr_line' id='line_1_99' title="bbox 2021 3882 3547 3960; baseline 0.002 -17"><span class='ocrx_word' id='word_1_679' title='bbox 2021 3889 2083 3943; x_wconf 84' lang='grc' dir='ltr'>Ει</span> <span class='ocrx_word' id='word_1_680' title='bbox 2105 3898 2227 3959; x_wconf 90' lang='lat' dir='ltr'><strong>post</strong></span> <span class='ocrx_word' id='word_1_681' title='bbox 2250 3888 2351 3942; x_wconf 90' lang='lat' dir='ltr'><strong>alia</strong></span> <span class='ocrx_word' id='word_1_682' title='bbox 2382 3888 2569 3960; x_wconf 88' lang='lat' dir='ltr'><strong>(lbid.)</strong></span> <span class='ocrx_word' id='word_1_683' title='bbox 2598 3908 2609 3943; x_wconf 92' lang='lat'><strong>:</strong></span> <span class='ocrx_word' id='word_1_684' title='bbox 2644 3907 2661 3940; x_wconf 78' lang='grc' dir='ltr'><strong>ι</strong></span> <span class='ocrx_word' id='word_1_685' title='bbox 2686 3888 2839 3944; x_wconf 85' lang='lat' dir='ltr'><strong>Unde</strong></span> <span class='ocrx_word' id='word_1_686' title='bbox 2860 3888 3319 3958; x_wconf 85' lang='lat' dir='ltr'><strong>deploratiouibus</strong></span> <span class='ocrx_word' id='word_1_687' title='bbox 3339 3882 3547 3960; x_wconf 48' lang='lat' dir='ltr'><strong>supra?</strong></span> 
     </span>
    </p>
   </div>
   <div class='ocr_carea' id='block_1_100' title="bbox 1948 3980 3529 4052">
    <p class='ocr_par' dir='ltr' id='par_1_100' title="bbox 1948 3980 3529 4052">
     <span class='ocr_line' id='line_1_100' title="bbox 1948 3980 3529 4052; baseline 0.002 -17"><span class='ocrx_word' id='word_1_688' title='bbox 1948 3982 2074 4035; x_wconf 80' lang='lat' dir='ltr'><strong>dicti</strong></span> <span class='ocrx_word' id='word_1_689' title='bbox 2106 3981 2267 4036; x_wconf 84' lang='lat' dir='ltr'><strong>verba</strong></span> <span class='ocrx_word' id='word_1_690' title='bbox 2306 3980 2548 4051; x_wconf 75' lang='lat' dir='ltr'><strong>epistolce</strong></span> <span class='ocrx_word' id='word_1_691' title='bbox 2594 3989 2698 4036; x_wconf 77' lang='lat' dir='ltr'><strong>tua:</strong></span> <span class='ocrx_word' id='word_1_692' title='bbox 2745 3981 3113 4037; x_wconf 89' lang='lat' dir='ltr'><strong>testimonium</strong></span> <span class='ocrx_word' id='word_1_693' title='bbox 3160 3982 3529 4052; x_wconf 65' lang='lat' dir='ltr'><strong>pra&#39;buerunt.</strong></span> 
     </span>
    </p>
   </div>
   <div class='ocr_carea' id='block_1_101' title="bbox 1950 4072 3537 4143">
    <p class='ocr_par' dir='ltr' id='par_1_101' title="bbox 1950 4072 3537 4143">
     <span class='ocr_line' id='line_1_101' title="bbox 1950 4072 3537 4143; baseline 0.003 -17"><span class='ocrx_word' id='word_1_694' title='bbox 1950 4082 2001 4127; x_wconf 88' lang='lat' dir='ltr'><strong>et</strong></span> <span class='ocrx_word' id='word_1_695' title='bbox 2028 4087 2125 4140; x_wconf 89' lang='lat' dir='ltr'><strong>per</strong></span> <span class='ocrx_word' id='word_1_696' title='bbox 2158 4072 2276 4136; x_wconf 85' lang='lat' dir='ltr'><strong>hoc,</strong></span> <span class='ocrx_word' id='word_1_697' title='bbox 2309 4072 2448 4143; x_wconf 92' lang='lat' dir='ltr'><strong>quod</strong></span> <span class='ocrx_word' id='word_1_698' title='bbox 2481 4088 2587 4125; x_wconf 91' lang='lat' dir='ltr'><strong>non</strong></span> <span class='ocrx_word' id='word_1_699' title='bbox 2615 4081 2699 4127; x_wconf 89' lang='lat' dir='ltr'><strong>est</strong></span> <span class='ocrx_word' id='word_1_700' title='bbox 2726 4072 2981 4136; x_wconf 89' lang='lat' dir='ltr'><strong>tacitum,</strong></span> <span class='ocrx_word' id='word_1_701' title='bbox 3011 4074 3267 4129; x_wconf 86' lang='lat' dir='ltr'><strong>nudatum</strong></span> <span class='ocrx_word' id='word_1_702' title='bbox 3292 4083 3375 4129; x_wconf 88' lang='lat' dir='ltr'><strong>est</strong></span> <span class='ocrx_word' id='word_1_703' title='bbox 3400 4073 3537 4130; x_wconf 82' lang='lat' dir='ltr'><strong>illud</strong></span> 
     </span>
    </p>
   </div>
   <div class='ocr_carea' id='block_1_102' title="bbox 1948 4163 3535 4234">
    <p class='ocr_par' dir='ltr' id='par_1_102' title="bbox 1948 4163 3535 4234">
     <span class='ocr_line' id='line_1_102' title="bbox 1948 4163 3535 4234; baseline 0.004 -19"><span class='ocrx_word' id='word_1_704' title='bbox 1948 4165 2089 4232; x_wconf 79' lang='lat' dir='ltr'><strong>quod</strong></span> <span class='ocrx_word' id='word_1_705' title='bbox 2146 4164 2362 4219; x_wconf 89' lang='lat' dir='ltr'><strong>silentio</strong></span> <span class='ocrx_word' id='word_1_706' title='bbox 2419 4163 2594 4219; x_wconf 81' lang='lat' dir='ltr'><strong>fuerat</strong></span> <span class='ocrx_word' id='word_1_707' title='bbox 2648 4164 2963 4234; x_wconf 80' lang='lat' dir='ltr'><strong>adapertum</strong></span> <span class='ocrx_word' id='word_1_708' title='bbox 3014 4180 3027 4218; x_wconf 90' lang='lat'><strong>:</strong></span> <span class='ocrx_word' id='word_1_709' title='bbox 3083 4164 3278 4220; x_wconf 85' lang='lat' dir='ltr'><strong>aditam</strong></span> <span class='ocrx_word' id='word_1_710' title='bbox 3329 4166 3535 4223; x_wconf 75' lang='lat' dir='ltr'><strong>scilicet</strong></span> 
     </span>
    </p>
   </div>
   <div class='ocr_carea' id='block_1_103' title="bbox 1948 4254 3533 4325">
    <p class='ocr_par' dir='ltr' id='par_1_103' title="bbox 1948 4254 3533 4325">
     <span class='ocr_line' id='line_1_103' title="bbox 1948 4254 3533 4325; baseline 0.002 -16"><span class='ocrx_word' id='word_1_711' title='bbox 1948 4254 2141 4324; x_wconf 87' lang='lat' dir='ltr'><strong>lllyrici</strong></span> <span class='ocrx_word' id='word_1_712' title='bbox 2172 4254 2588 4325; x_wconf 61' lang='lat' dir='ltr'><strong>praefecturam,</strong></span> <span class='ocrx_word' id='word_1_713' title='bbox 2637 4262 2688 4310; x_wconf 89' lang='lat' dir='ltr'><strong>ct</strong></span> <span class='ocrx_word' id='word_1_714' title='bbox 2725 4255 3169 4311; x_wconf 87' lang='lat' dir='ltr'><strong>sublimis&#39;simam</strong></span> <span class='ocrx_word' id='word_1_715' title='bbox 3203 4257 3345 4312; x_wconf 90' lang='lat' dir='ltr'><strong>inter</strong></span> <span class='ocrx_word' id='word_1_716' title='bbox 3370 4272 3533 4313; x_wconf 86' lang='lat' dir='ltr'><strong>mun-</strong></span> 
     </span>
    </p>
   </div>
   <div class='ocr_carea' id='block_1_104' title="bbox 1949 4338 3534 4417">
    <p class='ocr_par' dir='ltr' id='par_1_104' title="bbox 1949 4338 3534 4417">
     <span class='ocr_line' id='line_1_104' title="bbox 1949 4338 3534 4417; baseline 0.001 -14"><span class='ocrx_word' id='word_1_717' title='bbox 1949 4348 2117 4403; x_wconf 86' lang='lat' dir='ltr'><strong>danos</strong></span> <span class='ocrx_word' id='word_1_718' title='bbox 2162 4347 2339 4417; x_wconf 83' lang='lat' dir='ltr'><strong>apices</strong></span> <span class='ocrx_word' id='word_1_719' title='bbox 2395 4338 2717 4417; x_wconf 84' lang='lat' dir='ltr'><strong>potestatem</strong></span> <span class='ocrx_word' id='word_1_720' title='bbox 2762 4347 2814 4401; x_wconf 92' lang='lat' dir='ltr'><strong>in</strong></span> <span class='ocrx_word' id='word_1_721' title='bbox 2861 4347 3251 4404; x_wconf 76' lang='lat' dir='ltr'><strong>exbibitionem</strong></span> <span class='ocrx_word' id='word_1_722' title='bbox 3304 4350 3534 4405; x_wconf 81' lang='lat' dir='ltr'><strong>insontis</strong></span> 
     </span>
    </p>
   </div>
   <div class='ocr_carea' id='block_1_105' title="bbox 1949 4438 3532 4505">
    <p class='ocr_par' dir='ltr' id='par_1_105' title="bbox 1949 4438 3532 4505">
     <span class='ocr_line' id='line_1_105' title="bbox 1949 4438 3532 4505; baseline 0 -12"><span class='ocrx_word' id='word_1_723' title='bbox 1949 4439 2208 4494; x_wconf 84' lang='lat' dir='ltr'><strong>antistitis</strong></span> <span class='ocrx_word' id='word_1_724' title='bbox 2255 4439 2553 4499; x_wconf 85' lang='lat' dir='ltr'><strong>incitatam,</strong></span> <span class='ocrx_word' id='word_1_725' title='bbox 2586 4446 2646 4492; x_wconf 90' lang='lat' dir='ltr'><strong>ut</strong></span> <span class='ocrx_word' id='word_1_726' title='bbox 2694 4438 2856 4493; x_wconf 89' lang='lat' dir='ltr'><strong>missa</strong></span> <span class='ocrx_word' id='word_1_727' title='bbox 2903 4440 3250 4494; x_wconf 80' lang='lat' dir='ltr'><strong>exsecutione</strong></span> <span class='ocrx_word' id='word_1_728' title='bbox 3284 4438 3532 4505; x_wconf 88' lang='lat' dir='ltr'><strong>terribili,</strong></span> 
     </span>
    </p>
   </div>
   <div class='ocr_carea' id='block_1_106' title="bbox 1952 4527 3536 4601">
    <p class='ocr_par' dir='ltr' id='par_1_106' title="bbox 1952 4527 3536 4601">
     <span class='ocr_line' id='line_1_106' title="bbox 1952 4527 3536 4601; baseline 0.001 -17"><span class='ocrx_word' id='word_1_729' title='bbox 1952 4546 2071 4601; x_wconf 64' lang='lat' dir='ltr'><strong>qua:</strong></span> <span class='ocrx_word' id='word_1_730' title='bbox 2114 4530 2295 4585; x_wconf 89' lang='lat' dir='ltr'><strong>omnia</strong></span> <span class='ocrx_word' id='word_1_731' title='bbox 2331 4528 2433 4585; x_wconf 91' lang='lat' dir='ltr'><strong>sibi</strong></span> <span class='ocrx_word' id='word_1_732' title='bbox 2468 4527 2639 4585; x_wconf 82' lang='lat' dir='ltr'><strong>ollicia</strong></span> <span class='ocrx_word' id='word_1_733' title='bbox 2672 4529 2883 4598; x_wconf 88' lang='lat' dir='ltr'><strong>publica</strong></span> <span class='ocrx_word' id='word_1_734' title='bbox 2930 4529 2996 4584; x_wconf 90' lang='lat' dir='ltr'><strong>ad</strong></span> <span class='ocrx_word' id='word_1_735' title='bbox 3038 4528 3286 4585; x_wconf 74' lang='lat' dir='ltr'><strong>ell‘cctum</strong></span> <span class='ocrx_word' id='word_1_736' title='bbox 3332 4544 3536 4600; x_wconf 64' lang='lat' dir='ltr'><strong>praece-</strong></span> 
     </span>
    </p>
   </div>
   <div class='ocr_carea' id='block_1_107' title="bbox 1950 4618 3537 4691">
    <p class='ocr_par' dir='ltr' id='par_1_107' title="bbox 1950 4618 3537 4691">
     <span class='ocr_line' id='line_1_107' title="bbox 1950 4618 3537 4691; baseline 0 -16"><span class='ocrx_word' id='word_1_737' title='bbox 1950 4622 2152 4691; x_wconf 86' lang='lat' dir='ltr'><strong>ptionis</strong></span> <span class='ocrx_word' id='word_1_738' title='bbox 2182 4621 2516 4691; x_wconf 84' lang='lat' dir='ltr'><strong>adjungeret,</strong></span> <span class='ocrx_word' id='word_1_739' title='bbox 2546 4635 2575 4674; x_wconf 90' lang='lat' dir='ltr'><strong>a</strong></span> <span class='ocrx_word' id='word_1_740' title='bbox 2602 4620 2775 4675; x_wconf 89' lang='lat' dir='ltr'><strong>sacris</strong></span> <span class='ocrx_word' id='word_1_741' title='bbox 2795 4618 3051 4675; x_wconf 75' lang='lat' dir='ltr'><strong>Ecclesia:</strong></span> <span class='ocrx_word' id='word_1_742' title='bbox 3074 4619 3256 4682; x_wconf 88' lang='lat' dir='ltr'><strong>aditis,</strong></span> <span class='ocrx_word' id='word_1_743' title='bbox 3282 4618 3428 4675; x_wconf 92' lang='lat' dir='ltr'><strong>nullo</strong></span> <span class='ocrx_word' id='word_1_744' title='bbox 3449 4619 3537 4675; x_wconf 81' lang='lat' dir='ltr'><strong>vel</strong></span> 
     </span>
    </p>
   </div>
   <div class='ocr_carea' id='block_1_108' title="bbox 1952 4710 3537 4775">
    <p class='ocr_par' dir='ltr' id='par_1_108' title="bbox 1952 4710 3537 4775">
     <span class='ocr_line' id='line_1_108' title="bbox 1952 4710 3537 4775; baseline -0.001 -8"><span class='ocrx_word' id='word_1_745' title='bbox 1952 4713 2086 4769; x_wconf 77' lang='lat' dir='ltr'><strong>falso</strong></span> <span class='ocrx_word' id='word_1_746' title='bbox 2122 4711 2461 4768; x_wconf 89' lang='lat' dir='ltr'><strong>insimulatus</strong></span> <span class='ocrx_word' id='word_1_747' title='bbox 2486 4711 2713 4766; x_wconf 88' lang='lat' dir='ltr'><strong>crimine</strong></span> <span class='ocrx_word' id='word_1_748' title='bbox 2738 4711 3115 4767; x_wconf 79' lang='lat' dir='ltr'><strong>extraheretur</strong></span> <span class='ocrx_word' id='word_1_749' title='bbox 3142 4711 3414 4775; x_wconf 85' lang='lat' dir='ltr'><strong>sacerdos,</strong></span> <span class='ocrx_word' id='word_1_750' title='bbox 3446 4710 3537 4765; x_wconf 88' lang='lat' dir='ltr'><strong>cui</strong></span> 
     </span>
    </p>
   </div>
   <div class='ocr_carea' id='block_1_109' title="bbox 1952 4802 3539 4873">
    <p class='ocr_par' dir='ltr' id='par_1_109' title="bbox 1952 4802 3539 4873">
     <span class='ocr_line' id='line_1_109' title="bbox 1952 4802 3539 4873; baseline -0.005 -8"><span class='ocrx_word' id='word_1_751' title='bbox 1952 4824 2060 4865; x_wconf 88' lang='lat' dir='ltr'><strong>non</strong></span> <span class='ocrx_word' id='word_1_752' title='bbox 2081 4807 2153 4862; x_wconf 87' lang='lat' dir='ltr'><strong>ob</strong></span> <span class='ocrx_word' id='word_1_753' title='bbox 2181 4803 2479 4859; x_wconf 89' lang='lat' dir='ltr'><strong>molestiam</strong></span> <span class='ocrx_word' id='word_1_754' title='bbox 2506 4802 2862 4873; x_wconf 58' lang='lat' dir='ltr'><strong>(egritudinis,</strong></span> <span class='ocrx_word' id='word_1_755' title='bbox 2890 4818 2996 4857; x_wconf 91' lang='lat' dir='ltr'><strong>non</strong></span> <span class='ocrx_word' id='word_1_756' title='bbox 3024 4802 3094 4858; x_wconf 90' lang='lat' dir='ltr'><strong>ob</strong></span> <span class='ocrx_word' id='word_1_757' title='bbox 3120 4802 3380 4857; x_wconf 71' lang='lat' dir='ltr'><strong>mitium</strong></span> <span class='ocrx_word' id='word_1_758' title='bbox 3408 4802 3539 4873; x_wconf 80' lang='lat' dir='ltr'><strong>hye-</strong></span> 
     </span>
    </p>
   </div>
   <div class='ocr_carea' id='block_1_110' title="bbox 1953 4892 3534 4963">
    <p class='ocr_par' dir='ltr' id='par_1_110' title="bbox 1953 4892 3534 4963">
     <span class='ocr_line' id='line_1_110' title="bbox 1953 4892 3534 4963; baseline -0.003 -10"><span class='ocrx_word' id='word_1_759' title='bbox 1953 4900 2054 4953; x_wconf 83' lang='lat' dir='ltr'><strong>mis</strong></span> <span class='ocrx_word' id='word_1_760' title='bbox 2091 4898 2351 4951; x_wconf 89' lang='lat' dir='ltr'><strong>darentur</strong></span> <span class='ocrx_word' id='word_1_761' title='bbox 2386 4893 2648 4957; x_wconf 65' lang='lat' dir='ltr'><strong>induciae,</strong></span> <span class='ocrx_word' id='word_1_762' title='bbox 2681 4892 2775 4947; x_wconf 90' lang='lat' dir='ltr'><strong>sed</strong></span> <span class='ocrx_word' id='word_1_763' title='bbox 2806 4892 2909 4947; x_wconf 89' lang='lat' dir='ltr'><strong>iter</strong></span> <span class='ocrx_word' id='word_1_764' title='bbox 2936 4906 3185 4961; x_wconf 87' lang='lat' dir='ltr'><strong>asperum</strong></span> <span class='ocrx_word' id='word_1_765' title='bbox 3232 4901 3287 4946; x_wconf 89' lang='lat' dir='ltr'><strong>et</strong></span> <span class='ocrx_word' id='word_1_766' title='bbox 3321 4892 3534 4963; x_wconf 62' lang='lat' dir='ltr'><strong>pericu.</strong></span> 
     </span>
    </p>
   </div>
   <div class='ocr_carea' id='block_1_111' title="bbox 1951 4982 3538 5060">
    <p class='ocr_par' dir='ltr' id='par_1_111' title="bbox 1951 4982 3538 5060">
     <span class='ocr_line' id='line_1_111' title="bbox 1951 4982 3538 5060; baseline -0.003 -15"><span class='ocrx_word' id='word_1_767' title='bbox 1951 4992 2018 5045; x_wconf 91' lang='lat' dir='ltr'><strong>lis</strong></span> <span class='ocrx_word' id='word_1_768' title='bbox 2062 4989 2276 5059; x_wconf 90' lang='lat' dir='ltr'><strong>plenum</strong></span> <span class='ocrx_word' id='word_1_769' title='bbox 2312 5002 2408 5060; x_wconf 84' lang='lat' dir='ltr'><strong>per</strong></span> <span class='ocrx_word' id='word_1_770' title='bbox 2450 4986 2624 5041; x_wconf 89' lang='lat' dir='ltr'><strong>invias</strong></span> <span class='ocrx_word' id='word_1_771' title='bbox 2654 4985 2805 5041; x_wconf 88' lang='lat' dir='ltr'><strong>nives</strong></span> <span class='ocrx_word' id='word_1_772' title='bbox 2847 5000 3009 5055; x_wconf 82' lang='lat' dir='ltr'><strong>agere</strong></span> <span class='ocrx_word' id='word_1_773' title='bbox 3052 4994 3352 5057; x_wconf 73' lang='lat' dir='ltr'><strong>cogeretur.</strong></span> <span class='ocrx_word' id='word_1_774' title='bbox 3383 4982 3538 5053; x_wconf 87' lang='lat' dir='ltr'><strong>Quod</strong></span> 
     </span>
    </p>
   </div>
   <div class='ocr_carea' id='block_1_112' title="bbox 1954 5075 3539 5148">
    <p class='ocr_par' dir='ltr' id='par_1_112' title="bbox 1954 5075 3539 5148">
     <span class='ocr_line' id='line_1_112' title="bbox 1954 5075 3539 5148; baseline -0.003 -12"><span class='ocrx_word' id='word_1_775' title='bbox 1954 5081 2086 5137; x_wconf 91' lang='lat' dir='ltr'><strong>tanti</strong></span> <span class='ocrx_word' id='word_1_776' title='bbox 2115 5081 2335 5143; x_wconf 86' lang='lat' dir='ltr'><strong>laboris,</strong></span> <span class='ocrx_word' id='word_1_777' title='bbox 2371 5078 2615 5148; x_wconf 88' lang='lat' dir='ltr'><strong>tantique</strong></span> <span class='ocrx_word' id='word_1_778' title='bbox 2647 5075 2979 5132; x_wconf 90' lang='lat' dir='ltr'><strong>discriminis</strong></span> <span class='ocrx_word' id='word_1_779' title='bbox 3003 5076 3122 5141; x_wconf 80' lang='lat' dir='ltr'><strong>fuit,</strong></span> <span class='ocrx_word' id='word_1_780' title='bbox 3159 5087 3216 5131; x_wconf 89' lang='lat' dir='ltr'><strong>ut</strong></span> <span class='ocrx_word' id='word_1_781' title='bbox 3244 5092 3308 5132; x_wconf 81' lang='lat' dir='ltr'><strong>ex</strong></span> <span class='ocrx_word' id='word_1_782' title='bbox 3338 5076 3423 5131; x_wconf 85' lang='lat' dir='ltr'><strong>his</strong></span> <span class='ocrx_word' id='word_1_783' title='bbox 3442 5075 3539 5147; x_wconf 85' lang='lat' dir='ltr'><strong>qui</strong></span> 
     </span>
    </p>
   </div>
   <div class='ocr_carea' id='block_1_113' title="bbox 1953 5167 3536 5245">
    <p class='ocr_par' dir='ltr' id='par_1_113' title="bbox 1953 5167 3536 5245">
     <span class='ocr_line' id='line_1_113' title="bbox 1953 5167 3536 5245; baseline -0.004 -15"><span class='ocrx_word' id='word_1_784' title='bbox 1953 5176 2262 5245; x_wconf 89' lang='lat' dir='ltr'><strong>episcopum</strong></span> <span class='ocrx_word' id='word_1_785' title='bbox 2293 5171 2535 5229; x_wconf 86' lang='lat' dir='ltr'><strong>comitati</strong></span> <span class='ocrx_word' id='word_1_786' title='bbox 2564 5179 2691 5225; x_wconf 90' lang='lat' dir='ltr'><strong>sunt</strong></span> <span class='ocrx_word' id='word_1_787' title='bbox 2715 5168 2934 5239; x_wconf 84' lang='lat' dir='ltr'><strong>quidam</strong></span> <span class='ocrx_word' id='word_1_788' title='bbox 2964 5167 3229 5225; x_wconf 76' lang='lat' dir='ltr'><strong>defecisse</strong></span> <span class='ocrx_word' id='word_1_789' title='bbox 3264 5169 3536 5223; x_wconf 85' lang='lat' dir='ltr'><strong>dicantur.</strong></span> 
     </span>
    </p>
   </div>
   <div class='ocr_carea' id='block_1_114' title="bbox 1957 5257 3538 5334">
    <p class='ocr_par' dir='ltr' id='par_1_114' title="bbox 1957 5257 3538 5334">
     <span class='ocr_line' id='line_1_114' title="bbox 1957 5257 3538 5334; baseline -0.005 -13"><span class='ocrx_word' id='word_1_790' title='bbox 1957 5265 2179 5321; x_wconf 84' lang='lat' dir='ltr'><strong>Multum</strong></span> <span class='ocrx_word' id='word_1_791' title='bbox 2207 5274 2426 5334; x_wconf 87' lang='lat' dir='ltr'><strong>stupeo,</strong></span> <span class='ocrx_word' id='word_1_792' title='bbox 2462 5261 2630 5317; x_wconf 81' lang='lat' dir='ltr'><strong>frater</strong></span> <span class='ocrx_word' id='word_1_793' title='bbox 2658 5260 2998 5327; x_wconf 80' lang='lat' dir='ltr'><strong>charissime,</strong></span> <span class='ocrx_word' id='word_1_794' title='bbox 3027 5259 3121 5317; x_wconf 90' lang='lat' dir='ltr'><strong>sed</strong></span> <span class='ocrx_word' id='word_1_795' title='bbox 3152 5268 3206 5315; x_wconf 90' lang='lat' dir='ltr'><strong>et</strong></span> <span class='ocrx_word' id='word_1_796' title='bbox 3246 5257 3538 5329; x_wconf 85' lang='lat' dir='ltr'><strong>plurimum</strong></span> 
     </span>
    </p>
   </div>
   <div class='ocr_carea' id='block_1_115' title="bbox 1958 5349 3539 5427">
    <p class='ocr_par' dir='ltr' id='par_1_115' title="bbox 1958 5349 3539 5427">
     <span class='ocr_line' id='line_1_115' title="bbox 1958 5349 3539 5427; baseline -0.005 -15"><span class='ocrx_word' id='word_1_797' title='bbox 1958 5358 2135 5421; x_wconf 87' lang='lat' dir='ltr'><strong>doleo,</strong></span> <span class='ocrx_word' id='word_1_798' title='bbox 2163 5357 2305 5427; x_wconf 92' lang='lat' dir='ltr'><strong>quod</strong></span> <span class='ocrx_word' id='word_1_799' title='bbox 2337 5356 2390 5410; x_wconf 89' lang='lat' dir='ltr'><strong>in</strong></span> <span class='ocrx_word' id='word_1_800' title='bbox 2420 5370 2542 5409; x_wconf 87' lang='lat' dir='ltr'><strong>eum</strong></span> <span class='ocrx_word' id='word_1_801' title='bbox 2572 5354 2659 5425; x_wconf 86' lang='lat' dir='ltr'><strong>(de</strong></span> <span class='ocrx_word' id='word_1_802' title='bbox 2687 5370 2795 5424; x_wconf 89' lang='lat' dir='ltr'><strong>quo</strong></span> <span class='ocrx_word' id='word_1_803' title='bbox 2826 5354 2958 5410; x_wconf 89' lang='lat' dir='ltr'><strong>nihil</strong></span> <span class='ocrx_word' id='word_1_804' title='bbox 2994 5353 3225 5423; x_wconf 85' lang='lat' dir='ltr'><strong>amplius</strong></span> <span class='ocrx_word' id='word_1_805' title='bbox 3264 5349 3539 5406; x_wconf 84' lang='lat' dir='ltr'><strong>indicave-</strong></span> 
     </span>
    </p>
   </div>
   <div class='ocr_carea' id='block_1_116' title="bbox 1961 5446 3539 5520">
    <p class='ocr_par' dir='ltr' id='par_1_116' title="bbox 1961 5446 3539 5520">
     <span class='ocr_line' id='line_1_116' title="bbox 1961 5446 3539 5520; baseline -0.004 -16"><span class='ocrx_word' id='word_1_806' title='bbox 1961 5466 2047 5505; x_wconf 84' lang='lat' dir='ltr'><strong>ras</strong></span> <span class='ocrx_word' id='word_1_807' title='bbox 2069 5492 2083 5513; x_wconf 89' lang='lat'><strong>,</strong></span> <span class='ocrx_word' id='word_1_808' title='bbox 2120 5465 2281 5520; x_wconf 87' lang='lat' dir='ltr'><strong>quam</strong></span> <span class='ocrx_word' id='word_1_809' title='bbox 2313 5449 2454 5519; x_wconf 88' lang='lat' dir='ltr'><strong>quod</strong></span> <span class='ocrx_word' id='word_1_810' title='bbox 2482 5456 2741 5504; x_wconf 87' lang='lat' dir='ltr'><strong>evocatus</strong></span> <span class='ocrx_word' id='word_1_811' title='bbox 2769 5447 2959 5503; x_wconf 86' lang='lat' dir='ltr'><strong>adesse</strong></span> <span class='ocrx_word' id='word_1_812' title='bbox 2988 5446 3225 5503; x_wconf 80' lang='lat' dir='ltr'><strong>dill‘erret</strong></span> <span class='ocrx_word' id='word_1_813' title='bbox 3250 5486 3264 5510; x_wconf 93' lang='lat'><strong>,</strong></span> <span class='ocrx_word' id='word_1_814' title='bbox 3291 5452 3344 5500; x_wconf 86' lang='lat' dir='ltr'><strong>et</strong></span> <span class='ocrx_word' id='word_1_815' title='bbox 3374 5457 3539 5498; x_wconf 76' lang='lat' dir='ltr'><strong>excu-</strong></span> 
     </span>
    </p>
   </div>
   <div class='ocr_carea' id='block_1_117' title="bbox 1958 5538 3541 5609">
    <p class='ocr_par' dir='ltr' id='par_1_117' title="bbox 1958 5538 3541 5609">
     <span class='ocr_line' id='line_1_117' title="bbox 1958 5538 3541 5609; baseline -0.005 -12"><span class='ocrx_word' id='word_1_816' title='bbox 1958 5541 2220 5597; x_wconf 74' lang='lat' dir='ltr'><strong>sationem</strong></span> <span class='ocrx_word' id='word_1_817' title='bbox 2274 5539 2605 5595; x_wconf 84' lang='lat' dir='ltr'><strong>iutirmitatis</strong></span> <span class='ocrx_word' id='word_1_818' title='bbox 2650 5538 2987 5609; x_wconf 86' lang='lat' dir='ltr'><strong>obtenderet)</strong></span> <span class='ocrx_word' id='word_1_819' title='bbox 3034 5547 3142 5593; x_wconf 90' lang='lat' dir='ltr'><strong>tam</strong></span> <span class='ocrx_word' id='word_1_820' title='bbox 3190 5538 3443 5592; x_wconf 87' lang='lat' dir='ltr'><strong>atrociter</strong></span> <span class='ocrx_word' id='word_1_821' title='bbox 3484 5540 3541 5589; x_wconf 85' lang='lat' dir='ltr'><strong>et</strong></span> 
     </span>
    </p>
   </div>
   <div class='ocr_carea' id='block_1_118' title="bbox 1957 5626 3561 5703">
    <p class='ocr_par' dir='ltr' id='par_1_118' title="bbox 1957 5626 3561 5703">
     <span class='ocr_line' id='line_1_118' title="bbox 1957 5626 3561 5703; baseline -0.004 -17"><span class='ocrx_word' id='word_1_822' title='bbox 1957 5640 2066 5688; x_wconf 79' lang='lat' dir='ltr'><strong>tam</strong></span> <span class='ocrx_word' id='word_1_823' title='bbox 2116 5632 2465 5688; x_wconf 79' lang='lat' dir='ltr'><strong>vehementer</strong></span> <span class='ocrx_word' id='word_1_824' title='bbox 2515 5631 2757 5703; x_wconf 87' lang='lat' dir='ltr'><strong>potueris</strong></span> <span class='ocrx_word' id='word_1_825' title='bbox 2812 5630 3177 5694; x_wconf 86' lang='lat' dir='ltr'><strong>commoveri;</strong></span> <span class='ocrx_word' id='word_1_826' title='bbox 3238 5626 3561 5701; x_wconf 55' lang='lat' dir='ltr'><strong>praesertim</strong></span> 
     </span>
    </p>
   </div>
   <div class='ocr_carea' id='block_1_119' title="bbox 1960 5714 3538 5797">
    <p class='ocr_par' dir='ltr' id='par_1_119' title="bbox 1960 5714 3538 5797">
     <span class='ocr_line' id='line_1_119' title="bbox 1960 5714 3538 5797; baseline -0.008 -13"><span class='ocrx_word' id='word_1_827' title='bbox 1960 5743 2080 5797; x_wconf 84' lang='lat' dir='ltr'><strong>cum</strong></span> <span class='ocrx_word' id='word_1_828' title='bbox 2118 5727 2161 5782; x_wconf 87' lang='lat' dir='ltr'><strong>si</strong></span> <span class='ocrx_word' id='word_1_829' title='bbox 2193 5724 2297 5781; x_wconf 86' lang='lat' dir='ltr'><strong>tale</strong></span> <span class='ocrx_word' id='word_1_830' title='bbox 2352 5725 2553 5795; x_wconf 89' lang='lat' dir='ltr'><strong>aliquid</strong></span> <span class='ocrx_word' id='word_1_831' title='bbox 2599 5733 2932 5789; x_wconf 82' lang='lat' dir='ltr'><strong>mereretur,</strong></span> <span class='ocrx_word' id='word_1_832' title='bbox 2976 5721 3393 5794; x_wconf 80' lang='lat' dir='ltr'><strong>exspectandum</strong></span> <span class='ocrx_word' id='word_1_833' title='bbox 3443 5714 3538 5771; x_wconf 74' lang='lat' dir='ltr'><strong>tibi</strong></span> 
     </span>
    </p>
   </div>
  </div>
