4026 6346
626 284 736 353 353

625 402 805 459 fuerat
840 404 974 475 quid
1025 408 1090 462 ad
1140 417 1229 463 tua
1274 410 1520 467 consulta
1570 415 1945 473 rescriberem.
1999 418 2104 476 Sed
2152 431 2206 476 ut

621 492 784 550 video
812 494 952 551 bene
975 497 1041 552 dc
1071 497 1206 552 meis
1233 501 1474 556 moribus
1499 503 1780 560 aestimas'i
1800 546 1815 572 ,
1849 516 1903 563 et
1933 524 2094 578 quam
2132 512 2209 567 ci-

620 585 749 642 vilia
779 603 879 658 pro
907 591 1275 647 conservanda
1308 596 1628 651 sacerdotali
1657 601 1947 657 concordia
1978 619 2207 675 respouo

619 693 782 735 surus
810 696 984 738 essem
998 682 1298 744 .verissime
1323 687 1639 756 prrevidisti,
1663 698 1720 746 et
1743 691 1863 748 ideo
1886 704 2064 751 motus
2084 704 2206 753 tuos

616 773 838 843 exsequi
875 774 991 829 sine
1020 775 1279 833 dilatione
1315 782 1656 849 properasti,
1692 799 1761 839 nc
1799 801 1924 841 cum
1955 789 2203 846 modera-

616 864 779 918 tionis
825 874 1026 922 nostrae
1051 867 1198 925 aliud
1240 870 1577 940 disponentia
1614 876 1816 947 scripta
1854 881 2199 951 sumpsisses,

612 951 844 1008 faciendi
888 955 940 1012 id
975 958 1119 1026 quod
1149 957 1353 1016 factum
1388 971 1476 1019 est
1508 962 1778 1022 licentiam
1813 984 1920 1024 non
1950 971 2198 1029 haberes.

608 1043 690 1097 An
735 1042 874 1099 forte
916 1044 1121 1117 aliquid
1167 1048 1263 1104 tibi
1307 1051 1519 1109 facinus
1560 1053 1746 1112 fratris
1774 1057 2112 1127 innotuerat,
2145 1072 2202 1120 et

606 1137 1084 1206 metropolitanum
1137 1143 1451 1215 episcopum
1496 1148 1622 1209 novi
1673 1150 1814 1220 apud
1858 1159 1913 1208 te
1954 1154 2201 1213 criminis

603 1228 819 1298 pondus
867 1233 1134 1303 urgebat?
1180 1235 1251 1291 At
1299 1238 1403 1293 hoc
1440 1240 1657 1309 quidem
1707 1242 1942 1299 alienum
1993 1247 2062 1302 ab
2107 1246 2199 1304 illo

601 1334 762 1385 esse,
795 1323 963 1378 etiam
1013 1334 1071 1381 tu
1112 1327 1244 1384 nihil
1292 1329 1341 1384 ei
1393 1330 1697 1401 obiiciendo
1740 1335 2060 1405 confirmas;
2100 1340 2196 1395 sed

600 1411 770 1467 etiam
803 1414 848 1466 si
889 1415 1018 1484 quid
1046 1432 1212 1488 grave
1257 1419 1762 1495 intolerandumque
1807 1427 2194 1495 committeret,

956 290 1316 351 RATRAMNI
1355 298 1804 361 CORBEIENSIS
1846 304 2153 365 MONACHI
2193 310 2474 371 CONTRA
2513 316 2745 377 GRIEC.
2787 321 3146 382 OPPOSiTA.
3188 360 3259 371 -
3297 332 3420 389 LIB.
3463 338 3544 392 If.

3749 350 3829 408 ω

2237 437 2284 496 Α
2314 424 2574 493 Ecclesia,
2604 430 2877 504 totiusque
2914 438 3098 494 mundi
3142 441 3474 515 principatus
3500 456 3719 525 contulit,
3749 461 3829 518 im.

2311 526 2525 575 mutare
2572 536 2768 591 posse;
2815 529 3247 601 quandoquidem
3299 537 3566 598 civitatem
3608 544 3827 623 Romam,

2308 622 2429 677 qua:
2472 620 2791 669 cunctarum
2830 617 3193 690 principatum
3234 625 3594 688 Ecclesiarum
3627 617 3829 711 obtinet,

2306 699 2374 754 ab
2404 699 2633 772 imperio
2659 720 2759 761 suo
2800 708 2986 765 vident
3029 724 3291 771 remotam
3318 746 3341 785 ,λ
3382 731 3439 776 et
3480 739 3679 785 omnem

2303 788 2519 847 dentem
2567 794 2668 849 sibi
2720 796 2991 856 sublatum
3016 843 3032 867 ,
3082 804 3465 881 Africamque,
3514 825 3567 872 et
3603 788 3829 881 Orientetu

2302 894 2441 949 pene
2480 893 2765 952 cunctum,
2793 899 2993 958 praeter
3017 896 3405 966 paucissimas,
3437 903 3678 978 Europae,
3699 912 3830 972 Asia.

2302 988 2408 1042 que
2441 976 2768 1045 provincias,
2796 988 2852 1035 et
2881 997 3177 1052 paucarum
3208 992 3444 1051 ambitus
3470 976 3755 1058 insularum.

2372 1067 2544 1137 Quam
2597 1081 2779 1129 autem
2841 1082 3199 1139 reverentiam
3257 1084 3828 1164 Cunstantinopoiitanus

2297 1160 2537 1229 pontifex
2567 1163 2815 1223 obtinere
2854 1168 3074 1238 debeat,
3119 1188 3227 1229 non
3257 1190 3360 1232 suo
3385 1160 3709 1249 merum—aed
3731 1191 3828 1258 quia

2298 1252 2532 1307 secunda
2564 1255 2798 1312 vocitata
2834 1259 2906 1315 sit
2935 1261 3105 1317 Roma
3128 1303 3144 1329 ,
3176 1273 3410 1324 testatur
3437 1269 3707 1331 Iustiniani
3734 1252 3829 1347 pra-

2296 1342 2585 1440 gmaticum
2628 1346 2972 1418 imperatoris
2999 1352 3209 1422 (Novel.
3241 1374 3438 1429 cum,
3465 1380 3582 1436 cap.
3607 1367 3687 1438 2),

2296 1429 2371 1484 ita
2409 1430 2626 1489 fertur:
2664 1454 2683 1486 σ
2724 1437 2868 1509 Papa
2907 1441 3187 1501 Romanus
3212 1449 3363 1518 prior
3388 1429 3828 1527 omnibus

601 1512 790 1559 nostra
820 1515 938 1562 erat
968 1515 1333 1581 exspectanda
1359 1529 1625 1583 censura;
1657 1525 1715 1571 ut
1742 1517 1877 1572 nihil
1901 1520 2053 1589 prius
2080 1520 2194 1590 ipse
2292 1523 2379 1592 pis
2405 1532 2462 1579 et
2492 1528 2814 1596 patriarchis
2841 1535 3061 1603 sedeat,
3086 1547 3142 1593 et
3165 1512 3291 1607 post
3317 1542 3468 1600 illum
3496 1512 3826 1607 Constantina-

600 1599 928 1658 decernores
950 1643 963 1667 ,
992 1618 1155 1674 quam
1184 1606 1313 1675 quid
1348 1608 1504 1664 nobis
1531 1609 1797 1678 placeret,
1844 1612 2188 1682 agnosceres.
2292 1614 2547 1685 politanze
2582 1620 2818 1683 civitatis
2845 1599 3307 1701 archiepiscopus.
3338 1652 3356 1685 ι
3393 1599 3620 1694 Νοη-ιιίο
3651 1640 3826 1709 prater.

600 1686 757 1709 mm
982 1702 1081 1709 __
1211 1695 1243 1709 .-
1314 1704 1323 1709 ,
1559 1700 1591 1709 ..
1618 1701 1648 1709 ..
1844 1703 1856 1709 ,
1949 1703 1960 1709 ,
2051 1705 2062 1709 ,

599 1686 762 1755 Yices
787 1691 933 1765 enim
962 1702 1180 1751 nostras
1208 1695 1282 1751 ita
1311 1704 1414 1752 tuae
1447 1700 1775 1757 credidimus
1808 1703 2098 1771 cbaritati,
2131 1715 2189 1771 ut
2292 1710 2386 1758 tur
2412 1718 2586 1775 neque
2614 1708 2892 1766 confertur
2926 1686 3387 1798 papieRoiuano,
3426 1723 3521 1780 sed
3560 1686 3825 1798 supponitur

599 1779 654 1835 in
685 1790 893 1850 partem
922 1782 999 1839 sis
1020 1795 1243 1842 vocatus
1270 1788 1665 1858 sollicitudinis,
1694 1809 1803 1848 non
1828 1793 1881 1848 in
1906 1794 2191 1864 plenitudi-
2217 1802 2264 1863 Β
2291 1796 2603 1877 patriarcha
2682 1779 3334 1879 Constaniinopolitanus.
3372 1779 3386 1787 '
3417 1779 3823 1877 Considemndun

596 1886 722 1933 nem
746 1877 1052 1944 potestatis.
1085 1878 1237 1936 Uude
1264 1880 1405 1941 sicut
1435 1883 1660 1948 multum
1690 1901 1791 1943 nos
1815 1903 1878 1943 ea
1904 1904 2029 1959 qua:
2063 1905 2093 1944 a
2134 1898 2186 1951 te
2288 1901 2527 1957 Quoque,
2552 1890 2695 1961 quod
2720 1893 2892 1951 honor
2914 1877 3061 1954 sedis
3085 1898 3159 1954 illi
3182 1904 3565 1974 contribuitur,
3588 1912 3824 1979 potestatis

592 1965 684 2035 pie
711 1976 839 2022 sunt
865 1976 1051 2024 curata
1073 2011 1087 2035 ,
1117 1970 1422 2038 haliﬁcant,
1454 1975 1528 2030 ita
1556 1976 1784 2033 nimium
1814 1994 1880 2034 ea
1908 1996 2031 2051 qua:
2059 1994 2186 2052 per.
2287 1984 2471 2041 autem
2496 1978 2709 2045 culmen
2734 1982 3043 2041 nullatenus
3067 1988 3368 2047 confertur.
3395 1992 3526 2049 Item
3629 1996 3821 2054 Historia

588 2071 776 2127 peram
806 2070 935 2114 sunt
958 2070 1110 2134 gesta
1129 2103 1145 2128 ,
1172 2065 1519 2123 contristant.
1562 2066 1632 2124 Et
1660 2084 1886 2128 necesse
1913 2080 1998 2128 est
2017 2113 2032 2139 ,
2060 2081 2183 2144 post
2287 2064 2531 2125 Socratis
2556 2068 2670 2141 (Ιίὺο
2696 2087 2750 2137 ν.
2779 2089 2895 2145 εαρι
2924 2075 2983 2147 8)
3019 2076 3099 2134 sic
3129 2079 3392 2137 scribitur
3419 2102 3431 2137 :
3468 2103 3486 2136 ι
3522 2084 3664 2144 Tunc
3691 2088 3820 2145 etiam

588 2149 882 2206 multarum
905 2155 1280 2225 experimenta
1303 2173 1591 2223 causarum
1612 2163 1898 2221 sollicitius
1919 2167 2180 2238 prospici,

583 2253 644 2296 et
690 2240 1001 2314 diligentius
1049 2249 1386 2317 prmcaveri;
1449 2262 1721 2321 quatenus.
1764 2268 1863 2324 per
1915 2255 2180 2325 Spirituut

585 2336 871 2396 cbaritatis
914 2350 970 2396 et
1008 2342 1162 2413 pacis
1206 2344 1384 2400 omnis
1431 2346 1659 2402 materia
1702 2348 2082 2406 scaudalorum
2113 2351 2179 2406 de

581 2426 844 2485 Ecclesiis
875 2431 1129 2511 Domini,
1153 2450 1289 2505 quas
1332 2435 1427 2493 tibi
1470 2437 1998 2507 commendavimus,
2026 2441 2178 2497 aufe-

581 2526 757 2587 ratur,
786 2524 1173 2591 prmeminente
1196 2527 1412 2596 quidem
1437 2528 1491 2582 in
1519 2528 1626 2583 illis
1652 2531 1945 2600 provinciis
1967 2531 2175 2602 episeoo

578 2622 740 2683 putus
774 2615 855 2670 tui
894 2615 1142 2689 fastigio,
1175 2618 1271 2673 sed
1297 2628 1580 2692 amputato
1610 2612 2197 2694 totius'usurpationis.

577 2719 826 2762 excessu.
860 2706 1031 2778 igitur
1064 2710 1360 2770 secundum
1401 2721 1716 2774 sanctorum
1751 2713 1975 2771 Patrum
2005 2730 2172 2773 cano-

576 2814 692 2862 nes,
725 2799 931 2869 Spiritu
965 2801 1071 2869 Dei
1093 2804 1341 2862 conditos
1364 2846 1379 2871 ,
1406 2794 1465 2862 et
1495 2808 1659 2864 totius
1697 2809 1886 2864 mundi
1915 2823 2172 2867 reveren-

574 2886 649 2943 tia
681 2894 1059 2956 cunsccratos,
1098 2895 1542 2964 tnctropolitauos
1573 2898 1906 2968 singularum
1947 2900 2169 2970 provin-

574 2977 780 3032 ciarum
832 2981 1156 3052 episcopos,
1213 2985 1412 3053 quibus
1458 3002 1526 3040 cx
1586 2988 1921 3059 delegatione
1981 2998 2167 3047 nostra

572 3067 935 3129 fraternitatis
963 3080 1066 3127 tua:
1094 3088 1223 3128 cura
1270 3077 1644 3145 praetenditur,
1676 3079 1767 3148 jus
1815 3080 2029 3135 tradita:
2061 3081 2165 3137 sibi

2282 2159 2521 2230 regulam
2557 2162 2912 2231 praetulerunt
2942 2165 3222 2235 (nimirum
3263 2171 3503 2244 episcopi
3531 2176 3617 2245 qui
3660 2175 3822 2243 Necta-

2282 2248 2422 2303 rium
2449 2248 2915 2323 Constantinopoli
2945 2258 3353 2317 constituerunt
3383 2270 3443 2316 ut
3479 2273 3617 2319 esset
3654 2266 3820 2337 episeon

2279 2338 2437 2410 pus),
2472 2349 2530 2395 ut
2554 2341 3187 2417 Constantinopolitanus
3211 2353 3501 2425 episcopus
3523 2356 3723 2413 haberet
3744 2360 3818 2414 bar

2281 2431 2430 2487 noris
2454 2432 2737 2507 privilegia
2764 2446 2888 2506 post
2924 2439 3237 2510 pontificem
3279 2443 3597 2511 Romanum,
3627 2462 3685 2502 eo
3705 2449 3816 2519 quod

2277 2522 2350 2576 sit
2375 2538 2511 2579 nova
2538 2523 2730 2582 Roma.
2763 2548 2781 2581 l
2817 2528 2924 2585 Sed
2957 2547 3132 2602 neque
3163 2538 3451 2605 potestatis
3477 2539 3564 2595 hic
3588 2541 3817 2613 privilegia

2276 2615 2546 2674 donantur
2573 2620 2683 2686 illi,
2714 2637 2835 2692 qua:
2881 2626 3123 2695 pontifici
3171 2645 3395 2686 manere
3439 2632 3671 2690 Romano
3702 2648 3816 2690 com-

2272 2711 2589 2779 probantur.
2618 2712 2772 2769 Unde
2799 2717 2965 2788 igitur
2983 2722 3366 2785 auctoritatem
3387 2724 3683 2785 Grzecorum
3701 2728 3815 2798 prin-

2273 2798 2423 2869 cipes
2452 2802 2756 2873 accipiunt,
2783 2814 2841 2861 ut
2868 2806 3529 2883 Constantinopolitanum
3552 2816 3812 2887 episcopum

2273 2893 2525 2950 omnibus
2575 2895 2830 2973 Ecclesits
2872 2900 3200 2971 prteferant?
3241 2906 3553 2979 Antiquitas
3592 2910 3668 2966 eis
3700 2908 3812 2964 milia

2271 2981 2629 3055 suffragatur,
2661 2989 2990 3058 synodorum
3022 2990 3239 3049 decreta
3272 2996 3448 3063 nulla,
3482 2998 3811 3069 imperatorum

2270 3078 2602 3148 pragmatica
2635 3080 2779 3136 nulla
2799 3122 2814 3147 ,
2843 3098 2963 3152 quae
3000 3084 3127 3140 licet
3153 3088 3255 3141 etsi
3287 3089 3469 3160 aliqua
3496 3099 3812 3150 monstraren-

573 3158 875 3229 antiquitns
924 3161 1204 3233 dignitatis
1253 3164 1633 3223 intemeratum
1678 3169 1879 3225 habere
1920 3171 2166 3226 decerni-
2192 3159 2238 3223 C
2273 3174 2383 3231 tur.
2411 3171 2754 3228 auctoritatis
2782 3174 2993 3244 pondus
3018 3176 3266 3234 obtinere
3299 3158 3586 3253 nequirent
3609 3183 3713 3238 sine
3732 3182 3811 3240 lio-

572 3264 727 3318 mus;
774 3252 845 3306 ita
888 3261 945 3323 ut
979 3270 1008 3308 a
1047 3256 1247 3327 regulis
1274 3258 1596 3327 praestitutis
1620 3301 1635 3326 ,
1683 3260 1825 3315 nulla
1855 3270 1950 3317 aut
1993 3263 2165 3332 negti-.-

568 3344 751 3412 gentia
779 3385 793 3406 ,
840 3355 934 3409 aut
977 3350 1398 3420 praesumptione
1443 3350 1774 3409 discedant;
1810 3372 1828 3404 ι
1868 3362 1925 3408 et
1967 3362 2163 3417 caetera

568 3449 690 3505 qum
716 3439 903 3492 statuit
926 3434 1397 3498 'l‘bessalonicensi
1426 3443 1681 3515 episcopo
1702 3445 1756 3500 in
1779 3445 2163 3502 ecclesiasticis

567 3529 802 3598 negotiis
828 3533 1221 3588 conservanda.
1430 3552 1439 3557 ·

572 3634 587 3676 ς
636 3618 842 3685 Quibus
865 3622 1111 3680 videmus
1134 3628 1476 3698 nequaquam
1502 3629 2158 3705 Constantinopolitanum

563 3711 876 3782 episcopum
910 3713 1169 3775 Ecclesiis
1197 3716 1417 3788 Christi,
1446 3722 1549 3776 nisi
1582 3732 1791 3779 tantum
1820 3741 1932 3781 suae
1957 3726 2160 3783 dioece-

563 3820 721 3870 seos,
763 3821 884 3862 esse
916 3807 1228 3878 praelatum,
1277 3812 1371 3866 sed
1422 3813 1666 3870 Romano
1710 3816 1951 3886 pontifici
1997 3817 2157 3888 hujus

561 3893 953 3952 milicitudinis
974 3894 1167 3961 curam
1194 3896 1495 3970 antiquitus
1525 3920 1646 3960 esse
1675 3909 2047 3976 commissam,
2087 3910 2156 3965 ad

564 3996 729 4052 quem
768 3999 959 4040 omnes
1010 3986 1265 4042 Ecclesiae
1300 3989 1502 4045 Christi
1549 3993 1875 4061 respiciant;
1913 4004 1969 4051 et
2003 3999 2157 4066 cujus

562 4072 824 4129 sit'ofiicii
856 4076 923 4129 de
959 4077 1186 4148 singulis
1215 4080 1600 4138 ecclesiasticis
1649 4084 1949 4148 rationibus
1975 4088 2153 4160 dispo-

478 4200 485 4207 .
563 4177 721 4229 nere,
745 4179 972 4234 eamque
1010 4175 1194 4223 tenere
1224 4170 1464 4242 singulas
1494 4175 1800 4243 provincias
1828 4177 2155 4235 ecclesiasti-

562 4270 751 4310 carum
795 4271 1079 4312 causarum
1101 4257 1349 4316 'fnrm'am
1370 4304 1384 4328 ,
1417 4279 1578 4334 quam
1608 4266 1847 4336 pontifex
1879 4269 2154 4333 Romanus

561 4347 651 4402 vel
692 4350 1068 4416 constituerit,
1107 4352 1190 4407 vel
1239 4357 1615 4424 concesserit;
1663 4361 1804 4429 quod
1854 4363 2154 4432 approbant

559 4440 879 4510 pontificum
929 4442 1147 4501 decreta
1194 4447 1601 4515 Romanorum,
1649 4454 1902 4508 omnibus
1947 4454 2148 4513 Christi

2270 3259 2416 3312 inani
2461 3261 2734 3329 pontificis
2773 3265 3155 3335 astipulatioue
3202 3288 3215 3324 :
3268 3272 3432 3343 cujus
3477 3282 3628 3330 tanta:
3670 3278 3815 3329 manet

2267 3350 2589 3426 antiquitate
2618 3355 2887 3413 tribuente
2916 3361 3201 3429 potestatis
3236 3363 3366 3433 jus,
3397 3375 3457 3421 ut
3491 3366 3604 3423 sine
3627 3362 3812 3435 permis-

2263 3442 2437 3498 sionis
2479 3444 2625 3503 illius
2670 3451 3001 3509 auctoritate
3047 3468 3147 3510 nec
3189 3454 3704 3529 Constantinopolis,
3736 3471 3811 3510 nec

2262 3532 2372 3588 ulla
2404 3536 2600 3593 civitas
2625 3537 2918 3597 Orientalis
2956 3542 3041 3602 vel
3070 3542 3440 3605 Occidentalis
3474 3550 3700 3605 obtinere
3727 3547 3811 3617 pri-

2261 3626 2451 3698 vilegia
2479 3628 2656 3685 valeat
2681 3633 2988 3701 potestatis,
3018 3634 3122 3691 nisi
3153 3651 3276 3706 qua}
3303 3637 3525 3696 fuerant
3551 3657 3580 3698 a
3606 3639 3808 3695 Romano

2260 3717 2515 3790 pontifice
2551 3720 2636 3793 vel
2667 3736 2925 3778 concessa
2962 3725 3053 3780 vel
3088 3726 3344 3784 roborata
3382 3750 3395 3784 :
3428 3731 3530 3802 ipsi
3565 3745 3684 3785 vero
3718 3742 3808 3784 ma-

2260 3818 2387 3864 neat
2412 3819 2652 3881 potestas
2674 3821 2837 3884 atque
2863 3814 3168 3873 sollicitudo
3189 3820 3440 3877 omnium
3467 3822 3804 3883 Ecclesiarum,

2259 3898 2588 3955 concedendi
2608 3941 2622 3965 ,
2649 3901 2731 3957 vel
2759 3902 3076 3973 disponendi
3105 3921 3446 3981 quaecunque
3472 3909 3806 3968 ecclesiasticis

2256 3989 2583 4048 utilitatibus
2611 3994 2911 4049 secundum
2942 3996 3344 4056 ecclesiasticas
3389 4001 3595 4073 regulas
3617 4001 3805 4073 probata

2258 4080 2459 4137 fuerint
2487 4082 2781 4139 deservire.
2824 4085 2978 4153 Quod
3015 4087 3200 4144 multis
3235 4092 3567 4161 approbatur
3601 4091 3805 4162 Scriptu-

2259 4186 2442 4226 rarnm
2487 4175 2876 4242 monumentis,
2910 4192 3009 4248 per
3067 4179 3351 4238 universas
3386 4182 3644 4240 Ecclesias
3667 4197 3694 4249 ξι
3718 4181 3804 4237 Βο-

2255 4248 2418 4318 mano
2444 4264 2699 4335 pontifice
2726 4254 3031 4325 destinatis.

2326 4351 2483 4410 Unde
2499 4353 2731 4420 Aeacius
2773 4359 3060 4432 episcopus
3104 4362 3712 4439 Constantinopolitanus
3748 4362 3801 4419 ad

2255 4442 2591 4515 Simplicium
2622 4449 2936 4521 episcopum
2964 4452 3113 4509 urbis
3148 4454 3335 4511 Romae
3375 4457 3613 4514 scribens
3638 4454 3798 4527 (Epist.

552 4531 818 4590 Ecelesiis
861 4545 969 4591 tam
1010 4553 1109 4609 per
1132 4539 1410 4596 Orientem
1453 4538 1616 4612 quam
1662 4559 1760 4616 per
1803 4544 2150 4605 Occidentem
2179 4521 2229 4580 D
2255 4540 2293 4595 6.
2317 4540 2634 4611 Simplicii),
2671 4543 2752 4601 sic
2795 4545 2873 4600 ait
2911 4563 2925 4599 :
2964 4564 2983 4598 ι
3021 4545 3250 4603 Domino
3277 4560 3470 4607 sancto
3496 4549 3628 4621 patri
3646 4521 3801 4602 archi-

554 4622 750 4699 positis
794 4631 1039 4699 directa,
1090 4628 1211 4707 quia
1258 4635 1421 4691 veluti
1471 4637 1618 4709 leges
1656 4638 2148 4700 ecclesiasticorum

556 4715 896 4796 negotiorum
919 4738 976 4784 et
1003 4720 1366 4785 observantur
1393 4732 1462 4786 ab
1485 4733 1738 4788 omnibus
1762 4740 1819 4788 et
1840 4733 2146 4803 suspiciun-

548 4805 964 4895 tur'Ecclesiis.
1003 4818 1136 4887 Quis
1166 4811 1360 4876 autem.
1388 4821 1527 4877 ferat
1568 4833 1627 4877 ut
1653 4822 2149 4895 Constantinopoli-

552 4894 719 4983 tanus
742 4911 1050 4980 patriarcha
1074 4902 1285 4968 cunctis
1305 4910 1507 4967 Christi
1530 4913 1853 4983 praeferatur
1867 4894 2141 4981 Ecclesiis,

550 4980 700 5067 quod
751 5015 850 5057 nec
894 5003 1190 5071 antiquitas
1218 5004 1267 5059 ei
1311 4980 1575 5071 contulit,
1627 5021 1728 5062 nec
1777 5006 1882 5061 ulla
1928 5008 2142 5067 decreta

546 5076 825 5161 inajorum
854 5097 1210 5156 constituunt.
1236 5086 1335 5152 nec
1362 5098 1589 5154 rationis
1614 5100 1845 5156 habetur
1866 5100 1949 5156 vel
1972 5101 2145 5157 eccle-

555 5185 790 5239 siasticac
819 5186 902 5239 vel
939 5185 1189 5242 humana:
1215 5187 1336 5255 jure
1376 5188 1648 5244 firmatum
1682 5208 1694 5244 :
1728 5191 1832 5245 nisi
1861 5190 2003 5247 forte
2038 5206 2138 5261 pu-

558 5282 669 5331 tant
696 5274 1011 5332 Graecorum
1043 5279 1397 5347 imperatores
1424 5282 1687 5347 moderni,
1712 5299 1819 5338 non
1844 5283 1918 5337 illi
1949 5283 2142 5339 Roma-

537 5372 785 5445 norum,
825 5385 1054 5439 quorum
1103 5372 1385 5441 imperium
1433 5375 1597 5429 totius
1643 5376 1792 5430 orbis
1836 5377 2141 5445 provincias

535 5440 895 5532 "disponebat,
935 5462 1036 5517 hoc
1066 5462 1166 5517 sibi
1184 5440 1380 5524 licere,
1416 5466 1559 5535 quod
1586 5466 1690 5523 illis
1724 5482 1828 5522 non
1862 5468 2012 5524 licuit
2046 5487 2057 5522 :
2089 5478 2141 5523 et

548 5552 846 5609 Ecclesium
894 5544 1239 5620 Romanam,
1267 5571 1429 5626 quam
1478 5556 1554 5613 illi
1604 5564 1864 5628 tanquam
1910 5568 2138 5615 matrem

538 5642 789 5720 uenerati
819 5658 964 5713 sunt,
1000 5665 1099 5720 pro
1128 5648 1279 5705 libito
1303 5664 1402 5704 suo
1421 5649 1708 5720 disponere
1730 5692 1743 5717 ,
1768 5661 1820 5707 et
1848 5652 2142 5707 auctorita-

535 5716 655 5810 ἶιιληι
682 5736 864 5813 quam
908 5716 1066 5797 bra-to
1106 5740 1269 5797 Petro
1317 5748 1426 5795 tam
1473 5740 1741 5809 Christus,
1774 5759 1935 5813 quant
1965 5734 2161 5798 omnis

2252 4636 2506 4706 episcopo
2537 4636 2817 4709 Simplicio
2847 4640 3102 4696 Aeacius.
3141 4640 3568 4700 Sollicitudinem
3594 4637 3799 4698 omnium

2252 4727 2615 4786 Ecclesiarum
2667 4732 2963 4788 secundum
3009 4733 3322 4804 Apostolum
3372 4735 3797 4794 circumferenla.

2252 4835 2351 4876 nos
2384 4821 2753 4879 indesinenter
2797 4824 3122 4891 hortamini,
3170 4827 3416 4905 quamvis
3466 4835 3648 4898 sponte
3686 4820 3798 4891 vigi-

2252 4909 2423 4966 lantes
2451 4920 2505 4967 et
2532 4921 2959 4988 prtecprrentes;
2998 4913 3093 4969 sed
3132 4929 3230 4971 vos
3272 4915 3453 4972 divino
3481 4915 3593 4972 zelo
3629 4908 3797 4968 sollici.

2254 5011 2338 5057 tos
2363 5003 2768 5068 demonstratis,
2795 5012 2994 5065 statum
3022 5004 3399 5083 Alexandrina:
3433 5003 3678 5062 Ecclesiae
3699 5012 3796 5055 cer-

2255 5094 2361 5150 tius
2392 5094 2725 5164 requirentes
2749 5136 2765 5163 ,
2811 5106 2870 5153 ut
2913 5113 3012 5168 pro
3051 5099 3295 5168 paternis
3333 5099 3623 5156 cauonibus
3655 5090 3795 5151 susci-

2251 5186 2412 5256 piatis
2439 5186 2715 5253 laborem,
2745 5189 2988 5267 piissimo
3033 5191 3307 5258 stillantes
3346 5191 3668 5257 sudorepro
3704 5182 3791 5240 his.

2251 5277 2389 5333 sicut
2434 5294 2648 5350 semper
2688 5289 2774 5336 est
2810 5283 3185 5352 approbatum,
3217 5303 3235 5333 ι
3267 5293 3322 5339 et
3362 5283 3583 5353 reiiqna.
3609 5280 3791 5347 Cogno'

2249 5371 2451 5428 scimus
2488 5372 2630 5443 quod
2665 5373 2898 5429 Aeacius
2937 5375 3176 5445 pontifex
3205 5370 3791 5444 Constantinpolitanus

2245 5462 2557 5523 Romanum
2579 5463 2889 5533 pontificem
2931 5473 3162 5521 testatur
3197 5467 3435 5521 omnium
3464 5459 3789 5519 Ecclesiarum

2218 5548 2869 5624 'secnndumApostolum
2890 5554 3309 5613 sollicitudinem
3333 5551 3785 5615 circumferentem,

2242 5655 2297 5701 et
2328 5645 2470 5721 hanc
2505 5648 2554 5700 ei
2592 5662 2805 5716 semper
2832 5648 3019 5708 adesse
3050 5663 3113 5711 ex
3144 5648 3459 5719 antiquitate
3481 5640 3789 5719 superimpo-

2246 5738 2403 5795 sitam
2439 5758 2451 5793 ;
2484 5740 2623 5811 quod
2657 5740 2838 5797 dicens
2859 5780 2871 5803 ,
2902 5739 3001 5796 sibi
3036 5741 3179 5813 nullo
3212 5741 3368 5797 modo
3394 5730 3669 5805 multum“
3693 5738 3789 5795 θῖν’
