4026 6346
227 284 332 340 349
1152 294 1157 299 ’
1442 286 1823 346 CONFESSIO
1857 290 2263 349 PROLIXIOR.

210 405 513 468 sequntur
543 412 646 463 me,
676 406 727 453 at
766 412 861 467 ego
911 398 1074 458 vitam
1102 408 1355 454 aeternam
1400 399 1471 453 do
1502 400 1600 465 eis,
1622 410 1671 455 et
1699 417 1806 456 non
1833 408 1881 465 Α
1909 404 2274 474 pratscientia,
2298 405 2632 478 protulitque
2664 408 3016 466 sententiam.
3050 429 3069 464 ι
3102 411 3236 469 Item
3267 413 3324 469 in
3348 413 3503 475 libris

208 486 463 556 peribunt
490 488 550 542 in
571 498 846 552 summa,
886 498 935 542 et
974 505 1081 551 non
1110 491 1276 561 rapiet
1315 508 1405 546 eas
1437 492 1714 563 quisquam
1744 495 1809 548 de

206 585 379 635 ,ἀπα
406 597 528 637 mea
560 598 581 646 δ
611 581 776 637 Pater
806 597 955 639 meus
979 582 1122 654 quod
1150 583 1296 638 dedit
1323 584 1453 638 mihi
1483 584 1661 655 majus
1689 601 1807 639 om-

208 671 489 738 nibusut,
519 681 759 728 «nemo
788 682 1173 745 potest-rapere
1205 674 1271 728 de
1315 690 1478 729 manu
1504 674 1686 730 Patris
1706 678 1811 731 mei

203 760 399 832 (Joan.
424 780 507 830 -x,
546 762 768 837 27-29),
816 766 891 820 ita
922 765 1061 821 dixit
1098 783 1112 820 :
1149 784 1171 817 ι
1225 765 1364 833 Quid
1399 774 1580 837 potest
1615 767 1813 838 lupus?

204 855 346 925 quid
378 866 559 927 potest
587 855 676 911 fur
703 866 759 915 et
778 844 967 927 latro?
995 857 1111 913 Non
1132 858 1384 929 perdunt,
1415 858 1520 915 nisi
1542 859 1611 915 ad
1638 859 1808 914 inter-

203 948 353 1004 itum
375 948 815 1019 pndestinatos.
849 969 869 1003 ι
908 950 1039 1017 item
1067 952 1133 1007 de
1167 951 1375 1008 duobus
1393 951 1624 1021 loquens
1649 967 1807 1009 mun-

201 1039 296 1095 dis
325 1040 509 1111 (tract.
533 1041 802 1110 unm).
837 1062 856 1094 ι
890 1042 1061 1097 Totus
1095 1043 1328 1099 mundus
1350 1042 1591 1099 Ecclesia
1622 1053 1723 1109 est,
1748 1054 1806 1101 et

200 1139 359 1186 totus
391 1131 631 1186 mundus
676 1130 791 1187 odit
819 1131 1119 1193 Ecclesiam
1154 1150 1168 1188 :
1201 1131 1435 1187 Mundus
1483 1133 1651 1204 igitur
1690 1134 1807 1191 odit

197 1219 500 1288 mundum,
536 1221 791 1293 inimicus
838 1222 1275 1289 neeonciliatum,
1307 1223 1597 1280 damnatus
1627 1224 1805 1287 salva-

197 1321 364 1379 tum,
413 1314 734 1384 inquinatus
782 1314 1126 1371 mundatum.
1180 1335 1200 1369 ι
1244 1317 1376 1371 Item
1422 1317 1605 1388 (tract.
1646 1320 1802 1388 cx):

1912 498 1979 552 de
2003 490 2353 554 Civitate‘Dei
2371 499 2485 571 (lib.
2502 517 2641 570 xm,
2664 521 2711 558 c.
2730 502 2822 576 24)
2843 522 2857 559 :
2882 524 2901 558 ι
2924 504 3064 574 Quid
3083 505 3234 563 dabit
3261 507 3343 563 eis
3361 524 3500 580 quos

1910 590 2314 659 prazdestinavit
2351 594 2419 648 ad
2457 594 2707 650 mortem;
2742 617 2761 650 ι
2810 595 2941 653 Item
2978 597 3169 654 beatus
3204 584 3501 671 Gregorius

1908 693 2047 751 papa
2072 678 2294 751 (Horat.
2324 680 2415 735 lib.
2448 698 2631 749 xxxrv,
2659 702 2706 740 c.
2729 685 2786 756 2)
2819 705 2832 741 :
2867 705 2887 739 ι
2920 686 3358 760 Leviatltangiste
3376 683 3500 744 cum

1909 771 2179 827 universis
2207 772 2466 832 membris
2487 774 2602 830 suis
2622 777 2845 833 :eternis
2865 779 3200 837 cruciatibus
3219 788 3306 835 est
3331 779 3500 850 depu-

1908 872 2078 919 tatus.
2113 883 2132 917 t
2165 863 2300 920 item
2348 874 2571 922 sanctus
2612 865 2929 939 Fulgentius
2961 871 3015 925 in
3066 870 3209 926 libro
3238 872 3401 929 tertio
3430 873 3499 929 de

1908 954 2148 1011 Veritate
2178 955 2672 1026 praedestinationis
2707 968 2764 1014 et
2813 961 3002 1031 gratia:
3027 961 3145 1032 (lib.
3180 978 3267 1037 ut,
3294 980 3345 1017 ο.
3379 963 3437 1036 5)
3478 981 3492 1019 :

1911 1067 1932 1100 ι
1966 1048 2324 1119 Prteparavit,
2358 1050 2561 1120 inquit,
2600 1050 2743 1107 Deus
2771 1052 3149 1122 peccatoribus
3169 1068 3363 1127 ptenas
3387 1055 3497 1113 illis

1903 1139 2093 1209 utique
2119 1153 2258 1209 quos
2300 1140 2452 1210 juste
2498 1141 2914 1211 praedestinavit
2961 1142 3030 1197 ad
3058 1141 3254 1198 luenda
3292 1144 3497 1219 supplif

1903 1246 2006 1286 Cia.
2048 1249 2067 1281 ι

1972 1320 2074 1388 Qui
2098 1321 2289 1389 beatus
2318 1321 2638 1395 Fulgentius
2662 1325 2971 1395 composuit
3016 1328 3085 1384 de
3110 1328 3215 1385 hac
3257 1337 3495 1385 tantum-

3397 302 3505 362 550

200 1402 369 1459 rEst
394 1405 635 1460 mundus
655 1406 724 1461 de
752 1420 862 1476 quo
902 1407 1031 1463 dicit
1072 1406 1365 1477 Apostolus
1393 1425 1409 1462 :
1440 1407 1525 1462 Nc
1555 1425 1675 1481 cum
1702 1410 1802 1466 hoc
1900 1415 2060 1469 modo
2082 1415 2381 1484 quaestione
2411 1431 2578 1472 unum
2626 1417 2826 1475 librum
2875 1419 3167 1492 integrum,
3222 1421 3276 1476 id
3315 1432 3403 1477 est
3425 1424 3494 1477 de

195 1495 408 1583 flando
445 1495 764 1550 damnentur
787 1494 842 1567 (1
867 1495 992 1551 Cor.
1036 1513 1117 1561 ιι,
1154 1497 1270 1570 δε).
1301 1497 1409 1571 Pro
1455 1498 1560 1553 isto
1596 1500 1801 1556 mundo
1900 1505 2382 1583 Praedestinatione
2412 1511 2768 1581 reproborum
2813 1512 2881 1567 ad
2920 1513 3221 1579 interitum,
3254 1514 3490 1583 adami-

193 1582 473 1647 Domnilaus
503 1600 613 1647 non
634 1594 796 1658 {rogat
828 1605 842 1644 :
873 1586 1060 1660 Neque
1088 1589 1233 1645 enim
1277 1604 1390 1660 quo
1423 1593 1495 1645 sit
1519 1590 1800 1659 praedesti-
1899 1582 2208 1655 cum'suum
2229 1599 2449 1657 nomine
2473 1598 2769 1657 Monimum
2798 1602 2913 1675 (lib.
2944 1605 3008 1674 l).

193 1679 385 1769 ῐξδίιξδι
420 1676 651 1769 ignorat
691 1696 711 1732 ³
917 1679 1094 1748 (mm-
1126 1678 1258 1751 ενμ)
1291 1697 1305 1732 ε
1341 1697 1360 1731 ί
1404 1679 1577 1737 Euius
1615 1681 1796 1761 ρθνάί·
1973 1689 2123 1747 Unde
2148 1691 2280 1747 dicit
2305 1701 2362 1748 et
2389 1702 2610 1750 sanctus
2632 1694 2868 1752 Isidorus
2895 1696 3230 1769 (Sententm,
3250 1712 3373 1767 cap.
3395 1698 3488 1767 6):

190 1766 369 1821 “0958
416 1766 601 1835 die!”
635 1775 722 1823 οδε
774 1767 944 1844 aindas
989 1770 1219 1839 ιναιιίιον
1256 1769 1458 1843 Christi
1501 1771 1795 1842 proditioni
1827 1777 1871 1838 Β
1907 1801 1927 1835 t
1963 1780 2190 1841 Gemina
2232 1791 2318 1839 est
2359 1785 2766 1855 praedestinatio
2808 1766 2923 1844 sive
2969 1789 3262 1845 electorum
3293 1766 3359 1844 ad
3399 1766 3485 1845 re-

188 1857 682 1953 praedestinatus.t
697 1859 829 1916 Item
857 1860 911 1915 in
937 1860 1286 1925 Enchiridion
1310 1864 1449 1933 (cap.
1482 1860 1630 1934 1⁷00).
1668 1882 1687 1916 ι
1711 1865 1794 1920 Ad
1897 1873 2102 1943 quiem,
2134 1873 2251 1929 sive
2280 1875 2634 1945 reproborum
2666 1878 2734 1933 ad
2771 1888 3025 1937 mortem.
3057 1900 3075 1932 ι
3112 1882 3200 1937 Sie
3222 1896 3353 1952 ergo
3383 1880 3487 1953 (al.

190 1961 394 2004 eorum
442 1950 846 2021 damnationem
886 1965 1023 2021 quos
1064 1953 1213 2023 iuste
1264 1954 1672 2024 praedestinavit
1723 1954 1791 2011 ad
1895 1973 1951 2018 et
1971 1962 2094 2037 ego)
2124 1978 2224 2034 per
2247 1965 2428 2020 omnia
2452 1981 2576 2022 cum
2615 1969 2737 2024 istis
2765 1970 2954 2026 electis
2980 1971 3098 2037 Dei,
3121 1979 3178 2027 et
3204 1950 3488 2028 catitolicis

190 2051 451 2111 partem.
479 2040 660 2112 sltem
694 2041 747 2096 in
775 2041 914 2103 libro
940 2041 1009 2098 de
1057 2042 1395 2119 Perfectione
1424 2042 1653 2121 iustitia:
1694 2046 1795 2108 ho—
1893 2053 2057 2109 credo
2078 2064 2135 2112 et
2159 2053 2444 2124 conﬁteor,
2465 2066 2627 2128 prout
2648 2057 2912 2117 divinitus
2932 2060 3165 2128 adlatus,
3188 2063 3485 2129 animatus,

188 2129 363 2195 mittis
381 2129 525 2203 (cap,
552 2131 641 2201 15)
666 2149 681 2185 :
704 2151 723 2184 ι
752 2130 887 2197 Hoc,
925 2132 1120 2204 inquit,
1165 2136 1389 2207 bonum,
1420 2138 1565 2207 quod
1584 2145 1671 2194 est
1705 2154 1791 2194 re-
1891 2151 2139 2209 armatus
2165 2143 2413 2214 adjuvor.
2445 2146 2641 2205 Amen.
3049 2156 3052 2159 ‘
3318 2154 3341 2219 ᾗ

186 2219 547 2291 quirendum,
562 2235 684 2315 non
726 2232 846 2279 erat
869 2223 960 2297 qui
989 2223 1226 2308 faceret,
1253 2241 1360 2282 non
1388 2235 1507 2285 erat
1527 2243 1699 2301 usque
1719 2229 1789 2286 ad
1964 2230 2158 2308 Falsus
2177 2233 2321 2288 enim
2345 2234 2501 2293 testis
2521 2245 2628 2303 est,
2652 2239 2747 2310 qui
2774 2241 2827 2299 iu
2851 2240 3010 2315 dictis
3029 2256 3483 2315 quorumcunque

189 2328 402 2381 unum;
556 2314 613 2407 in
635 2329 925 2407 eogenere
946 2316 1224 2373 hominum
1255 2318 1400 2393 quod
1430 2319 1787 2389 praedestina-
1894 2333 1988 2391 aut
2016 2330 2232 2379 sensum
2259 2333 2355 2397 aut
2381 2327 2724 2402 superﬁciem
2754 2312 3074 2407 corrumpit.

188 2411 311 2459 tum
335 2412 426 2461 est
451 2405 523 2461 ad
546 2405 836 2461 interitum
866 2424 880 2460 :
911 2421 1078 2478 super
1114 2408 1214 2464 bos
1245 2409 1391 2473 enim
1414 2409 1652 2480 respexit
1690 2409 1789 2471 Dei

2202 2593 3470 2626 W

199 2590 2199 2622 Mm

678 2763 1524 2933 GO’I‘TESCIIALCI
1632 2762 2225 2932 CONI‘E8810
2331 2767 3005 3030 PR0IJIX10ltr

232 3152 605 3218 'Dominator,
638 3152 865 3208 Domine
906 3152 1068 3218 Deus,
1096 3153 1467 3209 misericordia
1511 3169 1655 3219 mea,
1680 3168 1775 3209 rex
1806 3157 1851 3220 C
1882 3154 2024 3209 libus
2082 3153 2333 3224 indagata
2360 3193 2375 3218 ,
2431 3152 2539 3208 imo
2617 3162 2668 3209 te
2709 3152 2988 3209 revelante
3036 3154 3142 3209 illis
3195 3154 3479 3211 evidenter

189 3250 543 3322 omnipotens
569 3255 625 3301 et
655 3245 1154 3315 incomparabiliter
1200 3245 1443 3301 clemens
1489 3245 1783 3317 inaestima-

189 3342 282 3397 l:ili
313 3355 533 3412 quoque
583 3339 728 3395 circa
758 3338 1055 3393 humanum
1084 3352 1255 3408 genus
1306 3338 1638 3410 benignitate
1687 3353 1756 3408 pa

191 3433 354 3497 tiens,
383 3439 442 3486 et
485 3428 845 3499 investigabili
876 3429 1091 3499 penitus
1116 3428 1490 3499 profunditate
1542 3429 1777 3499 sapiens.

191 3522 361 3594 Cujus
384 3521 633 3592 profecto
654 3521 734 3576 sic
754 3532 971 3590 semper
1007 3518 1249 3592 indigent
1277 3534 1469 3576 omnes
1494 3520 1649 3576 electi
1679 3520 1781 3586 tui,

191 3629 299 3684 quo
325 3611 585 3668 videlicet
608 3610 705 3665 tibi
737 3609 803 3665 de
830 3617 882 3664 te
907 3608 1023 3664 solo
1069 3623 1283 3680 semper
1305 3609 1522 3664 valeant
1543 3609 1780 3679 placere.

189 3704 660 3772 Quemadmodum
692 3700 943 3773 palmites
966 3701 1211 3773 indigent
1237 3701 1371 3765 vite,
1398 3715 1509 3772 quo
1545 3700 1782 3756 fructum

188 3805 395 3867 queant
429 3794 596 3861 ferre,
646 3792 731 3850 vel
762 3808 858 3847 aer
897 3801 992 3849 aut
1038 3792 1180 3848 oculi
1234 3792 1378 3859 luce,
1422 3807 1530 3864 quo
1560 3793 1644 3849 vel
1692 3794 1784 3851 ille

188 3887 403 3944 lucidus
454 3901 596 3954 esse,
643 3885 728 3941 vel
772 3885 850 3941 illi
897 3885 1111 3958 possint
1154 3885 1385 3953 videre;
1435 3884 1673 3956 alioquin
1727 3892 1784 3943 et

189 3980 446 4052 palmites
478 3983 686 4051 alisque
714 3978 826 4035 vite
848 3991 1124 4043 arescunt,
1155 3989 1211 4033 et
1237 3978 1289 4032 in
1314 3979 1437 4048 igne
1463 3978 1614 4035 missi
1646 3994 1780 4035 con-

189 4081 487 4145 sequenter
514 4073 725 4139 ardent,
756 4081 809 4129 et
833 4086 928 4129 aer
951 4087 1157 4143 apsque
1184 4070 1304 4128 luce
1330 4073 1648 4130 tenebrosus
1674 4084 1778 4139 est,

190 4175 241 4221 et
266 4164 417 4223 oculi
469 4162 672 4219 frustra
721 4171 925 4234 patent.
963 4162 1040 4219 Te
1087 4162 1253 4236 igitur
1296 4163 1522 4235 supplex
1562 4165 1779 4231 invoco,

189 4256 773 4328 cunctipotentissime,
805 4253 1228 4310 clementissime
1268 4262 1325 4309 et
1367 4254 1779 4327 gloriosissime,

189 4348 330 4404 trine
366 4356 424 4404 et
471 4361 576 4402 une
627 4345 854 4401 Domine
883 4344 1048 4412 Deus,
1098 4354 1156 4399 ut
1190 4346 1359 4416 gratis
1395 4362 1517 4402 esse
1543 4346 1781 4418 digneris

186 4440 467 4510 piissimus
496 4437 716 4509 adiutor
747 4446 802 4493 et
847 4437 1134 4492 exauditor
1164 4454 1335 4500 meus,
1382 4426 1779 4510 dignanterque

1885 3252 2099 3299 constat
2123 3258 2245 3299 esse
2271 3243 2540 3305 intimata.
2584 3244 2637 3298 id
2673 3254 2759 3299 est
2783 3245 2837 3300 in
2878 3244 3069 3317 gratia:
3109 3244 3370 3301 beneﬁcia
3420 3259 3477 3302 et

1881 3338 2104 3408 iustitia:
2150 3335 2311 3392 simul
2334 3335 2560 3404 judicia.
2602 3337 2869 3405 Quoniam
2920 3337 3140 3407 quidem
3184 3338 3325 3393 sicut
3351 3351 3473 3394 cer-

1886 3427 2158 3483 tissimum
2197 3426 2483 3482 Psalmista
2519 3429 2728 3497 praabct
2758 3426 3040 3492 indicium,
3072 3435 3363 3497 utrumque
3393 3436 3473 3493 tu,

1886 3517 2133 3581 Domine,
2158 3516 2336 3588 diligis
2359 3528 2405 3572 et
2434 3517 2850 3572 misericordia»:
2874 3517 3124 3573 videlicet
3144 3526 3191 3571 et
3205 3517 3474 3588 judicium

1886 3605 2059 3679 (Psal.
2094 3623 2290 3674 xum,
2315 3609 2395 3679 5).
2435 3607 2858 3664 Praedestinasse
2881 3607 3062 3677 itaque
3115 3608 3169 3662 in
3218 3608 3473 3663 omnibus

1884 3698 2073 3755 electis
2118 3700 2224 3755 tuis
2262 3700 2430 3755 vitam
2460 3701 2634 3772 gratis
2662 3710 2944 3764 aeternam,
2977 3708 3033 3754 et
3062 3712 3158 3755 eos
3198 3698 3473 3754 nihilomi-

1884 3807 1988 3848 nus
2015 3792 2082 3847 ad
2128 3792 2355 3865 gloriam
2415 3791 2843 3862 sempiternam:
2890 3791 3017 3862 quia
3068 3798 3217 3847 certe
3268 3788 3471 3845 frustra

1884 3883 1991 3940 illis
2037 3884 2482 3955 praedestinasses
2520 3883 2708 3949 vitam,
2761 3883 2867 3938 nisi
2916 3891 2972 3939 et
3028 3881 3149 3938 illos
3185 3881 3473 3951 przcdcsti-

1884 3991 2070 4033 nasses
2092 3975 2159 4031 ad
2197 3976 2389 4047 ipsam.
2424 3973 2514 4031 Sic
2539 3975 2707 4029 etiam
2737 3974 3120 4045 propemodum
3173 3973 3390 4029 diabolo
3416 3980 3473 4028 et

1882 4066 2089 4137 angelis
2118 4065 2260 4137 ejus,
2290 4074 2346 4121 et
2382 4066 2638 4122 omnibus
2684 4082 2901 4137 quoque
2947 4064 3194 4138 reprobis
3240 4065 3472 4121 homini.

1881 4158 2004 4225 bus,
2063 4174 2353 4230 perennem
2414 4158 2610 4216 merito
2678 4160 3049 4261 pnedestiuaxi
3102 4174 3317 4230 paruam
3348 4199 3365 4225 ,
3416 4168 3471 4215 et

1881 4252 2097 4307 eosdem
2130 4251 2397 4325 _similiter
2424 4250 2817 4322 praedestinasti
2847 4250 2917 4305 ad
2965 4249 3107 4306 éain.
3135 4249 3275 4318 Quia
3310 4251 3470 4306 nimi-

1881 4359 1999 4398 rum
2027 4344 2146 4398 sine
2184 4359 2370 4409 causa,
2414 4353 2472 4400 et
2499 4344 2632 4415 ipsis
2657 4344 3104 4414 pmdestinasses
3133 4347 3324 4399 mortis
3348 4360 3469 4416 pcr-

1880 4446 2055 4507 petua:
2084 4451 2322 4507 paenam,
2356 4438 2457 4493 nisi
2487 4446 2543 4492 et
2567 4438 2713 4508 ipsos
2743 4438 3192 4508 prmdestiuasses
3216 4438 3284 4491 ad
3316 4453 3461 4492 eam.

185 4530 440 4604 largiaris
486 4530 921 4602 indigentissimo
968 4529 1100 4585 mihi
1149 4544 1247 4601 per
1292 4531 1543 4602 gratuita:
1586 4532 1775 4603 gratim
1800 4517 1853 4578 D
1879 4527 1994 4582 Non
2022 4527 2166 4582 enim
2195 4528 2334 4582 irent
2358 4528 2462 4583 nisi
2493 4528 2766 4592 destinati,
2810 4543 2984 4597 neque
3026 4527 3268 4597 profecto
3299 4527 3468 4581 desti-

187 4632 289 4677 tuat
322 4621 737 4677 invictissimam
763 4620 1044 4688 virtutem,
1073 4628 1134 4675 ut
1161 4622 1303 4692 quod
1349 4638 1417 4678 ex
1468 4632 1543 4688 te,
1573 4638 1673 4693 per
1703 4632 1775 4690 te,

187 4723 240 4768 et
265 4714 324 4767 in
358 4721 411 4766 te
441 4712 508 4768 de
534 4711 877 4783 pratscientia
903 4721 958 4767 et
996 4711 1474 4783 praedestinatiouc
1502 4723 1617 4777 tua,
1636 4714 1777 4784 jam-

187 4805 391 4860 dudum
424 4802 587 4859 corde
610 4803 774 4859 credo
797 4800 913 4872 (tibi
937 4802 1161 4873 gratias)
1204 4802 1272 4858 ad
1294 4800 1584 4871 justitiam,
1612 4801 1775 4858 sicuti

182 4895 291 4964 jam
322 4894 523 4951 crebro
544 4908 641 4963 per
667 4892 897 4964 gratiam
924 4900 1068 4949 tuam
1122 4893 1403 4950 confessus
1443 4909 1586 4959 sunt,
1633 4907 1777 4953 nunc

188 5000 403 5059 quoque
430 4984 700 5041 veraciter
725 4992 887 5053 atque
921 4983 1241 5055 simpliciter
1287 4999 1383 5041 ore
1413 4986 1677 5042 conﬁtear
1706 4988 1775 5043 ad

190 5077 444 5144 salutem,
470 5085 737 5147 quatenus
767 5073 983 5129 tandem
1027 5072 1317 5144 aliquando
1357 5092 1476 5132 mea
1525 5077 1591 5133 de
1619 5086 1776 5149 parte

189 5168 411 5240 patefiat
446 5168 636 5223 electis
665 5166 769 5222 tuis
803 5165 1006 5222 veritas
1037 5165 1261 5230 invicta,
1292 5175 1349 5222 et
1394 5167 1510 5223 sine
1544 5166 1651 5223 line
1678 5169 1775 5226 be-

190 5261 424 5323 nedicta,
457 5266 515 5314 et
543 5257 778 5314 facessat
796 5255 908 5326 jam
932 5255 1155 5328 jamque
1183 5258 1327 5314 sicut
1349 5266 1587 5329 oportet,
1624 5257 1773 5316 falsi-

187 5355 268 5404 tas
293 5348 512 5406 devicta
541 5357 595 5404 et
623 5346 984 5418 prorsusjure
1012 5347 1316 5404 maledicta.
1356 5348 1546 5405 Amen.

253 5440 434 5496 Credo
462 5439 726 5511 siquidem
754 5448 917 5511 atque
958 5441 1222 5496 contlteor
1247 5441 1532 5512 praescisse
1561 5449 1615 5498 te
1644 5451 1768 5499 ante

190 5530 418 5595 szecula,
467 5545 806 5606 quaecunque
854 5539 1010 5586 erant
1062 5531 1243 5587 futura
1298 5533 1413 5589 sive
1471 5533 1611 5588 bona
1656 5534 1770 5591 sive

191 5622 327 5677 mala
361 5621 817 5694 :praedestinasse
845 5637 974 5679 vero
1007 5623 1380 5681 tantummodo
1424 5625 1584 5681 bona.
1614 5623 1765 5681 Bona

191 5724 368 5771 autem
399 5733 428 5770 a
467 5725 517 5770 te
546 5716 927 5785 prmdeStinata
963 5716 1213 5774 bifariam
1243 5729 1370 5776 sunt
1419 5721 1523 5775 tuis
1571 5737 1602 5773 a
1632 5720 1768 5777 iide-

1880 4626 2161 4682 narentur,
2222 4617 2325 4673 nisi
2395 4626 2577 4673 essent
2642 4618 3028 4687 prmdestinati.
3084 4617 3293 4687 Quippe
3342 4633 3465 4672 cum

1878 4706 2016 4778 ipse,
2041 4715 2167 4762 ante
2192 4708 2372 4762 omnia
2401 4708 2599 4769 secula,
2647 4722 2862 4778 semper
2908 4722 3081 4772 esses,
3127 4708 3362 4777 quodne
3396 4709 3463 4764 ad

1878 4808 2211 4854 momentum
2245 4800 2461 4870 quidem
2488 4800 2649 4856 modo
2673 4801 2915 4872 quolibet
2937 4809 3095 4872 potes
3117 4816 3240 4857 esse
3281 4810 3461 4858 muta-

1876 4890 2022 4956 bilis,
2072 4898 2127 4947 et
2173 4906 2270 4961 per
2310 4892 2489 4946 omnia
2536 4892 2881 4961 postmodum
2910 4891 3102 4947 secula
3145 4893 3466 4962 proltaberis

1879 4998 2001 5038 esse
2022 4990 2281 5048 mutatus;
2316 4983 2359 5038 si
2394 4983 2478 5037 vel
2508 4983 2667 5049 ullus,
2700 4984 2845 5053 quod
2888 4983 3050 5049 absit,
3106 4984 3461 5054 reproborum

1876 5072 2004 5129 illuc
2048 5081 2194 5130 esset
2238 5075 2562 5142 destinatus,
2626 5075 2717 5146 qui
2772 5090 2880 5130 non
2936 5074 3127 5131 fuisset
3182 5078 3464 5147 przcdcsti-

1877 5173 2058 5221 natus.

1945 5257 2177 5313 Proinde
2198 5260 2322 5328 quia
2342 5267 2419 5323 tu,
2439 5257 2685 5322 Domine,
2707 5263 2852 5315 salus
2873 5278 2927 5314 es
2946 5260 3040 5332 qui
3058 5279 3113 5315 es
3140 5259 3339 5332 (Exod.
3372 5278 3455 5328 m,

1873 5349 1966 5417 4),
2003 5349 2148 5405 velut
2199 5350 2314 5421 ipse
2368 5349 2624 5415 testaris,
2670 5359 2727 5407 et
2773 5360 2833 5406 ut
2888 5352 3056 5409 David
3098 5353 3192 5409 tibi
3241 5368 3457 5425 quoque

1873 5444 2004 5501 dicit
2053 5461 2067 5497 :
2128 5443 2205 5499 Tu
2228 5460 2430 5514 semper
2473 5444 2611 5499 idem
2658 5446 2766 5517 ipse
2803 5464 2856 5501 es
2896 5445 3067 5517 (Psal.
3104 5463 3182 5511 Cl,
3213 5448 3346 5518 28),
3402 5455 3459 5503 et

1873 5548 1928 5593 ut
1956 5539 2090 5593 alias
2120 5538 2283 5595 etiam
2309 5537 2426 5607 ipse
2451 5537 2586 5593 dicis
2612 5554 2625 5590 :
2654 5536 2730 5592 Tu
2760 5556 2835 5603 es,
2868 5539 3115 5603 Domine,
3132 5551 3177 5595 et
3206 5556 3310 5595 non
3336 5556 3455 5594 tutt-

1873 5629 2002 5681 turis
2042 5627 2298 5699 (Muluch.
2330 5644 2412 5690 ιιι.
2440 5628 2510 5695 i).
2542 5628 2609 5683 Et
2630 5627 2772 5685 sicut
2801 5630 3051 5703 egregius
3076 5645 3290 5701 imoque
3315 5645 3453 5702 pra-

1874 5721 2080 5775 dirator
2111 5729 2231 5776 tuus
2260 5720 2506 5790 perhibet
2534 5721 2730 5777 Paulus
2750 5741 2760 5777 :
2783 5721 2858 5775 Tu
2888 5722 3029 5778 solus
3060 5724 3217 5779 habet
3243 5724 3458 5776 immor-
