4026 6346
587 343 686 402 851

1558 344 2084 404 COTTESCIIALCI
2127 349 2554 406 OBBACISNSIS
2594 351 2900 410 MONACIII

3740 367 3843 422 353

587 418 844 516 talitatem
900 461 950 529 (l
1009 462 1143 516 Tim.
1191 478 1264 526 vi,
1325 462 1432 525 l6),
1487 461 1537 514 id
1593 470 1677 515 est
1713 462 2168 518 incommutabili-
2196 472 2242 525 Λ
2273 473 2418 517 ratus
2447 474 2520 518 est
2547 463 2822 532 Dominus,
2845 469 3063 538 impium
3107 487 3311 542 quoque
3357 473 3426 526 ad
3467 473 3606 526 diem
3653 475 3843 531 malm

590 555 789 619 tatem;
810 554 950 622 apud
970 571 1117 624 quem
1155 557 1235 623 (ut
1278 554 1347 606 ab
1387 553 1494 607 alio
1518 553 1864 608 nihilominus
1911 557 2173 610 asseritur

589 641 875 709 apostolo)
927 658 1028 695 non
1069 653 1143 696 est
1185 644 1591 708 transmutatio,
1656 661 1748 698 nec
1796 646 2170 699 vicissitudinis

588 729 913 783 obumbratio
942 731 1080 792 (Jac.
1110 749 1148 796 I,
1184 734 1291 802 Π),
1327 734 1495 803 liquet
1520 750 1746 804 prorsus
1774 737 2080 802 evidenter,
2114 746 2171 792 et

589 821 761 874 cuivis
784 835 973 875 sanum
1015 826 1244 893 sapienti
1274 827 1444 881 claret
1465 828 1686 882 omnino
1715 830 1848 884 satis
1886 830 2167 898 potenter,

588 914 870 981 pra-scisse
921 925 976 968 et
1021 919 1435 985 praedestinasse
1499 929 1552 975 te
1599 937 1746 985 mox,
1797 924 2002 992 absque
2061 923 2171 978 ullo

587 1005 796 1058 scilicet
849 1007 1152 1074 intervallo,
1205 1023 1260 1066 ut
1321 1023 1444 1082 pote
1475 1014 1635 1068 simul
1682 1023 1738 1069 et
1791 1017 1980 1083 semel,
2045 1025 2171 1072 ante

586 1096 783 1149 saicula
844 1107 952 1153 tam
1014 1110 1207 1156 cuneta
1281 1118 1441 1172 quam
1525 1104 1736 1172 singula
1792 1120 1956 1175 opera
2037 1116 2166 1162 tua:

585 1185 784 1255 quippe
829 1189 918 1256 qui
961 1188 1116 1256 juxta
1161 1191 1300 1260 quod
1325 1193 1527 1246 dictum
1554 1203 1639 1258 est
1673 1194 1743 1248 ab
1785 1193 1920 1248 Isaia
1955 1211 1969 1248 :
2003 1195 2171 1264 fecisti

583 1291 702 1345 qua:
731 1276 912 1344 futura
941 1289 1064 1333 sunt
1088 1280 1220 1351 (Isa.
1255 1299 1380 1347 XLV,
1409 1284 1492 1348 ll,
1513 1285 1673 1354 juxta
1707 1283 1899 1354 LXX).

587 1400 602 1404 -
664 1365 814 1420 Unde
837 1369 1003 1422 etiam
1028 1372 1307 1427 verissime
1338 1375 1503 1428 David
1531 1376 1850 1445 prophetam
1873 1379 2166 1448 sequendo,

583 1468 642 1512 et
669 1463 987 1528 exponendo
1018 1463 1364 1542 ﬁdelissimus
1395 1467 1629 1524 lautulus
1671 1479 1792 1525 tuus
1837 1471 2171 1542 Augustinus

589 1549 664 1603 ita
685 1551 816 1604 dicit
852 1570 864 1604 :
897 1571 914 1603 ι
956 1554 1116 1620 Deus,
1148 1541 1320 1624 inquit
1343 1559 1638 1612 secundum
1667 1559 1811 1613 illam
1837 1561 2168 1618 voluntatem

587 1654 908 1710 suam,qu:e
962 1659 1084 1698 cum
1131 1647 1250 1716 ejus
1301 1650 1635 1717 prmsoientla
1687 1653 2013 1721 sempiterna
2061 1664 2168 1721 est,

588 1731 821 1800 profecto
850 1734 903 1788 in
933 1735 1061 1790 caelo
1087 1747 1134 1790 ct
1163 1739 1215 1792 in
1244 1750 1386 1794 terra
1419 1743 1594 1795 omnia
1625 1760 1948 1814 qurrcunque
1984 1746 2166 1812 voluit,

2274 553 2458 625 (Prov.
2483 573 2593 620 xvi,
2620 557 2728 625 ll).
2759 558 2819 614 In
2842 558 2982 616 libro
3014 577 3228 631 quoque
3248 563 3632 620 Ecclesiastico
3662 565 3734 620 ita
3766 569 3850 623 di-

2272 645 2446 700 eitur:
2478 646 2582 710 Qui
2601 650 2987 719 transgreditur
3005 652 3265 721 ajustitia
3287 653 3356 705 ad
3384 663 3680 722 peccatum,
3709 654 3846 713 Deus

2269 738 2473 807 paravit
2495 737 2644 792 illum
2691 741 2760 793 ad
2810 740 3144 811 rhompheam
3173 741 3363 806 (Eccli.
3386 758 3535 809 xxvs,
3561 742 3676 815 27),
3710 749 3846 814 quod

2269 829 2515 901 profecto
2571 830 2638 886 de
2669 834 3021 903 reproborum
3052 833 3250 904 populo
3301 834 3713 906 intelligendum
3769 848 3854 893 est

2269 935 2390 975 esse
2419 921 2624 976 dictum
2651 924 3044 980 tantummodo.

2341 1014 2478 1070 Hinc
2497 1017 2660 1070 etiam
2684 1017 2785 1072 Job
2813 1019 2890 1072 ait
2914 1035 2928 1072 :
2953 1017 3282 1088 Interrogate
3300 1017 3578 1088 quemlibet
3603 1019 3672 1072 de
3692 1019 3852 1074 viato-

2273 1109 2437 1175 ribus,
2474 1121 2520 1165 ct
2549 1113 2662 1165 htrc
2676 1113 2854 1166 cadent
2879 1112 3031 1167 illum
3054 1113 3342 1185 intelligere
3367 1115 3851 1185 cognoscatis,qttia

2270 1202 2324 1255 in
2345 1203 2480 1256 diem
2502 1205 2806 1272 perditionis
2835 1216 3071 1260 urantur
3110 1205 3302 1271 malus,
3326 1216 3373 1260 et
3395 1207 3464 1260 ad
3492 1207 3634 1260 diem
3659 1206 3850 1275 furoris

2270 1293 2480 1346 ducitur
2511 1294 2632 1363 (Job
2664 1311 2724 1359 ιι,
2752 1295 2866 1365 29).
2908 1296 3060 1363 Quod
3086 1297 3405 1366 explanator
3434 1297 3604 1368 ipsius
3647 1299 3722 1352 ita
3755 1313 3852 1354 ex-

2269 1383 2422 1451 ponit
2443 1383 2736 1454 Gregorius
2760 1402 2773 1440 :
2806 1405 2824 1436 ι
2885 1385 3060 1456 δωρε,
3089 1387 3283 1456 inquit,
3311 1387 3402 1442 diu
3431 1387 3616 1442 divina
3647 1389 3856 1458 patien-

2273 1474 2344 1526 tia
2379 1473 2592 1538 tolerat,
2617 1491 2752 1544 quos
2777 1475 2890 1546 jam
2933 1477 3000 1530 ad
3035 1476 3302 1546 supplicia
3328 1478 3578 1546 praescita
3601 1479 3856 1534 condem-

2271 1574 2380 1620 nat.
2419 1584 2436 1616 ι
2472 1565 2624 1621 Unde
2649 1583 2774 1622 eum
2827 1577 3126 1638 exponeret
3154 1568 3326 1622 illud:
3379 1567 3502 1639 Ipse
3548 1569 3706 1624 habet
3733 1587 3854 1625 con-

2269 1658 2446 1712 silium
2465 1669 2512 1712 et
2531 1658 2891 1728 fortitudinem
2919 1660 3041 1730 (Job
3073 1676 3174 1725 xtl,
3210 1661 3321 1731 l5),
3349 1661 3428 1716 ait
3451 1660 3598 1716 inter
3617 1671 3813 1718 cetera
3838 1681 3851 1716 :

2276 1769 2294 1801 ι
2324 1749 2516 1814 Potest
2543 1766 2756 1821 quoque
2795 1753 2850 1807 in
2877 1753 3086 1808 consilii
3116 1754 3334 1808 nomine
3383 1754 3498 1824 ipsa
3526 1755 3741 1811 occulta
3769 1754 3857 1823 ju-

587 1835 694 1914 non
726 1822 897 1876 solum
929 1829 1203 1894 praeterita
1237 1829 1319 1883 vel
1349 1832 1653 1901 praesentia,
1687 1835 1778 1888 sed
1804 1836 1966 1890 etiam
1987 1837 2165 1892 futura
2193 1830 2245 1894 Β
2270 1841 2394 1896 dicii
2423 1857 2570 1896 mora
2593 1843 2794 1914 signari
2819 1862 2832 1898 :
2857 1853 2918 1898 ut
2940 1844 3082 1914 quod
3123 1822 3420 1914 aliquando
3444 1845 3650 1900 tardius
3679 1822 3853 1901 delin-

580 1913 695 1983 jam
747 1913 893 1973 fecit.
956 1937 973 1969 ι
1012 1919 1177 1989 Igitur
1227 1938 1348 1975 eum
1403 1923 1733 1992 sempiterna
1778 1927 1868 1991 sit,
1917 1927 2162 1994 Domine,

587 2020 711 2058 cum
762 2008 1099 2074 pnnscientia
1133 2011 1378 2066 voluntas
1419 2021 1532 2078 tua,
1567 2015 1706 2070 sicut
1737 2015 1823 2071 hic
1857 2018 1934 2070 ait
1985 2018 2167 2088 Augu-

584 2095 783 2161 stinus,
835 2107 890 2152 et
934 2101 1074 2169 apud
1117 2103 1560 2172 omnipotentiam
1601 2117 1746 2160 tuam
1793 2108 1860 2162 de
1914 2111 2174 2178 cperibus

586 2185 847 2241 duntaxat
880 2189 1007 2254 tuis,
1037 2193 1139 2246 hoc
1160 2193 1227 2246 sit
1248 2195 1498 2263 praescire
1519 2197 1665 2265 quod
1690 2197 1850 2264 velle,
1871 2200 2166 2254 secundum

586 2280 731 2348 quod
768 2282 835 2334 ad
886 2285 1134 2338 eumdem
1173 2285 1528 2354 Augustinum
1580 2289 1770 2343 scribit
1815 2288 2038 2345 Orosius
2063 2331 2078 2356 ,
2113 2300 2167 2345 et

585 2371 761 2442 Ipsum
810 2391 1024 2445 quoque
1077 2377 1211 2433 velle
1266 2388 1416 2434 tuum
1459 2379 1652 2436 fecisse
1697 2381 1787 2448 sit,
1828 2383 1982 2452 juxta
2021 2382 2166 2452 quod

583 2464 716 2520 dicit
749 2467 1085 2532 Ambrosius,
1113 2469 1455 2526 manifestum
1478 2481 1562 2526 est
1601 2473 1785 2542 procul
1816 2473 1981 2529 dubio
2007 2473 2166 2542 quid-

583 2556 712 2624 quid
745 2555 889 2612 foras
926 2557 1162 2613 futurum
1191 2570 1274 2617 est
1309 2561 1363 2614 in
1388 2577 1570 2632 opere,
1604 2563 1718 2633 jam
1760 2565 1958 2619 factum
1986 2580 2108 2620 esse
2133 2583 2165 2622 a

584 2655 635 2700 te
684 2647 736 2700 in
781 2648 1277 2717 pncdestinatlone,
1302 2651 1459 2720 juxta
1507 2653 1651 2723 quod
1697 2655 1879 2719 audet,
1923 2663 1978 2709 et
2010 2655 2162 2721 dicit,

581 2743 740 2798 docet
775 2752 831 2799 et
857 2745 1068 2809 scribit,
1098 2761 1231 2816 papa
1261 2746 1574 2818 Gregorius.
1601 2749 1755 2804 Absit
1777 2763 1906 2819 ergo
1930 2758 1988 2803 ut
2025 2751 2166 2806 inter

580 2835 974 2904 pra:scieotiam
1020 2845 1076 2891 et
1113 2837 1640 2905 praedestinationem
1684 2828 1908 2909 operum
1950 2847 2164 2908 tuorum

582 2926 750 2980 ullum
810 2927 893 2982 vel
936 2930 1197 2982 momenti
1241 2929 1462 2998 quilibet
1501 2929 1897 2985 catholicorum
1947 2939 2164 2984 tuorum

581 3017 887 3085 suspicetur
947 3018 1285 3073 intervallum
1348 3019 1568 3075 fuisse:
1631 3021 1757 3074 dum
1815 3020 1995 3073 omnia
2044 3035 2164 3088 quae

581 3107 794 3162 voluisti
828 3108 1049 3179 lelcgit,
1096 3109 1176 3164 vel
1217 3109 1369 3164 audit
1417 3109 1696 3178 creditque
1734 3108 1893 3164 simul
1944 3100 2159 3164 fecisse.

2270 1943 2498 2005 quentes
2554 1937 2806 2005 percutit,
2861 1952 2966 1992 non
3021 1939 3146 2008 quia
3201 1939 3510 2008 iniquorum
3545 1939 3702 2010 culpa
3748 1955 3858 1996 non

2268 2028 2617 2097 conspicitur,
2670 2029 2764 2084 sed
2819 2039 2877 2084 ut
2929 2031 3292 2087 damnationis
3339 2046 3530 2088 eorum
3586 2033 3857 2092 sententia

2268 2132 2387 2185 qua:
2413 2133 2510 2187 pro
2531 2121 2733 2188 agenda
2757 2119 3080 2188 poenitentia
3123 2120 3388 2186 diil‘ertur,
3437 2122 3592 2190 quasi
3622 2122 3779 2177 tarde
3807 2130 3863 2176 et.

2269 2207 2492 2262 consilio
2544 2208 2762 2278 prodire
2807 2201 3082 2279 jubeatur.
3141 2211 3294 2277 Quod
3346 2226 3476 2282 ergo
3527 2211 3864 2280 quandoque

2269 2298 2400 2354 loris
2428 2308 2613 2370 aperta
2640 2303 2911 2356 sententia
2953 2301 3183 2371 judicat,
3220 2305 3324 2358 hoc
3350 2303 3491 2372 apud
3520 2301 3862 2371 omnipoten-

2268 2399 2376 2446 tem
2406 2392 2573 2447 Deum
2599 2401 2723 2449 ante
2748 2393 2944 2450 sarcula
2967 2396 3017 2447 iu
3055 2394 3283 2448 consilio
3307 2394 3530 2448 latebat.
3562 2411 3582 2445 ο
3616 2391 3864 2462 Itemque

2267 2496 2583 2550 exponens:
2617 2480 2946 2537 Constituiin
2997 2485 3246 2538 terminos
3297 2483 3440 2554 ejus,
3467 2483 3559 2552 qui
3599 2482 3864 2551 prcterin'

2268 2585 2370 2624 non
2393 2580 2634 2639 poterunt
2665 2571 2786 2637 (Job
2818 2587 2930 2636 xw,
2971 2572 3046 2640 5),
3081 2572 3210 2626 dicit
3236 2590 3248 2625 :
3283 2589 3302 2622 ι
3340 2570 3494 2626 Nulla
3521 2586 3641 2639 quae
3669 2571 3721 2624 in
3755 2571 3862 2624 hoc

2267 2663 2467 2718 mundo
2493 2663 2800 2717 hominibus
2832 2664 3036 2733 absque
3082 2663 3466 2734 omnipotentis
3495 2663 3591 2717 Dei
3640 2662 3862 2718 occulto

2265 2755 2491 2810 consilio
2515 2755 2755 2810 veniunt.
2804 2756 2962 2821 Nam,
2993 2765 3186 2818 cuncta
3241 2755 3382 2811 Deus
3425 2763 3678 2810 secutura
3722 2769 3862 2823 prae.

2266 2846 2444 2900 sciens
2468 2855 2591 2902 ante
2619 2846 2812 2902 smcula
2856 2847 3098 2902 decrevit
3120 2844 3478 2920 qualitengper
3521 2845 3716 2900 saecula
3740 2843 3860 2899 dis.

2266 2946 2553 3008 ponantur.
2579 2957 2598 2989 ι
2649 2937 2780 2993 Item
2809 2953 3088 3008 exponens
3122 2938 3252 2992 illud
3295 2938 3364 2992 de
3413 2937 3633 3007 impiis:
3681 2935 3859 2989 Erunt

2265 3030 2397 3088 sicut
2424 3031 2588 3099 palea:
2612 3039 2730 3084 ante
2759 3030 2945 3099 faciem
2976 3024 3132 3092 renti,
3176 3037 3223 3082 et
3270 3028 3404 3082 sicut
3449 3025 3654 3096 favilla,
3674 3042 3857 3095 quam

2267 3118 2417 3172 turbo
2458 3119 2702 3190 dispergit
2746 3117 2868 3191 (Job
2908 3135 3033 3184 xxi,
3067 3118 3177 3188 l8),
3229 3117 3345 3172 ait:
3378 3136 3398 3169 ι
3433 3118 3576 3171 Ante
3603 3116 3857 3185 omnipo-

580 3197 888 3252 I’nnsertim
913 3176 1034 3254 cum
1063 3199 1213 3268 prius
1233 3199 1453 3254 omnino
1479 3176 1621 3253 nihil
1645 3199 1698 3258 in
1726 3197 1918 3254 effectu
1943 3199 2170 3265 feceris,
2191 3176 2235 3238 C
2271 3211 2431 3265 tentis
2453 3176 2550 3267 Dei
2575 3176 2766 3267 oc'ulos‘
2782 3212 2957 3282 iniqui
2983 3176 3091 3266 vita
3125 3176 3308 3265 lavilla
3337 3217 3442 3274 est,
3469 3208 3730 3280 quiaaetsi
3755 3176 3835 3277 ap

579 3302 742 3357 quam
779 3287 1271 3358 incomparabiliter
1292 3288 1471 3343 futura
1502 3288 1827 3358 praiscieris,
1854 3298 1909 3344 et
1934 3303 1998 3343 ea
2024 3302 2166 3344 seni-

579 3379 796 3449 piterno
834 3379 1060 3435 consilio
1098 3380 1535 3450 prindestinando
1559 3382 1911 3452 disposueris.

584 3512 592 3522 .
657 3470 762 3526 Sed
785 3470 898 3539 jam
939 3461 1151 3540 tempus
1177 3481 1281 3536 est,
1313 3471 1556 3535 Domine,
1592 3473 1826 3527 veridica
1857 3473 2164 3528 divinorum

580 3562 772 3632 subjici
803 3567 1109 3620 testimonia
1155 3566 1437 3632 librorum,
1467 3567 1664 3638 quibus
1706 3568 1932 3623 docetur
1959 3569 2163 3640 absque

581 3655 834 3725 scrupulo
855 3666 909 3711 et
932 3657 1458 3727 declaraturabsque
1483 3658 1732 3728 ambiguo
1756 3659 2166 3729 praedestinatos

579 3761 700 3800 esse
731 3748 990 3815 reprobos
1017 3748 1081 3800 ad
1103 3757 1436 3803 aeternorum
1462 3747 1710 3803 incendia
1744 3756 2161 3804 tormentorum.

582 3833 664 3890 Ac
683 3836 917 3902 primum
942 3845 1051 3900 tua,
1079 3837 1299 3892 Domine
1327 3835 1454 3892 Iesu
1477 3836 1712 3900 Christe,
1742 3837 1942 3892 veritas
1964 3837 2164 3893 invicta

580 3923 904 3995 proferenda
919 3927 1338 3990 censeo,merito
1351 3925 1514 3981 dicta.
1532 3924 1634 3990 Qui
1649 3943 1750 3980 non
1761 3926 1948 3990 credit,
1963 3926 2162 3995 inquis,

575 4015 693 4086 jam
701 4014 972 4083 judicatus
998 4026 1070 4069 est
1100 4016 1280 4086 (Joan.
1312 4033 1392 4080 Ill,
1415 4017 1527 4085 l8),
1550 4017 1604 4072 id
1630 4024 1732 4081 est,
1755 4025 1815 4070 ut
1834 4017 2166 4088 Augustinus

579 4109 849 4177 exposuit,
881 4109 993 4178 jam
1019 4109 1307 4164 damnatus
1333 4120 1436 4165 est.
1478 4108 1723 4165 Nondum
1750 4110 1914 4175 enim,
1968 4110 2164 4178 inquit,

557 4200 833 4268 apparuit
872 4198 1152 4266 judicium,
1201 4200 1293 4254 sed
1332 4200 1443 4269 jam
1497 4199 1699 4254 factum
1746 4209 1831 4254 est
1874 4199 2158 4267 judicium.

579 4287 720 4342 Item
749 4305 761 4341 ε
794 4286 1066 4354 Princeps,
1101 4290 1196 4354 ait,
1229 4289 1411 4345 mundi
1440 4290 1598 4360 hujus
1617 4289 1734 4359 jam
1771 4289 2044 4359 judicatus
2089 4298 2164 4345 est

583 4379 768 4449 (Joan.
794 4396 902 4443 xvi,
936 4382 1047 4449 ll),
1094 4381 1145 4436 id
1195 4391 1298 4443 est,
1352 4391 1408 4435 ut
1464 4383 1601 4436 idem
1647 4383 1914 4453 exposuit,
1960 4381 2166 4452 judicio

582 4474 724 4544 ignis
777 4475 965 4529 mterni
1019 4475 1442 4532 irrcvocahiliter
1489 4476 1790 4531 destinatus
1839 4488 1940 4532 est.
1993 4478 2162 4531 David

2268 3311 2424 3373 paret
2443 3304 2508 3356 ad
2544 3311 2874 3357 momentum
2927 3301 3138 3364 viridis,
3183 3301 3252 3354 ab
3285 3297 3403 3367 ejus
3429 3295 3855 3366 tameugjudicio

2259 3389 2372 3460 jam
2417 3400 2733 3462 consumpta
2784 3392 3048 3458 cernitur,
3113 3389 3728 3462 quiaconsumptioni.
3765 3398 3856 3445 est

2265 3491 2479 3537 aeternae
2507 3480 2782 3551 deputata.
2805 3500 2828 3544 ι

2274 3624 2281 3637 ,
2335 3572 2412 3630 De
2457 3571 2897 3642 talibusgquoque
2921 3580 2977 3627 et
3004 3586 3191 3627 eorum
3221 3571 3440 3642 ﬂagitiis
3463 3579 3518 3640 tu
3554 3569 3694 3641 ipse,
3736 3569 3855 3626 Do-

2265 3661 2430 3725 mine,
2446 3675 2544 3732 per
2565 3661 2780 3733 Moysen
2803 3662 2940 3717 dicis
2963 3680 2975 3716 :
2998 3661 3194 3716 Nonne.
3208 3663 3320 3716 hinc
3335 3662 3544 3717 condita
3564 3669 3686 3715 sunt
3708 3661 3854 3729 apud

2264 3768 2368 3813 me.
2394 3760 2442 3805 et
2470 3753 2674 3821 signata
2699 3752 2752 3806 in
2774 3751 3035 3806 thesauris
3061 3751 3231 3806 meis.’
3257 3749 3377 3805 Mea
3401 3759 3478 3804 est
3504 3749 3659 3815 ultio,
3687 3760 3735 3804 et
3755 3766 3855 3821 ego

2266 3841 2550 3896 retribuam
2578 3841 2652 3894 eis
2679 3841 2733 3893 in
2767 3850 2995 3909 tempore
3026 3839 3206 3912 (Deut.
3225 3855 3400 3906 xxxii,
3429 3839 3521 3904 54,
3544 3839 3658 3910 55).
3681 3839 3851 3896 Item:

2264 3931 2432 3987 Juxta
2461 3941 2536 3986 est
2564 3933 2675 3986 dies
2700 3933 3010 4003 perditionis
3051 3943 3101 3987 et
3137 3932 3318 3986 adesse
3348 3930 3594 4002 festinant
3620 3941 3856 4001 tempore

2268 4023 2477 4095 (lbid.).
2514 4023 2644 4078 Item
2672 4041 2684 4078 :
2711 4022 2913 4078 Levabo
2936 4022 3005 4077 ad
3029 4021 3212 4078 caelum
3241 4037 3454 4082 manum
3477 4037 3673 4087 nteant,
3702 4029 3747 4090 et
3775 4021 3857 4088 di-

2267 4130 2379 4167 cam
2404 4131 2422 4167 :
2464 4112 2588 4167 Vivo
2615 4129 2707 4184 ego
2732 4115 3080 4178 inaternum.
3125 4111 3187 4168 Si
3216 4128 3408 4168 acuero
3435 4121 3489 4165 ut
3513 4110 3696 4182 fulgur
3733 4111 3855 4183 glao

2266 4203 2412 4268 dium
2435 4219 2626 4276 meum,
2647 4213 2695 4258 et
2717 4204 3037 4274 arripuerint
3054 4202 3318 4272 judicium
3339 4218 3526 4256 manus
3551 4202 3852 4276 metnred-

2267 4295 2389 4348 dam
2420 4293 2670 4352 ultionem
2696 4294 2928 4354 hostibus
2952 4293 3098 4357 meis,
3125 4303 3172 4348 et
3203 4293 3284 4346 his
3305 4293 3396 4362 qui
3420 4293 3644 4347 oderunt
3672 4308 3753 4354 me
3773 4308 3855 4346 re-

2269 4384 2516 4448 tribuam.
2543 4382 2824 4438 Inebriabo
2848 4383 3068 4454 sagittas
3093 4399 3234 4436 meas
3263 4382 3539 4452 sanguine,
3561 4392 3615 4455 iet
3643 4380 3853 4452 gladius

2269 4490 2414 4528 meus
2439 4475 2701 4529 devorabit
2726 4491 2908 4530 carnes
2947 4458 3010 4529 de
3037 4491 3221 4529 cruore
3250 4475 3564 4539 occisorum,
3593 4459 3751 4548 et,'de
3771 4491 3854 4530 ca-

581 4537 744 4622 eliam
778 4565 944 4620 dicit:
999 4565 1127 4620 Ideo
1189 4583 1289 4624 non
1344 4576 1609 4637 resurgant
1657 4567 1803 4637 impii
1851 4569 1908 4622 in
1951 4567 2158 4636 judicio
2190 4537 2242 4597 Β
2266 4567 2501 4637 ptivitate
2546 4567 2732 4622 nudati
2773 4568 3105 4621 inimicorum
3130 4567 3334 4638 capitis.
3365 4544 3850 4646 Laudate,geates,

579 4656 754 4730 (Psal.
783 4674 820 4722 ι,
849 4657 926 4728 5).
959 4658 1292 4726 Augustinus
1314 4659 1534 4730 exponit
1561 4660 1685 4729 quia
1709 4661 1822 4727 jam
1847 4659 2021 4728 pinnis
2042 4674 2159 4714 cer-

581 4747 807 4803 tissimis
851 4747 1104 4803 destinati
1143 4755 1286 4802 sunt.
1319 4747 1471 4811 Item,
1520 4759 1578 4801 tu
1623 4749 1928 4819 percussisti
1981 4764 2159 4802 omnes

578 4840 911 4895 adversantes
932 4837 1060 4894 mihi
1097 4838 1208 4893 sine
1237 4855 1418 4893 causa.
1451 4838 1638 4903 Recte,
1695 4839 1889 4908 inquit,
1919 4839 1972 4892 in
2021 4854 2160 4908 pra:-

582 4930 943 4987 destinatione
970 4932 1168 4987 dicitur
1192 4929 1259 4984 de
1284 4929 1499 4983 diabolo
1521 4937 1575 4982 et
1598 4929 1809 5000 angelis
1829 4929 1964 4998 ejus.
1987 4928 2161 4998 Atque

581 5036 650 5075 ne
677 5021 884 5075 dicatur
923 5023 1193 5078 diabolum
1248 5020 1622 5075 tantummodo
1646 5035 1767 5075 cum
1797 5021 2001 5091 angelis
2045 5021 2161 5090 ejus

572 5114 651 5168 ad
685 5125 914 5167 mortem
950 5129 1071 5166 esse
1101 5116 1449 5180 destinatum,
1473 5115 1612 5185 quod
1637 5117 1858 5171 omnino
1879 5118 2016 5171 satis
2040 5131 2160 5173 esse

581 5205 844 5276 probatur
892 5204 1229 5271 absurdum;
1279 5214 1340 5260 ut
1386 5205 1632 5261 videlicet
1659 5215 1820 5275 caput
1849 5222 1878 5260 a
1930 5222 2160 5275 corpore

582 5293 1016 5365 przedestinando
1049 5295 1118 5349 sit
1140 5304 1517 5367 segregatum:
1551 5294 1693 5351 Dicit
1730 5297 1924 5351 iterum
1966 5296 2154 5362 David,

581 5384 636 5437 in
666 5381 926 5452 pulverem
954 5386 1133 5439 mortis
1175 5386 1438 5440 deduxisti
1469 5401 1549 5440 itte
1596 5377 1768 5456 (Psal.
1811 5403 1926 5452 xxr,
1951 5387 2062 5458 l5),
2103 5387 2156 5441 id

581 5484 689 5538 est,
738 5475 932 5546 impios
981 5479 1138 5530 ιιι‹›ι·ιί
1185 5477 1502 5542 destinatos,
1534 5478 1675 5545 quod
1720 5478 1970 5532 omnibus
2000 5495 2161 5547 super

575 5567 895 5623 hominibus
921 5569 984 5622 de
1026 5568 1240 5637 pulvere
1273 5567 1480 5621 scilicet
1507 5566 1682 5632 lactis,
1713 5579 1766 5622 et
1799 5570 1851 5624 in
1885 5570 2157 5639 pulverem

583 5673 794 5726 quoque
824 5659 1039 5720 relictis,
1061 5674 1222 5712 nemo
1244 5658 1582 5725 prudentium
1604 5660 1828 5729 ambigit
1855 5661 1981 5713 diei.
2009 5661 2160 5715 Salo—

583 5767 706 5805 mon
737 5766 950 5819 qnoque
983 5752 1055 5803 ait
1082 5769 1091 5803 :
1142 5747 1394 5804 L’nircrsa
1449 5763 1657 5820 propter
1683 5762 2007 5820 semetipsum
2037 5770 2156 5819 ope-

2265 4655 2514 4728 populum
2538 4655 2672 4726 ejus,
2697 4658 2821 4726 quia
2847 4657 3151 4728 sanguinem
3187 4672 3449 4710 servorum
3479 4673 3695 4710 suorum
3721 4655 3868 4710 uici-1

2265 4755 2439 4800 scetur
2467 4755 2526 4816 et
2563 4746 2843 4802 vindictam
2883 4747 3124 4811 retribuet
3167 4747 3220 4800 in
3247 4747 3418 4799 hostes
3460 4762 3642 4799 eorum
3671 4744 3848 4816 (Deut.

2267 4852 2438 4906 χχχιι,
2478 4836 2693 4909 4045),
2715 4837 2776 4893 Si
2814 4837 2935 4907 quis
2960 4838 3083 4904 haec,
3108 4838 3287 4893 omnia
3312 4846 3367 4891 et
3385 4836 3500 4904 alia
3533 4837 3850 4892 intermina-

2267 4927 2450 4984 biliter
2477 4928 2629 4999 plura
2656 4944 2752 5000 per
2797 4929 3181 4984 canonicarum
3210 4927 3551 4983 latitudinem
3603 4927 3850 4997 Scriptu-

2271 5034 2458 5080 rarum
2498 5019 2866 5089 multipliciter
2896 5035 3080 5091 sparsa
3103 5019 3231 5081 sica
3263 5027 3316 5074 te
3349 5019 3631 5089 praesumit
3670 5019 3850 5073 dicere

2267 5111 2636 5182 prmdicta,gut
2664 5110 2774 5164 sint
2825 5112 3041 5180 quidem
3072 5110 3341 5180 przescita,
3395 5108 3488 5165 sed
3539 5108 3848 5164 nullomodo

2261 5200 2574 5271 praeﬁnita:
2624 5199 2915 5267 facillum,
2967 5216 3170 5272 quaeso,
3211 5200 3494 5270 diligenter
3543 5199 3845 5263 attendere,

2261 5312 2423 5371 quam
2451 5297 2522 5353 sit
2555 5297 2863 5354 contrarius
2891 5297 3134 5361 veritati,
3158 5310 3428 5366 quamque
3475 5294 3651 5350 noxiae
3673 5292 3846 5349 faveat

2264 5387 2509 5453 falsitati,
2540 5386 2668 5448 dum
2701 5396 2753 5442 te
2789 5396 2898 5447 tam
2925 5386 3208 5442 temerarie
3231 5382 3448 5453 subiicit
3471 5383 3840 5450 mutabilitati,

2265 5490 2324 5536 ut
2353 5491 2464 5535 tum
2493 5480 2745 5535 videlicet
2772 5480 2945 5550 (juxta
2973 5480 3114 5548 quod
3136 5485 3355 5532 sanctus
3381 5476 3458 5530 ait
3484 5475 3839 5547 Augustinus)

2270 5591 2288 5622 ι
2324 5571 2466 5625 nulla
2492 5578 2801 5626 remuneret
2827 5577 3016 5622 natura
3050 5565 3343 5630 mutabilis,
3378 5565 3480 5620 nisi
3508 5574 3590 5631 tu,
3615 5565 3838 5620 Domine

2267 5663 2408 5716 Deus
2437 5669 2642 5722 noster,
2675 5673 3020 5729 permaneres
3050 5655 3431 5711 immutabilis:
3463 5675 3481 5707 ι
3515 5655 3669 5726 parvi
3714 5669 3840 5726 pen-

2267 5752 2359 5805 dat
2386 5751 2428 5805 si
2461 5752 2526 5804 ab
2551 5758 2752 5805 aeterno
2782 5764 2947 5817 usque
2973 5747 3022 5801 in
3046 5746 3185 5800 dirm
3212 5745 3394 5814 judicii
3425 5744 3698 5801 mutabilis
3724 5757 3838 5800 esse
