  <div class='ocr_page' id='page_1' title='image "/cluster/home/n/w/nwhite01/storage/ocr_20150623/121/hvd.32044015471642/182.png"; bbox 0 0 4026 6346; ppageno 0'>
   <div class='ocr_carea' id='block_1_1' title="bbox 155 364 264 420">
    <p class='ocr_par' dir='ltr' id='par_1_1' title="bbox 155 364 264 420">
     <span class='ocr_line' id='line_1_1' title="bbox 155 364 264 420; baseline -0.018 -1"><span class='ocrx_word' id='word_1_1' title='bbox 155 364 264 420; x_wconf 75' lang='lat'><strong>355</strong></span> 
     </span>
    </p>
   </div>
   <div class='ocr_carea' id='block_1_2' title="bbox 1415 348 2215 407">
    <p class='ocr_par' dir='ltr' id='par_1_2' title="bbox 1415 348 2215 407">
     <span class='ocr_line' id='line_1_2' title="bbox 1415 348 2215 407; baseline -0.008 0"><span class='ocrx_word' id='word_1_2' title='bbox 1415 348 1788 407; x_wconf 73' lang='lat' dir='ltr'><strong>CONFESSIO</strong></span> <span class='ocrx_word' id='word_1_3' title='bbox 1826 348 2215 404; x_wconf 58' lang='lat' dir='ltr'><strong>PIIOIAXIOIL</strong></span> 
     </span>
    </p>
   </div>
   <div class='ocr_carea' id='block_1_3' title="bbox 3327 354 3431 407">
    <p class='ocr_par' dir='ltr' id='par_1_3' title="bbox 3327 354 3431 407">
     <span class='ocr_line' id='line_1_3' title="bbox 3327 354 3431 407; baseline 0.019 -2"><span class='ocrx_word' id='word_1_4' title='bbox 3327 354 3431 407; x_wconf 68' lang='grc' dir='ltr'><strong>5ὕό</strong></span> 
     </span>
    </p>
   </div>
   <div class='ocr_carea' id='block_1_4' title="bbox 157 461 3432 551">
    <p class='ocr_par' dir='ltr' id='par_1_4' title="bbox 157 461 3432 551">
     <span class='ocr_line' id='line_1_4' title="bbox 157 461 3432 551; baseline -0.005 -19"><span class='ocrx_word' id='word_1_5' title='bbox 157 477 328 551; x_wconf 84' lang='lat' dir='ltr'><strong>(quod</strong></span> <span class='ocrx_word' id='word_1_6' title='bbox 350 473 512 531; x_wconf 87' lang='lat' dir='ltr'><strong>absit)</strong></span> <span class='ocrx_word' id='word_1_7' title='bbox 546 473 616 527; x_wconf 88' lang='lat' dir='ltr'><strong>ab</strong></span> <span class='ocrx_word' id='word_1_8' title='bbox 647 467 886 525; x_wconf 82' lang='lat' dir='ltr'><strong>Ecclesia</strong></span> <span class='ocrx_word' id='word_1_9' title='bbox 919 475 1008 520; x_wconf 84' lang='lat' dir='ltr'><strong>tua</strong></span> <span class='ocrx_word' id='word_1_10' title='bbox 1035 472 1264 535; x_wconf 86' lang='lat' dir='ltr'><strong>puterIs,</strong></span> <span class='ocrx_word' id='word_1_11' title='bbox 1289 461 1398 517; x_wconf 91' lang='lat' dir='ltr'><strong>imo</strong></span> <span class='ocrx_word' id='word_1_12' title='bbox 1426 461 1668 517; x_wconf 86' lang='lat' dir='ltr'><strong>credaris</strong></span> <span class='ocrx_word' id='word_1_13' title='bbox 1697 469 1751 515; x_wconf 90' lang='lat' dir='ltr'><strong>et</strong></span> <span class='ocrx_word' id='word_1_14' title='bbox 1781 466 1824 523; x_wconf 80' lang='grc' dir='ltr'>Α</span> <span class='ocrx_word' id='word_1_15' title='bbox 1855 479 1993 515; x_wconf 88' lang='lat' dir='ltr'><strong>mors</strong></span> <span class='ocrx_word' id='word_1_16' title='bbox 2024 472 2072 515; x_wconf 90' lang='lat' dir='ltr'><strong>et</strong></span> <span class='ocrx_word' id='word_1_17' title='bbox 2111 461 2350 530; x_wconf 77' lang='lat' dir='ltr'><strong>infernus</strong></span> <span class='ocrx_word' id='word_1_18' title='bbox 2381 461 2526 514; x_wconf 80' lang='lat' dir='ltr'><strong>missi</strong></span> <span class='ocrx_word' id='word_1_19' title='bbox 2551 471 2672 515; x_wconf 89' lang='lat' dir='ltr'><strong>sunt</strong></span> <span class='ocrx_word' id='word_1_20' title='bbox 2706 463 2757 514; x_wconf 82' lang='lat' dir='ltr'><strong>iu</strong></span> <span class='ocrx_word' id='word_1_21' title='bbox 2787 469 3028 531; x_wconf 80' lang='lat' dir='ltr'><strong>stagnum</strong></span> <span class='ocrx_word' id='word_1_22' title='bbox 3076 463 3232 534; x_wconf 83' lang='lat' dir='ltr'><strong>Ignis,</strong></span> <span class='ocrx_word' id='word_1_23' title='bbox 3268 464 3432 532; x_wconf 83' lang='lat' dir='ltr'><strong>(quod</strong></span> 
     </span>
    </p>
   </div>
   <div class='ocr_carea' id='block_1_5' title="bbox 155 553 1750 639">
    <p class='ocr_par' dir='ltr' id='par_1_5' title="bbox 155 553 1750 639">
     <span class='ocr_line' id='line_1_5' title="bbox 155 553 1750 639; baseline -0.011 -16"><span class='ocrx_word' id='word_1_24' title='bbox 155 565 492 639; x_wconf 63' lang='lat' dir='ltr'><strong>pradiceris,</strong></span> <span class='ocrx_word' id='word_1_25' title='bbox 523 573 578 618; x_wconf 91' lang='lat' dir='ltr'><strong>et</strong></span> <span class='ocrx_word' id='word_1_26' title='bbox 605 563 657 616; x_wconf 92' lang='lat' dir='ltr'><strong>in</strong></span> <span class='ocrx_word' id='word_1_27' title='bbox 686 561 804 630; x_wconf 86' lang='lat' dir='ltr'><strong>ipso</strong></span> <span class='ocrx_word' id='word_1_28' title='bbox 829 571 1042 628; x_wconf 90' lang='lat' dir='ltr'><strong>quoque</strong></span> <span class='ocrx_word' id='word_1_29' title='bbox 1089 555 1176 610; x_wconf 88' lang='lat' dir='ltr'><strong>die</strong></span> <span class='ocrx_word' id='word_1_30' title='bbox 1218 553 1428 622; x_wconf 92' lang='lat' dir='ltr'><strong>iudicii,</strong></span> <span class='ocrx_word' id='word_1_31' title='bbox 1461 553 1613 622; x_wconf 85' lang='lat' dir='ltr'><strong>quasi</strong></span> <span class='ocrx_word' id='word_1_32' title='bbox 1644 567 1750 606; x_wconf 90' lang='lat' dir='ltr'><strong>non</strong></span> 
     </span>
    </p>
   </div>
   <div class='ocr_carea' id='block_1_6' title="bbox 156 643 1750 729">
    <p class='ocr_par' dir='ltr' id='par_1_6' title="bbox 156 643 1750 729">
     <span class='ocr_line' id='line_1_6' title="bbox 156 643 1750 729; baseline -0.012 -16"><span class='ocrx_word' id='word_1_33' title='bbox 156 655 542 729; x_wconf 65' lang='lat' dir='ltr'><strong>predestinata</strong></span> <span class='ocrx_word' id='word_1_34' title='bbox 571 651 843 711; x_wconf 79' lang='lat' dir='ltr'><strong>faciendo,</strong></span> <span class='ocrx_word' id='word_1_35' title='bbox 870 647 923 702; x_wconf 91' lang='lat' dir='ltr'><strong>id</strong></span> <span class='ocrx_word' id='word_1_36' title='bbox 957 655 1064 712; x_wconf 71' lang='lat' dir='ltr'><strong>est,</strong></span> <span class='ocrx_word' id='word_1_37' title='bbox 1104 644 1363 714; x_wconf 87' lang='lat' dir='ltr'><strong>reprobas</strong></span> <span class='ocrx_word' id='word_1_38' title='bbox 1391 643 1459 697; x_wconf 90' lang='lat' dir='ltr'><strong>ad</strong></span> <span class='ocrx_word' id='word_1_39' title='bbox 1481 649 1750 696; x_wconf 88' lang='lat' dir='ltr'><strong>tormenta</strong></span> 
     </span>
    </p>
   </div>
   <div class='ocr_carea' id='block_1_7' title="bbox 157 733 1750 805">
    <p class='ocr_par' dir='ltr' id='par_1_7' title="bbox 157 733 1750 805">
     <span class='ocr_line' id='line_1_7' title="bbox 157 733 1750 805; baseline -0.014 0"><span class='ocrx_word' id='word_1_40' title='bbox 157 747 427 805; x_wconf 90' lang='lat' dir='ltr'><strong>mittendo</strong></span> <span class='ocrx_word' id='word_1_41' title='bbox 454 743 702 800; x_wconf 86' lang='lat' dir='ltr'><strong>muteris.</strong></span> <span class='ocrx_word' id='word_1_42' title='bbox 754 740 820 794; x_wconf 87' lang='lat' dir='ltr'><strong>Et</strong></span> <span class='ocrx_word' id='word_1_43' title='bbox 848 739 921 792; x_wconf 91' lang='lat' dir='ltr'><strong>ita</strong></span> <span class='ocrx_word' id='word_1_44' title='bbox 969 737 1226 804; x_wconf 86' lang='lat' dir='ltr'><strong>deinceps</strong></span> <span class='ocrx_word' id='word_1_45' title='bbox 1275 733 1329 788; x_wconf 93' lang='lat' dir='ltr'><strong>in</strong></span> <span class='ocrx_word' id='word_1_46' title='bbox 1362 733 1750 803; x_wconf 89' lang='lat' dir='ltr'><strong>sempiternum</strong></span> 
     </span>
    </p>
   </div>
   <div class='ocr_carea' id='block_1_8' title="bbox 156 822 1748 904">
    <p class='ocr_par' dir='ltr' id='par_1_8' title="bbox 156 822 1748 904">
     <span class='ocr_line' id='line_1_8' title="bbox 156 822 1748 904; baseline -0.014 -6"><span class='ocrx_word' id='word_1_47' title='bbox 156 849 424 904; x_wconf 81' lang='lat' dir='ltr'><strong>mutatus,</strong></span> <span class='ocrx_word' id='word_1_48' title='bbox 452 838 506 893; x_wconf 89' lang='lat' dir='ltr'><strong>id</strong></span> <span class='ocrx_word' id='word_1_49' title='bbox 535 844 639 900; x_wconf 89' lang='lat' dir='ltr'><strong>est,</strong></span> <span class='ocrx_word' id='word_1_50' title='bbox 663 842 914 888; x_wconf 89' lang='lat' dir='ltr'><strong>mortuus</strong></span> <span class='ocrx_word' id='word_1_51' title='bbox 936 839 1057 884; x_wconf 87' lang='lat' dir='ltr'><strong>esse</strong></span> <span class='ocrx_word' id='word_1_52' title='bbox 1087 826 1252 897; x_wconf 87' lang='lat' dir='ltr'><strong>(quod</strong></span> <span class='ocrx_word' id='word_1_53' title='bbox 1283 825 1446 895; x_wconf 88' lang='lat' dir='ltr'><strong>absit)</strong></span> <span class='ocrx_word' id='word_1_54' title='bbox 1476 822 1748 895; x_wconf 88' lang='lat' dir='ltr'><strong>proberis:</strong></span> 
     </span>
    </p>
   </div>
   <div class='ocr_carea' id='block_1_9' title="bbox 155 912 1754 1004">
    <p class='ocr_par' dir='ltr' id='par_1_9' title="bbox 155 912 1754 1004">
     <span class='ocr_line' id='line_1_9' title="bbox 155 912 1754 1004; baseline -0.014 -17"><span class='ocrx_word' id='word_1_55' title='bbox 155 928 544 1004; x_wconf 87' lang='lat' dir='ltr'><strong>quoquomodo</strong></span> <span class='ocrx_word' id='word_1_56' title='bbox 582 924 727 981; x_wconf 90' lang='lat' dir='ltr'><strong>enim</strong></span> <span class='ocrx_word' id='word_1_57' title='bbox 765 921 996 976; x_wconf 88' lang='lat' dir='ltr'><strong>moritur</strong></span> <span class='ocrx_word' id='word_1_58' title='bbox 1021 918 1111 988; x_wconf 89' lang='lat' dir='ltr'><strong>qui</strong></span> <span class='ocrx_word' id='word_1_59' title='bbox 1161 923 1421 981; x_wconf 88' lang='lat' dir='ltr'><strong>mutatur,</strong></span> <span class='ocrx_word' id='word_1_60' title='bbox 1473 922 1534 969; x_wconf 92' lang='lat' dir='ltr'><strong>ut</strong></span> <span class='ocrx_word' id='word_1_61' title='bbox 1571 912 1754 984; x_wconf 84' lang='lat' dir='ltr'><strong>Augu—</strong></span> 
     </span>
    </p>
   </div>
   <div class='ocr_carea' id='block_1_10' title="bbox 156 1004 1752 1088">
    <p class='ocr_par' dir='ltr' id='par_1_10' title="bbox 156 1004 1752 1088">
     <span class='ocr_line' id='line_1_10' title="bbox 156 1004 1752 1088; baseline -0.012 -11"><span class='ocrx_word' id='word_1_62' title='bbox 156 1021 283 1076; x_wconf 85' lang='lat' dir='ltr'><strong>stini</strong></span> <span class='ocrx_word' id='word_1_63' title='bbox 307 1028 367 1076; x_wconf 88' lang='lat' dir='ltr'><strong>et</strong></span> <span class='ocrx_word' id='word_1_64' title='bbox 390 1015 661 1088; x_wconf 78' lang='lat' dir='ltr'><strong>Gregorii,</strong></span> <span class='ocrx_word' id='word_1_65' title='bbox 687 1022 1117 1078; x_wconf 62' lang='lat' dir='ltr'><strong>ceterorumque</strong></span> <span class='ocrx_word' id='word_1_66' title='bbox 1140 1008 1420 1063; x_wconf 88' lang='lat' dir='ltr'><strong>doctorum</strong></span> <span class='ocrx_word' id='word_1_67' title='bbox 1457 1004 1752 1059; x_wconf 73' lang='lat' dir='ltr'><strong>auctoritas</strong></span> 
     </span>
    </p>
   </div>
   <div class='ocr_carea' id='block_1_11' title="bbox 155 1097 1753 1176">
    <p class='ocr_par' dir='ltr' id='par_1_11' title="bbox 155 1097 1753 1176">
     <span class='ocr_line' id='line_1_11' title="bbox 155 1097 1753 1176; baseline -0.011 -8"><span class='ocrx_word' id='word_1_68' title='bbox 155 1109 613 1176; x_wconf 82' lang='lat' dir='ltr'><strong>attestatur;sed</strong></span> <span class='ocrx_word' id='word_1_69' title='bbox 636 1107 778 1162; x_wconf 84' lang='lat' dir='ltr'><strong>absit</strong></span> <span class='ocrx_word' id='word_1_70' title='bbox 806 1113 873 1160; x_wconf 85' lang='lat' dir='ltr'><strong>ut</strong></span> <span class='ocrx_word' id='word_1_71' title='bbox 891 1113 964 1168; x_wconf 91' lang='lat' dir='ltr'><strong>tu,</strong></span> <span class='ocrx_word' id='word_1_72' title='bbox 1019 1101 1264 1165; x_wconf 83' lang='lat' dir='ltr'><strong>Domine,</strong></span> <span class='ocrx_word' id='word_1_73' title='bbox 1315 1098 1407 1169; x_wconf 90' lang='lat' dir='ltr'><strong>qui</strong></span> <span class='ocrx_word' id='word_1_74' title='bbox 1447 1097 1753 1152; x_wconf 82' lang='lat' dir='ltr'><strong>nullatenus</strong></span> 
     </span>
    </p>
   </div>
   <div class='ocr_carea' id='block_1_12' title="bbox 158 1187 1752 1272">
    <p class='ocr_par' dir='ltr' id='par_1_12' title="bbox 158 1187 1752 1272">
     <span class='ocr_line' id='line_1_12' title="bbox 158 1187 1752 1272; baseline -0.011 -12"><span class='ocrx_word' id='word_1_75' title='bbox 158 1203 363 1260; x_wconf 72' lang='lat' dir='ltr'><strong>mutari</strong></span> <span class='ocrx_word' id='word_1_76' title='bbox 388 1199 638 1272; x_wconf 82' lang='lat' dir='ltr'><strong>potuisti,</strong></span> <span class='ocrx_word' id='word_1_77' title='bbox 669 1206 824 1269; x_wconf 89' lang='lat' dir='ltr'><strong>potes</strong></span> <span class='ocrx_word' id='word_1_78' title='bbox 861 1195 947 1250; x_wconf 90' lang='lat' dir='ltr'><strong>vel</strong></span> <span class='ocrx_word' id='word_1_79' title='bbox 997 1192 1225 1264; x_wconf 87' lang='lat' dir='ltr'><strong>poteris,</strong></span> <span class='ocrx_word' id='word_1_80' title='bbox 1257 1189 1546 1260; x_wconf 83' lang='lat' dir='ltr'><strong>aliquando</strong></span> <span class='ocrx_word' id='word_1_81' title='bbox 1570 1196 1629 1243; x_wconf 90' lang='lat' dir='ltr'><strong>ut</strong></span> <span class='ocrx_word' id='word_1_82' title='bbox 1665 1187 1752 1244; x_wconf 85' lang='lat' dir='ltr'><strong>vel</strong></span> 
     </span>
    </p>
   </div>
   <div class='ocr_carea' id='block_1_13' title="bbox 157 1284 1752 1360">
    <p class='ocr_par' dir='ltr' id='par_1_13' title="bbox 157 1284 1752 1360">
     <span class='ocr_line' id='line_1_13' title="bbox 157 1284 1752 1360; baseline -0.011 -7"><span class='ocrx_word' id='word_1_83' title='bbox 157 1299 224 1353; x_wconf 80' lang='lat' dir='ltr'><strong>ad</strong></span> <span class='ocrx_word' id='word_1_84' title='bbox 255 1303 602 1353; x_wconf 89' lang='lat' dir='ltr'><strong>momentum</strong></span> <span class='ocrx_word' id='word_1_85' title='bbox 631 1294 706 1349; x_wconf 86' lang='lat' dir='ltr'><strong>sis</strong></span> <span class='ocrx_word' id='word_1_86' title='bbox 729 1293 934 1360; x_wconf 87' lang='lat' dir='ltr'><strong>absque</strong></span> <span class='ocrx_word' id='word_1_87' title='bbox 960 1289 1069 1344; x_wconf 90' lang='lat' dir='ltr'><strong>ullo</strong></span> <span class='ocrx_word' id='word_1_88' title='bbox 1097 1287 1250 1343; x_wconf 90' lang='lat' dir='ltr'><strong>initio</strong></span> <span class='ocrx_word' id='word_1_89' title='bbox 1279 1284 1552 1340; x_wconf 87' lang='lat' dir='ltr'><strong>mutabilis</strong></span> <span class='ocrx_word' id='word_1_90' title='bbox 1582 1297 1752 1352; x_wconf 89' lang='lat' dir='ltr'><strong>usque</strong></span> 
     </span>
    </p>
   </div>
   <div class='ocr_carea' id='block_1_14' title="bbox 159 1375 1752 1456">
    <p class='ocr_par' dir='ltr' id='par_1_14' title="bbox 159 1375 1752 1456">
     <span class='ocr_line' id='line_1_14' title="bbox 159 1375 1752 1456; baseline -0.011 -11"><span class='ocrx_word' id='word_1_91' title='bbox 159 1391 213 1445; x_wconf 90' lang='lat' dir='ltr'><strong>in</strong></span> <span class='ocrx_word' id='word_1_92' title='bbox 239 1389 389 1444; x_wconf 91' lang='lat' dir='ltr'><strong>diem</strong></span> <span class='ocrx_word' id='word_1_93' title='bbox 418 1385 633 1456; x_wconf 90' lang='lat' dir='ltr'><strong>iudicii,</strong></span> <span class='ocrx_word' id='word_1_94' title='bbox 660 1393 716 1438; x_wconf 87' lang='lat' dir='ltr'><strong>et</strong></span> <span class='ocrx_word' id='word_1_95' title='bbox 741 1383 864 1438; x_wconf 91' lang='lat' dir='ltr'><strong>inde</strong></span> <span class='ocrx_word' id='word_1_96' title='bbox 890 1396 1106 1452; x_wconf 91' lang='lat' dir='ltr'><strong>quoque</strong></span> <span class='ocrx_word' id='word_1_97' title='bbox 1135 1386 1376 1433; x_wconf 89' lang='lat' dir='ltr'><strong>mutatus</strong></span> <span class='ocrx_word' id='word_1_98' title='bbox 1405 1389 1668 1447; x_wconf 89' lang='lat' dir='ltr'><strong>appareas</strong></span> <span class='ocrx_word' id='word_1_99' title='bbox 1697 1375 1752 1428; x_wconf 91' lang='lat' dir='ltr'><strong>in</strong></span> 
     </span>
    </p>
   </div>
   <div class='ocr_carea' id='block_1_15' title="bbox 156 1474 1752 1552">
    <p class='ocr_par' dir='ltr' id='par_1_15' title="bbox 156 1474 1752 1552">
     <span class='ocr_line' id='line_1_15' title="bbox 156 1474 1752 1552; baseline -0.011 -11"><span class='ocrx_word' id='word_1_100' title='bbox 156 1495 428 1541; x_wconf 68' lang='lat' dir='ltr'><strong>internum</strong></span> <span class='ocrx_word' id='word_1_101' title='bbox 478 1488 700 1552; x_wconf 88' lang='lat' dir='ltr'><strong>propter</strong></span> <span class='ocrx_word' id='word_1_102' title='bbox 743 1477 1083 1534; x_wconf 83' lang='lat' dir='ltr'><strong>solummodo</strong></span> <span class='ocrx_word' id='word_1_103' title='bbox 1129 1474 1529 1530; x_wconf 86' lang='lat' dir='ltr'><strong>damnationem</strong></span> <span class='ocrx_word' id='word_1_104' title='bbox 1565 1487 1752 1542; x_wconf 90' lang='lat' dir='ltr'><strong>repro-</strong></span> 
     </span>
    </p>
   </div>
   <div class='ocr_carea' id='block_1_16' title="bbox 163 1568 1270 1639">
    <p class='ocr_par' dir='ltr' id='par_1_16' title="bbox 163 1568 1270 1639">
     <span class='ocr_line' id='line_1_16' title="bbox 163 1568 1270 1639; baseline -0.011 -9"><span class='ocrx_word' id='word_1_105' title='bbox 163 1576 388 1638; x_wconf 89' lang='lat' dir='ltr'><strong>borum,</strong></span> <span class='ocrx_word' id='word_1_106' title='bbox 413 1571 766 1639; x_wconf 87' lang='lat' dir='ltr'><strong>debitumque</strong></span> <span class='ocrx_word' id='word_1_107' title='bbox 789 1568 890 1624; x_wconf 86' lang='lat' dir='ltr'><strong>sibi</strong></span> <span class='ocrx_word' id='word_1_108' title='bbox 923 1575 1270 1622; x_wconf 84' lang='lat' dir='ltr'><strong>tormentum.</strong></span> 
     </span>
    </p>
   </div>
   <div class='ocr_carea' id='block_1_17' title="bbox 226 1653 1744 1730">
    <p class='ocr_par' dir='ltr' id='par_1_17' title="bbox 226 1653 1744 1730">
     <span class='ocr_line' id='line_1_17' title="bbox 226 1653 1744 1730; baseline -0.011 -8"><span class='ocrx_word' id='word_1_109' title='bbox 226 1667 397 1730; x_wconf 78' lang='lat' dir='ltr'><strong>Vere,</strong></span> <span class='ocrx_word' id='word_1_110' title='bbox 428 1663 673 1726; x_wconf 87' lang='lat' dir='ltr'><strong>Domine,</strong></span> <span class='ocrx_word' id='word_1_111' title='bbox 699 1660 871 1716; x_wconf 88' lang='lat' dir='ltr'><strong>satius</strong></span> <span class='ocrx_word' id='word_1_112' title='bbox 901 1655 1417 1713; x_wconf 89' lang='lat' dir='ltr'><strong>incommutabiliter</strong></span> <span class='ocrx_word' id='word_1_113' title='bbox 1455 1653 1666 1718; x_wconf 90' lang='lat' dir='ltr'><strong>fuisset,</strong></span> <span class='ocrx_word' id='word_1_114' title='bbox 1698 1653 1744 1707; x_wconf 89' lang='lat' dir='ltr'><strong>si</strong></span> 
     </span>
    </p>
   </div>
   <div class='ocr_carea' id='block_1_18' title="bbox 161 1747 1754 1820">
    <p class='ocr_par' dir='ltr' id='par_1_18' title="bbox 161 1747 1754 1820">
     <span class='ocr_line' id='line_1_18' title="bbox 161 1747 1754 1820; baseline -0.01 -6"><span class='ocrx_word' id='word_1_115' title='bbox 161 1757 349 1814; x_wconf 85' lang='lat' dir='ltr'><strong>nullus</strong></span> <span class='ocrx_word' id='word_1_116' title='bbox 379 1754 486 1810; x_wconf 89' lang='lat' dir='ltr'><strong>nisi</strong></span> <span class='ocrx_word' id='word_1_117' title='bbox 518 1761 570 1808; x_wconf 86' lang='lat' dir='ltr'><strong>te</strong></span> <span class='ocrx_word' id='word_1_118' title='bbox 595 1749 840 1807; x_wconf 87' lang='lat' dir='ltr'><strong>mutabili</strong></span> <span class='ocrx_word' id='word_1_119' title='bbox 868 1749 1085 1820; x_wconf 87' lang='lat' dir='ltr'><strong>(nedum</strong></span> <span class='ocrx_word' id='word_1_120' title='bbox 1116 1747 1344 1814; x_wconf 86' lang='lat' dir='ltr'><strong>mutato)</strong></span> <span class='ocrx_word' id='word_1_121' title='bbox 1365 1754 1582 1800; x_wconf 87' lang='lat' dir='ltr'><strong>creatus</strong></span> <span class='ocrx_word' id='word_1_122' title='bbox 1609 1752 1754 1799; x_wconf 83' lang='lat' dir='ltr'><strong>esset</strong></span> 
     </span>
    </p>
   </div>
   <div class='ocr_carea' id='block_1_19' title="bbox 1854 553 3432 624">
    <p class='ocr_par' dir='ltr' id='par_1_19' title="bbox 1854 553 3432 624">
     <span class='ocr_line' id='line_1_19' title="bbox 1854 553 3432 624; baseline -0.001 -14"><span class='ocrx_word' id='word_1_123' title='bbox 1854 566 2032 611; x_wconf 87' lang='lat' dir='ltr'><strong>autem</strong></span> <span class='ocrx_word' id='word_1_124' title='bbox 2066 562 2292 610; x_wconf 90' lang='lat' dir='ltr'><strong>mortem</strong></span> <span class='ocrx_word' id='word_1_125' title='bbox 2323 565 2377 608; x_wconf 89' lang='lat' dir='ltr'><strong>et</strong></span> <span class='ocrx_word' id='word_1_126' title='bbox 2403 553 2670 610; x_wconf 86' lang='lat' dir='ltr'><strong>infernum</strong></span> <span class='ocrx_word' id='word_1_127' title='bbox 2701 555 2750 608; x_wconf 92' lang='lat' dir='ltr'><strong>in</strong></span> <span class='ocrx_word' id='word_1_128' title='bbox 2794 563 3045 623; x_wconf 80' lang='lat' dir='ltr'><strong>stagnum</strong></span> <span class='ocrx_word' id='word_1_129' title='bbox 3089 554 3229 624; x_wconf 88' lang='lat' dir='ltr'><strong>ignis</strong></span> <span class='ocrx_word' id='word_1_130' title='bbox 3280 570 3432 610; x_wconf 87' lang='lat' dir='ltr'><strong>asse-</strong></span> 
     </span>
    </p>
   </div>
   <div class='ocr_carea' id='block_1_20' title="bbox 1854 644 3430 717">
    <p class='ocr_par' dir='ltr' id='par_1_20' title="bbox 1854 644 3430 717">
     <span class='ocr_line' id='line_1_20' title="bbox 1854 644 3430 717; baseline 0.002 -19"><span class='ocrx_word' id='word_1_131' title='bbox 1854 645 1924 700; x_wconf 89' lang='lat' dir='ltr'><strong>rit</strong></span> <span class='ocrx_word' id='word_1_132' title='bbox 1951 660 2068 700; x_wconf 89' lang='lat' dir='ltr'><strong>esse</strong></span> <span class='ocrx_word' id='word_1_133' title='bbox 2097 645 2315 708; x_wconf 88' lang='lat' dir='ltr'><strong>missos,</strong></span> <span class='ocrx_word' id='word_1_134' title='bbox 2347 644 2615 698; x_wconf 88' lang='lat' dir='ltr'><strong>diabolum</strong></span> <span class='ocrx_word' id='word_1_135' title='bbox 2663 645 2794 700; x_wconf 85' lang='lat' dir='ltr'><strong>dicit</strong></span> <span class='ocrx_word' id='word_1_136' title='bbox 2841 652 2897 698; x_wconf 90' lang='lat' dir='ltr'><strong>et</strong></span> <span class='ocrx_word' id='word_1_137' title='bbox 2935 646 3084 717; x_wconf 88' lang='lat' dir='ltr'><strong>suos)</strong></span> <span class='ocrx_word' id='word_1_138' title='bbox 3125 654 3173 698; x_wconf 92' lang='lat' dir='ltr'><strong>et</strong></span> <span class='ocrx_word' id='word_1_139' title='bbox 3206 647 3297 716; x_wconf 86' lang='lat' dir='ltr'><strong>qui</strong></span> <span class='ocrx_word' id='word_1_140' title='bbox 3328 663 3430 701; x_wconf 87' lang='lat' dir='ltr'><strong>non</strong></span> 
     </span>
    </p>
   </div>
   <div class='ocr_carea' id='block_1_21' title="bbox 1851 734 3438 805">
    <p class='ocr_par' dir='ltr' id='par_1_21' title="bbox 1851 734 3438 805">
     <span class='ocr_line' id='line_1_21' title="bbox 1851 734 3438 805; baseline 0.001 -15"><span class='ocrx_word' id='word_1_141' title='bbox 1851 746 1925 790; x_wconf 88' lang='lat' dir='ltr'><strong>est</strong></span> <span class='ocrx_word' id='word_1_142' title='bbox 1953 737 2190 790; x_wconf 86' lang='lat' dir='ltr'><strong>inventus</strong></span> <span class='ocrx_word' id='word_1_143' title='bbox 2211 735 2263 788; x_wconf 89' lang='lat' dir='ltr'><strong>in</strong></span> <span class='ocrx_word' id='word_1_144' title='bbox 2293 734 2424 788; x_wconf 88' lang='lat' dir='ltr'><strong>libro</strong></span> <span class='ocrx_word' id='word_1_145' title='bbox 2456 736 2576 788; x_wconf 70' lang='lat' dir='ltr'><strong>vita:</strong></span> <span class='ocrx_word' id='word_1_146' title='bbox 2604 736 2852 805; x_wconf 85' lang='lat' dir='ltr'><strong>scriptus,</strong></span> <span class='ocrx_word' id='word_1_147' title='bbox 2876 735 3068 790; x_wconf 86' lang='lat' dir='ltr'><strong>missus</strong></span> <span class='ocrx_word' id='word_1_148' title='bbox 3118 745 3194 790; x_wconf 85' lang='lat' dir='ltr'><strong>est</strong></span> <span class='ocrx_word' id='word_1_149' title='bbox 3225 737 3280 790; x_wconf 89' lang='lat' dir='ltr'><strong>in</strong></span> <span class='ocrx_word' id='word_1_150' title='bbox 3332 748 3438 791; x_wconf 85' lang='lat' dir='ltr'><strong>sta-</strong></span> 
     </span>
    </p>
   </div>
   <div class='ocr_carea' id='block_1_22' title="bbox 1851 823 3436 896">
    <p class='ocr_par' dir='ltr' id='par_1_22' title="bbox 1851 823 3436 896">
     <span class='ocr_line' id='line_1_22' title="bbox 1851 823 3436 896; baseline 0.001 -17"><span class='ocrx_word' id='word_1_151' title='bbox 1851 842 2013 896; x_wconf 81' lang='lat' dir='ltr'><strong>gnum</strong></span> <span class='ocrx_word' id='word_1_152' title='bbox 2056 825 2189 894; x_wconf 85' lang='lat' dir='ltr'><strong>ignis</strong></span> <span class='ocrx_word' id='word_1_153' title='bbox 2233 823 2433 895; x_wconf 87' lang='lat' dir='ltr'><strong>(Ibid.,</strong></span> <span class='ocrx_word' id='word_1_154' title='bbox 2495 824 2704 895; x_wconf 71' lang='lat'><strong>15-15).</strong></span> <span class='ocrx_word' id='word_1_155' title='bbox 2752 825 2882 878; x_wconf 90' lang='lat' dir='ltr'><strong>Item</strong></span> <span class='ocrx_word' id='word_1_156' title='bbox 2931 825 3090 895; x_wconf 87' lang='lat' dir='ltr'><strong>paulo</strong></span> <span class='ocrx_word' id='word_1_157' title='bbox 3137 834 3263 880; x_wconf 89' lang='lat' dir='ltr'><strong>ante</strong></span> <span class='ocrx_word' id='word_1_158' title='bbox 3304 844 3316 880; x_wconf 91' lang='lat'><strong>:</strong></span> <span class='ocrx_word' id='word_1_159' title='bbox 3368 827 3436 880; x_wconf 77' lang='lat' dir='ltr'><strong>Et</strong></span> 
     </span>
    </p>
   </div>
   <div class='ocr_carea' id='block_1_23' title="bbox 1851 914 3433 985">
    <p class='ocr_par' dir='ltr' id='par_1_23' title="bbox 1851 914 3433 985">
     <span class='ocr_line' id='line_1_23' title="bbox 1851 914 3433 985; baseline -0.001 -16"><span class='ocrx_word' id='word_1_160' title='bbox 1851 914 2115 978; x_wconf 77' lang='lat' dir='ltr'><strong>diabolus,</strong></span> <span class='ocrx_word' id='word_1_161' title='bbox 2145 915 2234 985; x_wconf 89' lang='lat' dir='ltr'><strong>qui</strong></span> <span class='ocrx_word' id='word_1_162' title='bbox 2275 914 2550 967; x_wconf 85' lang='lat' dir='ltr'><strong>seducebat</strong></span> <span class='ocrx_word' id='word_1_163' title='bbox 2594 931 2701 978; x_wconf 90' lang='lat' dir='ltr'><strong>eos,</strong></span> <span class='ocrx_word' id='word_1_164' title='bbox 2746 914 2935 967; x_wconf 86' lang='lat' dir='ltr'><strong>missus</strong></span> <span class='ocrx_word' id='word_1_165' title='bbox 2990 924 3066 968; x_wconf 89' lang='lat' dir='ltr'><strong>est</strong></span> <span class='ocrx_word' id='word_1_166' title='bbox 3112 915 3166 968; x_wconf 87' lang='lat' dir='ltr'><strong>in</strong></span> <span class='ocrx_word' id='word_1_167' title='bbox 3189 925 3433 983; x_wconf 76' lang='lat' dir='ltr'><strong>stagnum</strong></span> 
     </span>
    </p>
   </div>
   <div class='ocr_carea' id='block_1_24' title="bbox 1851 1003 3440 1075">
    <p class='ocr_par' dir='ltr' id='par_1_24' title="bbox 1851 1003 3440 1075">
     <span class='ocr_line' id='line_1_24' title="bbox 1851 1003 3440 1075; baseline 0 -17"><span class='ocrx_word' id='word_1_168' title='bbox 1851 1007 1986 1075; x_wconf 87' lang='lat' dir='ltr'><strong>ignis</strong></span> <span class='ocrx_word' id='word_1_169' title='bbox 2029 1015 2076 1059; x_wconf 87' lang='lat' dir='ltr'><strong>et</strong></span> <span class='ocrx_word' id='word_1_170' title='bbox 2118 1005 2384 1074; x_wconf 77' lang='lat' dir='ltr'><strong>sulphuris</strong></span> <span class='ocrx_word' id='word_1_171' title='bbox 2425 1003 2612 1074; x_wconf 87' lang='lat' dir='ltr'><strong>(Ibid.,</strong></span> <span class='ocrx_word' id='word_1_172' title='bbox 2665 1005 2743 1074; x_wconf 87' lang='lat'><strong>9).</strong></span> <span class='ocrx_word' id='word_1_173' title='bbox 2777 1005 2907 1059; x_wconf 91' lang='lat' dir='ltr'><strong>Item</strong></span> <span class='ocrx_word' id='word_1_174' title='bbox 2945 1005 3104 1074; x_wconf 91' lang='lat' dir='ltr'><strong>paqu</strong></span> <span class='ocrx_word' id='word_1_175' title='bbox 3150 1015 3272 1075; x_wconf 90' lang='lat' dir='ltr'><strong>post</strong></span> <span class='ocrx_word' id='word_1_176' title='bbox 3310 1024 3321 1060; x_wconf 95' lang='lat'>:</span> <span class='ocrx_word' id='word_1_177' title='bbox 3369 1004 3440 1058; x_wconf 91' lang='lat' dir='ltr'><strong>Et</strong></span> 
     </span>
    </p>
   </div>
   <div class='ocr_carea' id='block_1_25' title="bbox 1852 1096 3440 1168">
    <p class='ocr_par' dir='ltr' id='par_1_25' title="bbox 1852 1096 3440 1168">
     <span class='ocr_line' id='line_1_25' title="bbox 1852 1096 3440 1168; baseline -0.001 -16"><span class='ocrx_word' id='word_1_178' title='bbox 1852 1098 1987 1152; x_wconf 78' lang='lat' dir='ltr'><strong>dixit</strong></span> <span class='ocrx_word' id='word_1_179' title='bbox 2011 1099 2136 1152; x_wconf 88' lang='lat' dir='ltr'><strong>mihi</strong></span> <span class='ocrx_word' id='word_1_180' title='bbox 2170 1114 2188 1152; x_wconf 92' lang='lat'><strong><em>:</em></strong></span> <span class='ocrx_word' id='word_1_181' title='bbox 2231 1096 2410 1152; x_wconf 87' lang='lat' dir='ltr'><strong>Scribe</strong></span> <span class='ocrx_word' id='word_1_182' title='bbox 2442 1100 2566 1168; x_wconf 86' lang='lat' dir='ltr'><strong>quia</strong></span> <span class='ocrx_word' id='word_1_183' title='bbox 2592 1099 2704 1151; x_wconf 73' lang='lat' dir='ltr'><strong>lucc</strong></span> <span class='ocrx_word' id='word_1_184' title='bbox 2733 1098 2883 1152; x_wconf 82' lang='lat' dir='ltr'><strong>verba</strong></span> <span class='ocrx_word' id='word_1_185' title='bbox 2909 1099 3217 1166; x_wconf 87' lang='lat' dir='ltr'><strong>ﬁdelissima</strong></span> <span class='ocrx_word' id='word_1_186' title='bbox 3240 1108 3360 1153; x_wconf 83' lang='lat' dir='ltr'><strong>sunt</strong></span> <span class='ocrx_word' id='word_1_187' title='bbox 3392 1107 3440 1152; x_wconf 88' lang='lat' dir='ltr'><strong>et</strong></span> 
     </span>
    </p>
   </div>
   <div class='ocr_carea' id='block_1_26' title="bbox 1853 1187 3440 1258">
    <p class='ocr_par' dir='ltr' id='par_1_26' title="bbox 1853 1187 3440 1258">
     <span class='ocr_line' id='line_1_26' title="bbox 1853 1187 3440 1258; baseline -0.002 -13"><span class='ocrx_word' id='word_1_188' title='bbox 1853 1207 1994 1246; x_wconf 87' lang='lat' dir='ltr'><strong>vera.</strong></span> <span class='ocrx_word' id='word_1_189' title='bbox 2014 1189 2079 1243; x_wconf 87' lang='lat' dir='ltr'><strong>Et</strong></span> <span class='ocrx_word' id='word_1_190' title='bbox 2095 1189 2225 1242; x_wconf 79' lang='lat' dir='ltr'><strong>dixit</strong></span> <span class='ocrx_word' id='word_1_191' title='bbox 2242 1189 2368 1242; x_wconf 88' lang='lat' dir='ltr'><strong>mihi</strong></span> <span class='ocrx_word' id='word_1_192' title='bbox 2391 1187 2652 1241; x_wconf 86' lang='lat' dir='ltr'><strong>:Factum</strong></span> <span class='ocrx_word' id='word_1_193' title='bbox 2666 1199 2738 1241; x_wconf 87' lang='lat' dir='ltr'><strong>est</strong></span> <span class='ocrx_word' id='word_1_194' title='bbox 2763 1189 2944 1257; x_wconf 82' lang='lat' dir='ltr'><strong>(Apoc.</strong></span> <span class='ocrx_word' id='word_1_195' title='bbox 2963 1205 3077 1252; x_wconf 77' lang='lat' dir='ltr'><strong>xxn,</strong></span> <span class='ocrx_word' id='word_1_196' title='bbox 3105 1187 3158 1252; x_wconf 82' lang='lat'><strong>5,</strong></span> <span class='ocrx_word' id='word_1_197' title='bbox 3174 1188 3250 1258; x_wconf 89' lang='lat'><strong>6).</strong></span> <span class='ocrx_word' id='word_1_198' title='bbox 3277 1188 3356 1242; x_wconf 84' lang='lat' dir='ltr'><strong>Ac</strong></span> <span class='ocrx_word' id='word_1_199' title='bbox 3371 1202 3440 1242; x_wconf 85' lang='lat' dir='ltr'><strong>ne</strong></span> 
     </span>
    </p>
   </div>
   <div class='ocr_carea' id='block_1_27' title="bbox 1853 1281 3442 1354">
    <p class='ocr_par' dir='ltr' id='par_1_27' title="bbox 1853 1281 3442 1354">
     <span class='ocr_line' id='line_1_27' title="bbox 1853 1281 3442 1354; baseline -0.002 -17"><span class='ocrx_word' id='word_1_200' title='bbox 1853 1284 1976 1353; x_wconf 87' lang='lat' dir='ltr'><strong>quis</strong></span> <span class='ocrx_word' id='word_1_201' title='bbox 1990 1282 2126 1338; x_wconf 88' lang='lat' dir='ltr'><strong>forte</strong></span> <span class='ocrx_word' id='word_1_202' title='bbox 2141 1283 2413 1338; x_wconf 83' lang='lat' dir='ltr'><strong>dubitaret</strong></span> <span class='ocrx_word' id='word_1_203' title='bbox 2426 1283 2529 1338; x_wconf 86' lang='lat' dir='ltr'><strong>hoc</strong></span> <span class='ocrx_word' id='word_1_204' title='bbox 2546 1283 2770 1336; x_wconf 84' lang='lat' dir='ltr'><strong>audiens</strong></span> <span class='ocrx_word' id='word_1_205' title='bbox 2787 1299 2814 1335; x_wconf 91' lang='lat' dir='ltr'><strong>a</strong></span> <span class='ocrx_word' id='word_1_206' title='bbox 2830 1281 3310 1352; x_wconf 80' lang='lat' dir='ltr'><strong>Joanne,sequeris</strong></span> <span class='ocrx_word' id='word_1_207' title='bbox 3327 1281 3442 1354; x_wconf 86' lang='lat' dir='ltr'><strong>ipse</strong></span> 
     </span>
    </p>
   </div>
   <div class='ocr_carea' id='block_1_28' title="bbox 1853 1373 3440 1446">
    <p class='ocr_par' dir='ltr' id='par_1_28' title="bbox 1853 1373 3440 1446">
     <span class='ocr_line' id='line_1_28' title="bbox 1853 1373 3440 1446; baseline -0.003 -16"><span class='ocrx_word' id='word_1_208' title='bbox 1853 1376 2131 1438; x_wconf 90' lang='lat' dir='ltr'><strong>continuo,</strong></span> <span class='ocrx_word' id='word_1_209' title='bbox 2155 1383 2208 1430; x_wconf 93' lang='lat' dir='ltr'><strong>et</strong></span> <span class='ocrx_word' id='word_1_210' title='bbox 2224 1375 2360 1430; x_wconf 90' lang='lat' dir='ltr'><strong>dicis</strong></span> <span class='ocrx_word' id='word_1_211' title='bbox 2375 1375 2644 1446; x_wconf 87' lang='lat' dir='ltr'><strong>(Domine,</strong></span> <span class='ocrx_word' id='word_1_212' title='bbox 2659 1373 2784 1428; x_wconf 84' lang='lat' dir='ltr'><strong>Jesu</strong></span> <span class='ocrx_word' id='word_1_213' title='bbox 2800 1373 3034 1438; x_wconf 88' lang='lat' dir='ltr'><strong>Christe)</strong></span> <span class='ocrx_word' id='word_1_214' title='bbox 3056 1393 3067 1428; x_wconf 93' lang='lat'>:</span> <span class='ocrx_word' id='word_1_215' title='bbox 3087 1373 3199 1444; x_wconf 85' lang='lat' dir='ltr'><strong>Ego</strong></span> <span class='ocrx_word' id='word_1_216' title='bbox 3214 1391 3329 1428; x_wconf 88' lang='lat' dir='ltr'><strong>sum</strong></span> <span class='ocrx_word' id='word_1_217' title='bbox 3344 1396 3378 1430; x_wconf 81' lang='grc' dir='ltr'><strong>α</strong></span> <span class='ocrx_word' id='word_1_218' title='bbox 3391 1382 3440 1426; x_wconf 89' lang='lat' dir='ltr'><strong>et</strong></span> 
     </span>
    </p>
   </div>
   <div class='ocr_carea' id='block_1_29' title="bbox 1854 1469 3442 1541">
    <p class='ocr_par' dir='ltr' id='par_1_29' title="bbox 1854 1469 3442 1541">
     <span class='ocr_line' id='line_1_29' title="bbox 1854 1469 3442 1541; baseline -0.004 -15"><span class='ocrx_word' id='word_1_219' title='bbox 1854 1473 2138 1538; x_wconf 72' lang='lat' dir='ltr'><strong>m,initium</strong></span> <span class='ocrx_word' id='word_1_220' title='bbox 2161 1482 2207 1526; x_wconf 91' lang='lat' dir='ltr'><strong>et</strong></span> <span class='ocrx_word' id='word_1_221' title='bbox 2223 1472 2364 1540; x_wconf 87' lang='lat' dir='ltr'><strong>ﬁnis.</strong></span> <span class='ocrx_word' id='word_1_222' title='bbox 2391 1470 2502 1541; x_wconf 87' lang='lat' dir='ltr'><strong>Ego</strong></span> <span class='ocrx_word' id='word_1_223' title='bbox 2527 1471 2722 1524; x_wconf 88' lang='lat' dir='ltr'><strong>sitienti</strong></span> <span class='ocrx_word' id='word_1_224' title='bbox 2749 1470 2882 1522; x_wconf 86' lang='lat' dir='ltr'><strong>dabo</strong></span> <span class='ocrx_word' id='word_1_225' title='bbox 2905 1470 2969 1522; x_wconf 92' lang='lat' dir='ltr'><strong>de</strong></span> <span class='ocrx_word' id='word_1_226' title='bbox 2991 1469 3133 1539; x_wconf 79' lang='lat' dir='ltr'><strong>fonte</strong></span> <span class='ocrx_word' id='word_1_227' title='bbox 3150 1470 3267 1522; x_wconf 70' lang='lat' dir='ltr'><strong>vita:</strong></span> <span class='ocrx_word' id='word_1_228' title='bbox 3290 1484 3442 1538; x_wconf 78' lang='lat' dir='ltr'><strong>aqiue</strong></span> 
     </span>
    </p>
   </div>
   <div class='ocr_carea' id='block_1_30' title="bbox 1854 1557 3440 1632">
    <p class='ocr_par' dir='ltr' id='par_1_30' title="bbox 1854 1557 3440 1632">
     <span class='ocr_line' id='line_1_30' title="bbox 1854 1557 3440 1632; baseline -0.005 -17"><span class='ocrx_word' id='word_1_229' title='bbox 1854 1564 2040 1632; x_wconf 83' lang='lat' dir='ltr'><strong>gratis.</strong></span> <span class='ocrx_word' id='word_1_230' title='bbox 2073 1562 2178 1628; x_wconf 85' lang='lat' dir='ltr'><strong>Qui</strong></span> <span class='ocrx_word' id='word_1_231' title='bbox 2200 1563 2400 1625; x_wconf 81' lang='lat' dir='ltr'><strong>vicerit,</strong></span> <span class='ocrx_word' id='word_1_232' title='bbox 2421 1559 2700 1631; x_wconf 86' lang='lat' dir='ltr'><strong>possidebit</strong></span> <span class='ocrx_word' id='word_1_233' title='bbox 2742 1560 2872 1624; x_wconf 75' lang='lat' dir='ltr'><strong>lucc,</strong></span> <span class='ocrx_word' id='word_1_234' title='bbox 2905 1570 2950 1612; x_wconf 88' lang='lat' dir='ltr'><strong>et</strong></span> <span class='ocrx_word' id='word_1_235' title='bbox 2972 1575 3060 1612; x_wconf 89' lang='lat' dir='ltr'><strong>ero</strong></span> <span class='ocrx_word' id='word_1_236' title='bbox 3086 1558 3164 1611; x_wconf 85' lang='lat' dir='ltr'><strong>illi</strong></span> <span class='ocrx_word' id='word_1_237' title='bbox 3196 1557 3358 1621; x_wconf 88' lang='lat' dir='ltr'><strong>Deus,</strong></span> <span class='ocrx_word' id='word_1_238' title='bbox 3392 1565 3440 1609; x_wconf 89' lang='lat' dir='ltr'><strong>et</strong></span> 
     </span>
    </p>
   </div>
   <div class='ocr_carea' id='block_1_31' title="bbox 1855 1651 3442 1728">
    <p class='ocr_par' dir='ltr' id='par_1_31' title="bbox 1855 1651 3442 1728">
     <span class='ocr_line' id='line_1_31' title="bbox 1855 1651 3442 1728; baseline -0.004 -17"><span class='ocrx_word' id='word_1_239' title='bbox 1855 1659 1963 1728; x_wconf 89' lang='lat' dir='ltr'><strong>ipse</strong></span> <span class='ocrx_word' id='word_1_240' title='bbox 1986 1659 2080 1713; x_wconf 88' lang='lat' dir='ltr'><strong>erit</strong></span> <span class='ocrx_word' id='word_1_241' title='bbox 2115 1658 2244 1710; x_wconf 88' lang='lat' dir='ltr'><strong>mihi</strong></span> <span class='ocrx_word' id='word_1_242' title='bbox 2271 1657 2436 1726; x_wconf 81' lang='lat' dir='ltr'><strong>ﬁlius.</strong></span> <span class='ocrx_word' id='word_1_243' title='bbox 2485 1655 2704 1710; x_wconf 86' lang='lat' dir='ltr'><strong>Timidis</strong></span> <span class='ocrx_word' id='word_1_244' title='bbox 2743 1667 2934 1718; x_wconf 87' lang='lat' dir='ltr'><strong>autem,</strong></span> <span class='ocrx_word' id='word_1_245' title='bbox 2965 1664 3013 1708; x_wconf 92' lang='lat' dir='ltr'><strong>et</strong></span> <span class='ocrx_word' id='word_1_246' title='bbox 3055 1651 3363 1714; x_wconf 84' lang='lat' dir='ltr'><strong>incredulis,</strong></span> <span class='ocrx_word' id='word_1_247' title='bbox 3392 1661 3442 1706; x_wconf 89' lang='lat' dir='ltr'><strong>et</strong></span> 
     </span>
    </p>
   </div>
   <div class='ocr_carea' id='block_1_32' title="bbox 1855 1741 3439 1814">
    <p class='ocr_par' dir='ltr' id='par_1_32' title="bbox 1855 1741 3439 1814">
     <span class='ocr_line' id='line_1_32' title="bbox 1855 1741 3439 1814; baseline -0.004 -13"><span class='ocrx_word' id='word_1_248' title='bbox 1855 1748 2158 1809; x_wconf 78' lang='lat' dir='ltr'><strong>exsecratis,</strong></span> <span class='ocrx_word' id='word_1_249' title='bbox 2190 1756 2237 1800; x_wconf 87' lang='lat' dir='ltr'><strong>et</strong></span> <span class='ocrx_word' id='word_1_250' title='bbox 2273 1745 2544 1799; x_wconf 88' lang='lat' dir='ltr'><strong>homicidis</strong></span> <span class='ocrx_word' id='word_1_251' title='bbox 2571 1755 2617 1798; x_wconf 89' lang='lat' dir='ltr'><strong>et</strong></span> <span class='ocrx_word' id='word_1_252' title='bbox 2655 1744 3084 1814; x_wconf 79' lang='lat' dir='ltr'><strong>fornicatoribus,</strong></span> <span class='ocrx_word' id='word_1_253' title='bbox 3111 1752 3158 1796; x_wconf 88' lang='lat' dir='ltr'><strong>et</strong></span> <span class='ocrx_word' id='word_1_254' title='bbox 3183 1741 3439 1810; x_wconf 81' lang='lat' dir='ltr'><strong>veneﬁcis,</strong></span> 
     </span>
    </p>
   </div>
   <div class='ocr_carea' id='block_1_33' title="bbox 159 1833 3442 1920">
    <p class='ocr_par' dir='ltr' id='par_1_33' title="bbox 159 1833 3442 1920">
     <span class='ocr_line' id='line_1_33' title="bbox 159 1833 3442 1920; baseline -0.005 -19"><span class='ocrx_word' id='word_1_255' title='bbox 159 1851 282 1920; x_wconf 86' lang='lat' dir='ltr'><strong>(nec</strong></span> <span class='ocrx_word' id='word_1_256' title='bbox 309 1847 440 1900; x_wconf 89' lang='lat' dir='ltr'><strong>dico</strong></span> <span class='ocrx_word' id='word_1_257' title='bbox 460 1841 721 1912; x_wconf 84' lang='lat' dir='ltr'><strong>salvatus)</strong></span> <span class='ocrx_word' id='word_1_258' title='bbox 750 1841 1068 1903; x_wconf 87' lang='lat' dir='ltr'><strong>electorum,</strong></span> <span class='ocrx_word' id='word_1_259' title='bbox 1093 1846 1298 1908; x_wconf 88' lang='lat' dir='ltr'><strong>quanto</strong></span> <span class='ocrx_word' id='word_1_260' title='bbox 1325 1837 1498 1908; x_wconf 88' lang='lat' dir='ltr'><strong>magis</strong></span> <span class='ocrx_word' id='word_1_261' title='bbox 1526 1836 1668 1890; x_wconf 89' lang='lat' dir='ltr'><strong>absit</strong></span> <span class='ocrx_word' id='word_1_262' title='bbox 1695 1843 1753 1888; x_wconf 92' lang='lat' dir='ltr'><strong>ut</strong></span> <span class='ocrx_word' id='word_1_263' title='bbox 1787 1841 1830 1901; x_wconf 82' lang='grc' dir='ltr'><strong>Β</strong></span> <span class='ocrx_word' id='word_1_264' title='bbox 1857 1848 1904 1891; x_wconf 86' lang='lat' dir='ltr'><strong>et</strong></span> <span class='ocrx_word' id='word_1_265' title='bbox 1940 1837 2259 1902; x_wconf 87' lang='lat' dir='ltr'><strong>idololatris,</strong></span> <span class='ocrx_word' id='word_1_266' title='bbox 2297 1846 2344 1890; x_wconf 90' lang='lat' dir='ltr'><strong>et</strong></span> <span class='ocrx_word' id='word_1_267' title='bbox 2378 1836 2618 1890; x_wconf 86' lang='lat' dir='ltr'><strong>omnibus</strong></span> <span class='ocrx_word' id='word_1_268' title='bbox 2661 1835 3024 1899; x_wconf 83' lang='lat' dir='ltr'><strong>mendacibus,</strong></span> <span class='ocrx_word' id='word_1_269' title='bbox 3063 1852 3187 1904; x_wconf 89' lang='lat' dir='ltr'><strong>pars</strong></span> <span class='ocrx_word' id='word_1_270' title='bbox 3227 1833 3442 1888; x_wconf 88' lang='lat' dir='ltr'><strong>illorum</strong></span> 
     </span>
    </p>
   </div>
   <div class='ocr_carea' id='block_1_34' title="bbox 159 1927 1752 2005">
    <p class='ocr_par' dir='ltr' id='par_1_34' title="bbox 159 1927 1752 2005">
     <span class='ocr_line' id='line_1_34' title="bbox 159 1927 1752 2005; baseline -0.01 -9"><span class='ocrx_word' id='word_1_271' title='bbox 159 1937 472 1996; x_wconf 89' lang='lat' dir='ltr'><strong>immnteris</strong></span> <span class='ocrx_word' id='word_1_272' title='bbox 505 1944 727 2005; x_wconf 89' lang='lat' dir='ltr'><strong>pr0pter</strong></span> <span class='ocrx_word' id='word_1_273' title='bbox 769 1947 898 1985; x_wconf 87' lang='lat' dir='ltr'><strong>vasa</strong></span> <span class='ocrx_word' id='word_1_274' title='bbox 950 1931 1044 1984; x_wconf 75' lang='lat' dir='ltr'><strong>ira:</strong></span> <span class='ocrx_word' id='word_1_275' title='bbox 1089 1938 1144 1983; x_wconf 90' lang='lat' dir='ltr'><strong>et</strong></span> <span class='ocrx_word' id='word_1_276' title='bbox 1191 1927 1408 1989; x_wconf 87' lang='lat' dir='ltr'><strong>furoris,</strong></span> <span class='ocrx_word' id='word_1_277' title='bbox 1441 1940 1604 1995; x_wconf 88' lang='lat' dir='ltr'><strong>super</strong></span> <span class='ocrx_word' id='word_1_278' title='bbox 1631 1941 1752 1994; x_wconf 76' lang='lat' dir='ltr'><strong>qua:</strong></span> 
     </span>
    </p>
   </div>
   <div class='ocr_carea' id='block_1_35' title="bbox 159 2016 1752 2088">
    <p class='ocr_par' dir='ltr' id='par_1_35' title="bbox 159 2016 1752 2088">
     <span class='ocr_line' id='line_1_35' title="bbox 159 2016 1752 2088; baseline -0.007 -10"><span class='ocrx_word' id='word_1_279' title='bbox 159 2024 340 2078; x_wconf 78' lang='lat' dir='ltr'><strong>vultus</strong></span> <span class='ocrx_word' id='word_1_280' title='bbox 374 2032 499 2078; x_wconf 90' lang='lat' dir='ltr'><strong>tuus</strong></span> <span class='ocrx_word' id='word_1_281' title='bbox 526 2023 594 2076; x_wconf 90' lang='lat' dir='ltr'><strong>ob</strong></span> <span class='ocrx_word' id='word_1_282' title='bbox 625 2021 762 2074; x_wconf 87' lang='lat' dir='ltr'><strong>mala</strong></span> <span class='ocrx_word' id='word_1_283' title='bbox 792 2035 911 2088; x_wconf 76' lang='lat' dir='ltr'><strong>qua:</strong></span> <span class='ocrx_word' id='word_1_284' title='bbox 944 2017 1168 2080; x_wconf 81' lang='lat' dir='ltr'><strong>faciunt,</strong></span> <span class='ocrx_word' id='word_1_285' title='bbox 1208 2027 1262 2069; x_wconf 89' lang='lat' dir='ltr'><strong>ut</strong></span> <span class='ocrx_word' id='word_1_286' title='bbox 1286 2016 1476 2086; x_wconf 83' lang='lat' dir='ltr'><strong>perdas</strong></span> <span class='ocrx_word' id='word_1_287' title='bbox 1515 2016 1579 2068; x_wconf 87' lang='lat' dir='ltr'><strong>de</strong></span> <span class='ocrx_word' id='word_1_288' title='bbox 1610 2025 1752 2067; x_wconf 87' lang='lat' dir='ltr'><strong>terra</strong></span> 
     </span>
    </p>
   </div>
   <div class='ocr_carea' id='block_1_36' title="bbox 157 2102 1752 2182">
    <p class='ocr_par' dir='ltr' id='par_1_36' title="bbox 157 2102 1752 2182">
     <span class='ocr_line' id='line_1_36' title="bbox 157 2102 1752 2182; baseline -0.009 -13"><span class='ocrx_word' id='word_1_289' title='bbox 157 2113 471 2169; x_wconf 72' lang='lat' dir='ltr'><strong>memoriam</strong></span> <span class='ocrx_word' id='word_1_290' title='bbox 500 2127 680 2166; x_wconf 86' lang='lat' dir='ltr'><strong>eorum</strong></span> <span class='ocrx_word' id='word_1_291' title='bbox 703 2107 877 2182; x_wconf 83' lang='lat' dir='ltr'><strong>(Psal.</strong></span> <span class='ocrx_word' id='word_1_292' title='bbox 911 2122 1106 2171; x_wconf 77' lang='lat' dir='ltr'><strong>xxxIII,</strong></span> <span class='ocrx_word' id='word_1_293' title='bbox 1135 2104 1261 2175; x_wconf 77' lang='lat' dir='ltr'><strong>i6)?</strong></span> <span class='ocrx_word' id='word_1_294' title='bbox 1288 2103 1365 2158; x_wconf 91' lang='lat' dir='ltr'><strong>De</strong></span> <span class='ocrx_word' id='word_1_295' title='bbox 1379 2102 1752 2174; x_wconf 86' lang='lat' dir='ltr'><strong>quibusetiam</strong></span> 
     </span>
    </p>
   </div>
   <div class='ocr_carea' id='block_1_37' title="bbox 161 2196 1755 2278">
    <p class='ocr_par' dir='ltr' id='par_1_37' title="bbox 161 2196 1755 2278">
     <span class='ocr_line' id='line_1_37' title="bbox 161 2196 1755 2278; baseline -0.009 -16"><span class='ocrx_word' id='word_1_296' title='bbox 161 2207 319 2278; x_wconf 87' lang='lat' dir='ltr'><strong>longe</strong></span> <span class='ocrx_word' id='word_1_297' title='bbox 343 2205 565 2274; x_wconf 87' lang='lat' dir='ltr'><strong>lateque</strong></span> <span class='ocrx_word' id='word_1_298' title='bbox 585 2203 673 2258; x_wconf 90' lang='lat' dir='ltr'><strong>die</strong></span> <span class='ocrx_word' id='word_1_299' title='bbox 695 2210 966 2271; x_wconf 90' lang='lat' dir='ltr'><strong>noctuque</strong></span> <span class='ocrx_word' id='word_1_300' title='bbox 995 2200 1088 2254; x_wconf 89' lang='lat' dir='ltr'><strong>tibi</strong></span> <span class='ocrx_word' id='word_1_301' title='bbox 1128 2197 1399 2254; x_wconf 79' lang='lat' dir='ltr'><strong>veraciter</strong></span> <span class='ocrx_word' id='word_1_302' title='bbox 1444 2196 1696 2266; x_wconf 87' lang='lat' dir='ltr'><strong>psallitur</strong></span> <span class='ocrx_word' id='word_1_303' title='bbox 1723 2210 1755 2248; x_wconf 87' lang='lat' dir='ltr'><strong>a</strong></span> 
     </span>
    </p>
   </div>
   <div class='ocr_carea' id='block_1_38' title="bbox 161 2288 1758 2359">
    <p class='ocr_par' dir='ltr' id='par_1_38' title="bbox 161 2288 1758 2359">
     <span class='ocr_line' id='line_1_38' title="bbox 161 2288 1758 2359; baseline -0.007 -7"><span class='ocrx_word' id='word_1_304' title='bbox 161 2297 415 2352; x_wconf 81' lang='lat' dir='ltr'><strong>ﬁdelibus</strong></span> <span class='ocrx_word' id='word_1_305' title='bbox 444 2313 458 2349; x_wconf 91' lang='lat'>:</span> <span class='ocrx_word' id='word_1_306' title='bbox 494 2294 572 2349; x_wconf 85' lang='lat' dir='ltr'><strong>Tu</strong></span> <span class='ocrx_word' id='word_1_307' title='bbox 609 2311 748 2357; x_wconf 90' lang='lat' dir='ltr'><strong>vero,</strong></span> <span class='ocrx_word' id='word_1_308' title='bbox 778 2292 940 2355; x_wconf 87' lang='lat' dir='ltr'><strong>Deus,</strong></span> <span class='ocrx_word' id='word_1_309' title='bbox 970 2291 1194 2346; x_wconf 89' lang='lat' dir='ltr'><strong>deduces</strong></span> <span class='ocrx_word' id='word_1_310' title='bbox 1229 2307 1314 2344; x_wconf 88' lang='lat' dir='ltr'><strong>eos</strong></span> <span class='ocrx_word' id='word_1_311' title='bbox 1345 2291 1400 2343; x_wconf 90' lang='lat' dir='ltr'><strong>in</strong></span> <span class='ocrx_word' id='word_1_312' title='bbox 1427 2298 1640 2359; x_wconf 83' lang='lat' dir='ltr'><strong>puteum</strong></span> <span class='ocrx_word' id='word_1_313' title='bbox 1677 2288 1758 2341; x_wconf 89' lang='lat' dir='ltr'><strong>in-</strong></span> 
     </span>
    </p>
   </div>
   <div class='ocr_carea' id='block_1_39' title="bbox 160 2380 1755 2460">
    <p class='ocr_par' dir='ltr' id='par_1_39' title="bbox 160 2380 1755 2460">
     <span class='ocr_line' id='line_1_39' title="bbox 160 2380 1755 2460; baseline -0.006 -16"><span class='ocrx_word' id='word_1_314' title='bbox 160 2392 348 2444; x_wconf 86' lang='lat' dir='ltr'><strong>teritus</strong></span> <span class='ocrx_word' id='word_1_315' title='bbox 400 2387 574 2460; x_wconf 87' lang='lat' dir='ltr'><strong>(Psal.</strong></span> <span class='ocrx_word' id='word_1_316' title='bbox 607 2401 715 2451; x_wconf 77' lang='lat' dir='ltr'><strong>Liv,</strong></span> <span class='ocrx_word' id='word_1_317' title='bbox 743 2385 856 2455; x_wconf 71' lang='grc'><strong>24).</strong></span> <span class='ocrx_word' id='word_1_318' title='bbox 892 2385 967 2439; x_wconf 92' lang='lat' dir='ltr'><strong>De</strong></span> <span class='ocrx_word' id='word_1_319' title='bbox 1019 2384 1216 2453; x_wconf 89' lang='lat' dir='ltr'><strong>quibus</strong></span> <span class='ocrx_word' id='word_1_320' title='bbox 1269 2383 1429 2437; x_wconf 86' lang='lat' dir='ltr'><strong>aitet</strong></span> <span class='ocrx_word' id='word_1_321' title='bbox 1476 2380 1755 2452; x_wconf 89' lang='lat' dir='ltr'><strong>apostolus</strong></span> 
     </span>
    </p>
   </div>
   <div class='ocr_carea' id='block_1_40' title="bbox 162 2473 1758 2547">
    <p class='ocr_par' dir='ltr' id='par_1_40' title="bbox 162 2473 1758 2547">
     <span class='ocr_line' id='line_1_40' title="bbox 162 2473 1758 2547; baseline -0.006 -12"><span class='ocrx_word' id='word_1_322' title='bbox 162 2479 361 2535; x_wconf 83' lang='lat' dir='ltr'><strong>Petrus</strong></span> <span class='ocrx_word' id='word_1_323' title='bbox 394 2498 408 2534; x_wconf 90' lang='lat'><strong>:</strong></span> <span class='ocrx_word' id='word_1_324' title='bbox 448 2477 650 2544; x_wconf 84' lang='lat' dir='ltr'><strong>Quibus</strong></span> <span class='ocrx_word' id='word_1_325' title='bbox 668 2476 934 2547; x_wconf 85' lang='lat' dir='ltr'><strong>judicium</strong></span> <span class='ocrx_word' id='word_1_326' title='bbox 959 2475 1077 2544; x_wconf 86' lang='lat' dir='ltr'><strong>jam</strong></span> <span class='ocrx_word' id='word_1_327' title='bbox 1108 2475 1162 2528; x_wconf 88' lang='lat' dir='ltr'><strong>in</strong></span> <span class='ocrx_word' id='word_1_328' title='bbox 1189 2473 1316 2528; x_wconf 91' lang='lat' dir='ltr'><strong>olim</strong></span> <span class='ocrx_word' id='word_1_329' title='bbox 1352 2490 1456 2527; x_wconf 87' lang='lat' dir='ltr'><strong>non</strong></span> <span class='ocrx_word' id='word_1_330' title='bbox 1489 2482 1676 2537; x_wconf 85' lang='lat' dir='ltr'><strong>cessat,</strong></span> <span class='ocrx_word' id='word_1_331' title='bbox 1707 2481 1758 2526; x_wconf 86' lang='lat' dir='ltr'><strong>et</strong></span> 
     </span>
    </p>
   </div>
   <div class='ocr_carea' id='block_1_41' title="bbox 162 2563 1758 2642">
    <p class='ocr_par' dir='ltr' id='par_1_41' title="bbox 162 2563 1758 2642">
     <span class='ocr_line' id='line_1_41' title="bbox 162 2563 1758 2642; baseline -0.006 -17"><span class='ocrx_word' id='word_1_332' title='bbox 162 2573 390 2642; x_wconf 81' lang='lat' dir='ltr'><strong>perditio</strong></span> <span class='ocrx_word' id='word_1_333' title='bbox 407 2587 589 2625; x_wconf 88' lang='lat' dir='ltr'><strong>eorum</strong></span> <span class='ocrx_word' id='word_1_334' title='bbox 610 2586 714 2623; x_wconf 89' lang='lat' dir='ltr'><strong>non</strong></span> <span class='ocrx_word' id='word_1_335' title='bbox 729 2567 976 2622; x_wconf 85' lang='lat' dir='ltr'><strong>dormitat</strong></span> <span class='ocrx_word' id='word_1_336' title='bbox 1002 2565 1084 2637; x_wconf 85' lang='lat' dir='ltr'><strong>(ll</strong></span> <span class='ocrx_word' id='word_1_337' title='bbox 1113 2565 1259 2620; x_wconf 88' lang='lat' dir='ltr'><strong>Petr.</strong></span> <span class='ocrx_word' id='word_1_338' title='bbox 1285 2581 1345 2630; x_wconf 89' lang='lat' dir='ltr'><strong>II,</strong></span> <span class='ocrx_word' id='word_1_339' title='bbox 1365 2563 1443 2635; x_wconf 77' lang='grc'><strong>5).</strong></span> <span class='ocrx_word' id='word_1_340' title='bbox 1469 2565 1535 2618; x_wconf 87' lang='grc' dir='ltr'>Ει</span> <span class='ocrx_word' id='word_1_341' title='bbox 1556 2563 1758 2617; x_wconf 80' lang='lat' dir='ltr'><strong>Paulus</strong></span> 
     </span>
    </p>
   </div>
   <div class='ocr_carea' id='block_1_42' title="bbox 165 2655 1758 2732">
    <p class='ocr_par' dir='ltr' id='par_1_42' title="bbox 165 2655 1758 2732">
     <span class='ocr_line' id='line_1_42' title="bbox 165 2655 1758 2732; baseline -0.004 -18"><span class='ocrx_word' id='word_1_342' title='bbox 165 2660 350 2728; x_wconf 78' lang='lat' dir='ltr'><strong>(Rom.</strong></span> <span class='ocrx_word' id='word_1_343' title='bbox 400 2677 481 2725; x_wconf 76' lang='lat' dir='ltr'><strong>Ix,</strong></span> <span class='ocrx_word' id='word_1_344' title='bbox 507 2659 599 2732; x_wconf 59' lang='grc' dir='ltr'><strong>Ξῖ)</strong></span> <span class='ocrx_word' id='word_1_345' title='bbox 632 2677 647 2712; x_wconf 86' lang='lat'><strong>:</strong></span> <span class='ocrx_word' id='word_1_346' title='bbox 687 2657 874 2712; x_wconf 87' lang='lat' dir='ltr'><strong>Valens</strong></span> <span class='ocrx_word' id='word_1_347' title='bbox 910 2657 1054 2711; x_wconf 89' lang='lat' dir='ltr'><strong>Deus</strong></span> <span class='ocrx_word' id='word_1_348' title='bbox 1081 2656 1351 2710; x_wconf 83' lang='lat' dir='ltr'><strong>ostendere</strong></span> <span class='ocrx_word' id='word_1_349' title='bbox 1389 2656 1548 2719; x_wconf 88' lang='lat' dir='ltr'><strong>iram,</strong></span> <span class='ocrx_word' id='word_1_350' title='bbox 1576 2664 1627 2708; x_wconf 91' lang='lat' dir='ltr'><strong>et</strong></span> <span class='ocrx_word' id='word_1_351' title='bbox 1666 2655 1758 2707; x_wconf 82' lang='lat' dir='ltr'><strong>de-</strong></span> 
     </span>
    </p>
   </div>
   <div class='ocr_carea' id='block_1_43' title="bbox 163 2747 1759 2822">
    <p class='ocr_par' dir='ltr' id='par_1_43' title="bbox 163 2747 1759 2822">
     <span class='ocr_line' id='line_1_43' title="bbox 163 2747 1759 2822; baseline -0.008 -11"><span class='ocrx_word' id='word_1_352' title='bbox 163 2765 465 2811; x_wconf 82' lang='lat' dir='ltr'><strong>monstrare</strong></span> <span class='ocrx_word' id='word_1_353' title='bbox 485 2755 768 2822; x_wconf 82' lang='lat' dir='ltr'><strong>potentiam</strong></span> <span class='ocrx_word' id='word_1_354' title='bbox 799 2767 970 2811; x_wconf 87' lang='lat' dir='ltr'><strong>suam,</strong></span> <span class='ocrx_word' id='word_1_355' title='bbox 997 2750 1246 2803; x_wconf 85' lang='lat' dir='ltr'><strong>sustinuit</strong></span> <span class='ocrx_word' id='word_1_356' title='bbox 1281 2749 1337 2803; x_wconf 88' lang='lat' dir='ltr'><strong>in</strong></span> <span class='ocrx_word' id='word_1_357' title='bbox 1365 2747 1532 2802; x_wconf 88' lang='lat' dir='ltr'><strong>multa</strong></span> <span class='ocrx_word' id='word_1_358' title='bbox 1554 2748 1759 2816; x_wconf 87' lang='lat' dir='ltr'><strong>patien-</strong></span> 
     </span>
    </p>
   </div>
   <div class='ocr_carea' id='block_1_44' title="bbox 166 2836 1756 2916">
    <p class='ocr_par' dir='ltr' id='par_1_44' title="bbox 166 2836 1756 2916">
     <span class='ocr_line' id='line_1_44' title="bbox 166 2836 1756 2916; baseline -0.007 -15"><span class='ocrx_word' id='word_1_359' title='bbox 166 2849 244 2900; x_wconf 80' lang='lat' dir='ltr'><strong>tia</strong></span> <span class='ocrx_word' id='word_1_360' title='bbox 267 2863 396 2901; x_wconf 78' lang='lat' dir='ltr'><strong>rasa</strong></span> <span class='ocrx_word' id='word_1_361' title='bbox 424 2855 547 2916; x_wconf 88' lang='lat' dir='ltr'><strong>apta</strong></span> <span class='ocrx_word' id='word_1_362' title='bbox 577 2844 659 2899; x_wconf 87' lang='lat' dir='ltr'><strong>vel</strong></span> <span class='ocrx_word' id='word_1_363' title='bbox 688 2852 869 2913; x_wconf 84' lang='lat' dir='ltr'><strong>aptata</strong></span> <span class='ocrx_word' id='word_1_364' title='bbox 897 2843 952 2894; x_wconf 89' lang='lat' dir='ltr'><strong>in</strong></span> <span class='ocrx_word' id='word_1_365' title='bbox 977 2841 1267 2904; x_wconf 88' lang='lat' dir='ltr'><strong>interitum,</strong></span> <span class='ocrx_word' id='word_1_366' title='bbox 1304 2839 1599 2894; x_wconf 86' lang='lat' dir='ltr'><strong>secundum</strong></span> <span class='ocrx_word' id='word_1_367' title='bbox 1631 2836 1756 2891; x_wconf 87' lang='lat' dir='ltr'><strong>Ilie-</strong></span> 
     </span>
    </p>
   </div>
   <div class='ocr_carea' id='block_1_45' title="bbox 168 2930 1758 3009">
    <p class='ocr_par' dir='ltr' id='par_1_45' title="bbox 168 2930 1758 3009">
     <span class='ocr_line' id='line_1_45' title="bbox 168 2930 1758 3009; baseline -0.007 -15"><span class='ocrx_word' id='word_1_368' title='bbox 168 2953 482 3009; x_wconf 85' lang='lat' dir='ltr'><strong>ronymum,</strong></span> <span class='ocrx_word' id='word_1_369' title='bbox 529 2936 615 2991; x_wconf 93' lang='lat' dir='ltr'><strong>vel</strong></span> <span class='ocrx_word' id='word_1_370' title='bbox 657 2945 954 3006; x_wconf 72' lang='lat' dir='ltr'><strong>pneparata</strong></span> <span class='ocrx_word' id='word_1_371' title='bbox 999 2934 1051 2988; x_wconf 93' lang='lat' dir='ltr'><strong>in</strong></span> <span class='ocrx_word' id='word_1_372' title='bbox 1102 2932 1406 2995; x_wconf 90' lang='lat' dir='ltr'><strong>interitum,</strong></span> <span class='ocrx_word' id='word_1_373' title='bbox 1463 2930 1758 2985; x_wconf 89' lang='lat' dir='ltr'><strong>secundum</strong></span> 
     </span>
    </p>
   </div>
   <div class='ocr_carea' id='block_1_46' title="bbox 168 3021 1758 3098">
    <p class='ocr_par' dir='ltr' id='par_1_46' title="bbox 168 3021 1758 3098">
     <span class='ocr_line' id='line_1_46' title="bbox 168 3021 1758 3098; baseline -0.007 -13"><span class='ocrx_word' id='word_1_374' title='bbox 168 3030 543 3094; x_wconf 78' lang='lat' dir='ltr'><strong>Ambrosium,</strong></span> <span class='ocrx_word' id='word_1_375' title='bbox 573 3028 656 3082; x_wconf 87' lang='lat' dir='ltr'><strong>vel</strong></span> <span class='ocrx_word' id='word_1_376' title='bbox 685 3027 925 3098; x_wconf 83' lang='lat' dir='ltr'><strong>perfecta</strong></span> <span class='ocrx_word' id='word_1_377' title='bbox 949 3026 1002 3080; x_wconf 94' lang='lat' dir='ltr'><strong>in</strong></span> <span class='ocrx_word' id='word_1_378' title='bbox 1023 3024 1431 3096; x_wconf 81' lang='lat' dir='ltr'><strong>perfectionem,</strong></span> <span class='ocrx_word' id='word_1_379' title='bbox 1464 3021 1758 3077; x_wconf 87' lang='lat' dir='ltr'><strong>secundum</strong></span> 
     </span>
    </p>
   </div>
   <div class='ocr_carea' id='block_1_47' title="bbox 170 3112 1760 3193">
    <p class='ocr_par' dir='ltr' id='par_1_47' title="bbox 170 3112 1760 3193">
     <span class='ocr_line' id='line_1_47' title="bbox 170 3112 1760 3193; baseline -0.008 -17"><span class='ocrx_word' id='word_1_380' title='bbox 170 3121 560 3193; x_wconf 77' lang='lat' dir='ltr'><strong>Augustinum,</strong></span> <span class='ocrx_word' id='word_1_381' title='bbox 594 3119 648 3174; x_wconf 89' lang='lat' dir='ltr'><strong>id</strong></span> <span class='ocrx_word' id='word_1_382' title='bbox 672 3128 776 3181; x_wconf 89' lang='lat' dir='ltr'><strong>est,</strong></span> <span class='ocrx_word' id='word_1_383' title='bbox 806 3117 924 3171; x_wconf 90' lang='lat' dir='ltr'><strong>sine</strong></span> <span class='ocrx_word' id='word_1_384' title='bbox 963 3116 1126 3171; x_wconf 92' lang='lat' dir='ltr'><strong>dubio</strong></span> <span class='ocrx_word' id='word_1_385' title='bbox 1169 3113 1572 3185; x_wconf 74' lang='lat' dir='ltr'><strong>przedeslinata,</strong></span> <span class='ocrx_word' id='word_1_386' title='bbox 1620 3112 1760 3166; x_wconf 87' lang='lat' dir='ltr'><strong>sicut</strong></span> 
     </span>
    </p>
   </div>
   <div class='ocr_carea' id='block_1_48' title="bbox 1853 1925 3442 1995">
    <p class='ocr_par' dir='ltr' id='par_1_48' title="bbox 1853 1925 3442 1995">
     <span class='ocr_line' id='line_1_48' title="bbox 1853 1925 3442 1995; baseline -0.003 -15"><span class='ocrx_word' id='word_1_387' title='bbox 1853 1927 1950 1980; x_wconf 88' lang='lat' dir='ltr'><strong>erit</strong></span> <span class='ocrx_word' id='word_1_388' title='bbox 1977 1928 2030 1979; x_wconf 89' lang='lat' dir='ltr'><strong>in</strong></span> <span class='ocrx_word' id='word_1_389' title='bbox 2061 1936 2246 1995; x_wconf 78' lang='lat' dir='ltr'><strong>stagno</strong></span> <span class='ocrx_word' id='word_1_390' title='bbox 2276 1926 2494 1979; x_wconf 84' lang='lat' dir='ltr'><strong>ardente</strong></span> <span class='ocrx_word' id='word_1_391' title='bbox 2516 1925 2625 1995; x_wconf 88' lang='lat' dir='ltr'><strong>igni</strong></span> <span class='ocrx_word' id='word_1_392' title='bbox 2645 1935 2694 1979; x_wconf 88' lang='lat' dir='ltr'><strong>et</strong></span> <span class='ocrx_word' id='word_1_393' title='bbox 2724 1925 3015 1994; x_wconf 84' lang='lat' dir='ltr'><strong>sulphure;</strong></span> <span class='ocrx_word' id='word_1_394' title='bbox 3040 1925 3181 1995; x_wconf 89' lang='lat' dir='ltr'><strong>quod</strong></span> <span class='ocrx_word' id='word_1_395' title='bbox 3203 1934 3278 1979; x_wconf 89' lang='lat' dir='ltr'><strong>est</strong></span> <span class='ocrx_word' id='word_1_396' title='bbox 3301 1939 3442 1979; x_wconf 89' lang='lat' dir='ltr'><strong>mors</strong></span> 
     </span>
    </p>
   </div>
   <div class='ocr_carea' id='block_1_49' title="bbox 1855 2000 3444 2086">
    <p class='ocr_par' dir='ltr' id='par_1_49' title="bbox 1855 2000 3444 2086">
     <span class='ocr_line' id='line_1_49' title="bbox 1855 2000 3444 2086; baseline -0.003 -16"><span class='ocrx_word' id='word_1_397' title='bbox 1855 2017 2083 2070; x_wconf 85' lang='lat' dir='ltr'><strong>secunda</strong></span> <span class='ocrx_word' id='word_1_398' title='bbox 2112 2015 2298 2086; x_wconf 87' lang='lat' dir='ltr'><strong>(Ibid.,</strong></span> <span class='ocrx_word' id='word_1_399' title='bbox 2345 2015 2480 2085; x_wconf 82' lang='lat'><strong>6-8).</strong></span> <span class='ocrx_word' id='word_1_400' title='bbox 2521 2015 2770 2069; x_wconf 82' lang='lat' dir='ltr'><strong>Timeant</strong></span> <span class='ocrx_word' id='word_1_401' title='bbox 2797 2000 2992 2084; x_wconf 85' lang='lat' dir='ltr'><strong>igitur,</strong></span> <span class='ocrx_word' id='word_1_402' title='bbox 3019 2025 3073 2069; x_wconf 82' lang='lat' dir='ltr'><strong>et</strong></span> <span class='ocrx_word' id='word_1_403' title='bbox 3106 2023 3336 2070; x_wconf 88' lang='lat' dir='ltr'><strong>caveant</strong></span> <span class='ocrx_word' id='word_1_404' title='bbox 3364 2014 3444 2066; x_wconf 83' lang='lat' dir='ltr'><strong>in-</strong></span> 
     </span>
    </p>
   </div>
   <div class='ocr_carea' id='block_1_50' title="bbox 1856 2103 3441 2174">
    <p class='ocr_par' dir='ltr' id='par_1_50' title="bbox 1856 2103 3441 2174">
     <span class='ocr_line' id='line_1_50' title="bbox 1856 2103 3441 2174; baseline -0.004 -12"><span class='ocrx_word' id='word_1_405' title='bbox 1856 2106 2060 2162; x_wconf 87' lang='lat' dir='ltr'><strong>creduli</strong></span> <span class='ocrx_word' id='word_1_406' title='bbox 2092 2105 2252 2160; x_wconf 91' lang='lat' dir='ltr'><strong>simul</strong></span> <span class='ocrx_word' id='word_1_407' title='bbox 2281 2114 2443 2174; x_wconf 85' lang='lat' dir='ltr'><strong>atque</strong></span> <span class='ocrx_word' id='word_1_408' title='bbox 2465 2105 2755 2159; x_wconf 85' lang='lat' dir='ltr'><strong>mendaces</strong></span> <span class='ocrx_word' id='word_1_409' title='bbox 2779 2121 2844 2159; x_wconf 88' lang='lat' dir='ltr'><strong>ne</strong></span> <span class='ocrx_word' id='word_1_410' title='bbox 2867 2120 2994 2173; x_wconf 88' lang='lat' dir='ltr'><strong>pars</strong></span> <span class='ocrx_word' id='word_1_411' title='bbox 3017 2119 3204 2158; x_wconf 90' lang='lat' dir='ltr'><strong>eorum</strong></span> <span class='ocrx_word' id='word_1_412' title='bbox 3228 2103 3299 2157; x_wconf 90' lang='lat' dir='ltr'><strong>sit</strong></span> <span class='ocrx_word' id='word_1_413' title='bbox 3320 2119 3441 2157; x_wconf 88' lang='lat' dir='ltr'><strong>cum</strong></span> 
     </span>
    </p>
   </div>
   <div class='ocr_carea' id='block_1_51' title="bbox 1857 2194 3445 2268">
    <p class='ocr_par' dir='ltr' id='par_1_51' title="bbox 1857 2194 3445 2268">
     <span class='ocr_line' id='line_1_51' title="bbox 1857 2194 3445 2268; baseline -0.004 -14"><span class='ocrx_word' id='word_1_414' title='bbox 1857 2198 2182 2268; x_wconf 85' lang='lat' dir='ltr'><strong>supradictis</strong></span> <span class='ocrx_word' id='word_1_415' title='bbox 2209 2196 2585 2265; x_wconf 87' lang='lat' dir='ltr'><strong>complicibus,</strong></span> <span class='ocrx_word' id='word_1_416' title='bbox 2613 2196 2656 2249; x_wconf 90' lang='lat' dir='ltr'><strong>si</strong></span> <span class='ocrx_word' id='word_1_417' title='bbox 2686 2206 2795 2250; x_wconf 82' lang='lat' dir='ltr'><strong>tam</strong></span> <span class='ocrx_word' id='word_1_418' title='bbox 2821 2196 3118 2265; x_wconf 70' lang='lat' dir='ltr'><strong>perspicua:</strong></span> <span class='ocrx_word' id='word_1_419' title='bbox 3143 2194 3445 2250; x_wconf 87' lang='lat' dir='ltr'><strong>resistendo</strong></span> 
     </span>
    </p>
   </div>
   <div class='ocr_carea' id='block_1_52' title="bbox 1856 2280 2924 2358">
    <p class='ocr_par' dir='ltr' id='par_1_52' title="bbox 1856 2280 2924 2358">
     <span class='ocr_line' id='line_1_52' title="bbox 1856 2280 2924 2358; baseline -0.004 -15"><span class='ocrx_word' id='word_1_420' title='bbox 1856 2290 2072 2346; x_wconf 83' lang='lat' dir='ltr'><strong>veritati</strong></span> <span class='ocrx_word' id='word_1_421' title='bbox 2101 2280 2218 2342; x_wconf 82' lang='lat' dir='ltr'><strong>fore</strong></span> <span class='ocrx_word' id='word_1_422' title='bbox 2249 2288 2565 2358; x_wconf 83' lang='lat' dir='ltr'><strong>delegerunt</strong></span> <span class='ocrx_word' id='word_1_423' title='bbox 2595 2287 2924 2356; x_wconf 86' lang='lat' dir='ltr'><strong>pertinaces.</strong></span> 
     </span>
    </p>
   </div>
   <div class='ocr_carea' id='block_1_53' title="bbox 1926 2377 3444 2440">
    <p class='ocr_par' dir='ltr' id='par_1_53' title="bbox 1926 2377 3444 2440">
     <span class='ocr_line' id='line_1_53' title="bbox 1926 2377 3444 2440; baseline -0.003 -7"><span class='ocrx_word' id='word_1_424' title='bbox 1926 2379 2060 2434; x_wconf 90' lang='lat' dir='ltr'><strong>Item</strong></span> <span class='ocrx_word' id='word_1_425' title='bbox 2093 2396 2106 2432; x_wconf 89' lang='lat'><strong>:</strong></span> <span class='ocrx_word' id='word_1_426' title='bbox 2134 2377 2270 2432; x_wconf 81' lang='lat' dir='ltr'><strong>Ecce</strong></span> <span class='ocrx_word' id='word_1_427' title='bbox 2297 2377 2440 2431; x_wconf 89' lang='lat' dir='ltr'><strong>venio</strong></span> <span class='ocrx_word' id='word_1_428' title='bbox 2471 2379 2572 2430; x_wconf 91' lang='lat' dir='ltr'><strong>cito</strong></span> <span class='ocrx_word' id='word_1_429' title='bbox 2614 2387 2660 2430; x_wconf 87' lang='lat' dir='ltr'><strong>et</strong></span> <span class='ocrx_word' id='word_1_430' title='bbox 2699 2393 2892 2431; x_wconf 85' lang='lat' dir='ltr'><strong>merces</strong></span> <span class='ocrx_word' id='word_1_431' title='bbox 2935 2393 3050 2431; x_wconf 88' lang='lat' dir='ltr'><strong>mea</strong></span> <span class='ocrx_word' id='word_1_432' title='bbox 3089 2393 3295 2430; x_wconf 87' lang='lat' dir='ltr'><strong>mecum</strong></span> <span class='ocrx_word' id='word_1_433' title='bbox 3343 2385 3444 2440; x_wconf 90' lang='lat' dir='ltr'><strong>est,</strong></span> 
     </span>
    </p>
   </div>
   <div class='ocr_carea' id='block_1_54' title="bbox 1858 2469 3444 2540">
    <p class='ocr_par' dir='ltr' id='par_1_54' title="bbox 1858 2469 3444 2540">
     <span class='ocr_line' id='line_1_54' title="bbox 1858 2469 3444 2540; baseline -0.002 -15"><span class='ocrx_word' id='word_1_434' title='bbox 1858 2471 2074 2526; x_wconf 87' lang='lat' dir='ltr'><strong>reddere</strong></span> <span class='ocrx_word' id='word_1_435' title='bbox 2117 2470 2397 2540; x_wconf 84' lang='lat' dir='ltr'><strong>unicuique</strong></span> <span class='ocrx_word' id='word_1_436' title='bbox 2439 2469 2725 2523; x_wconf 86' lang='lat' dir='ltr'><strong>secundum</strong></span> <span class='ocrx_word' id='word_1_437' title='bbox 2766 2486 2920 2538; x_wconf 88' lang='lat' dir='ltr'><strong>opera</strong></span> <span class='ocrx_word' id='word_1_438' title='bbox 2949 2487 3046 2524; x_wconf 88' lang='lat' dir='ltr'><strong>sua</strong></span> <span class='ocrx_word' id='word_1_439' title='bbox 3075 2469 3259 2539; x_wconf 78' lang='lat' dir='ltr'><strong>(Apoc.</strong></span> <span class='ocrx_word' id='word_1_440' title='bbox 3307 2483 3444 2531; x_wconf 73' lang='lat' dir='ltr'><strong>ult,</strong></span> 
     </span>
    </p>
   </div>
   <div class='ocr_carea' id='block_1_55' title="bbox 1859 2558 3444 2633">
    <p class='ocr_par' dir='ltr' id='par_1_55' title="bbox 1859 2558 3444 2633">
     <span class='ocr_line' id='line_1_55' title="bbox 1859 2558 3444 2633; baseline -0.004 -16"><span class='ocrx_word' id='word_1_441' title='bbox 1859 2562 1972 2633; x_wconf 73' lang='lat' dir='ltr'><strong>I2).</strong></span> <span class='ocrx_word' id='word_1_442' title='bbox 2017 2575 2044 2604; x_wconf 76' lang='grc' dir='ltr'><strong>ι</strong></span> <span class='ocrx_word' id='word_1_443' title='bbox 2067 2561 2181 2616; x_wconf 86' lang='lat' dir='ltr'><strong>Nisi</strong></span> <span class='ocrx_word' id='word_1_444' title='bbox 2220 2562 2274 2616; x_wconf 90' lang='lat' dir='ltr'><strong>in</strong></span> <span class='ocrx_word' id='word_1_445' title='bbox 2302 2559 2775 2630; x_wconf 63' lang='lat' dir='ltr'><strong>praedestinatione</strong></span> <span class='ocrx_word' id='word_1_446' title='bbox 2803 2576 2966 2629; x_wconf 86' lang='lat' dir='ltr'><strong>quam</strong></span> <span class='ocrx_word' id='word_1_447' title='bbox 3003 2558 3338 2628; x_wconf 88' lang='lat' dir='ltr'><strong>disposuisti,</strong></span> <span class='ocrx_word' id='word_1_448' title='bbox 3362 2559 3444 2612; x_wconf 86' lang='lat' dir='ltr'><strong>in-</strong></span> 
     </span>
    </p>
   </div>
   <div class='ocr_carea' id='block_1_56' title="bbox 1858 2649 3450 2718">
    <p class='ocr_par' dir='ltr' id='par_1_56' title="bbox 1858 2649 3450 2718">
     <span class='ocr_line' id='line_1_56' title="bbox 1858 2649 3450 2718; baseline -0.006 -7"><span class='ocrx_word' id='word_1_449' title='bbox 1858 2653 2335 2716; x_wconf 82' lang='lat' dir='ltr'><strong>commutabiliter,</strong></span> <span class='ocrx_word' id='word_1_450' title='bbox 2393 2650 2779 2706; x_wconf 86' lang='lat' dir='ltr'><strong>irretractabili</strong></span> <span class='ocrx_word' id='word_1_451' title='bbox 2821 2649 3296 2718; x_wconf 64' lang='lat' dir='ltr'><strong>praeordinatione.</strong></span> <span class='ocrx_word' id='word_1_452' title='bbox 3350 2649 3450 2702; x_wconf 80' lang='lat' dir='ltr'><strong>Se-</strong></span> 
     </span>
    </p>
   </div>
   <div class='ocr_carea' id='block_1_57' title="bbox 1859 2741 3452 2816">
    <p class='ocr_par' dir='ltr' id='par_1_57' title="bbox 1859 2741 3452 2816">
     <span class='ocr_line' id='line_1_57' title="bbox 1859 2741 3452 2816; baseline -0.004 -18"><span class='ocrx_word' id='word_1_453' title='bbox 1859 2746 2043 2816; x_wconf 88' lang='lat' dir='ltr'><strong>queris</strong></span> <span class='ocrx_word' id='word_1_454' title='bbox 2073 2745 2236 2815; x_wconf 82' lang='lat' dir='ltr'><strong>igitur</strong></span> <span class='ocrx_word' id='word_1_455' title='bbox 2264 2752 2319 2797; x_wconf 90' lang='lat' dir='ltr'><strong>et</strong></span> <span class='ocrx_word' id='word_1_456' title='bbox 2341 2743 2478 2797; x_wconf 89' lang='lat' dir='ltr'><strong>dicis</strong></span> <span class='ocrx_word' id='word_1_457' title='bbox 2508 2760 2520 2794; x_wconf 91' lang='lat'>:</span> <span class='ocrx_word' id='word_1_458' title='bbox 2559 2741 2670 2810; x_wconf 83' lang='lat' dir='ltr'><strong>Ego</strong></span> <span class='ocrx_word' id='word_1_459' title='bbox 2692 2757 2806 2793; x_wconf 88' lang='lat' dir='ltr'><strong>sum</strong></span> <span class='ocrx_word' id='word_1_460' title='bbox 2836 2763 2870 2795; x_wconf 84' lang='grc' dir='ltr'>α</span> <span class='ocrx_word' id='word_1_461' title='bbox 2894 2751 2941 2794; x_wconf 92' lang='lat' dir='ltr'><strong>et</strong></span> <span class='ocrx_word' id='word_1_462' title='bbox 2974 2765 3034 2802; x_wconf 91' lang='grc' dir='ltr'>ω,</span> <span class='ocrx_word' id='word_1_463' title='bbox 3058 2741 3259 2809; x_wconf 87' lang='lat' dir='ltr'><strong>primus</strong></span> <span class='ocrx_word' id='word_1_464' title='bbox 3283 2748 3331 2794; x_wconf 89' lang='lat' dir='ltr'><strong>et</strong></span> <span class='ocrx_word' id='word_1_465' title='bbox 3357 2756 3452 2792; x_wconf 86' lang='lat' dir='ltr'><strong>no-</strong></span> 
     </span>
    </p>
   </div>
   <div class='ocr_carea' id='block_1_58' title="bbox 1860 2829 3450 2904">
    <p class='ocr_par' dir='ltr' id='par_1_58' title="bbox 1860 2829 3450 2904">
     <span class='ocr_line' id='line_1_58' title="bbox 1860 2829 3450 2904; baseline -0.005 -13"><span class='ocrx_word' id='word_1_466' title='bbox 1860 2837 2124 2900; x_wconf 85' lang='lat' dir='ltr'><strong>vissimus,</strong></span> <span class='ocrx_word' id='word_1_467' title='bbox 2156 2834 2471 2904; x_wconf 82' lang='lat' dir='ltr'><strong>principium</strong></span> <span class='ocrx_word' id='word_1_468' title='bbox 2499 2841 2548 2887; x_wconf 87' lang='lat' dir='ltr'><strong>et</strong></span> <span class='ocrx_word' id='word_1_469' title='bbox 2573 2832 2715 2899; x_wconf 86' lang='lat' dir='ltr'><strong>ﬁnis.</strong></span> <span class='ocrx_word' id='word_1_470' title='bbox 2764 2829 2916 2884; x_wconf 85' lang='lat' dir='ltr'><strong>Beati</strong></span> <span class='ocrx_word' id='word_1_471' title='bbox 2957 2831 3043 2901; x_wconf 89' lang='lat' dir='ltr'><strong>qui</strong></span> <span class='ocrx_word' id='word_1_472' title='bbox 3080 2830 3254 2884; x_wconf 84' lang='lat' dir='ltr'><strong>lavant</strong></span> <span class='ocrx_word' id='word_1_473' title='bbox 3285 2829 3450 2883; x_wconf 85' lang='lat' dir='ltr'><strong>stolas</strong></span> 
     </span>
    </p>
   </div>
   <div class='ocr_carea' id='block_1_59' title="bbox 1861 2923 3452 2996">
    <p class='ocr_par' dir='ltr' id='par_1_59' title="bbox 1861 2923 3452 2996">
     <span class='ocr_line' id='line_1_59' title="bbox 1861 2923 3452 2996; baseline -0.004 -15"><span class='ocrx_word' id='word_1_474' title='bbox 1861 2943 2006 2991; x_wconf 86' lang='lat' dir='ltr'><strong>suas,</strong></span> <span class='ocrx_word' id='word_1_475' title='bbox 2037 2935 2094 2980; x_wconf 89' lang='lat' dir='ltr'><strong>ut</strong></span> <span class='ocrx_word' id='word_1_476' title='bbox 2115 2927 2181 2980; x_wconf 89' lang='lat' dir='ltr'><strong>sit</strong></span> <span class='ocrx_word' id='word_1_477' title='bbox 2203 2935 2428 2996; x_wconf 85' lang='lat' dir='ltr'><strong>potestas</strong></span> <span class='ocrx_word' id='word_1_478' title='bbox 2457 2940 2636 2978; x_wconf 88' lang='lat' dir='ltr'><strong>eorum</strong></span> <span class='ocrx_word' id='word_1_479' title='bbox 2672 2925 2726 2976; x_wconf 90' lang='lat' dir='ltr'><strong>in</strong></span> <span class='ocrx_word' id='word_1_480' title='bbox 2759 2923 2900 2992; x_wconf 87' lang='lat' dir='ltr'><strong>ligno</strong></span> <span class='ocrx_word' id='word_1_481' title='bbox 2925 2925 3062 2985; x_wconf 76' lang='lat' dir='ltr'><strong>vitte,</strong></span> <span class='ocrx_word' id='word_1_482' title='bbox 3088 2932 3134 2976; x_wconf 88' lang='lat' dir='ltr'><strong>et</strong></span> <span class='ocrx_word' id='word_1_483' title='bbox 3163 2939 3255 2992; x_wconf 88' lang='lat' dir='ltr'><strong>per</strong></span> <span class='ocrx_word' id='word_1_484' title='bbox 3273 2931 3452 2992; x_wconf 85' lang='lat' dir='ltr'><strong>portas</strong></span> 
     </span>
    </p>
   </div>
   <div class='ocr_carea' id='block_1_60' title="bbox 1860 3012 3453 3082">
    <p class='ocr_par' dir='ltr' id='par_1_60' title="bbox 1860 3012 3453 3082">
     <span class='ocr_line' id='line_1_60' title="bbox 1860 3012 3453 3082; baseline -0.007 -9"><span class='ocrx_word' id='word_1_485' title='bbox 1860 3021 2052 3075; x_wconf 87' lang='lat' dir='ltr'><strong>intrent</strong></span> <span class='ocrx_word' id='word_1_486' title='bbox 2079 3019 2136 3072; x_wconf 89' lang='lat' dir='ltr'><strong>in</strong></span> <span class='ocrx_word' id='word_1_487' title='bbox 2165 3019 2444 3072; x_wconf 86' lang='lat' dir='ltr'><strong>civitatem.</strong></span> <span class='ocrx_word' id='word_1_488' title='bbox 2471 3014 2631 3070; x_wconf 85' lang='lat' dir='ltr'><strong>Foris</strong></span> <span class='ocrx_word' id='word_1_489' title='bbox 2672 3032 2849 3079; x_wconf 83' lang='lat' dir='ltr'><strong>canes,</strong></span> <span class='ocrx_word' id='word_1_490' title='bbox 2872 3024 2918 3068; x_wconf 90' lang='lat' dir='ltr'><strong>et</strong></span> <span class='ocrx_word' id='word_1_491' title='bbox 2943 3013 3176 3082; x_wconf 78' lang='lat' dir='ltr'><strong>veneﬁci,</strong></span> <span class='ocrx_word' id='word_1_492' title='bbox 3202 3022 3248 3064; x_wconf 87' lang='lat' dir='ltr'><strong>et</strong></span> <span class='ocrx_word' id='word_1_493' title='bbox 3285 3012 3453 3080; x_wconf 86' lang='lat' dir='ltr'><strong>impu-</strong></span> 
     </span>
    </p>
   </div>
   <div class='ocr_carea' id='block_1_61' title="bbox 1862 3101 3460 3174">
    <p class='ocr_par' dir='ltr' id='par_1_61' title="bbox 1862 3101 3460 3174">
     <span class='ocr_line' id='line_1_61' title="bbox 1862 3101 3460 3174; baseline -0.006 -11"><span class='ocrx_word' id='word_1_494' title='bbox 1862 3109 1989 3174; x_wconf 87' lang='lat' dir='ltr'><strong>dici,</strong></span> <span class='ocrx_word' id='word_1_495' title='bbox 2035 3119 2083 3164; x_wconf 89' lang='lat' dir='ltr'><strong>et</strong></span> <span class='ocrx_word' id='word_1_496' title='bbox 2121 3109 2416 3171; x_wconf 66' lang='lat' dir='ltr'><strong>homicidae,</strong></span> <span class='ocrx_word' id='word_1_497' title='bbox 2459 3118 2505 3160; x_wconf 89' lang='lat' dir='ltr'><strong>et</strong></span> <span class='ocrx_word' id='word_1_498' title='bbox 2546 3106 2700 3160; x_wconf 90' lang='lat' dir='ltr'><strong>idolis</strong></span> <span class='ocrx_word' id='word_1_499' title='bbox 2741 3106 3039 3167; x_wconf 87' lang='lat' dir='ltr'><strong>servientes,</strong></span> <span class='ocrx_word' id='word_1_500' title='bbox 3070 3112 3118 3157; x_wconf 89' lang='lat' dir='ltr'><strong>et</strong></span> <span class='ocrx_word' id='word_1_501' title='bbox 3159 3103 3326 3156; x_wconf 85' lang='lat' dir='ltr'><strong>omnis</strong></span> <span class='ocrx_word' id='word_1_502' title='bbox 3363 3101 3460 3171; x_wconf 77' lang='lat' dir='ltr'><strong>qui</strong></span> 
     </span>
    </p>
   </div>
   <div class='ocr_carea' id='block_1_62' title="bbox 173 3189 3463 3284">
    <p class='ocr_par' dir='ltr' id='par_1_62' title="bbox 173 3189 3463 3284">
     <span class='ocr_line' id='line_1_62' title="bbox 173 3189 3463 3284; baseline -0.006 -16"><span class='ocrx_word' id='word_1_503' title='bbox 173 3214 242 3268; x_wconf 84' lang='lat' dir='ltr'><strong>ab</strong></span> <span class='ocrx_word' id='word_1_504' title='bbox 260 3189 392 3284; x_wconf 78' lang='lat' dir='ltr'><strong>ipso</strong></span> <span class='ocrx_word' id='word_1_505' title='bbox 416 3211 720 3282; x_wconf 78' lang='lat' dir='ltr'><strong>Augustino</strong></span> <span class='ocrx_word' id='word_1_506' title='bbox 743 3224 866 3264; x_wconf 88' lang='lat' dir='ltr'><strong>esse</strong></span> <span class='ocrx_word' id='word_1_507' title='bbox 893 3214 1105 3261; x_wconf 88' lang='lat' dir='ltr'><strong>constat</strong></span> <span class='ocrx_word' id='word_1_508' title='bbox 1128 3205 1452 3276; x_wconf 80' lang='lat' dir='ltr'><strong>expositum.</strong></span> <span class='ocrx_word' id='word_1_509' title='bbox 1479 3203 1607 3258; x_wconf 91' lang='lat' dir='ltr'><strong>IteIn</strong></span> <span class='ocrx_word' id='word_1_510' title='bbox 1626 3218 1762 3272; x_wconf 69' lang='lat' dir='ltr'><strong>praa-</strong></span> <span class='ocrx_word' id='word_1_511' title='bbox 1790 3189 1834 3252; x_wconf 88' lang='lat' dir='ltr'>C</span> <span class='ocrx_word' id='word_1_512' title='bbox 1867 3211 2010 3258; x_wconf 88' lang='lat' dir='ltr'><strong>amat</strong></span> <span class='ocrx_word' id='word_1_513' title='bbox 2052 3212 2102 3256; x_wconf 90' lang='lat' dir='ltr'><strong>et</strong></span> <span class='ocrx_word' id='word_1_514' title='bbox 2149 3201 2276 3272; x_wconf 81' lang='lat' dir='ltr'><strong>facit</strong></span> <span class='ocrx_word' id='word_1_515' title='bbox 2328 3200 2660 3254; x_wconf 88' lang='lat' dir='ltr'><strong>mendacium</strong></span> <span class='ocrx_word' id='word_1_516' title='bbox 2713 3197 2900 3267; x_wconf 89' lang='lat' dir='ltr'><strong>(Ibid.,</strong></span> <span class='ocrx_word' id='word_1_517' title='bbox 2962 3194 3168 3264; x_wconf 70' lang='lat'><strong>15-15).</strong></span> <span class='ocrx_word' id='word_1_518' title='bbox 3220 3193 3463 3250; x_wconf 76' lang='lat' dir='ltr'><strong>Audiant</strong></span> 
     </span>
    </p>
   </div>
   <div class='ocr_carea' id='block_1_63' title="bbox 174 3298 1762 3367">
    <p class='ocr_par' dir='ltr' id='par_1_63' title="bbox 174 3298 1762 3367">
     <span class='ocr_line' id='line_1_63' title="bbox 174 3298 1762 3367; baseline -0.011 -6"><span class='ocrx_word' id='word_1_519' title='bbox 174 3305 386 3361; x_wconf 69' lang='lat' dir='ltr'><strong>dicatos</strong></span> <span class='ocrx_word' id='word_1_520' title='bbox 416 3304 561 3358; x_wconf 88' lang='lat' dir='ltr'><strong>idem</strong></span> <span class='ocrx_word' id='word_1_521' title='bbox 611 3319 624 3355; x_wconf 88' lang='lat'><strong>:</strong></span> <span class='ocrx_word' id='word_1_522' title='bbox 661 3298 727 3353; x_wconf 89' lang='lat' dir='ltr'><strong>Ut</strong></span> <span class='ocrx_word' id='word_1_523' title='bbox 769 3300 1059 3367; x_wconf 86' lang='lat' dir='ltr'><strong>compleant</strong></span> <span class='ocrx_word' id='word_1_524' title='bbox 1105 3305 1317 3366; x_wconf 87' lang='lat' dir='ltr'><strong>peccata</strong></span> <span class='ocrx_word' id='word_1_525' title='bbox 1365 3311 1462 3348; x_wconf 89' lang='lat' dir='ltr'><strong>sua</strong></span> <span class='ocrx_word' id='word_1_526' title='bbox 1508 3309 1708 3362; x_wconf 87' lang='lat' dir='ltr'><strong>semper</strong></span> <span class='ocrx_word' id='word_1_527' title='bbox 1742 3305 1762 3343; x_wconf 90' lang='lat'><strong><em>:</em></strong></span> 
     </span>
    </p>
   </div>
   <div class='ocr_carea' id='block_1_64' title="bbox 175 3384 1765 3466">
    <p class='ocr_par' dir='ltr' id='par_1_64' title="bbox 175 3384 1765 3466">
     <span class='ocr_line' id='line_1_64' title="bbox 175 3384 1765 3466; baseline -0.009 -15"><span class='ocrx_word' id='word_1_528' title='bbox 175 3396 406 3466; x_wconf 74' lang='lat' dir='ltr'><strong>pervenit</strong></span> <span class='ocrx_word' id='word_1_529' title='bbox 465 3395 604 3447; x_wconf 88' lang='lat' dir='ltr'><strong>enim</strong></span> <span class='ocrx_word' id='word_1_530' title='bbox 649 3391 732 3444; x_wconf 89' lang='lat' dir='ltr'><strong>ira</strong></span> <span class='ocrx_word' id='word_1_531' title='bbox 776 3389 873 3444; x_wconf 89' lang='lat' dir='ltr'><strong>Dei</strong></span> <span class='ocrx_word' id='word_1_532' title='bbox 928 3403 1086 3457; x_wconf 85' lang='lat' dir='ltr'><strong>super</strong></span> <span class='ocrx_word' id='word_1_533' title='bbox 1145 3403 1233 3441; x_wconf 90' lang='lat' dir='ltr'><strong>eos</strong></span> <span class='ocrx_word' id='word_1_534' title='bbox 1291 3401 1452 3455; x_wconf 89' lang='lat' dir='ltr'><strong>usque</strong></span> <span class='ocrx_word' id='word_1_535' title='bbox 1497 3385 1554 3436; x_wconf 87' lang='lat' dir='ltr'><strong>in</strong></span> <span class='ocrx_word' id='word_1_536' title='bbox 1607 3384 1765 3450; x_wconf 88' lang='lat' dir='ltr'><strong>ﬁnem</strong></span> 
     </span>
    </p>
   </div>
   <div class='ocr_carea' id='block_1_65' title="bbox 179 3474 1769 3559">
    <p class='ocr_par' dir='ltr' id='par_1_65' title="bbox 179 3474 1769 3559">
     <span class='ocr_line' id='line_1_65' title="bbox 179 3474 1769 3559; baseline -0.01 -17"><span class='ocrx_word' id='word_1_537' title='bbox 179 3488 226 3559; x_wconf 88' lang='lat' dir='ltr'><strong>(I</strong></span> <span class='ocrx_word' id='word_1_538' title='bbox 253 3487 438 3541; x_wconf 77' lang='lat' dir='ltr'><strong>Thess.</strong></span> <span class='ocrx_word' id='word_1_539' title='bbox 464 3501 524 3548; x_wconf 90' lang='lat' dir='ltr'><strong>II,</strong></span> <span class='ocrx_word' id='word_1_540' title='bbox 557 3483 664 3553; x_wconf 85' lang='lat' dir='ltr'><strong>l6).</strong></span> <span class='ocrx_word' id='word_1_541' title='bbox 694 3482 828 3536; x_wconf 91' lang='lat' dir='ltr'><strong>Item</strong></span> <span class='ocrx_word' id='word_1_542' title='bbox 851 3479 1049 3534; x_wconf 75' lang='lat' dir='ltr'><strong>ludas:</strong></span> <span class='ocrx_word' id='word_1_543' title='bbox 1081 3474 1769 3544; x_wconf 83' lang='lat' dir='ltr'><strong>Subintroierunt,ait,qui-</strong></span> 
     </span>
    </p>
   </div>
   <div class='ocr_carea' id='block_1_66' title="bbox 177 3563 1770 3647">
    <p class='ocr_par' dir='ltr' id='par_1_66' title="bbox 177 3563 1770 3647">
     <span class='ocr_line' id='line_1_66' title="bbox 177 3563 1770 3647; baseline -0.009 -15"><span class='ocrx_word' id='word_1_544' title='bbox 177 3579 318 3643; x_wconf 78' lang='lat' dir='ltr'><strong>dant,</strong></span> <span class='ocrx_word' id='word_1_545' title='bbox 340 3578 433 3647; x_wconf 71' lang='lat' dir='ltr'><strong>qui</strong></span> <span class='ocrx_word' id='word_1_546' title='bbox 456 3575 582 3630; x_wconf 86' lang='lat' dir='ltr'><strong>olim</strong></span> <span class='ocrx_word' id='word_1_547' title='bbox 611 3572 906 3643; x_wconf 81' lang='lat' dir='ltr'><strong>prwscripti</strong></span> <span class='ocrx_word' id='word_1_548' title='bbox 945 3577 1066 3622; x_wconf 86' lang='lat' dir='ltr'><strong>sunt</strong></span> <span class='ocrx_word' id='word_1_549' title='bbox 1113 3569 1168 3622; x_wconf 86' lang='lat' dir='ltr'><strong>in</strong></span> <span class='ocrx_word' id='word_1_550' title='bbox 1207 3568 1304 3620; x_wconf 86' lang='lat' dir='ltr'><strong>hoc</strong></span> <span class='ocrx_word' id='word_1_551' title='bbox 1322 3566 1588 3636; x_wconf 88' lang='lat' dir='ltr'><strong>judicium</strong></span> <span class='ocrx_word' id='word_1_552' title='bbox 1623 3563 1770 3635; x_wconf 89' lang='lat' dir='ltr'><strong>impii</strong></span> 
     </span>
    </p>
   </div>
   <div class='ocr_carea' id='block_1_67' title="bbox 179 3656 1770 3743">
    <p class='ocr_par' dir='ltr' id='par_1_67' title="bbox 179 3656 1770 3743">
     <span class='ocr_line' id='line_1_67' title="bbox 179 3656 1770 3743; baseline -0.011 -17"><span class='ocrx_word' id='word_1_553' title='bbox 179 3671 356 3743; x_wconf 79' lang='lat' dir='ltr'><strong>(Jud.,</strong></span> <span class='ocrx_word' id='word_1_554' title='bbox 409 3669 468 3739; x_wconf 71' lang='grc' dir='ltr'>ι)</span> <span class='ocrx_word' id='word_1_555' title='bbox 499 3685 515 3722; x_wconf 87' lang='lat'><strong>:</strong></span> <span class='ocrx_word' id='word_1_556' title='bbox 547 3666 637 3722; x_wconf 88' lang='lat' dir='ltr'><strong>ubi</strong></span> <span class='ocrx_word' id='word_1_557' title='bbox 683 3665 809 3719; x_wconf 90' lang='lat' dir='ltr'><strong>dum</strong></span> <span class='ocrx_word' id='word_1_558' title='bbox 843 3679 936 3718; x_wconf 87' lang='lat' dir='ltr'><strong>eos</strong></span> <span class='ocrx_word' id='word_1_559' title='bbox 977 3677 1081 3716; x_wconf 92' lang='lat' dir='ltr'><strong>non</strong></span> <span class='ocrx_word' id='word_1_560' title='bbox 1125 3661 1177 3715; x_wconf 91' lang='lat' dir='ltr'><strong>in</strong></span> <span class='ocrx_word' id='word_1_561' title='bbox 1208 3660 1310 3714; x_wconf 91' lang='lat' dir='ltr'><strong>hoc</strong></span> <span class='ocrx_word' id='word_1_562' title='bbox 1333 3658 1556 3729; x_wconf 88' lang='lat' dir='ltr'><strong>iudicio,</strong></span> <span class='ocrx_word' id='word_1_563' title='bbox 1588 3657 1682 3710; x_wconf 90' lang='lat' dir='ltr'><strong>sed</strong></span> <span class='ocrx_word' id='word_1_564' title='bbox 1716 3656 1770 3710; x_wconf 93' lang='lat' dir='ltr'><strong>in</strong></span> 
     </span>
    </p>
   </div>
   <div class='ocr_carea' id='block_1_68' title="bbox 180 3747 1773 3832">
    <p class='ocr_par' dir='ltr' id='par_1_68' title="bbox 180 3747 1773 3832">
     <span class='ocr_line' id='line_1_68' title="bbox 180 3747 1773 3832; baseline -0.013 -12"><span class='ocrx_word' id='word_1_565' title='bbox 180 3764 280 3820; x_wconf 86' lang='lat' dir='ltr'><strong>hoc</strong></span> <span class='ocrx_word' id='word_1_566' title='bbox 303 3760 596 3832; x_wconf 89' lang='lat' dir='ltr'><strong>iudicium,</strong></span> <span class='ocrx_word' id='word_1_567' title='bbox 631 3757 684 3812; x_wconf 92' lang='lat' dir='ltr'><strong>id</strong></span> <span class='ocrx_word' id='word_1_568' title='bbox 715 3764 818 3820; x_wconf 88' lang='lat' dir='ltr'><strong>est,</strong></span> <span class='ocrx_word' id='word_1_569' title='bbox 844 3755 898 3808; x_wconf 93' lang='lat' dir='ltr'><strong>in</strong></span> <span class='ocrx_word' id='word_1_570' title='bbox 929 3754 1068 3807; x_wconf 87' lang='lat' dir='ltr'><strong>hanc</strong></span> <span class='ocrx_word' id='word_1_571' title='bbox 1089 3751 1492 3806; x_wconf 86' lang='lat' dir='ltr'><strong>damnationem</strong></span> <span class='ocrx_word' id='word_1_572' title='bbox 1526 3747 1773 3818; x_wconf 72' lang='lat' dir='ltr'><strong>prtescri-</strong></span> 
     </span>
    </p>
   </div>
   <div class='ocr_carea' id='block_1_69' title="bbox 177 3842 1774 3927">
    <p class='ocr_par' dir='ltr' id='par_1_69' title="bbox 177 3842 1774 3927">
     <span class='ocr_line' id='line_1_69' title="bbox 177 3842 1774 3927; baseline -0.01 -16"><span class='ocrx_word' id='word_1_573' title='bbox 177 3863 298 3927; x_wconf 87' lang='lat' dir='ltr'><strong>ptos</strong></span> <span class='ocrx_word' id='word_1_574' title='bbox 325 3853 583 3917; x_wconf 79' lang='lat' dir='ltr'><strong>asseruit,</strong></span> <span class='ocrx_word' id='word_1_575' title='bbox 602 3848 896 3909; x_wconf 89' lang='lat' dir='ltr'><strong>nonmodo</strong></span> <span class='ocrx_word' id='word_1_576' title='bbox 919 3846 1218 3916; x_wconf 72' lang='lat' dir='ltr'><strong>prtescitos,</strong></span> <span class='ocrx_word' id='word_1_577' title='bbox 1241 3857 1425 3898; x_wconf 88' lang='lat' dir='ltr'><strong>verum</strong></span> <span class='ocrx_word' id='word_1_578' title='bbox 1452 3842 1615 3896; x_wconf 86' lang='lat' dir='ltr'><strong>etiam</strong></span> <span class='ocrx_word' id='word_1_579' title='bbox 1640 3855 1774 3910; x_wconf 73' lang='lat' dir='ltr'><strong>prte-</strong></span> 
     </span>
    </p>
   </div>
   <div class='ocr_carea' id='block_1_70' title="bbox 177 3934 1769 4015">
    <p class='ocr_par' dir='ltr' id='par_1_70' title="bbox 177 3934 1769 4015">
     <span class='ocr_line' id='line_1_70' title="bbox 177 3934 1769 4015; baseline -0.011 -13"><span class='ocrx_word' id='word_1_580' title='bbox 177 3947 482 4004; x_wconf 84' lang='lat' dir='ltr'><strong>destinatos</strong></span> <span class='ocrx_word' id='word_1_581' title='bbox 530 3943 738 4015; x_wconf 86' lang='lat' dir='ltr'><strong>pariter</strong></span> <span class='ocrx_word' id='word_1_582' title='bbox 788 3937 1012 4009; x_wconf 79' lang='lat' dir='ltr'><strong>intelligi</strong></span> <span class='ocrx_word' id='word_1_583' title='bbox 1059 3936 1246 3991; x_wconf 91' lang='lat' dir='ltr'><strong>voluit.</strong></span> <span class='ocrx_word' id='word_1_584' title='bbox 1285 3934 1493 4003; x_wconf 80' lang='lat' dir='ltr'><strong>Quippe</strong></span> <span class='ocrx_word' id='word_1_585' title='bbox 1539 3948 1664 3988; x_wconf 91' lang='lat' dir='ltr'><strong>cum</strong></span> <span class='ocrx_word' id='word_1_586' title='bbox 1713 3940 1769 3985; x_wconf 92' lang='lat' dir='ltr'><strong>tu</strong></span> 
     </span>
    </p>
   </div>
   <div class='ocr_carea' id='block_1_71' title="bbox 177 4025 1771 4101">
    <p class='ocr_par' dir='ltr' id='par_1_71' title="bbox 177 4025 1771 4101">
     <span class='ocr_line' id='line_1_71' title="bbox 177 4025 1771 4101; baseline -0.011 -9"><span class='ocrx_word' id='word_1_587' title='bbox 177 4035 327 4092; x_wconf 86' lang='lat' dir='ltr'><strong>Deus</strong></span> <span class='ocrx_word' id='word_1_588' title='bbox 354 4045 592 4091; x_wconf 67' lang='lat' dir='ltr'><strong>aeternus</strong></span> <span class='ocrx_word' id='word_1_589' title='bbox 611 4048 706 4087; x_wconf 90' lang='lat' dir='ltr'><strong>eos</strong></span> <span class='ocrx_word' id='word_1_590' title='bbox 731 4031 884 4101; x_wconf 87' lang='lat' dir='ltr'><strong>prius</strong></span> <span class='ocrx_word' id='word_1_591' title='bbox 913 4027 1114 4082; x_wconf 87' lang='lat' dir='ltr'><strong>habeas</strong></span> <span class='ocrx_word' id='word_1_592' title='bbox 1143 4025 1576 4096; x_wconf 61' lang='lat' dir='ltr'><strong>prsidestinatos,</strong></span> <span class='ocrx_word' id='word_1_593' title='bbox 1607 4037 1771 4092; x_wconf 88' lang='lat' dir='ltr'><strong>quam</strong></span> 
     </span>
    </p>
   </div>
   <div class='ocr_carea' id='block_1_72' title="bbox 175 4115 1770 4198">
    <p class='ocr_par' dir='ltr' id='par_1_72' title="bbox 175 4115 1770 4198">
     <span class='ocr_line' id='line_1_72' title="bbox 175 4115 1770 4198; baseline -0.012 -10"><span class='ocrx_word' id='word_1_594' title='bbox 175 4132 318 4188; x_wconf 88' lang='lat' dir='ltr'><strong>ullus</strong></span> <span class='ocrx_word' id='word_1_595' title='bbox 351 4127 718 4198; x_wconf 86' lang='lat' dir='ltr'><strong>temporaliter</strong></span> <span class='ocrx_word' id='word_1_596' title='bbox 755 4132 913 4178; x_wconf 87' lang='lat' dir='ltr'><strong>natus</strong></span> <span class='ocrx_word' id='word_1_597' title='bbox 935 4136 1028 4176; x_wconf 87' lang='lat' dir='ltr'><strong>eos</strong></span> <span class='ocrx_word' id='word_1_598' title='bbox 1056 4119 1370 4191; x_wconf 85' lang='lat' dir='ltr'><strong>cognoverit</strong></span> <span class='ocrx_word' id='word_1_599' title='bbox 1403 4131 1524 4172; x_wconf 90' lang='lat' dir='ltr'><strong>esse</strong></span> <span class='ocrx_word' id='word_1_600' title='bbox 1546 4115 1770 4186; x_wconf 64' lang='lat' dir='ltr'><strong>praesci-</strong></span> 
     </span>
    </p>
   </div>
   <div class='ocr_carea' id='block_1_73' title="bbox 179 4208 1773 4291">
    <p class='ocr_par' dir='ltr' id='par_1_73' title="bbox 179 4208 1773 4291">
     <span class='ocr_line' id='line_1_73' title="bbox 179 4208 1773 4291; baseline -0.01 -13"><span class='ocrx_word' id='word_1_601' title='bbox 179 4234 282 4279; x_wconf 78' lang='lat' dir='ltr'><strong>tos.</strong></span> <span class='ocrx_word' id='word_1_602' title='bbox 311 4223 454 4291; x_wconf 85' lang='lat' dir='ltr'><strong>Quia</strong></span> <span class='ocrx_word' id='word_1_603' title='bbox 476 4235 616 4291; x_wconf 88' lang='lat' dir='ltr'><strong>quos</strong></span> <span class='ocrx_word' id='word_1_604' title='bbox 640 4215 904 4288; x_wconf 71' lang='lat' dir='ltr'><strong>praescisti</strong></span> <span class='ocrx_word' id='word_1_605' title='bbox 931 4228 1028 4284; x_wconf 91' lang='lat' dir='ltr'><strong>per</strong></span> <span class='ocrx_word' id='word_1_606' title='bbox 1063 4213 1303 4283; x_wconf 89' lang='lat' dir='ltr'><strong>ipsorum</strong></span> <span class='ocrx_word' id='word_1_607' title='bbox 1355 4210 1630 4282; x_wconf 84' lang='lat' dir='ltr'><strong>propriam</strong></span> <span class='ocrx_word' id='word_1_608' title='bbox 1670 4208 1773 4263; x_wconf 85' lang='lat' dir='ltr'><strong>Ini-</strong></span> 
     </span>
    </p>
   </div>
   <div class='ocr_carea' id='block_1_74' title="bbox 177 4313 1769 4382">
    <p class='ocr_par' dir='ltr' id='par_1_74' title="bbox 177 4313 1769 4382">
     <span class='ocr_line' id='line_1_74' title="bbox 177 4313 1769 4382; baseline -0.013 -3"><span class='ocrx_word' id='word_1_609' title='bbox 177 4325 384 4380; x_wconf 85' lang='lat' dir='ltr'><strong>seriam</strong></span> <span class='ocrx_word' id='word_1_610' title='bbox 425 4321 480 4375; x_wconf 92' lang='lat' dir='ltr'><strong>in</strong></span> <span class='ocrx_word' id='word_1_611' title='bbox 529 4313 928 4374; x_wconf 87' lang='lat' dir='ltr'><strong>damnabilibus</strong></span> <span class='ocrx_word' id='word_1_612' title='bbox 952 4318 1393 4382; x_wconf 87' lang='lat' dir='ltr'><strong>perseveraturos</strong></span> <span class='ocrx_word' id='word_1_613' title='bbox 1419 4322 1541 4362; x_wconf 89' lang='lat' dir='ltr'><strong>esse</strong></span> <span class='ocrx_word' id='word_1_614' title='bbox 1572 4320 1769 4377; x_wconf 88' lang='lat' dir='ltr'><strong>pecca-</strong></span> 
     </span>
    </p>
   </div>
   <div class='ocr_carea' id='block_1_75' title="bbox 178 4397 1772 4483">
    <p class='ocr_par' dir='ltr' id='par_1_75' title="bbox 178 4397 1772 4483">
     <span class='ocr_line' id='line_1_75' title="bbox 178 4397 1772 4483; baseline -0.012 -13"><span class='ocrx_word' id='word_1_615' title='bbox 178 4417 270 4480; x_wconf 89' lang='lat' dir='ltr'><strong>tis,</strong></span> <span class='ocrx_word' id='word_1_616' title='bbox 303 4413 431 4470; x_wconf 87' lang='lat' dir='ltr'><strong>illos</strong></span> <span class='ocrx_word' id='word_1_617' title='bbox 450 4410 696 4483; x_wconf 87' lang='lat' dir='ltr'><strong>profecto</strong></span> <span class='ocrx_word' id='word_1_618' title='bbox 727 4416 984 4475; x_wconf 87' lang='lat' dir='ltr'><strong>tanquam</strong></span> <span class='ocrx_word' id='word_1_619' title='bbox 1005 4401 1340 4471; x_wconf 76' lang='lat' dir='ltr'><strong>iustissimus</strong></span> <span class='ocrx_word' id='word_1_620' title='bbox 1370 4398 1536 4469; x_wconf 83' lang='lat' dir='ltr'><strong>iudex</strong></span> <span class='ocrx_word' id='word_1_621' title='bbox 1567 4397 1772 4468; x_wconf 76' lang='lat' dir='ltr'><strong>przede-</strong></span> 
     </span>
    </p>
   </div>
   <div class='ocr_carea' id='block_1_76' title="bbox 179 4489 1854 4592">
    <p class='ocr_par' dir='ltr' id='par_1_76' title="bbox 179 4489 1854 4592">
     <span class='ocr_line' id='line_1_76' title="bbox 179 4489 1854 4592; baseline -0.013 -31"><span class='ocrx_word' id='word_1_622' title='bbox 179 4505 400 4561; x_wconf 87' lang='lat' dir='ltr'><strong>stinasti</strong></span> <span class='ocrx_word' id='word_1_623' title='bbox 432 4503 499 4555; x_wconf 87' lang='lat' dir='ltr'><strong>ad</strong></span> <span class='ocrx_word' id='word_1_624' title='bbox 524 4499 806 4555; x_wconf 89' lang='lat' dir='ltr'><strong>interitum</strong></span> <span class='ocrx_word' id='word_1_625' title='bbox 831 4497 976 4565; x_wconf 86' lang='lat' dir='ltr'><strong>iuste</strong></span> <span class='ocrx_word' id='word_1_626' title='bbox 1023 4509 1089 4549; x_wconf 89' lang='lat' dir='ltr'><strong>ac</strong></span> <span class='ocrx_word' id='word_1_627' title='bbox 1140 4493 1334 4547; x_wconf 84' lang='lat' dir='ltr'><strong>merito</strong></span> <span class='ocrx_word' id='word_1_628' title='bbox 1385 4491 1536 4546; x_wconf 87' lang='lat' dir='ltr'><strong>satis.</strong></span> <span class='ocrx_word' id='word_1_629' title='bbox 1567 4489 1634 4543; x_wconf 87' lang='lat' dir='ltr'><strong>Et</strong></span> <span class='ocrx_word' id='word_1_630' title='bbox 1663 4504 1769 4543; x_wconf 92' lang='lat' dir='ltr'><strong>non</strong></span> <span class='ocrx_word' id='word_1_631' title='bbox 1803 4533 1854 4592; x_wconf 72' lang='grc' dir='ltr'><strong>Ι)</strong></span> 
     </span>
    </p>
   </div>
   <div class='ocr_carea' id='block_1_77' title="bbox 179 4581 1774 4668">
    <p class='ocr_par' dir='ltr' id='par_1_77' title="bbox 179 4581 1774 4668">
     <span class='ocr_line' id='line_1_77' title="bbox 179 4581 1774 4668; baseline -0.013 -12"><span class='ocrx_word' id='word_1_632' title='bbox 179 4601 349 4656; x_wconf 88' lang='lat' dir='ltr'><strong>modo</strong></span> <span class='ocrx_word' id='word_1_633' title='bbox 368 4592 786 4668; x_wconf 65' lang='lat' dir='ltr'><strong>praedestinasti,</strong></span> <span class='ocrx_word' id='word_1_634' title='bbox 812 4603 1000 4643; x_wconf 88' lang='lat' dir='ltr'><strong>verum</strong></span> <span class='ocrx_word' id='word_1_635' title='bbox 1027 4587 1190 4642; x_wconf 90' lang='lat' dir='ltr'><strong>etiam</strong></span> <span class='ocrx_word' id='word_1_636' title='bbox 1210 4584 1643 4655; x_wconf 67' lang='lat' dir='ltr'><strong>praedestinando</strong></span> <span class='ocrx_word' id='word_1_637' title='bbox 1661 4581 1774 4649; x_wconf 88' lang='lat' dir='ltr'><strong>iam</strong></span> 
     </span>
    </p>
   </div>
   <div class='ocr_carea' id='block_1_78' title="bbox 178 4674 1776 4764">
    <p class='ocr_par' dir='ltr' id='par_1_78' title="bbox 178 4674 1776 4764">
     <span class='ocr_line' id='line_1_78' title="bbox 178 4674 1776 4764; baseline -0.014 -17"><span class='ocrx_word' id='word_1_638' title='bbox 178 4695 379 4764; x_wconf 85' lang='lat' dir='ltr'><strong>utique</strong></span> <span class='ocrx_word' id='word_1_639' title='bbox 401 4686 705 4744; x_wconf 87' lang='lat' dir='ltr'><strong>destinasti.</strong></span> <span class='ocrx_word' id='word_1_640' title='bbox 748 4683 904 4740; x_wconf 88' lang='lat' dir='ltr'><strong>Unde</strong></span> <span class='ocrx_word' id='word_1_641' title='bbox 935 4680 1068 4736; x_wconf 92' lang='lat' dir='ltr'><strong>dicit</strong></span> <span class='ocrx_word' id='word_1_642' title='bbox 1089 4688 1143 4735; x_wconf 91' lang='lat' dir='ltr'><strong>et</strong></span> <span class='ocrx_word' id='word_1_643' title='bbox 1171 4679 1340 4734; x_wconf 89' lang='lat' dir='ltr'><strong>David</strong></span> <span class='ocrx_word' id='word_1_644' title='bbox 1373 4677 1526 4746; x_wconf 87' lang='lat' dir='ltr'><strong>quasi</strong></span> <span class='ocrx_word' id='word_1_645' title='bbox 1561 4677 1628 4730; x_wconf 92' lang='lat' dir='ltr'><strong>de</strong></span> <span class='ocrx_word' id='word_1_646' title='bbox 1661 4674 1776 4742; x_wconf 88' lang='lat' dir='ltr'><strong>iam</strong></span> 
     </span>
    </p>
   </div>
   <div class='ocr_carea' id='block_1_79' title="bbox 181 4768 1775 4850">
    <p class='ocr_par' dir='ltr' id='par_1_79' title="bbox 181 4768 1775 4850">
     <span class='ocr_line' id='line_1_79' title="bbox 181 4768 1775 4850; baseline -0.014 -11"><span class='ocrx_word' id='word_1_647' title='bbox 181 4786 237 4840; x_wconf 89' lang='lat' dir='ltr'><strong>in</strong></span> <span class='ocrx_word' id='word_1_648' title='bbox 268 4783 549 4838; x_wconf 88' lang='lat' dir='ltr'><strong>infernum</strong></span> <span class='ocrx_word' id='word_1_649' title='bbox 574 4772 1010 4850; x_wconf 71' lang='lat' dir='ltr'><strong>prmdestinaudo</strong></span> <span class='ocrx_word' id='word_1_650' title='bbox 1039 4770 1252 4842; x_wconf 88' lang='lat' dir='ltr'><strong>positis,</strong></span> <span class='ocrx_word' id='word_1_651' title='bbox 1304 4769 1432 4823; x_wconf 91' lang='lat' dir='ltr'><strong>licet</strong></span> <span class='ocrx_word' id='word_1_652' title='bbox 1475 4768 1654 4821; x_wconf 81' lang='lat' dir='ltr'><strong>adhuc</strong></span> <span class='ocrx_word' id='word_1_653' title='bbox 1689 4778 1775 4818; x_wconf 89' lang='lat' dir='ltr'><strong>es-</strong></span> 
     </span>
    </p>
   </div>
   <div class='ocr_carea' id='block_1_80' title="bbox 181 4857 1776 4939">
    <p class='ocr_par' dir='ltr' id='par_1_80' title="bbox 181 4857 1776 4939">
     <span class='ocr_line' id='line_1_80' title="bbox 181 4857 1776 4939; baseline -0.013 -8"><span class='ocrx_word' id='word_1_654' title='bbox 181 4886 309 4932; x_wconf 89' lang='lat' dir='ltr'><strong>sent</strong></span> <span class='ocrx_word' id='word_1_655' title='bbox 353 4874 478 4928; x_wconf 91' lang='lat' dir='ltr'><strong>illuc</strong></span> <span class='ocrx_word' id='word_1_656' title='bbox 506 4883 557 4926; x_wconf 90' lang='lat' dir='ltr'><strong>te</strong></span> <span class='ocrx_word' id='word_1_657' title='bbox 594 4869 817 4939; x_wconf 85' lang='lat' dir='ltr'><strong>iubente</strong></span> <span class='ocrx_word' id='word_1_658' title='bbox 846 4865 1100 4936; x_wconf 88' lang='lat' dir='ltr'><strong>ponendi.</strong></span> <span class='ocrx_word' id='word_1_659' title='bbox 1143 4862 1276 4918; x_wconf 88' lang='lat' dir='ltr'><strong>Cum</strong></span> <span class='ocrx_word' id='word_1_660' title='bbox 1304 4862 1446 4917; x_wconf 89' lang='lat' dir='ltr'><strong>enim</strong></span> <span class='ocrx_word' id='word_1_661' title='bbox 1491 4857 1776 4930; x_wconf 66' lang='lat' dir='ltr'><strong>prmdixis-</strong></span> 
     </span>
    </p>
   </div>
   <div class='ocr_carea' id='block_1_81' title="bbox 182 4950 1774 5036">
    <p class='ocr_par' dir='ltr' id='par_1_81' title="bbox 182 4950 1774 5036">
     <span class='ocr_line' id='line_1_81' title="bbox 182 4950 1774 5036; baseline -0.013 -11"><span class='ocrx_word' id='word_1_662' title='bbox 182 4981 307 5025; x_wconf 70' lang='lat' dir='ltr'><strong>set:</strong></span> <span class='ocrx_word' id='word_1_663' title='bbox 346 4965 415 5020; x_wconf 85' lang='lat' dir='ltr'><strong>Et</strong></span> <span class='ocrx_word' id='word_1_664' title='bbox 443 4975 622 5036; x_wconf 87' lang='lat' dir='ltr'><strong>postea</strong></span> <span class='ocrx_word' id='word_1_665' title='bbox 661 4964 718 5016; x_wconf 88' lang='lat' dir='ltr'><strong>in</strong></span> <span class='ocrx_word' id='word_1_666' title='bbox 760 4977 848 5015; x_wconf 92' lang='lat' dir='ltr'><strong>ore</strong></span> <span class='ocrx_word' id='word_1_667' title='bbox 906 4976 1002 5014; x_wconf 89' lang='lat' dir='ltr'><strong>suo</strong></span> <span class='ocrx_word' id='word_1_668' title='bbox 1049 4955 1463 5026; x_wconf 86' lang='lat' dir='ltr'><strong>complacebunt,</strong></span> <span class='ocrx_word' id='word_1_669' title='bbox 1506 4950 1774 5020; x_wconf 87' lang='lat' dir='ltr'><strong>subjecit:</strong></span> 
     </span>
    </p>
   </div>
   <div class='ocr_carea' id='block_1_82' title="bbox 185 5040 1775 5122">
    <p class='ocr_par' dir='ltr' id='par_1_82' title="bbox 185 5040 1775 5122">
     <span class='ocr_line' id='line_1_82' title="bbox 185 5040 1775 5122; baseline -0.014 -6"><span class='ocrx_word' id='word_1_670' title='bbox 185 5059 344 5116; x_wconf 83' lang='lat' dir='ltr'><strong>Sicut</strong></span> <span class='ocrx_word' id='word_1_671' title='bbox 377 5075 493 5113; x_wconf 86' lang='lat' dir='ltr'><strong>oves</strong></span> <span class='ocrx_word' id='word_1_672' title='bbox 517 5057 570 5110; x_wconf 89' lang='lat' dir='ltr'><strong>in</strong></span> <span class='ocrx_word' id='word_1_673' title='bbox 597 5053 801 5122; x_wconf 75' lang='lat' dir='ltr'><strong>inferno</strong></span> <span class='ocrx_word' id='word_1_674' title='bbox 815 5051 970 5122; x_wconf 87' lang='lat' dir='ltr'><strong>positi</strong></span> <span class='ocrx_word' id='word_1_675' title='bbox 999 5045 1310 5117; x_wconf 87' lang='lat' dir='ltr'><strong>sunt(Psal.</strong></span> <span class='ocrx_word' id='word_1_676' title='bbox 1336 5060 1524 5108; x_wconf 79' lang='lat' dir='ltr'><strong>XLVIII,</strong></span> <span class='ocrx_word' id='word_1_677' title='bbox 1556 5040 1775 5110; x_wconf 68' lang='lat'><strong>14,15).</strong></span> 
     </span>
    </p>
   </div>
   <div class='ocr_carea' id='block_1_83' title="bbox 244 5134 1782 5219">
    <p class='ocr_par' dir='ltr' id='par_1_83' title="bbox 244 5134 1782 5219">
     <span class='ocr_line' id='line_1_83' title="bbox 244 5134 1782 5219; baseline -0.013 -14"><span class='ocrx_word' id='word_1_678' title='bbox 244 5151 386 5206; x_wconf 89' lang='lat' dir='ltr'><strong>Cum</strong></span> <span class='ocrx_word' id='word_1_679' title='bbox 403 5165 500 5219; x_wconf 89' lang='lat' dir='ltr'><strong>per</strong></span> <span class='ocrx_word' id='word_1_680' title='bbox 511 5147 689 5201; x_wconf 89' lang='lat' dir='ltr'><strong>omnia</strong></span> <span class='ocrx_word' id='word_1_681' title='bbox 709 5141 1147 5198; x_wconf 80' lang='lat' dir='ltr'><strong>manifestissime</strong></span> <span class='ocrx_word' id='word_1_682' title='bbox 1171 5145 1452 5200; x_wconf 86' lang='lat' dir='ltr'><strong>consonat,</strong></span> <span class='ocrx_word' id='word_1_683' title='bbox 1471 5145 1526 5189; x_wconf 90' lang='lat' dir='ltr'><strong>et</strong></span> <span class='ocrx_word' id='word_1_684' title='bbox 1547 5134 1782 5189; x_wconf 87' lang='lat' dir='ltr'><strong>Joannes</strong></span> 
     </span>
    </p>
   </div>
   <div class='ocr_carea' id='block_1_84' title="bbox 189 5226 1786 5314">
    <p class='ocr_par' dir='ltr' id='par_1_84' title="bbox 189 5226 1786 5314">
     <span class='ocr_line' id='line_1_84' title="bbox 189 5226 1786 5314; baseline -0.014 -16"><span class='ocrx_word' id='word_1_685' title='bbox 189 5241 475 5314; x_wconf 86' lang='lat' dir='ltr'><strong>apostolus</strong></span> <span class='ocrx_word' id='word_1_686' title='bbox 499 5239 551 5292; x_wconf 93' lang='lat' dir='ltr'><strong>in</strong></span> <span class='ocrx_word' id='word_1_687' title='bbox 582 5234 903 5307; x_wconf 75' lang='lat' dir='ltr'><strong>Apocalypsi</strong></span> <span class='ocrx_word' id='word_1_688' title='bbox 949 5233 1136 5286; x_wconf 89' lang='lat' dir='ltr'><strong>dicens</strong></span> <span class='ocrx_word' id='word_1_689' title='bbox 1165 5244 1178 5282; x_wconf 92' lang='lat'>:</span> <span class='ocrx_word' id='word_1_690' title='bbox 1215 5229 1281 5282; x_wconf 80' lang='lat' dir='ltr'><strong>Et</strong></span> <span class='ocrx_word' id='word_1_691' title='bbox 1316 5227 1436 5280; x_wconf 88' lang='lat' dir='ltr'><strong>libri</strong></span> <span class='ocrx_word' id='word_1_692' title='bbox 1467 5226 1631 5295; x_wconf 86' lang='lat' dir='ltr'><strong>aperti</strong></span> <span class='ocrx_word' id='word_1_693' title='bbox 1662 5233 1786 5278; x_wconf 84' lang='lat' dir='ltr'><strong>sunt</strong></span> 
     </span>
    </p>
   </div>
   <div class='ocr_carea' id='block_1_85' title="bbox 187 5313 1786 5398">
    <p class='ocr_par' dir='ltr' id='par_1_85' title="bbox 187 5313 1786 5398">
     <span class='ocr_line' id='line_1_85' title="bbox 187 5313 1786 5398; baseline -0.014 -10"><span class='ocrx_word' id='word_1_694' title='bbox 187 5313 397 5389; x_wconf 81' lang='lat' dir='ltr'><strong>etalius</strong></span> <span class='ocrx_word' id='word_1_695' title='bbox 421 5331 551 5383; x_wconf 88' lang='lat' dir='ltr'><strong>liber</strong></span> <span class='ocrx_word' id='word_1_696' title='bbox 595 5337 806 5398; x_wconf 88' lang='lat' dir='ltr'><strong>apertus</strong></span> <span class='ocrx_word' id='word_1_697' title='bbox 855 5333 954 5389; x_wconf 88' lang='lat' dir='ltr'><strong>est,</strong></span> <span class='ocrx_word' id='word_1_698' title='bbox 998 5323 1087 5392; x_wconf 87' lang='lat' dir='ltr'><strong>qui</strong></span> <span class='ocrx_word' id='word_1_699' title='bbox 1143 5329 1218 5374; x_wconf 88' lang='lat' dir='ltr'><strong>est</strong></span> <span class='ocrx_word' id='word_1_700' title='bbox 1269 5320 1421 5382; x_wconf 73' lang='lat' dir='ltr'><strong>vitta;</strong></span> <span class='ocrx_word' id='word_1_701' title='bbox 1473 5325 1520 5369; x_wconf 90' lang='lat' dir='ltr'><strong>et</strong></span> <span class='ocrx_word' id='word_1_702' title='bbox 1554 5313 1786 5385; x_wconf 88' lang='lat' dir='ltr'><strong>judicati</strong></span> 
     </span>
    </p>
   </div>
   <div class='ocr_carea' id='block_1_86' title="bbox 188 5408 1785 5487">
    <p class='ocr_par' dir='ltr' id='par_1_86' title="bbox 188 5408 1785 5487">
     <span class='ocr_line' id='line_1_86' title="bbox 188 5408 1785 5487; baseline -0.016 -6"><span class='ocrx_word' id='word_1_703' title='bbox 188 5436 316 5482; x_wconf 84' lang='lat' dir='ltr'><strong>sunt</strong></span> <span class='ocrx_word' id='word_1_704' title='bbox 360 5421 576 5487; x_wconf 86' lang='lat' dir='ltr'><strong>mortui,</strong></span> <span class='ocrx_word' id='word_1_705' title='bbox 607 5436 671 5473; x_wconf 81' lang='lat' dir='ltr'><strong>ea:</strong></span> <span class='ocrx_word' id='word_1_706' title='bbox 699 5418 779 5472; x_wconf 87' lang='lat' dir='ltr'><strong>his</strong></span> <span class='ocrx_word' id='word_1_707' title='bbox 801 5433 918 5487; x_wconf 71' lang='lat' dir='ltr'><strong>qua?</strong></span> <span class='ocrx_word' id='word_1_708' title='bbox 940 5416 1133 5483; x_wconf 86' lang='lat' dir='ltr'><strong>scripta</strong></span> <span class='ocrx_word' id='word_1_709' title='bbox 1157 5421 1302 5466; x_wconf 89' lang='lat' dir='ltr'><strong>erant</strong></span> <span class='ocrx_word' id='word_1_710' title='bbox 1336 5410 1390 5463; x_wconf 90' lang='lat' dir='ltr'><strong>in</strong></span> <span class='ocrx_word' id='word_1_711' title='bbox 1418 5408 1562 5462; x_wconf 90' lang='lat' dir='ltr'><strong>libris</strong></span> <span class='ocrx_word' id='word_1_712' title='bbox 1599 5422 1785 5459; x_wconf 88' lang='lat' dir='ltr'><strong>secun-</strong></span> 
     </span>
    </p>
   </div>
   <div class='ocr_carea' id='block_1_87' title="bbox 189 5498 1790 5586">
    <p class='ocr_par' dir='ltr' id='par_1_87' title="bbox 189 5498 1790 5586">
     <span class='ocr_line' id='line_1_87' title="bbox 189 5498 1790 5586; baseline -0.014 -14"><span class='ocrx_word' id='word_1_713' title='bbox 189 5518 325 5571; x_wconf 87' lang='lat' dir='ltr'><strong>dum</strong></span> <span class='ocrx_word' id='word_1_714' title='bbox 348 5531 507 5586; x_wconf 85' lang='lat' dir='ltr'><strong>apem</strong></span> <span class='ocrx_word' id='word_1_715' title='bbox 529 5513 761 5584; x_wconf 88' lang='lat' dir='ltr'><strong>ipsorum</strong></span> <span class='ocrx_word' id='word_1_716' title='bbox 787 5509 972 5578; x_wconf 77' lang='lat' dir='ltr'><strong>(Apoc.</strong></span> <span class='ocrx_word' id='word_1_717' title='bbox 1001 5522 1093 5571; x_wconf 79' lang='lat' dir='ltr'><strong>xx,</strong></span> <span class='ocrx_word' id='word_1_718' title='bbox 1125 5503 1234 5574; x_wconf 71' lang='lat' dir='ltr'><strong>i2).</strong></span> <span class='ocrx_word' id='word_1_719' title='bbox 1266 5503 1397 5556; x_wconf 89' lang='lat' dir='ltr'><strong>Item</strong></span> <span class='ocrx_word' id='word_1_720' title='bbox 1434 5519 1445 5554; x_wconf 91' lang='lat'>:</span> <span class='ocrx_word' id='word_1_721' title='bbox 1478 5499 1542 5552; x_wconf 85' lang='lat' dir='ltr'><strong>Et</strong></span> <span class='ocrx_word' id='word_1_722' title='bbox 1572 5498 1790 5568; x_wconf 86' lang='lat' dir='ltr'><strong>judica-</strong></span> 
     </span>
    </p>
   </div>
   <div class='ocr_carea' id='block_1_88' title="bbox 191 5593 1790 5672">
    <p class='ocr_par' dir='ltr' id='par_1_88' title="bbox 191 5593 1790 5672">
     <span class='ocr_line' id='line_1_88' title="bbox 191 5593 1790 5672; baseline -0.013 -11"><span class='ocrx_word' id='word_1_723' title='bbox 191 5599 313 5661; x_wconf 57' lang='lat' dir='ltr'><strong>nam</strong></span> <span class='ocrx_word' id='word_1_724' title='bbox 361 5616 436 5660; x_wconf 87' lang='lat' dir='ltr'><strong>est</strong></span> <span class='ocrx_word' id='word_1_725' title='bbox 489 5605 553 5657; x_wconf 88' lang='lat' dir='ltr'><strong>de</strong></span> <span class='ocrx_word' id='word_1_726' title='bbox 591 5599 809 5672; x_wconf 85' lang='lat' dir='ltr'><strong>singulis</strong></span> <span class='ocrx_word' id='word_1_727' title='bbox 849 5597 1133 5654; x_wconf 88' lang='lat' dir='ltr'><strong>secundum</strong></span> <span class='ocrx_word' id='word_1_728' title='bbox 1195 5610 1352 5666; x_wconf 88' lang='lat' dir='ltr'><strong>opera</strong></span> <span class='ocrx_word' id='word_1_729' title='bbox 1412 5593 1646 5663; x_wconf 86' lang='lat' dir='ltr'><strong>ipsorum</strong></span> <span class='ocrx_word' id='word_1_730' title='bbox 1685 5604 1704 5643; x_wconf 89' lang='lat'><strong><em>:</em></strong></span> <span class='ocrx_word' id='word_1_731' title='bbox 1744 5597 1790 5642; x_wconf 87' lang='lat' dir='ltr'><strong>et</strong></span> 
     </span>
    </p>
   </div>
   <div class='ocr_carea' id='block_1_89' title="bbox 195 5777 863 5848">
    <p class='ocr_par' dir='ltr' id='par_1_89' title="bbox 195 5777 863 5848">
     <span class='ocr_line' id='line_1_89' title="bbox 195 5777 863 5848; baseline -0.015 -8"><span class='ocrx_word' id='word_1_732' title='bbox 195 5787 198 5792; x_wconf 85' lang='grc'><em>’</em></span> <span class='ocrx_word' id='word_1_733' title='bbox 272 5800 299 5826; x_wconf 73' lang='grc' dir='ltr'><strong>ι</strong></span> <span class='ocrx_word' id='word_1_734' title='bbox 347 5785 504 5838; x_wconf 76' lang='lat' dir='ltr'><strong>Deest</strong></span> <span class='ocrx_word' id='word_1_735' title='bbox 529 5780 614 5834; x_wconf 86' lang='lat' dir='ltr'><strong>hic</strong></span> <span class='ocrx_word' id='word_1_736' title='bbox 645 5777 863 5848; x_wconf 81' lang='lat' dir='ltr'><strong>aliquid.</strong></span> 
     </span>
    </p>
   </div>
   <div class='ocr_carea' id='block_1_90' title="bbox 1866 3283 3461 3364">
    <p class='ocr_par' dir='ltr' id='par_1_90' title="bbox 1866 3283 3461 3364">
     <span class='ocr_line' id='line_1_90' title="bbox 1866 3283 3461 3364; baseline -0.008 -16"><span class='ocrx_word' id='word_1_737' title='bbox 1866 3294 1982 3350; x_wconf 64' lang='lat' dir='ltr'><strong>hate</strong></span> <span class='ocrx_word' id='word_1_738' title='bbox 2010 3293 2332 3364; x_wconf 86' lang='lat' dir='ltr'><strong>generaliter</strong></span> <span class='ocrx_word' id='word_1_739' title='bbox 2358 3289 2594 3346; x_wconf 88' lang='lat' dir='ltr'><strong>universi</strong></span> <span class='ocrx_word' id='word_1_740' title='bbox 2624 3289 2842 3359; x_wconf 88' lang='lat' dir='ltr'><strong>quidem</strong></span> <span class='ocrx_word' id='word_1_741' title='bbox 2889 3289 3208 3349; x_wconf 75' lang='lat' dir='ltr'><strong>mendaces,</strong></span> <span class='ocrx_word' id='word_1_742' title='bbox 3240 3285 3337 3342; x_wconf 86' lang='lat' dir='ltr'><strong>sed</strong></span> <span class='ocrx_word' id='word_1_743' title='bbox 3380 3283 3461 3346; x_wconf 76' lang='lat' dir='ltr'><strong>illi</strong></span> 
     </span>
    </p>
   </div>
   <div class='ocr_carea' id='block_1_91' title="bbox 1869 3376 3459 3454">
    <p class='ocr_par' dir='ltr' id='par_1_91' title="bbox 1869 3376 3459 3454">
     <span class='ocr_line' id='line_1_91' title="bbox 1869 3376 3459 3454; baseline -0.007 -15"><span class='ocrx_word' id='word_1_744' title='bbox 1869 3393 2048 3440; x_wconf 86' lang='lat' dir='ltr'><strong>tamen</strong></span> <span class='ocrx_word' id='word_1_745' title='bbox 2077 3383 2417 3454; x_wconf 89' lang='lat' dir='ltr'><strong>potissimum</strong></span> <span class='ocrx_word' id='word_1_746' title='bbox 2444 3421 2457 3442; x_wconf 87' lang='lat'><strong>.</strong></span> <span class='ocrx_word' id='word_1_747' title='bbox 2489 3381 2581 3451; x_wconf 91' lang='lat' dir='ltr'><strong>qui</strong></span> <span class='ocrx_word' id='word_1_748' title='bbox 2625 3379 2678 3433; x_wconf 94' lang='lat' dir='ltr'><strong>in</strong></span> <span class='ocrx_word' id='word_1_749' title='bbox 2725 3379 2974 3432; x_wconf 90' lang='lat' dir='ltr'><strong>doctrina</strong></span> <span class='ocrx_word' id='word_1_750' title='bbox 3028 3376 3303 3452; x_wconf 72' lang='lat' dir='ltr'><strong>religionis</strong></span> <span class='ocrx_word' id='word_1_751' title='bbox 3349 3389 3459 3428; x_wconf 89' lang='lat' dir='ltr'><strong>non</strong></span> 
     </span>
    </p>
   </div>
   <div class='ocr_carea' id='block_1_92' title="bbox 1869 3464 3454 3539">
    <p class='ocr_par' dir='ltr' id='par_1_92' title="bbox 1869 3464 3454 3539">
     <span class='ocr_line' id='line_1_92' title="bbox 1869 3464 3454 3539; baseline -0.01 -6"><span class='ocrx_word' id='word_1_752' title='bbox 1869 3478 2031 3532; x_wconf 91' lang='lat' dir='ltr'><strong>modo</strong></span> <span class='ocrx_word' id='word_1_753' title='bbox 2055 3491 2159 3530; x_wconf 92' lang='lat' dir='ltr'><strong>non</strong></span> <span class='ocrx_word' id='word_1_754' title='bbox 2185 3480 2568 3539; x_wconf 86' lang='lat' dir='ltr'><strong>verentur,aut</strong></span> <span class='ocrx_word' id='word_1_755' title='bbox 2588 3471 3047 3532; x_wconf 82' lang='lat' dir='ltr'><strong>verccundantur,</strong></span> <span class='ocrx_word' id='word_1_756' title='bbox 3079 3481 3266 3521; x_wconf 89' lang='lat' dir='ltr'><strong>verum</strong></span> <span class='ocrx_word' id='word_1_757' title='bbox 3290 3464 3454 3518; x_wconf 86' lang='lat' dir='ltr'><strong>etiam</strong></span> 
     </span>
    </p>
   </div>
   <div class='ocr_carea' id='block_1_93' title="bbox 1874 3557 3461 3626">
    <p class='ocr_par' dir='ltr' id='par_1_93' title="bbox 1874 3557 3461 3626">
     <span class='ocr_line' id='line_1_93' title="bbox 1874 3557 3461 3626; baseline -0.01 0"><span class='ocrx_word' id='word_1_758' title='bbox 1874 3570 2182 3626; x_wconf 90' lang='lat' dir='ltr'><strong>nullatenus</strong></span> <span class='ocrx_word' id='word_1_759' title='bbox 2212 3575 2538 3622; x_wconf 87' lang='lat' dir='ltr'><strong>cunctantur</strong></span> <span class='ocrx_word' id='word_1_760' title='bbox 2577 3579 2700 3618; x_wconf 87' lang='lat' dir='ltr'><strong>esse</strong></span> <span class='ocrx_word' id='word_1_761' title='bbox 2749 3563 2990 3616; x_wconf 83' lang='lat' dir='ltr'><strong>fallaces.</strong></span> <span class='ocrx_word' id='word_1_762' title='bbox 3039 3560 3174 3626; x_wconf 85' lang='lat' dir='ltr'><strong>Quia</strong></span> <span class='ocrx_word' id='word_1_763' title='bbox 3217 3557 3461 3626; x_wconf 87' lang='lat' dir='ltr'><strong>profecto</strong></span> 
     </span>
    </p>
   </div>
   <div class='ocr_carea' id='block_1_94' title="bbox 1874 3645 3464 3728">
    <p class='ocr_par' dir='ltr' id='par_1_94' title="bbox 1874 3645 3464 3728">
     <span class='ocr_line' id='line_1_94' title="bbox 1874 3645 3464 3728; baseline -0.009 -16"><span class='ocrx_word' id='word_1_764' title='bbox 1874 3659 1980 3712; x_wconf 75' lang='lat' dir='ltr'><strong>ista</strong></span> <span class='ocrx_word' id='word_1_765' title='bbox 2009 3669 2208 3728; x_wconf 89' lang='lat' dir='ltr'><strong>genere</strong></span> <span class='ocrx_word' id='word_1_766' title='bbox 2240 3655 2506 3710; x_wconf 88' lang='lat' dir='ltr'><strong>mendacii</strong></span> <span class='ocrx_word' id='word_1_767' title='bbox 2537 3653 2738 3708; x_wconf 90' lang='lat' dir='ltr'><strong>nullum</strong></span> <span class='ocrx_word' id='word_1_768' title='bbox 2785 3651 3003 3721; x_wconf 64' lang='lat' dir='ltr'><strong>gravius</strong></span> <span class='ocrx_word' id='word_1_769' title='bbox 3041 3662 3278 3716; x_wconf 89' lang='lat' dir='ltr'><strong>unquam</strong></span> <span class='ocrx_word' id='word_1_770' title='bbox 3319 3645 3464 3701; x_wconf 86' lang='lat' dir='ltr'><strong>valet</strong></span> 
     </span>
    </p>
   </div>
   <div class='ocr_carea' id='block_1_95' title="bbox 1874 3735 3465 3810">
    <p class='ocr_par' dir='ltr' id='par_1_95' title="bbox 1874 3735 3465 3810">
     <span class='ocr_line' id='line_1_95' title="bbox 1874 3735 3465 3810; baseline -0.01 -6"><span class='ocrx_word' id='word_1_771' title='bbox 1874 3747 2139 3810; x_wconf 84' lang='lat' dir='ltr'><strong>inveniri,</strong></span> <span class='ocrx_word' id='word_1_772' title='bbox 2194 3747 2302 3800; x_wconf 90' lang='lat' dir='ltr'><strong>imo</strong></span> <span class='ocrx_word' id='word_1_773' title='bbox 2351 3743 2554 3798; x_wconf 90' lang='lat' dir='ltr'><strong>nullum</strong></span> <span class='ocrx_word' id='word_1_774' title='bbox 2610 3741 2880 3810; x_wconf 90' lang='lat' dir='ltr'><strong>reperitur</strong></span> <span class='ocrx_word' id='word_1_775' title='bbox 2928 3748 3036 3793; x_wconf 87' lang='lat' dir='ltr'><strong>tam</strong></span> <span class='ocrx_word' id='word_1_776' title='bbox 3086 3751 3288 3808; x_wconf 87' lang='lat' dir='ltr'><strong>grave,</strong></span> <span class='ocrx_word' id='word_1_777' title='bbox 3337 3735 3465 3789; x_wconf 87' lang='lat' dir='ltr'><strong>licet</strong></span> 
     </span>
    </p>
   </div>
   <div class='ocr_carea' id='block_1_96' title="bbox 1875 3826 3479 3903">
    <p class='ocr_par' dir='ltr' id='par_1_96' title="bbox 1875 3826 3479 3903">
     <span class='ocr_line' id='line_1_96' title="bbox 1875 3826 3479 3903; baseline -0.011 -6"><span class='ocrx_word' id='word_1_778' title='bbox 1875 3839 2148 3897; x_wconf 91' lang='lat' dir='ltr'><strong>nonnullis</strong></span> <span class='ocrx_word' id='word_1_779' title='bbox 2191 3838 2438 3892; x_wconf 84' lang='lat' dir='ltr'><strong>videatur</strong></span> <span class='ocrx_word' id='word_1_780' title='bbox 2488 3848 2610 3890; x_wconf 88' lang='lat' dir='ltr'><strong>esse</strong></span> <span class='ocrx_word' id='word_1_781' title='bbox 2660 3833 2806 3896; x_wconf 90' lang='lat' dir='ltr'><strong>leve,</strong></span> <span class='ocrx_word' id='word_1_782' title='bbox 2861 3831 2976 3885; x_wconf 90' lang='lat' dir='ltr'><strong>sive</strong></span> <span class='ocrx_word' id='word_1_783' title='bbox 3029 3837 3249 3898; x_wconf 90' lang='lat' dir='ltr'><strong>putetur</strong></span> <span class='ocrx_word' id='word_1_784' title='bbox 3292 3826 3479 3903; x_wconf 86' lang='lat' dir='ltr'><strong>ctiam_</strong></span> 
     </span>
    </p>
   </div>
   <div class='ocr_carea' id='block_1_97' title="bbox 1872 3919 3466 3997">
    <p class='ocr_par' dir='ltr' id='par_1_97' title="bbox 1872 3919 3466 3997">
     <span class='ocr_line' id='line_1_97' title="bbox 1872 3919 3466 3997; baseline -0.011 -7"><span class='ocrx_word' id='word_1_785' title='bbox 1872 3949 2058 3990; x_wconf 89' lang='lat' dir='ltr'><strong>suave.</strong></span> <span class='ocrx_word' id='word_1_786' title='bbox 2088 3931 2196 3987; x_wconf 91' lang='lat' dir='ltr'><strong>Sed</strong></span> <span class='ocrx_word' id='word_1_787' title='bbox 2223 3931 2446 3985; x_wconf 84' lang='lat' dir='ltr'><strong>audiant</strong></span> <span class='ocrx_word' id='word_1_788' title='bbox 2466 3926 2758 3997; x_wconf 86' lang='lat' dir='ltr'><strong>sequentia</strong></span> <span class='ocrx_word' id='word_1_789' title='bbox 2805 3924 2852 3979; x_wconf 89' lang='lat' dir='ltr'><strong>si</strong></span> <span class='ocrx_word' id='word_1_790' title='bbox 2894 3919 3292 3991; x_wconf 85' lang='lat' dir='ltr'><strong>ﬂoccipcudunt</strong></span> <span class='ocrx_word' id='word_1_791' title='bbox 3328 3921 3466 3988; x_wconf 73' lang='lat' dir='ltr'><strong>prte-</strong></span> 
     </span>
    </p>
   </div>
   <div class='ocr_carea' id='block_1_98' title="bbox 1873 4025 2146 4082">
    <p class='ocr_par' dir='ltr' id='par_1_98' title="bbox 1873 4025 2146 4082">
     <span class='ocr_line' id='line_1_98' title="bbox 1873 4025 2146 4082; baseline -0.018 1"><span class='ocrx_word' id='word_1_792' title='bbox 1873 4025 2146 4082; x_wconf 87' lang='lat' dir='ltr'><strong>cedentia.</strong></span> 
     </span>
    </p>
   </div>
   <div class='ocr_carea' id='block_1_99' title="bbox 1944 4099 3465 4188">
    <p class='ocr_par' dir='ltr' id='par_1_99' title="bbox 1944 4099 3465 4188">
     <span class='ocr_line' id='line_1_99' title="bbox 1944 4099 3465 4188; baseline -0.013 -15"><span class='ocrx_word' id='word_1_793' title='bbox 1944 4118 2059 4188; x_wconf 80' lang='lat' dir='ltr'><strong>Ego</strong></span> <span class='ocrx_word' id='word_1_794' title='bbox 2087 4117 2242 4171; x_wconf 76' lang='lat' dir='ltr'><strong>Iesus</strong></span> <span class='ocrx_word' id='word_1_795' title='bbox 2272 4114 2390 4168; x_wconf 90' lang='lat' dir='ltr'><strong>misi</strong></span> <span class='ocrx_word' id='word_1_796' title='bbox 2419 4111 2661 4182; x_wconf 88' lang='lat' dir='ltr'><strong>angelum</strong></span> <span class='ocrx_word' id='word_1_797' title='bbox 2700 4124 2874 4162; x_wconf 88' lang='lat' dir='ltr'><strong>meum</strong></span> <span class='ocrx_word' id='word_1_798' title='bbox 2900 4103 3172 4173; x_wconf 87' lang='lat' dir='ltr'><strong>testiﬁcari</strong></span> <span class='ocrx_word' id='word_1_799' title='bbox 3203 4103 3299 4155; x_wconf 83' lang='lat' dir='ltr'><strong>hoc</strong></span> <span class='ocrx_word' id='word_1_800' title='bbox 3322 4099 3465 4155; x_wconf 85' lang='lat' dir='ltr'><strong>vobis</strong></span> 
     </span>
    </p>
   </div>
   <div class='ocr_carea' id='block_1_100' title="bbox 1873 4193 3468 4280">
    <p class='ocr_par' dir='ltr' id='par_1_100' title="bbox 1873 4193 3468 4280">
     <span class='ocr_line' id='line_1_100' title="bbox 1873 4193 3468 4280; baseline -0.012 -14"><span class='ocrx_word' id='word_1_801' title='bbox 1873 4214 1929 4267; x_wconf 84' lang='lat' dir='ltr'><strong>in</strong></span> <span class='ocrx_word' id='word_1_802' title='bbox 1966 4210 2204 4265; x_wconf 86' lang='lat' dir='ltr'><strong>Ecclesia</strong></span> <span class='ocrx_word' id='word_1_803' title='bbox 2250 4209 2452 4280; x_wconf 86' lang='lat' dir='ltr'><strong>(Apoc.</strong></span> <span class='ocrx_word' id='word_1_804' title='bbox 2500 4220 2638 4268; x_wconf 80' lang='lat' dir='ltr'><strong>xm,</strong></span> <span class='ocrx_word' id='word_1_805' title='bbox 2680 4203 2791 4271; x_wconf 76' lang='lat' dir='ltr'><strong>i6).</strong></span> <span class='ocrx_word' id='word_1_806' title='bbox 2830 4201 2898 4254; x_wconf 88' lang='lat' dir='ltr'><strong>Et</strong></span> <span class='ocrx_word' id='word_1_807' title='bbox 2934 4198 3094 4270; x_wconf 88' lang='lat' dir='ltr'><strong>paulo</strong></span> <span class='ocrx_word' id='word_1_808' title='bbox 3133 4204 3296 4264; x_wconf 82' lang='lat' dir='ltr'><strong>post:</strong></span> <span class='ocrx_word' id='word_1_809' title='bbox 3331 4193 3468 4248; x_wconf 83' lang='lat' dir='ltr'><strong>Con-</strong></span> 
     </span>
    </p>
   </div>
   <div class='ocr_carea' id='block_1_101' title="bbox 1874 4283 3468 4373">
    <p class='ocr_par' dir='ltr' id='par_1_101' title="bbox 1874 4283 3468 4373">
     <span class='ocr_line' id='line_1_101' title="bbox 1874 4283 3468 4373; baseline -0.014 -13"><span class='ocrx_word' id='word_1_810' title='bbox 1874 4315 2034 4360; x_wconf 86' lang='lat' dir='ltr'><strong>testor</strong></span> <span class='ocrx_word' id='word_1_811' title='bbox 2070 4320 2163 4373; x_wconf 84' lang='lat' dir='ltr'><strong>ego</strong></span> <span class='ocrx_word' id='word_1_812' title='bbox 2203 4303 2344 4356; x_wconf 88' lang='lat' dir='ltr'><strong>omni</strong></span> <span class='ocrx_word' id='word_1_813' title='bbox 2375 4298 2612 4354; x_wconf 88' lang='lat' dir='ltr'><strong>audienti</strong></span> <span class='ocrx_word' id='word_1_814' title='bbox 2649 4296 2800 4351; x_wconf 88' lang='lat' dir='ltr'><strong>verba</strong></span> <span class='ocrx_word' id='word_1_815' title='bbox 2839 4292 3126 4365; x_wconf 75' lang='lat' dir='ltr'><strong>praphetiw</strong></span> <span class='ocrx_word' id='word_1_816' title='bbox 3160 4289 3318 4358; x_wconf 83' lang='lat' dir='ltr'><strong>hujus</strong></span> <span class='ocrx_word' id='word_1_817' title='bbox 3349 4302 3368 4342; x_wconf 91' lang='lat'><strong><em>:</em></strong></span> <span class='ocrx_word' id='word_1_818' title='bbox 3405 4283 3468 4340; x_wconf 89' lang='lat' dir='ltr'><strong>Si</strong></span> 
     </span>
    </p>
   </div>
   <div class='ocr_carea' id='block_1_102' title="bbox 1874 4373 3472 4470">
    <p class='ocr_par' dir='ltr' id='par_1_102' title="bbox 1874 4373 3472 4470">
     <span class='ocr_line' id='line_1_102' title="bbox 1874 4373 3472 4470; baseline -0.015 -19"><span class='ocrx_word' id='word_1_819' title='bbox 1874 4398 1990 4470; x_wconf 83' lang='lat' dir='ltr'><strong>quis</strong></span> <span class='ocrx_word' id='word_1_820' title='bbox 2012 4393 2309 4466; x_wconf 80' lang='lat' dir='ltr'><strong>opposuerit</strong></span> <span class='ocrx_word' id='word_1_821' title='bbox 2335 4392 2404 4444; x_wconf 89' lang='lat' dir='ltr'><strong>ad</strong></span> <span class='ocrx_word' id='word_1_822' title='bbox 2430 4392 2562 4453; x_wconf 75' lang='lat' dir='ltr'><strong>lucc,</strong></span> <span class='ocrx_word' id='word_1_823' title='bbox 2587 4395 2809 4457; x_wconf 85' lang='lat' dir='ltr'><strong>apponet</strong></span> <span class='ocrx_word' id='word_1_824' title='bbox 2839 4384 2979 4438; x_wconf 91' lang='lat' dir='ltr'><strong>Deus</strong></span> <span class='ocrx_word' id='word_1_825' title='bbox 3005 4396 3160 4450; x_wconf 88' lang='lat' dir='ltr'><strong>super</strong></span> <span class='ocrx_word' id='word_1_826' title='bbox 3176 4378 3329 4432; x_wconf 90' lang='lat' dir='ltr'><strong>illum</strong></span> <span class='ocrx_word' id='word_1_827' title='bbox 3353 4373 3472 4445; x_wconf 85' lang='lat' dir='ltr'><strong>pla-</strong></span> 
     </span>
    </p>
   </div>
   <div class='ocr_carea' id='block_1_103' title="bbox 1878 4469 3469 4561">
    <p class='ocr_par' dir='ltr' id='par_1_103' title="bbox 1878 4469 3469 4561">
     <span class='ocr_line' id='line_1_103' title="bbox 1878 4469 3469 4561; baseline -0.016 -17"><span class='ocrx_word' id='word_1_828' title='bbox 1878 4469 1972 4561; x_wconf 85' lang='lat' dir='ltr'><strong>gas</strong></span> <span class='ocrx_word' id='word_1_829' title='bbox 2001 4488 2224 4557; x_wconf 87' lang='lat' dir='ltr'><strong>scriptas</strong></span> <span class='ocrx_word' id='word_1_830' title='bbox 2250 4485 2304 4537; x_wconf 87' lang='lat' dir='ltr'><strong>in</strong></span> <span class='ocrx_word' id='word_1_831' title='bbox 2331 4483 2462 4536; x_wconf 90' lang='lat' dir='ltr'><strong>libro</strong></span> <span class='ocrx_word' id='word_1_832' title='bbox 2487 4483 2607 4535; x_wconf 87' lang='lat' dir='ltr'><strong>isto.</strong></span> <span class='ocrx_word' id='word_1_833' title='bbox 2635 4478 2702 4532; x_wconf 89' lang='lat' dir='ltr'><strong>Et</strong></span> <span class='ocrx_word' id='word_1_834' title='bbox 2729 4479 2773 4531; x_wconf 91' lang='lat' dir='ltr'><strong>si</strong></span> <span class='ocrx_word' id='word_1_835' title='bbox 2796 4477 2911 4548; x_wconf 89' lang='lat' dir='ltr'><strong>quis</strong></span> <span class='ocrx_word' id='word_1_836' title='bbox 2935 4470 3236 4528; x_wconf 84' lang='lat' dir='ltr'><strong>diminucrit</strong></span> <span class='ocrx_word' id='word_1_837' title='bbox 3269 4469 3332 4521; x_wconf 85' lang='lat' dir='ltr'><strong>de</strong></span> <span class='ocrx_word' id='word_1_838' title='bbox 3357 4481 3469 4520; x_wconf 81' lang='lat' dir='ltr'><strong>ver-</strong></span> 
     </span>
    </p>
   </div>
   <div class='ocr_carea' id='block_1_104' title="bbox 1884 4554 3472 4649">
    <p class='ocr_par' dir='ltr' id='par_1_104' title="bbox 1884 4554 3472 4649">
     <span class='ocr_line' id='line_1_104' title="bbox 1884 4554 3472 4649; baseline -0.018 -14"><span class='ocrx_word' id='word_1_839' title='bbox 1884 4554 1960 4635; x_wconf 84' lang='lat' dir='ltr'><strong>bis</strong></span> <span class='ocrx_word' id='word_1_840' title='bbox 1987 4554 2114 4634; x_wconf 76' lang='lat' dir='ltr'><strong>libri</strong></span> <span class='ocrx_word' id='word_1_841' title='bbox 2131 4576 2416 4649; x_wconf 79' lang='lat' dir='ltr'><strong>prophetia,-</strong></span> <span class='ocrx_word' id='word_1_842' title='bbox 2443 4574 2625 4642; x_wconf 86' lang='lat' dir='ltr'><strong>hujus,</strong></span> <span class='ocrx_word' id='word_1_843' title='bbox 2650 4569 2853 4639; x_wconf 78' lang='lat' dir='ltr'><strong>auferet</strong></span> <span class='ocrx_word' id='word_1_844' title='bbox 2876 4567 3015 4620; x_wconf 88' lang='lat' dir='ltr'><strong>Deus</strong></span> <span class='ocrx_word' id='word_1_845' title='bbox 3050 4571 3249 4632; x_wconf 83' lang='lat' dir='ltr'><strong>partem</strong></span> <span class='ocrx_word' id='word_1_846' title='bbox 3274 4557 3387 4626; x_wconf 88' lang='lat' dir='ltr'><strong>ejus</strong></span> <span class='ocrx_word' id='word_1_847' title='bbox 3408 4554 3472 4608; x_wconf 86' lang='lat' dir='ltr'><strong>de</strong></span> 
     </span>
    </p>
   </div>
   <div class='ocr_carea' id='block_1_105' title="bbox 1884 4657 3473 4733">
    <p class='ocr_par' dir='ltr' id='par_1_105' title="bbox 1884 4657 3473 4733">
     <span class='ocr_line' id='line_1_105' title="bbox 1884 4657 3473 4733; baseline -0.017 -6"><span class='ocrx_word' id='word_1_848' title='bbox 1884 4673 2018 4727; x_wconf 90' lang='lat' dir='ltr'><strong>libro</strong></span> <span class='ocrx_word' id='word_1_849' title='bbox 2042 4672 2176 4733; x_wconf 74' lang='lat' dir='ltr'><strong>vitta,</strong></span> <span class='ocrx_word' id='word_1_850' title='bbox 2201 4681 2250 4723; x_wconf 90' lang='lat' dir='ltr'><strong>et</strong></span> <span class='ocrx_word' id='word_1_851' title='bbox 2275 4675 2339 4721; x_wconf 76' lang='lat' dir='ltr'><strong>(te</strong></span> <span class='ocrx_word' id='word_1_852' title='bbox 2375 4667 2580 4720; x_wconf 83' lang='lat' dir='ltr'><strong>civitate</strong></span> <span class='ocrx_word' id='word_1_853' title='bbox 2615 4672 2820 4725; x_wconf 88' lang='lat' dir='ltr'><strong>sancta,</strong></span> <span class='ocrx_word' id='word_1_854' title='bbox 2847 4670 2894 4714; x_wconf 90' lang='lat' dir='ltr'><strong>et</strong></span> <span class='ocrx_word' id='word_1_855' title='bbox 2917 4658 2981 4711; x_wconf 89' lang='lat' dir='ltr'><strong>de</strong></span> <span class='ocrx_word' id='word_1_856' title='bbox 3010 4657 3090 4708; x_wconf 89' lang='lat' dir='ltr'><strong>his</strong></span> <span class='ocrx_word' id='word_1_857' title='bbox 3120 4668 3237 4723; x_wconf 81' lang='lat' dir='ltr'><strong>qua:</strong></span> <span class='ocrx_word' id='word_1_858' title='bbox 3275 4657 3473 4722; x_wconf 77' lang='lat' dir='ltr'><strong>scriptu</strong></span> 
     </span>
    </p>
   </div>
   <div class='ocr_carea' id='block_1_106' title="bbox 1885 4738 3476 4824">
    <p class='ocr_par' dir='ltr' id='par_1_106' title="bbox 1885 4738 3476 4824">
     <span class='ocr_line' id='line_1_106' title="bbox 1885 4738 3476 4824; baseline -0.019 -5"><span class='ocrx_word' id='word_1_859' title='bbox 1885 4765 2085 4819; x_wconf 86' lang='lat' dir='ltr'><strong>suntin</strong></span> <span class='ocrx_word' id='word_1_860' title='bbox 2111 4762 2242 4815; x_wconf 88' lang='lat' dir='ltr'><strong>libro</strong></span> <span class='ocrx_word' id='word_1_861' title='bbox 2264 4761 2382 4813; x_wconf 87' lang='lat' dir='ltr'><strong>isto.</strong></span> <span class='ocrx_word' id='word_1_862' title='bbox 2416 4757 2550 4810; x_wconf 86' lang='lat' dir='ltr'><strong>Dicit</strong></span> <span class='ocrx_word' id='word_1_863' title='bbox 2581 4755 2669 4824; x_wconf 89' lang='lat' dir='ltr'><strong>qui</strong></span> <span class='ocrx_word' id='word_1_864' title='bbox 2698 4749 3052 4806; x_wconf 86' lang='lat' dir='ltr'><strong>testimonium</strong></span> <span class='ocrx_word' id='word_1_865' title='bbox 3089 4741 3317 4813; x_wconf 87' lang='lat' dir='ltr'><strong>perhibet</strong></span> <span class='ocrx_word' id='word_1_866' title='bbox 3349 4738 3476 4791; x_wconf 85' lang='lat' dir='ltr'><strong>isto-</strong></span> 
     </span>
    </p>
   </div>
   <div class='ocr_carea' id='block_1_107' title="bbox 1887 4829 3476 4915">
    <p class='ocr_par' dir='ltr' id='par_1_107' title="bbox 1887 4829 3476 4915">
     <span class='ocr_line' id='line_1_107' title="bbox 1887 4829 3476 4915; baseline -0.018 -4"><span class='ocrx_word' id='word_1_867' title='bbox 1887 4853 2231 4911; x_wconf 86' lang='lat' dir='ltr'><strong>rum:Etiam</strong></span> <span class='ocrx_word' id='word_1_868' title='bbox 2268 4853 2414 4906; x_wconf 86' lang='lat' dir='ltr'><strong>venio</strong></span> <span class='ocrx_word' id='word_1_869' title='bbox 2456 4850 2557 4902; x_wconf 87' lang='lat' dir='ltr'><strong>cito</strong></span> <span class='ocrx_word' id='word_1_870' title='bbox 2598 4846 2783 4915; x_wconf 86' lang='lat' dir='ltr'><strong>(Ibid.,</strong></span> <span class='ocrx_word' id='word_1_871' title='bbox 2817 4839 3025 4909; x_wconf 67' lang='lat'><strong>18-520).</strong></span> <span class='ocrx_word' id='word_1_872' title='bbox 3057 4837 3218 4899; x_wconf 86' lang='lat' dir='ltr'><strong>Ecce,</strong></span> <span class='ocrx_word' id='word_1_873' title='bbox 3248 4829 3476 4886; x_wconf 85' lang='lat' dir='ltr'><strong>Domine</strong></span> 
     </span>
    </p>
   </div>
   <div class='ocr_carea' id='block_1_108' title="bbox 1884 4920 3476 5012">
    <p class='ocr_par' dir='ltr' id='par_1_108' title="bbox 1884 4920 3476 5012">
     <span class='ocr_line' id='line_1_108' title="bbox 1884 4920 3476 5012; baseline -0.018 -9"><span class='ocrx_word' id='word_1_874' title='bbox 1884 4948 2010 5003; x_wconf 88' lang='lat' dir='ltr'><strong>.Iesu</strong></span> <span class='ocrx_word' id='word_1_875' title='bbox 2039 4988 2053 5012; x_wconf 93' lang='lat'><strong>,</strong></span> <span class='ocrx_word' id='word_1_876' title='bbox 2096 4947 2148 5000; x_wconf 91' lang='lat' dir='ltr'><strong>in</strong></span> <span class='ocrx_word' id='word_1_877' title='bbox 2187 4946 2288 5000; x_wconf 89' lang='lat' dir='ltr'><strong>hoc</strong></span> <span class='ocrx_word' id='word_1_878' title='bbox 2319 4949 2508 4998; x_wconf 70' lang='lat' dir='ltr'><strong>sancto</strong></span> <span class='ocrx_word' id='word_1_879' title='bbox 2554 4939 2693 4992; x_wconf 84' lang='lat' dir='ltr'><strong>libro</strong></span> <span class='ocrx_word' id='word_1_880' title='bbox 2739 4944 2830 4990; x_wconf 91' lang='lat' dir='ltr'><strong>tuo</strong></span> <span class='ocrx_word' id='word_1_881' title='bbox 2864 4928 3136 4988; x_wconf 87' lang='lat' dir='ltr'><strong>diabolum</strong></span> <span class='ocrx_word' id='word_1_882' title='bbox 3173 4935 3229 4979; x_wconf 89' lang='lat' dir='ltr'><strong>et</strong></span> <span class='ocrx_word' id='word_1_883' title='bbox 3255 4920 3476 4992; x_wconf 81' lang='lat' dir='ltr'><strong>angelos</strong></span> 
     </span>
    </p>
   </div>
   <div class='ocr_carea' id='block_1_109' title="bbox 1887 5016 3474 5108">
    <p class='ocr_par' dir='ltr' id='par_1_109' title="bbox 1887 5016 3474 5108">
     <span class='ocr_line' id='line_1_109' title="bbox 1887 5016 3474 5108; baseline -0.02 -14"><span class='ocrx_word' id='word_1_884' title='bbox 1887 5039 2005 5108; x_wconf 90' lang='lat' dir='ltr'><strong>eius</strong></span> <span class='ocrx_word' id='word_1_885' title='bbox 2025 5079 2040 5103; x_wconf 93' lang='lat'><strong>,</strong></span> <span class='ocrx_word' id='word_1_886' title='bbox 2061 5046 2117 5091; x_wconf 91' lang='lat' dir='ltr'><strong>et</strong></span> <span class='ocrx_word' id='word_1_887' title='bbox 2144 5035 2336 5089; x_wconf 85' lang='lat' dir='ltr'><strong>omnes</strong></span> <span class='ocrx_word' id='word_1_888' title='bbox 2364 5031 2528 5086; x_wconf 89' lang='lat' dir='ltr'><strong>etiam</strong></span> <span class='ocrx_word' id='word_1_889' title='bbox 2572 5027 2817 5082; x_wconf 90' lang='lat' dir='ltr'><strong>homines</strong></span> <span class='ocrx_word' id='word_1_890' title='bbox 2855 5018 3112 5090; x_wconf 86' lang='lat' dir='ltr'><strong>reprobos</strong></span> <span class='ocrx_word' id='word_1_891' title='bbox 3144 5016 3196 5070; x_wconf 93' lang='lat' dir='ltr'><strong>in</strong></span> <span class='ocrx_word' id='word_1_892' title='bbox 3225 5022 3474 5081; x_wconf 87' lang='lat' dir='ltr'><strong>stagnum</strong></span> 
     </span>
    </p>
   </div>
   <div class='ocr_carea' id='block_1_110' title="bbox 1890 5105 3480 5201">
    <p class='ocr_par' dir='ltr' id='par_1_110' title="bbox 1890 5105 3480 5201">
     <span class='ocr_line' id='line_1_110' title="bbox 1890 5105 3480 5201; baseline -0.019 -17"><span class='ocrx_word' id='word_1_893' title='bbox 1890 5105 2030 5201; x_wconf 74' lang='lat' dir='ltr'><strong>ignis</strong></span> <span class='ocrx_word' id='word_1_894' title='bbox 2051 5135 2104 5181; x_wconf 83' lang='lat' dir='ltr'><strong>et</strong></span> <span class='ocrx_word' id='word_1_895' title='bbox 2125 5124 2426 5195; x_wconf 85' lang='lat' dir='ltr'><strong>sulphuris,</strong></span> <span class='ocrx_word' id='word_1_896' title='bbox 2457 5131 2516 5175; x_wconf 89' lang='lat' dir='ltr'><strong>ut</strong></span> <span class='ocrx_word' id='word_1_897' title='bbox 2541 5133 2700 5189; x_wconf 89' lang='lat' dir='ltr'><strong>supra</strong></span> <span class='ocrx_word' id='word_1_898' title='bbox 2730 5117 2931 5170; x_wconf 88' lang='lat' dir='ltr'><strong>dictum</strong></span> <span class='ocrx_word' id='word_1_899' title='bbox 2954 5120 3068 5173; x_wconf 79' lang='lat' dir='ltr'><strong>est,</strong></span> <span class='ocrx_word' id='word_1_900' title='bbox 3096 5117 3146 5162; x_wconf 90' lang='lat' dir='ltr'><strong>te</strong></span> <span class='ocrx_word' id='word_1_901' title='bbox 3176 5105 3480 5160; x_wconf 82' lang='lat' dir='ltr'><strong>destinante</strong></span> 
     </span>
    </p>
   </div>
   <div class='ocr_carea' id='block_1_111' title="bbox 1888 5198 3478 5290">
    <p class='ocr_par' dir='ltr' id='par_1_111' title="bbox 1888 5198 3478 5290">
     <span class='ocr_line' id='line_1_111' title="bbox 1888 5198 3478 5290; baseline -0.019 -14"><span class='ocrx_word' id='word_1_902' title='bbox 1888 5198 2000 5290; x_wconf 76' lang='lat' dir='ltr'><strong>iam</strong></span> <span class='ocrx_word' id='word_1_903' title='bbox 2030 5236 2150 5276; x_wconf 83' lang='lat' dir='ltr'><strong>esse</strong></span> <span class='ocrx_word' id='word_1_904' title='bbox 2176 5218 2370 5272; x_wconf 87' lang='lat' dir='ltr'><strong>missos</strong></span> <span class='ocrx_word' id='word_1_905' title='bbox 2399 5215 2634 5268; x_wconf 83' lang='lat' dir='ltr'><strong>invenio.</strong></span> <span class='ocrx_word' id='word_1_906' title='bbox 2655 5210 2862 5277; x_wconf 85' lang='lat' dir='ltr'><strong>Negare</strong></span> <span class='ocrx_word' id='word_1_907' title='bbox 2891 5216 2960 5270; x_wconf 88' lang='lat' dir='ltr'><strong>te,</strong></span> <span class='ocrx_word' id='word_1_908' title='bbox 2995 5202 3046 5256; x_wconf 92' lang='lat' dir='ltr'><strong>id</strong></span> <span class='ocrx_word' id='word_1_909' title='bbox 3077 5210 3159 5272; x_wconf 90' lang='lat' dir='ltr'><strong>est</strong></span> <span class='ocrx_word' id='word_1_910' title='bbox 3189 5198 3478 5252; x_wconf 86' lang='lat' dir='ltr'><strong>veritatem</strong></span> 
     </span>
    </p>
   </div>
   <div class='ocr_carea' id='block_1_112' title="bbox 1896 5288 3479 5379">
    <p class='ocr_par' dir='ltr' id='par_1_112' title="bbox 1896 5288 3479 5379">
     <span class='ocr_line' id='line_1_112' title="bbox 1896 5288 3479 5379; baseline -0.02 -9"><span class='ocrx_word' id='word_1_911' title='bbox 1896 5331 2002 5370; x_wconf 93' lang='lat' dir='ltr'><strong>non</strong></span> <span class='ocrx_word' id='word_1_912' title='bbox 2029 5313 2220 5376; x_wconf 85' lang='lat' dir='ltr'><strong>audeo,</strong></span> <span class='ocrx_word' id='word_1_913' title='bbox 2255 5310 2381 5379; x_wconf 89' lang='lat' dir='ltr'><strong>quia</strong></span> <span class='ocrx_word' id='word_1_914' title='bbox 2433 5305 2616 5376; x_wconf 76' lang='lat' dir='ltr'><strong>negari</strong></span> <span class='ocrx_word' id='word_1_915' title='bbox 2659 5319 2688 5356; x_wconf 90' lang='lat' dir='ltr'><strong>a</strong></span> <span class='ocrx_word' id='word_1_916' title='bbox 2733 5311 2786 5356; x_wconf 88' lang='lat' dir='ltr'><strong>te</strong></span> <span class='ocrx_word' id='word_1_917' title='bbox 2815 5300 2998 5361; x_wconf 87' lang='lat' dir='ltr'><strong>timeo,</strong></span> <span class='ocrx_word' id='word_1_918' title='bbox 3029 5288 3479 5364; x_wconf 83' lang='lat' dir='ltr'><strong>quemadmodum</strong></span> 
     </span>
    </p>
   </div>
   <div class='ocr_carea' id='block_1_113' title="bbox 1895 5380 3479 5474">
    <p class='ocr_par' dir='ltr' id='par_1_113' title="bbox 1895 5380 3479 5474">
     <span class='ocr_line' id='line_1_113' title="bbox 1895 5380 3479 5474; baseline -0.018 -14"><span class='ocrx_word' id='word_1_919' title='bbox 1895 5407 2149 5462; x_wconf 83' lang='lat' dir='ltr'><strong>videlicet</strong></span> <span class='ocrx_word' id='word_1_920' title='bbox 2183 5406 2296 5474; x_wconf 87' lang='lat' dir='ltr'><strong>ipse</strong></span> <span class='ocrx_word' id='word_1_921' title='bbox 2327 5401 2542 5456; x_wconf 88' lang='lat' dir='ltr'><strong>testaris</strong></span> <span class='ocrx_word' id='word_1_922' title='bbox 2573 5416 2586 5451; x_wconf 91' lang='lat'><strong>:</strong></span> <span class='ocrx_word' id='word_1_923' title='bbox 2619 5397 2721 5462; x_wconf 85' lang='lat' dir='ltr'><strong>Qui</strong></span> <span class='ocrx_word' id='word_1_924' title='bbox 2748 5411 2829 5447; x_wconf 90' lang='lat' dir='ltr'><strong>me</strong></span> <span class='ocrx_word' id='word_1_925' title='bbox 2863 5389 3122 5460; x_wconf 79' lang='lat' dir='ltr'><strong>negaverit</strong></span> <span class='ocrx_word' id='word_1_926' title='bbox 3173 5398 3350 5438; x_wconf 87' lang='lat' dir='ltr'><strong>coram</strong></span> <span class='ocrx_word' id='word_1_927' title='bbox 3381 5380 3479 5433; x_wconf 85' lang='lat' dir='ltr'><strong>ho-</strong></span> 
     </span>
    </p>
   </div>
   <div class='ocr_carea' id='block_1_114' title="bbox 1898 5470 3480 5564">
    <p class='ocr_par' dir='ltr' id='par_1_114' title="bbox 1898 5470 3480 5564">
     <span class='ocr_line' id='line_1_114' title="bbox 1898 5470 3480 5564; baseline -0.018 -14"><span class='ocrx_word' id='word_1_928' title='bbox 1898 5496 2160 5561; x_wconf 79' lang='lat' dir='ltr'><strong>minibus,</strong></span> <span class='ocrx_word' id='word_1_929' title='bbox 2179 5493 2374 5564; x_wconf 84' lang='lat' dir='ltr'><strong>negabo</strong></span> <span class='ocrx_word' id='word_1_930' title='bbox 2396 5501 2442 5546; x_wconf 89' lang='lat' dir='ltr'><strong>et</strong></span> <span class='ocrx_word' id='word_1_931' title='bbox 2484 5507 2576 5560; x_wconf 86' lang='lat' dir='ltr'><strong>ego</strong></span> <span class='ocrx_word' id='word_1_932' title='bbox 2599 5504 2715 5541; x_wconf 83' lang='lat' dir='ltr'><strong>cunt</strong></span> <span class='ocrx_word' id='word_1_933' title='bbox 2743 5499 2920 5540; x_wconf 86' lang='lat' dir='ltr'><strong>coram</strong></span> <span class='ocrx_word' id='word_1_934' title='bbox 2951 5479 3113 5534; x_wconf 80' lang='lat' dir='ltr'><strong>Patre</strong></span> <span class='ocrx_word' id='word_1_935' title='bbox 3134 5492 3268 5538; x_wconf 82' lang='lat' dir='ltr'><strong>meo,</strong></span> <span class='ocrx_word' id='word_1_936' title='bbox 3308 5472 3394 5543; x_wconf 86' lang='lat' dir='ltr'><strong>qui</strong></span> <span class='ocrx_word' id='word_1_937' title='bbox 3426 5470 3480 5523; x_wconf 86' lang='lat' dir='ltr'><strong>in</strong></span> 
     </span>
    </p>
   </div>
   <div class='ocr_carea' id='block_1_115' title="bbox 1900 5565 3480 5658">
    <p class='ocr_par' dir='ltr' id='par_1_115' title="bbox 1900 5565 3480 5658">
     <span class='ocr_line' id='line_1_115' title="bbox 1900 5565 3480 5658; baseline -0.018 -15"><span class='ocrx_word' id='word_1_938' title='bbox 1900 5587 2041 5643; x_wconf 75' lang='lat' dir='ltr'><strong>caelis</strong></span> <span class='ocrx_word' id='word_1_939' title='bbox 2085 5597 2159 5642; x_wconf 88' lang='lat' dir='ltr'><strong>est</strong></span> <span class='ocrx_word' id='word_1_940' title='bbox 2186 5585 2416 5658; x_wconf 81' lang='lat' dir='ltr'><strong>&#39;(Matth.</strong></span> <span class='ocrx_word' id='word_1_941' title='bbox 2461 5599 2515 5650; x_wconf 79' lang='grc' dir='ltr'><strong>ιι,</strong></span> <span class='ocrx_word' id='word_1_942' title='bbox 2556 5581 2666 5653; x_wconf 76' lang='grc'><strong>55).</strong></span> <span class='ocrx_word' id='word_1_943' title='bbox 2712 5578 2843 5633; x_wconf 88' lang='lat' dir='ltr'><strong>Item</strong></span> <span class='ocrx_word' id='word_1_944' title='bbox 2894 5582 2949 5631; x_wconf 86' lang='lat' dir='ltr'><strong>et</strong></span> <span class='ocrx_word' id='word_1_945' title='bbox 2991 5569 3229 5627; x_wconf 85' lang='lat' dir='ltr'><strong>Paulus:</strong></span> <span class='ocrx_word' id='word_1_946' title='bbox 3264 5565 3321 5622; x_wconf 89' lang='lat' dir='ltr'><strong>Si</strong></span> <span class='ocrx_word' id='word_1_947' title='bbox 3353 5574 3480 5628; x_wconf 86' lang='lat' dir='ltr'><strong>nos,</strong></span> 
     </span>
    </p>
   </div>
   <div class='ocr_carea' id='block_1_116' title="bbox 1883 5788 1928 5818">
    <p class='ocr_par' dir='ltr' id='par_1_116' title="bbox 1883 5788 1928 5818">
     <span class='ocr_line' id='line_1_116' title="bbox 1883 5788 1928 5818; baseline 0 0"><span class='ocrx_word' id='word_1_948' title='bbox 1883 5797 1892 5806; x_wconf 87' lang='grc'><strong>·</strong></span> <span class='ocrx_word' id='word_1_949' title='bbox 1917 5788 1928 5818; x_wconf 88' lang='grc' dir='ltr'><strong>ι</strong></span> 
     </span>
    </p>
   </div>
  </div>
