4026 6346
167 409 274 488 εξτ

1425 386 1802 445 CONFESSlO
1841 384 2234 440 PROLleOll.

3389 376 3413 387 ..

3345 375 3411 430 ἐξ
3422 377 3454 430 8

167 517 331 576 morti
373 515 716 586 sempiternae
758 507 1146 581 praedestinati.
1186 524 1204 557 ι
1246 502 1375 557 item
1406 517 1418 554 :
1451 518 1469 550 ς
1508 499 1756 560 Mundus,
1789 499 1834 557 Α
1863 494 2084 566 etquod
2113 493 2350 563 quinque
2383 491 2635 562 partitam
2666 488 2868 543 fatetur
2891 504 3010 544 esse
3031 489 3443 550 continentiam,

169 610 374 680 inquit,
393 609 507 662 odit
529 605 806 667 mundum,
822 601 1073 657 inimicus
1091 594 1518 657 reconciliatum,
1537 592 1762 647 damna-

171 714 260 758 tus
289 701 578 764 salvatum,
639 696 951 766 inquinatus
1003 689 1342 748 mundatum.
1377 707 1396 740 δ

240 793 378 848 Item
414 809 428 846 :
465 809 484 843 ι
520 789 694 845 Filius
729 783 1051 857 perditionis
1085 781 1262 836 dictus
1288 785 1372 833 est
1398 773 1566 830 Judas
1591 771 1761 827 tradi-

173 897 264 941 tor
289 882 522 947 Christi,
553 875 887 935 damnationi
908 871 1345 945 praedestinatus.
1379 886 1398 919 ι
1431 866 1594 921 Item:
1617 883 1634 914 ι
1657 862 1762 917 Pro

172 981 279 1034 isto
307 975 511 1032 mundo
541 956 648 1027 non
675 978 830 1040 rogat
862 985 874 1020 :
904 980 1076 1035 neque
1103 962 1248 1018 enim
1287 974 1395 1030 quo
1436 957 1510 1013 sit
1553 955 1761 1026 praede-

173 1072 434 1134 stinatus,
470 1067 702 1138 ignorat.
745 1081 764 1114 ι

242 1158 454 1214 Beatus
469 1136 683 1226 quoque
697 1149 1016 1222 Fulgentius
1031 1145 1158 1202 inde
1179 1143 1361 1200 taliter
1382 1140 1545 1196 dicit:
1575 1156 1594 1190 ι
1621 1136 1767 1192 Prte-

173 1248 392 1321 paravit
415 1247 578 1302 etiam
609 1243 753 1298 Deus
771 1238 1150 1310 peccatoribus
1195 1229 1544 1321 pmnas,iillis
1583 1229 1767 1321 utique

174 1315 313 1410 quos
332 1337 482 1409 juste
507 1330 915 1405 pmdestinavit
941 1327 1008 1384 ad
1039 1324 1234 1382 luenda
1278 1320 1562 1392 supplicia.
1598 1337 1618 1370 ι

172 1407 408 1502 prorsus
431 1437 724 1494 utrumque
751 1421 890 1476 satis
919 1427 1104 1490 aperte
1159 1415 1382 1475 fatetur,
1422 1420 1477 1467 et
1523 1407 1769 1479 reprobis

175 1498 433 1576 videlicet
460 1513 872 1588 praedestinatas
897 1524 1018 1566 esse
1043 1522 1255 1580 pcenas,
1287 1514 1344 1561 et
1369 1503 1488 1558 illos
1528 1498 1766 1555 vicissim

175 1610 596 1683 praedestinatos
625 1605 692 1660 ad
724 1618 838 1659 eas.
869 1600 1025 1657 Unde
1052 1598 1304 1655 nimirum
1329 1592 1767 1654 catholicissime,

177 1681 394 1757 necnon
424 1709 481 1753 et
511 1694 884 1766 copiosissime
909 1689 1207 1760 disputavit
1255 1689 1310 1742 in
1358 1692 1566 1755 septem
1614 1681 1770 1736 libris

176 1800 375 1848 contra
429 1789 568 1844 duos
616 1785 805 1841 Fausti
858 1782 1098 1839 haeretici
1145 1777 1444 1835 Lirinensis
1499 1773 1769 1844 quondam

182 1879 484 1944 monachi,
532 1875 797 1949 Regensis
849 1873 1189 1945 postmodum
1244 1867 1478 1940 episcopi
1537 1885 1550 1920 :

179 1972 424 2028 convicit
449 1969 589 2024 idem
625 1969 817 2023 doctor
843 1965 1184 2026 mirabiliter,
1217 1961 1587 2030 contrivitque
1618 1972 1768 2013 com-

178 2069 369 2118 menta
399 2057 618 2119 diaboli,
662 2065 717 2112 et
763 2070 886 2112 cum
945 2053 1067 2108 aliis
1112 2049 1519 2124 quatuordecim
1567 2046 1772 2102 sanctis

188 2153 538 2224 coepiscOpis
577 2150 722 2214 suis,
768 2149 838 2203 ab
887 2147 1128 2203 Ecclesia
1190 2144 1392 2200 Christi
1446 2139 1662 2210 repulit,
1719 2145 1774 2194 et

179 2245 493 2302 eliminavit
540 2242 851 2298 letbiferum
900 2240 1050 2296 virus
1078 2235 1418 2293 Antichristi.
1454 2233 1676 2289 Necnon
1719 2237 1775 2287 et

180 2334 360 2390 tribus
386 2333 509 2389 aliis
551 2333 620 2388 de
663 2331 891 2386 veritate
932 2327 1424 2399 przedestinationis
1465 2333 1521 2380 et
1564 2323 1772 2394 gratiae.

183 2424 288 2480 Sed
329 2429 391 2478 et
437 2422 491 2476 in
538 2436 647 2475 uno
685 2419 796 2485 illo,
831 2434 991 2489 quem
1033 2427 1200 2473 totum
1231 2430 1392 2485 super
1413 2414 1514 2469 hac
1541 2420 1774 2466 tantum-

183 2517 348 2572 mcdo
419 2513 718 2583 quaestione
773 2511 841 2564 ad
892 2509 1182 2564 Monimum
1231 2507 1357 2560 hinc
1402 2503 1772 2560 consulentem

178 2608 540 2678 cognoscitur
574 2603 832 2658 edidisse.

245 2699 534 2754 Gloriosus
553 2709 776 2766 quoque
805 2692 1101 2764 Gregorius
1137 2689 1312 2762 (cujus
1351 2690 1474 2746 inde
1501 2687 1773 2758 aliquanta

177 2788 282 2857 iam
317 2788 525 2844 inserui
558 2786 828 2857 superius)
861 2784 1042 2838 taliter
1084 2783 1226 2838 inter
1275 2793 1468 2838 czetera
1521 2780 1648 2835 inde
1688 2786 1776 2834 est

178 2880 401 2936 loeutus
436 2899 450 2934 :
490 2897 509 2931 ‹
559 2877 866 2932 Tenebrosa
917 2876 1094 2931 hostia
1147 2885 1273 2930 tunc
1317 2873 1578 2928 Dominus
1616 2872 1769 2936 vidit,

179 2987 305 3026 cum
359 2970 592 3026 claustra
647 2968 846 3022 inferni
897 2975 1193 3037 penetrans
1241 2965 1488 3021 crudeles
1551 2963 1773 3033 spiritus

177 3061 431 3129 perculit,
459 3067 514 3114 et
546 3059 741 3113 mortis
780 3057 1097 3127 praepositos
1146 3055 1428 3111 moriendo
1475 3054 1770 3109 damnavit.

180 3151 336 3219 Quod
365 3151 594 3215 idcirco,
625 3149 819 3219 inquit,
850 3163 954 3201 non
987 3147 1164 3202 adhuc
1191 3147 1257 3200 de
1287 3145 1493 3208 futuro,
1519 3146 1614 3200 sed
1658 3142 1771 3212 jam

181 3244 247 3298 de
269 3242 552 3314 praeterito
577 3241 775 3297 dicitur
805 3255 819 3292 :
852 3238 977 3308 quia
1007 3237 1268 3307 quidquid
1295 3235 1535 3291 futurum
1566 3242 1688 3289 erat
1717 3235 1773 3289 in

185 3348 374 3403 opere,
401 3331 658 3387 nimirum
682 3327 796 3398 jam
845 3328 1046 3384 factum
1086 3335 1173 3383 est
1211 3325 1709 3397 pmdestinatione.
1749 3343 1768 3377 ι

183 3424 312 3480 ltem
342 3441 357 3477 :
391 3443 410 3476 ‹
434 3423 732 3478 Leviathan
780 3421 869 3475 ille
907 3435 1030 3474 cum
1059 3418 1327 3474 universis
1361 3417 1620 3473 membris
1663 3417 1776 3472 suis

185 3515 408 3570 :eternis
462 3511 799 3568 cruciatibus
841 3517 928 3563 est
980 3510 1285 3578 deputatus.
1341 3527 1360 3560 ι
1422 3507 1555 3561 item
1598 3507 1775 3577 ipsum

186 3620 402 3675 quoque
425 3601 568 3658 diem
589 3599 777 3670 judieii
802 3599 932 3654 dicit
954 3612 1076 3654 esse
1103 3597 1544 3668 praedestinatum
1566 3636 1582 3661 ,
1613 3611 1777 3666 expo-

188 3713 320 3753 nens
347 3696 480 3752 illud
508 3709 576 3748 ex
599 3693 738 3749 libro
759 3689 862 3746 Job
903 3707 915 3742 :
963 3708 982 3741 α
1030 3689 1258 3756 Lampus
1305 3696 1597 3756 contempta
1637 3686 1778 3755 apud

187 3789 528 3859 cogitationes
556 3785 1000 3853 divitum,parata
1033 3782 1103 3835 ad
1125 3790 1328 3850 tempus
1364 3788 1622 3832 statutum
1654 3775 1777 3846 (Job

188 3894 287 3942 sn,
311 3879 393 3946 5),
425 3876 621 3945 inquit,
651 3882 979 3943 contemptae
1013 3870 1278 3942 lampadis
1311 3879 1525 3940 tempus
1551 3877 1636 3924 est
1685 3881 1780 3920 ex-

189 3968 350 4023 tremi
374 3967 568 4038 judicii
613 3962 1042 4036 praedestinatus
1088 3961 1228 4017 dies.
1269 3980 1287 4013 ι
1326 3958 1562 4014 Sanctus
1612 3957 1779 4012 etiam

187 4056 430 4113 Isidorus
456 4056 582 4110 inde
611 4056 691 4110 sic
717 4054 850 4110 dicit
887 4071 900 4106 :
939 4071 957 4104 ‹
987 4051 1214 4108 Gemina
1243 4059 1327 4107 est
1349 4049 1777 4122 pratdestinatio,

187 4147 303 4202 sive
369 4145 667 4200 electorum
719 4143 788 4198 ad
835 4142 1100 4212 requiem,
1148 4141 1262 4196 sive
1321 4138 1672 4211 reproborum
1713 4137 1780 4191 ad

191 4246 449 4291 mortem.
485 4255 504 4287 ι
536 4233 652 4290 Non
682 4234 827 4289 enim
852 4233 947 4298 ait,
985 4235 1104 4287 dua:
1134 4240 1277 4297 sunt,
1305 4231 1432 4302 quia
1460 4246 1567 4285 non
1597 4239 1722 4285 sunt
1761 4245 1775 4282 :

189 4330 305 4392 sed,
338 4326 578 4399 gemina,
623 4325 675 4380 id
702 4333 787 4379 est
827 4322 1083 4393 bipertita
1112 4339 1125 4376 :
1156 4321 1282 4392 quia
1330 4319 1498 4375 semel
1544 4328 1620 4383 tu,
1674 4318 1783 4373 Do-

189 4418 365 4482 mine,
403 4417 615 4472 locutus
653 4431 714 4470 es
739 4433 752 4468 :
776 4413 1013 4485 qualiter
1063 4427 1168 4467 una
1214 4411 1453 4480 quidem,
1479 4409 1572 4466 sed
1603 4418 1784 4464 tamen

188 4507 411 4580 gemina
427 4504 901 4576 praedestinatione
921 4512 976 4558 et
1002 4502 1205 4558 electos
1228 4502 1400 4573 gratis
1417 4499 1704 4568 justiﬁces,
1720 4515 1784 4555 ac

189 4599 463 4670 perpetim
493 4596 689 4662 salves,
721 4605 777 4651 et
803 4594 1062 4665 reprobus
1089 4607 1303 4663 quoque
1343 4591 1538 4647 merito
1561 4589 1782 4655 refutes,

185 4688 447 4759 justeque
507 4685 858 4742 condemnes.
923 4701 940 4733 ι
999 4682 1087 4747 Ει,
1134 4682 1276 4737 sicut
1318 4680 1660 4751 supradictus
1712 4679 1787 4734 ait

190 4781 520 4852 Gregorius,
550 4779 687 4835 alios
719 4777 1016 4849 respiciens
1041 4776 1296 4841 redimas,
1341 4775 1478 4831 alios
1529 4773 1787 4830 deserens

190 4871 418 4943 perdas.
457 4891 474 4923 ι

266 4965 403 5020 Tale
430 4971 516 5020 est
539 4973 721 5019 autem
745 4962 888 5033 quod
910 4960 1109 5016 dicitur
1123 4959 1527 5032 praedestinatio
1546 4959 1782 5031 gemina,

196 5057 249 5111 in
299 5057 511 5112 electos
555 5054 806 5110 videlicet
847 5062 903 5108 et
949 5053 1210 5122 reprobus
1252 5051 1529 5122 bipartita,
1575 5065 1698 5106 cum
1723 5049 1796 5105 sit

195 5166 305 5205 una
333 5189 350 5214 ,
399 5149 531 5203 licet
575 5147 646 5202 sit
697 5145 1090 5217 dupla;-quale
1120 5153 1205 5200 est
1238 5144 1380 5215 quod
1425 5143 1738 5214 frequenter
1761 5157 1793 5196 a

195 5241 363 5297 beato
417 5239 719 5310 Augustino
743 5279 758 5303 ,
791 5246 847 5293 et
869 5237 1081 5293 czeteris
1109 5235 1364 5291 Patribus
1391 5235 1590 5291 dicitur
1616 5235 1795 5292 chari-

198 5340 284 5387 tas
313 5331 402 5387 vel
443 5330 664 5386 dilectio
698 5329 913 5401 gemina
938 5370 952 5392 ,
1000 5343 1123 5383 eum
1168 5329 1353 5398 utique
1387 5343 1492 5383 non
1521 5327 1628 5382 sint
1652 5329 1791 5390 duae,

197 5423 298 5478 sed
331 5437 464 5482 una.
498 5420 621 5476 licet
649 5429 869 5491 propter
897 5419 1064 5474 Deum
1104 5427 1161 5473 et
1187 5418 1492 5488 proximum
1525 5417 1596 5472 sit
1629 5418 1792 5473 etiam

199 5515 388 5587 dupla.
451 5513 621 5582 Quale
649 5524 732 5569 est
759 5521 815 5567 et
848 5511 975 5566 illud
999 5511 1178 5566 Patris
1203 5510 1514 5582 Augustini,
1546 5511 1687 5580 quod
1716 5509 1798 5564 di-

199 5605 282 5660 cit
336 5603 652 5675 bipartitum
696 5618 818 5659 esse
870 5617 1006 5672 opus
1056 5603 1184 5657 Dei:
1225 5601 1498 5672 geminum
1549 5599 1798 5655 videlicet

199 5697 396 5754 volens
422 5695 668 5768 intelligi,
699 5705 753 5750 et
775 5695 920 5765 quod
949 5693 1400 5764 quadripartitus.
1427 5693 1495 5748 ab
1519 5693 1634 5764 ipso
1662 5707 1796 5763 quo-

201 5801 314 5856 que
345 5786 546 5841 dicitur
572 5785 822 5842 mundus.
865 5783 991 5860 Non
1018 5793 1251 5854 quatuor
1281 5793 1486 5851 tamen,
1515 5784 1610 5840 sed
1635 5789 1791 5852 unu’s,

1813 4550 1864 4610 D

1867 602 1974 640 non
2007 585 2244 655 quinque
2275 593 2454 638 tamen
2498 596 2618 637 esse
2657 581 2854 645 docet,
2892 579 2985 636 sed
3017 595 3198 634 unam.
3220 609 3288 619 ——
3318 577 3452 635 Hinc

1865 686 1920 732 et
1951 685 2137 732 sancto
2165 674 2440 745 Gregorio
2479 673 2692 744 gemina
2723 671 3032 727 Judaeorum
3067 671 3291 727 scientia
3319 672 3456 725 diei-

1869 778 1978 834 tur,
2011 779 2066 821 et
2097 775 2272 821 tamen
2310 767 2436 820 licet
2465 763 2624 836 dupla
2662 764 2758 826 sit,
2806 779 2913 817 una
2941 778 3061 817 esse
3091 762 3452 832 cognoscitur.

1867 859 2018 926 Quod
2043 868 2098 914 et
2121 859 2294 930 ipsum
2319 872 2488 929 genus
2517 856 2802 912 locutionis
2831 856 3245 910 usitatissimum
3272 865 3376 922 est,
3401 865 3458 912 et

1868 950 2006 1020 apud
2053 958 2305 1003 auctores
2354 961 2568 1015 quoque
2614 944 2893 1001 saecularis
2919 944 3456 1015 litteraturzezquod

1867 1043 1993 1113 quia
2024 1040 2388 1096 rectissimum
2416 1048 2500 1092 est
2532 1053 2597 1092 ac
2625 1036 2990 1100 verissimum,
3015 1052 3119 1091 non
3143 1037 3239 1092 abs
3266 1051 3324 1090 re
3349 1047 3456 1101 est,

1867 1134 1912 1188 si
1943 1141 1998 1188 et
2027 1132 2148 1186 inde
2190 1130 2277 1185 hic
2307 1138 2576 1199 ponantur
2601 1127 2778 1196 aliqua
2808 1167 2822 1190 ,
2866 1142 2987 1197 qua:
3031 1127 3244 1183 valeant
3273 1128 3341 1184 ad
3364 1115 3471 1183 cu-l

1867 1221 2072 1277 mulum
2097 1221 2308 1275 tuenda:
2328 1218 2613 1273 sententia:
2637 1216 2960 1287 supradicta:
2997 1234 3012 1271 :
3047 1227 3239 1272 namet
3268 1232 3457 1274 eorum

1868 1314 2086 1385 quidam
2133 1313 2404 1382 geminam
2444 1310 2582 1365 dixit
2623 1309 2872 1364 arborem
2901 1348 2915 1372 ,
2970 1325 3076 1363 non
3110 1310 3242 1364 duas
3268 1309 3458 1366 volens

1871 1404 2118 1475 intelligi,
2147 1404 2240 1458 sed
2272 1418 2435 1457 unam
2462 1442 2476 1465 ,
2523 1411 2579 1456 et
2624 1400 2760 1454 alius
2783 1399 3098 1470 qualitatem
3129 1400 3362 1457 nominis
3384 1401 3461 1456 bi.

1868 1499 2125 1570 partitam
2155 1537 2168 1562 ,
2214 1505 2270 1550 et
2311 1495 2688 1549 universorum
2724 1493 2919 1563 pedum
2962 1493 3162 1546 trinam
3191 1493 3458 1547 conditio.

1870 1603 2015 1653 nem,
2058 1595 2114 1642 et
2145 1586 2335 1640 tertius
2363 1599 2514 1654 aeque
2549 1584 2755 1654 peritus
2785 1581 3129 1646 Priscianus,
3175 1597 3335 1652 quam
3368 1580 3459 1636 ille

1870 1678 2086 1732 dixerat
2113 1679 2335 1740 trinam,
2365 1675 2616 1745 exposuit
2645 1673 2990 1743 tripartitam.

1942 1768 2053 1825 Nec
2079 1783 2208 1824 sane
2237 1769 2487 1837 cuiquam
2509 1768 2597 1837 pie
2627 1765 2949 1835 sapientium
2975 1763 3146 1820 videri
3181 1763 3339 1818 debet
3367 1763 3464 1820 ab-

1606 1879 1766 1936 quem
1800 1852 1843 1911 Β
1871 1862 2120 1926 surdum,
2149 1861 2194 1915 si
2236 1859 2449 1930 gemina
2474 1858 2877 1928 praedestinatio
2895 1855 3153 1920 creditur,
3184 1864 3239 1912 et
3264 1869 3463 1924 cogno-

1873 1956 2063 2022 scitur,
2089 1963 2144 2009 et
2191 1953 2568 2008 incunctanter
2607 1965 2727 2005 esse
2772 1950 2970 2004 dicitur
3010 1949 3151 2018 apud
3196 1957 3247 2003 te
3280 1948 3459 2004 Dumio

1873 2061 2002 2101 num
2041 2051 2286 2100 nostrum
2328 2040 2648 2096 naturaliter
2673 2040 2888 2109 quidem
2924 2055 3122 2104 unum,
3160 2039 3254 2094 sed
3303 2038 3464 2094 simul

1874 2137 2038 2192 etiam
2061 2133 2422 2205 personaliter
2451 2132 2686 2186 trinum:
2716 2132 2806 2201 qui
2832 2139 2979 2186 certe
3008 2132 3304 2186 secundum
3322 2132 3466 2188 han;

1875 2225 2148 2294 geminam
2190 2220 2721 2294 praedestinationem
2777 2229 2923 2275 tuam
2978 2219 3466 2290 (quemadmodum

1874 2315 2212 2388 Augustinus
2239 2323 2365 2369 tuus
2396 2312 2627 2368 ﬁdeliter
2656 2311 2866 2375 credit,
2898 2320 2953 2365 et
2983 2310 3215 2365 ﬁdenter
3246 2310 3466 2380 asserit)

1875 2407 2052 2462 bonus
2073 2419 2133 2460 es
2153 2403 2208 2459 in
2231 2401 2496 2459 beneﬁcio
2509 2410 2800 2467 certorum,
2809 2399 2989 2468 justus
3011 2400 3064 2454 in
3082 2399 3344 2471 supplicio
3361 2415 3468 2456 creo

1877 2502 2139 2550 terorum.
2173 2493 2240 2548 Et
2267 2493 2508 2562 insuper.
2535 2500 2594 2546 ut
2626 2491 2910 2563 profitetur
2932 2499 3348 2560 consequenter,
3371 2491 3467 2546 bo-

1875 2601 1978 2642 nus
2005 2601 2064 2641 es
2095 2585 2148 2640 in
2175 2584 2447 2650 omnibus,
2469 2583 2722 2653 quoniam
2743 2583 2940 2636 bonum
2970 2589 3057 2636 est
3080 2597 3202 2634 cum
3225 2581 3463 2636 debitum

1875 2675 2120 2732 redditur
2147 2692 2159 2728 :
2194 2673 2260 2728 Et
2282 2671 2462 2742 justus
2487 2672 2541 2725 in
2563 2669 2846 2733 omnibus,
2877 2669 3132 2739 quoniam
3154 2669 3357 2740 justum
3385 2678 3472 2724 est

1876 2781 2000 2822 cum
2031 2763 2269 2820 debitum
2315 2763 2432 2818 sine
2476 2759 2792 2830 cujusquam
2833 2758 3020 2813 fraude
3049 2758 3301 2813 donatur.
3342 2756 3470 2814 Haec

1876 2856 2058 2912 omnia
2101 2857 2244 2912 sicut
2291 2854 2380 2910 hic
2419 2852 2538 2924 (tibi
2564 2851 2787 2923 gratias)
2836 2861 2891 2907 et
2916 2852 3078 2907 credo
3113 2859 3168 2904 et
3205 2849 3470 2906 confiteor

1877 2945 2103 3018 (gratias
2129 2943 2249 3015 tibi)
2281 2950 2440 3014 prout
2482 2943 2655 3013 gratis
2695 2941 2922 3010 largitus
2964 2955 3023 2995 es
3055 2939 3206 2994 mihi.
3251 2940 3314 2994 Et
3341 2939 3471 3009 quia

1877 3038 1932 3093 in
1962 3037 2070 3093 tuis
2090 3078 2106 3103 ,
2138 3038 2194 3092 in
2234 3037 2386 3093 libris
2419 3044 2634 3090 tuorum
2666 3035 2874 3091 scilicet
2921 3034 3293 3088 ministrorum
3321 3032 3472 3087 labo-

1878 3149 1940 3189 re
1961 3173 1977 3200 ,
2008 3132 2119 3188 imo
2153 3132 2326 3202 gratia
2371 3144 2460 3186 tua
2503 3131 2770 3185 veraciter
2797 3127 3080 3199 expositis,
3113 3129 3229 3183 haec
3253 3143 3281 3181 a
3313 3136 3365 3182 te
3389 3127 3464 3182 dia

1877 3232 1965 3279 cta
1994 3224 2206 3295 reperio
2226 3264 2241 3286 ,
2298 3231 2406 3277 tam
2436 3222 2738 3293 perspicuae
2763 3235 2986 3292 prorsus
3010 3219 3226 3274 veritati
3253 3228 3460 3274 contra-

1877 3313 2057 3369 dicere
2103 3312 2269 3384 (quod
2296 3312 2458 3382 absit)
2489 3327 2598 3367 non
2626 3311 2818 3366 audeo.
2882 3310 3146 3378 Quoniam
3178 3325 3402 3381 prorsus
3437 3325 3465 3365 a

1877 3412 1931 3460 te
1951 3404 2181 3459 veritate
2204 3403 2388 3474 negari
2413 3402 2555 3456 sicut
2579 3402 2815 3457 minatus
2838 3417 2898 3456 es
2932 3409 3179 3456 metuens
3198 3440 3213 3464 ,
3241 3409 3298 3454 et
3324 3400 3471 3454 illam

1877 3510 2093 3565 quoque
2120 3495 2406 3564 repetitam
2448 3493 2599 3547 Pauli
2643 3493 2966 3547 sententiam
2997 3491 3474 3547 vehementissime

1879 3586 2061 3640 timeo.
2102 3583 2162 3638 Si
2193 3586 2309 3654 quis
2345 3585 2484 3639 vobis
2519 3585 2906 3638 aununtiauerit
2947 3594 3294 3654 prwterquam
3332 3583 3472 3653 quod

1879 3675 2172 3746 accepistis,
2196 3676 2474 3729 anathema
2497 3676 2564 3729 sit
2593 3673 2734 3744 (Gal.
2768 3691 2806 3738 ι,
2833 3675 2909 3744 8).

1953 3769 2184 3823 Tantum
2218 3769 2482 3838 siquidem
2510 3767 2713 3822 amoris
2739 3767 2852 3830 tibi,
2881 3766 3107 3822 Domine
3150 3765 3299 3831 Jesu,
3329 3769 3474 3822 veri-

1883 3869 1968 3916 tas
1998 3861 2201 3916 invicta
2225 3901 2238 3924 ,
2272 3860 2659 3931 perpetualiter
2681 3861 2872 3925 debeo,
2919 3872 2980 3915 ut
3016 3860 3472 3931 quemadmodum

1883 3951 1953 4007 ab
1981 3951 2284 4021 Augustino
2305 3952 2620 4020 perhibetur
2643 3951 2912 4008 veraciter
2944 3959 3064 4018 tuo,
3093 3966 3273 4020 neque
3299 3951 3478 4008 homi-

1881 4041 2041 4097 nibus
2062 4042 2307 4113 plaeendi
2340 4042 2540 4104 studio,
2573 4057 2751 4112 neque
2789 4051 3040 4114 respectu
3067 4043 3478 4098 devitandorum

1883 4133 2250 4205 quorumlibet
2269 4135 2756 4199 incommodorum,
2782 4135 3112 4204 detorquear
3126 4135 3292 4204 (quod
3315 4133 3476 4204 absit)

1886 4225 2266 4280 avero.—Et
2313 4234 2373 4280 ut
2418 4225 2608 4281 beatus
2647 4227 2812 4282 etiam
2870 4227 3031 4283 docet
3081 4225 3379 4298 Gregorius
3421 4226 3475 4279 in

1885 4327 2147 4388 quantum
2195 4319 2313 4374 sine
2337 4328 2559 4388 peccato
2595 4320 2866 4390 possimus
2903 4321 3075 4376 vitare
3104 4320 3476 4390 proximorum

1885 4412 2162 4477 scandala,
2195 4411 2486 4477 debemus;
2514 4412 2560 4466 si
2588 4422 2772 4468 autem
2803 4413 2872 4467 de
2904 4413 3136 4468 veritate
3160 4411 3475 4469 scandalum

1889 4503 2142 4568 sumitur,
2175 4504 2364 4558 utilius
2390 4504 2723 4574 permittitur
2748 4504 2897 4559 nasci
2933 4503 3248 4559 scandalum
3270 4542 3286 4569 ,
3318 4517 3478 4572 quam

1891 4595 2097 4650 veritas
2120 4594 2475 4664 relinquatur.
2491 4593 2687 4649 a-Nec
2707 4609 2839 4649 sane
2858 4593 3230 4662 cujuscunque
3250 4607 3479 4662 persona

1891 4692 2081 4738 contra
2128 4683 2438 4753 recipienda
2470 4685 2634 4739 modo
2654 4683 2896 4753 quolibet
2930 4683 3221 4752 excipitur,
3265 4682 3482 4753 quando

1889 4774 1974 4829 vel
2002 4774 2336 4844 Augustinus
2360 4774 2445 4829 vel
2474 4773 2766 4845 Apostolus
2792 4775 3121 4829 annuntians
3140 4815 3155 4838 ,
3186 4774 3356 4844 ipsius
3385 4788 3483 4830 ore

1887 4864 2132 4936 Apostoli
2155 4864 2501 4919 anathemate
2527 4865 2688 4935 digno
2708 4864 3040 4935 percellitur.
3075 4863 3147 4918 Ut
3172 4862 3317 4918 enim
3346 4878 3485 4932 pra:-

1890 4955 2067 5010 dictus
2107 4952 2398 5024 Gregorius
2443 4955 2711 5010 veraciter
2746 4953 2986 5009 fatetur:
3017 4955 3140 5008 dum
3177 4954 3324 5009 salva
3373 4953 3476 5010 fide

1897 5061 1985 5102 res
2010 5045 2210 5117 agitur,
2243 5046 2461 5102 virtutis
2495 5056 2576 5102 est
2605 5047 2889 5110 meritum,
2921 5048 2965 5102 si
2996 5049 3256 5118 quidquid
3284 5049 3484 5120 prioris

1895 5144 1980 5192 est
2012 5135 2296 5192 toleratur.
2348 5135 2600 5207 Alioquin
2638 5137 2684 5192 si
2716 5137 2837 5192 fieri
2866 5147 3054 5209 posset
3084 5139 3281 5196 millies
3305 5140 3486 5210 potius

1895 5243 1994 5300 pro
2040 5228 2268 5283 veritate
2316 5229 2564 5284 deberem
2589 5243 2812 5300 prorsus
2833 5238 2889 5284 et
2919 5239 3165 5301 optarem
3196 5232 3486 5286 occumbe-

1900 5337 1989 5387 re,
2015 5337 2178 5394 quam
2202 5321 2368 5378 semel
2401 5321 2564 5393 (quod
2593 5322 2756 5392 absit)
2787 5323 3007 5379 cuilibet
3032 5339 3189 5380 secus
3219 5323 3485 5394 loquenti,

1900 5417 2139 5472 cedendo
2196 5415 2552 5473 succumbere
2593 5434 2605 5470 :
2645 5415 2787 5471 illius
2827 5417 3078 5472 videlicet
3122 5425 3228 5472 tuae
3278 5429 3486 5470 memor

1899 5510 2141 5565 scientiae
2173 5527 2185 5562 :
2219 5507 2340 5574 Qu?
2356 5524 2436 5563 me
2462 5506 2730 5577 confessus
2768 5507 2927 5578 fuerit
2962 5524 3138 5563 coram
3169 5507 3484 5569 hominibus,

1898 5601 2183 5670 conﬁtebor
2221 5611 2269 5655 et
2304 5617 2395 5672 ego
2432 5616 2548 5654 eum
2590 5615 2766 5655 coram
2814 5599 2978 5655 Patre
3022 5617 3159 5664 meo,
3185 5599 3275 5669 qui
3318 5606 3393 5652 est
3433 5597 3486 5649 iu

1900 5690 2040 5745 ca’lis
2065 5689 2279 5762 (Matth.
2315 5707 2369 5755 x,
2397 5690 2509 5761 '52).

1974 5781 2252 5853 Simulque
2276 5783 2416 5838 illius
2439 5800 2654 5854 quoque
2677 5783 2897 5839 memini
2924 5801 2936 5837 :
2971 5781 3050 5836 Ne
3082 5777 3485 5850 trausgrcdiurfs
