4026 6346
611 352 718 412 559

1565 351 2089 411 GOTTESCHALCI
2130 349 2557 407 ORBACENSIS
2593 350 2903 408 MONACHI

3096 278 3109 337 1
3129 277 3285 358 "mw

3109 373 3123 387 '
3736 368 3816 427 360

610 470 859 526 terminos
906 469 1149 541 antiquos
1173 510 1189 536 ,
1230 486 1359 540 quos
1388 479 1673 541 posuerunt
1702 454 1979 539 patres'tui
2019 463 2202 536 (Prov.
2231 473 2279 530 Α
2309 478 2415 518 non
2444 472 2703 518 verentur
2725 468 3037 531 susurrare,
3077 451 3186 523 ἰῖιῖο
3218 467 3392 537 palam
3422 472 3689 541 praedicare
3707 476 3819 538 falsi.

610 576 747 625 xxii,
778 562 892 633 28).
931 560 1085 629 Quod
1112 560 1389 626 nimirum,
1418 571 1477 615 ut
1496 560 1790 631 Gregorius
1817 558 2062 629 exponit,
2094 558 2204 611 ha:-

610 652 769 707 retici
795 651 1021 714 faciunt,
1040 651 1132 720 qui
1160 666 1191 704 a
1209 659 1414 706 sanctis
1439 635 1699 706 Ecclesiae
1722 650 1929 722 gremio
1957 646 2203 703 extranei

612 740 873 797 existunt.
916 757 934 790 ι
966 739 1072 810 Ipsi
1097 779 1112 805 ,
1145 740 1361 811 inquit,
1387 740 1650 798 terminos
1690 739 2052 803 transferunt,
2076 738 2201 808 quia

609 830 1028 888 constitutiones
1071 830 1295 886 Patrum
1338 830 1749 901 pricvaricando
1784 829 2200 894 transcendunt,

609 922 703 995 qui
738 922 901 977 etiam
930 935 1123 993 greges
1156 922 1419 991 diripiunt
1455 929 1512 977 et
1541 928 1801 991 pascunt,
1832 919 1958 988 quia
1983 917 2202 987 imperis

610 1022 692 1069 tos
721 1028 938 1084 quoque
980 1013 1255 1083 perversis
1279 1012 1347 1067 ad
1389 1027 1450 1069 se
1494 1011 1838 1068 suasionibus
1877 1011 2118 1074 trahunt,
2145 1018 2201 1064 et

608 1105 767 1159 donis
806 1103 1082 1175 pestiferis
1124 1104 1193 1158 ad
1225 1102 1659 1158 interficiendum
1704 1101 1973 1157 nutriunt.
2003 1120 2022 1153 ι
2053 1100 2205 1167 Quod

613 1200 809 1254 beatus
832 1213 1049 1269 quoque
1095 1197 1197 1254 Job
1242 1198 1486 1267 increpat
1516 1196 1739 1251 dicens:
1776 1192 2030 1265 Nunquid
2060 1191 2200 1246 Deus

603 1289 801 1362 indiget
832 1299 1001 1345 oestro
1026 1289 1324 1355 mendacio,
1355 1298 1414 1343 ut
1443 1305 1538 1360 pro
1579 1287 1670 1341 illo
1698 1285 1986 1354 loquamini
2012 1283 2202 1338 dolos!

607 1380 733 1451 (Job
765 1395 887 1447 xm,
917 1380 996 1453 7.)
1042 1381 1187 1451 Deus
1224 1380 1509 1435 mendacio
1530 1392 1637 1432 non
1666 1383 1805 1448 eget,-
1839 1375 1967 1446 quia
1995 1374 2198 1431 veritas

609 1470 788 1525 fulciri
827 1488 933 1527 non
966 1473 1163 1541 quaerit
1191 1471 1393 1526 auxilio
1421 1469 1694 1525 falsitatis.
1734 1466 1986 1522 Hieretici
2015 1474 2198 1521 autent

610 1564 739 1633 quia
769 1577 833 1618 ea
878 1579 1002 1634 qua:
1027 1578 1196 1634 prave
1228 1563 1296 1618 de
1325 1550 1436 1618 Deo
1474 1560 1818 1632 intelligunt,
1861 1573 1930 1612 ex
1972 1557 2200 1613 veritate

610 1656 751 1711 tueri
780 1670 885 1710 non
926 1664 1192 1726 possunt,
1225 1657 1380 1726 quasi
1424 1656 1490 1710 ad
1539 1653 1944 1726 approbandum
1987 1651 2198 1707 radium

611 1748 864 1816 luminis,
905 1750 1131 1805 umbras
1166 1748 1419 1805 falsitatis
1448 1748 1752 1817 requirunt.
1789 1745 1859 1800 Et
1882 1759 1980 1813 pro
2002 1751 2068 1799 eo
2097 1743 2196 1800 d0"-

2307 564 2474 610 tatem
2494 595 2509 622 ,
2532 554 2988 627 ﬂoccipendentes
3019 557 3150 613 illud
3182 557 3325 615 beati
3347 559 3644 634 Basilii,qui
3663 567 3817 628 divinis

2306 649 2624 720 saginantur
2658 648 2891 719 eloquiis
2924 664 3279 722 corrumpere
3310 652 3378 707 de
3403 652 3590 710 divinis
3605 657 3817 728 dogmati-

2306 743 2446 808 bus,
2492 757 2669 813 neque
2699 743 2862 798 ullam
2892 744 3158 816 syllabam
3186 747 3498 817 patiuntur:
3524 752 3608 807 sed
3631 767 3715 821 pro
3738 755 3816 821 his,

2305 832 2350 886 si
2385 832 2707 904 contigerit,
2763 834 2929 889 etiam
2976 849 3170 890 omnes
3197 837 3389 892 mortis
3431 839 3627 908 species
3661 844 3821 913 ample

2305 931 2543 978 utuntur.
2581 923 2650 978 Et
2669 923 2799 979 illud
2822 927 3041 995 quoque
3066 934 3476 982 contemnentes
3497 927 3715 1000 Gregorii
3739 932 3817 988 Na-

2311 1015 2557 1071 zianzeni
2585 1033 2600 1072 :
2633 1016 2991 1073 Fortitudinis
3035 1026 3119 1074 est
3162 1034 3510 1089 perseverare
3548 1023 3598 1077 in
3623 1026 3825 1092 veritate,

2305 1104 2433 1161 licet
2452 1106 2721 1177 quispiam
2752 1107 3052 1164 debelletur
3083 1110 3151 1165 ad
3191 1125 3255 1165 ea
3280 1124 3399 1180 qua:
3434 1113 3563 1168 nihil
3597 1117 3819 1183 sunt.,h'ia

2305 1194 2381 1249 hil
2410 1203 2591 1251 autem
2622 1205 2748 1251 sunt
2782 1196 2993 1254 falsitas
3023 1207 3080 1255 et
3105 1200 3475 1267 mendacium,
3496 1218 3609 1273 quae
3630 1206 3823 1274 profecto

2305 1280 2472 1357 super
2512 1288 2695 1343 omnia
2739 1291 3102 1361 corporalium
3139 1302 3339 1363 genera
3368 1294 3606 1349 mortium
3625 1298 3760 1353 vitam
3781 1276 3825 1354 et

2304 1389 2501 1434 cavent
2528 1419 2542 1445 ,
2579 1387 2635 1435 et
2669 1381 2897 1438 horrent
2935 1392 2995 1437 ut
3043 1383 3275 1449 debent,
3305 1385 3469 1441 corda
3488 1401 3682 1458 semper
3701 1405 3821 1445 vera—

2304 1470 2469 1525 cium.
2506 1471 2742 1528 Maxime
2775 1481 2954 1529 tamen
3002 1475 3059 1530 in
3101 1475 3351 1531 doctrina
3380 1476 3637 1547 religionis
3665 1479 3821 1535 evitant

2304 1561 2532 1618 omnino
2558 1563 2917 1634 praecipitium
2945 1564 3202 1622 falsidicus
3221 1565 3525 1624 locutibnis.
3804 1610 3808 1615 .

2375 1647 2490 1704 Hoc
2515 1660 2600 1707 est
2627 1652 2850 1723 (gratias
2892 1654 3025 1720 tibi,
3056 1655 3312 1723 Domine,
3341 1656 3479 1712 alma
3506 1657 3733 1732 Trinitas)
3762 1660 3821 1715 ina

2304 1740 2573 1799 violabilis
2613 1742 2747 1800 fides
2774 1755 2831 1800 et
2865 1745 3138 1802 confessio
3163 1762 3285 1803 mea
3322 1749 3388 1804 de
3423 1750 3821 1819 praescientiasci-

608 1840 693 1896 los
738 1840 1053 1912 loquuntur,
1100 1842 1227 1897 dum
1273 1840 1520 1896 infirmas
1561 1846 1774 1894 mentes
1812 1836 1881 1892 ah
1922 1836 2197 1893 intellectu
2227 1844 2275 1904 Β
2302 1832 2461 1899 licet,
2502 1850 2570 1890 ac
2608 1838 3083 1905 praedestinatione
3113 1845 3203 1893 tua
3244 1855 3406 1910 quam
3436 1842 3819 1915 praedicavitin

608 1932 753 1989 illius
780 1933 942 1989 stulta
967 1933 1282 1989 seductione
1307 1933 1600 2003 decipiunt.
1638 1930 1773 1986 Item
1801 1948 1815 1984 :
1843 1929 1947 1983 Aut
1978 1928 2203 2000 placebit

611 2023 681 2089 ei,
721 2039 872 2094 quem
901 2023 1073 2077 celare
1106 2022 1237 2077 nihil
1260 2022 1465 2092 potest?
1494 2023 1595 2076 Aut
1627 2020 1914 2091 decipietur
1936 2030 1991 2073 ut
2024 2021 2201 2085 homo,-

607 2113 789 2169 uestris
813 2109 1229 2182 fraudulentiis?
1264 2111 1451 2182 (Ibid.,
1488 2112 1567 2179 9.)
1602 2110 1846 2167 Fraudes
1882 2109 1993 2165 Deo
2031 2110 2205 2165 haere-

608 2203 704 2260 tici
746 2203 1050 2269 exhibent,
1079 2203 1207 2273 quia
1259 2217 1324 2257 ea
1372 2210 1656 2269 astruunt,
1703 2218 1823 2273 qua:
1857 2216 2203 2274 nequaquam

606 2295 708 2368 ipsi
732 2310 832 2367 pro
871 2304 979 2366 quo
1027 2295 1321 2365 loquuntur
1351 2294 1602 2365 placent,
1630 2306 1861 2365 cumque
1891 2294 2017 2349 dum
2045 2291 2202 2363 quasi

606 2384 897 2442 defendere
943 2385 1217 2451 nituntur,
1247 2383 1528 2440 offendunt
1571 2384 1696 2440 dum
1737 2384 1791 2438 in
1818 2376 2200 2440 adversitatem

566 2477 727 2548 -cjus
772 2486 1075 2544 corruunt,
1131 2477 1216 2533 cui
1271 2476 1530 2533 videntur
1579 2489 1647 2531 ex
1692 2475 2076 2546 praedicatione
2115 2475 2197 2529 fa-

605 2570 825 2625 mulari.

679 2660 834 2717 Unde
873 2667 929 2717 et
962 2669 1062 2731 per
1101 2657 1448 2717 Psalmistam
1477 2652 1696 2726 dicitur,
1733 2650 1800 2715 Ut
1825 2656 2065 2715 destruas
2095 2656 2201 2712 ini;

603 2754 799 2808 micant
825 2763 873 2808 et
904 2752 1232 2824 defensorem
1276 2752 1452 2827 (Psal.
1480 2769 1603 2820 vni,
1634 2754 1723 2824 3);
1773 2752 1975 2808 omnis
1999 2744 2201 2822 quippe

605 2844 898 2900 haereticus
932 2845 1292 2916 omnipotenti
1340 2846 1451 2900 Deo
1471 2845 1721 2901 inimicus
1742 2852 1798 2900 et
1816 2841 2070 2900 defensor
2090 2844 2201 2908 est,

603 2934 733 3005 quia
763 2934 906 2989 unde
953 2934 1099 2989 hunc
1145 2935 1299 3004 quasi
1333 2934 1622 2991 defendere
1647 2933 1869 2999 nititur,
1912 2934 2035 2989 inde
2056 2934 2192 2989 Veri-

604 3022 704 3079 tati
733 3023 878 3079 illius
909 3023 1252 3079 adversatur.
1291 3023 1429 3091 Quia
1459 3032 1640 3080 autem
1669 3024 1841 3078 latere
1869 3023 2035 3078 Deum
2064 3021 2199 3077 nihil

603 3123 804 3191 potest,
838 3117 944 3172 hoc
974 3117 1027 3171 in
1053 3116 1133 3171 eis
1153 3115 1359 3185 jndicat
1385 3157 1399 3180 ,
1431 3117 1573 3186 quod
1618 3116 1763 3170 intus
1790 3115 2059 3180 sentiunt,
2088 3122 2196 3169 non

2308 1921 2543 1990 Veritas,
2574 1934 2631 1982 et
2657 1928 2735 1983 sic
2759 1928 3002 1999 praedicti
3031 1944 3247 2001 quoque
3287 1932 3454 2003 ipsius
3479 1934 3700 2006 discipuli
3726 1951 3821 1991 eone

2306 2020 2393 2069 tra
2435 2013 2753 2088 falsiloquos
2782 2018 3024 2076 fautores
3045 2060 3061 2087 ,
3112 2029 3168 2076 et
3200 2020 3326 2094 (nisi
3355 2024 3690 2096 corrigantur)
3719 2026 3821 2081 filios

2305 2107 2560 2165 falsitatis
2587 2120 2645 2165 et
2672 2112 3026 2181 perditibnis,
3066 2123 3122 2168 et
3153 2123 3345 2170 contra
3375 2116 3618 2186 pestifera
3641 2133 3818 2181 vertens;

2303 2207 2357 2254 et
2385 2200 2639 2255 haeretica
2663 2201 2916 2273 dogmata
2946 2218 3076 2270 sua,
3105 2205 3228 2273 qui,
3258 2207 3305 2260 si
3337 2206 3506 2276 gratia
3537 2214 3618 2262 tua
3640 2208 3820 2277 respersi

2304 2286 2593 2360 diligenter
2623 2292 2943 2359 attendant,
2975 2296 3285 2365 appendant
3326 2305 3486 2366 atque
3526 2299 3818 2368 perpendens

2303 2383 2539 2453 qualiter
2578 2383 2649 2439 ah
2686 2386 2917 2442 exordio
2937 2388 3299 2458 prolapsionis
3326 2388 3575 2459 angelicae
3601 2391 3820 2462 (quemad-

2301 2475 2522 2530 modum
2570 2476 2822 2531 videlicet
2871 2476 3066 2533 Petrus
3117 2479 3250 2533 dicit
3290 2480 3578 2551 apostolus)
3616 2479 3819 2534 :Eisdent

2302 2567 2503 2637 angelis
2522 2567 2860 2638 peccantibus
2885 2584 2989 2623 non
3008 2572 3320 2640 peperceris.
3348 2569 3453 2626 Sed
3472 2588 3554 2625 eos
3576 2569 3827 2631 rudentibut

2300 2665 2349 2711 et
2375 2657 2676 2712 carceribus
2710 2652 2926 2727 inferni,
2973 2660 3236 2733 pinnisque
3275 2662 3415 2716 aeris
3450 2663 3601 2734 hujus
3626 2661 3815 2725 traditos,

2301 2748 2371 2802 ad
2396 2748 2623 2819 majores
2650 2751 2706 2804 in
2735 2751 2874 2805 diem
2906 2751 3098 2821 judicii
3128 2754 3399 2809 cruciatus
3441 2748 3814 2822 reservaverisUl

2302 2838 2450 2895 Petr.
2478 2841 2561 2911 ll).
2603 2841 2673 2896 Et
2696 2841 2932 2912 qualiter
2951 2843 3113 2898 etiam
3138 2845 3455 2916 originalem
3482 2845 3709 2899 mundum
3726 2848 3817 2913 pro.

2299 2940 2428 3003 pter
2446 2946 2681 3003 nequam
2725 2934 3007 2988 hominum
3039 2934 3246 2989 scelera
3279 2935 3588 3006 perdideris.
3623 2933 3716 2989 Nec
3739 2942 3816 2988 nou

2301 3025 2571 3094 quomodo
2617 3033 2675 3080 et
2715 3022 2951 3080 nefanda
2997 3025 3236 3102 facinora
3258 3067 3273 3093 ,
3303 3028 3460 3083 simul
3481 3036 3534 3081 et
3555 3025 3728 3097 ﬂagitia
3746 3023 3818 3078 30-“

2302 3117 2585 3172 domorum
2612 3118 2875 3187 punieris,
2915 3118 3133 3173 eosdem
3160 3118 3285 3189 igne
3314 3119 3519 3175 caelesti
3545 3114 3817 3186 conﬂagran-

604 3208 748 3277 quod
790 3205 1045 3262 famulari
1101 3205 1234 3263 furis
1274 3208 1545 3263 videntur.
1623 3207 1759 3275 Quia
1800 3207 1966 3278 igitur
2008 3220 2195 3260 eorum
2227 3204 2271 3265 C
2309 3216 2388 3263 tes
2419 3207 2722 3274 deleveris,
2754 3217 2918 3277 atque
2936 3223 3207 3278 perennes
3234 3209 3290 3263 in
3318 3219 3507 3280 poenas
3532 3204 3815 3268 demersere,

606 3296 990 3354 fraudulentiis
1033 3298 1178 3355 Deus
1204 3308 1266 3354 ut
1304 3299 1466 3354 homo
1496 3308 1602 3355 non
1647 3299 1870 3362 fallitur,
1902 3304 2049 3354 recte
2071 3298 2199 3354 sub-

597 3391 885 3463 jungitur:
922 3390 1044 3463 Ipse
1070 3408 1160 3447 vos
1192 3402 1397 3463 arguet,
1416 3392 1663 3464 quoniam
1691 3393 1747 3446 in
1773 3391 2078 3446 abscondito
2110 3390 2195 3459 fas

605 3480 737 3537 ciem
767 3482 881 3552 ejus
905 3482 1165 3552 accipitis.
1208 3480 1403 3537 Statim
1431 3490 1487 3536 ut
1505 3496 1558 3535 se
1580 3481 1934 3543 commoverit,
1968 3479 2197 3533 turbabit

603 3587 714 3639 vos,
754 3580 805 3626 et
848 3582 1020 3626 terror
1051 3572 1167 3643 ejus
1203 3572 1367 3625 irruet
1407 3585 1565 3642 super
1608 3580 1696 3625 vos
1746 3568 1869 3641 (Job
1911 3580 2031 3632 xm,
2081 3566 2193 3638 10).

604 3663 719 3720 [loc
745 3663 889 3735 quod
939 3665 994 3718 in
1032 3662 1350 3718 abscondito
1391 3661 1562 3731 accipi
1605 3661 1803 3717 asserit
1843 3658 2035 3715 faciem
2068 3658 2193 3725 Dei,

605 3755 816 3835 duobus
846 3754 1022 3810 modis
1049 3754 1192 3809 valet
1221 3753 1470 3824 intelligi.
1513 3751 1654 3808 Sunt
1685 3766 1919 3821 namque
1954 3738 2192 3806 nonnulli

602 3849 695 3919 qui
720 3856 776 3902 ct
797 3847 1081 3902 veritatem
1099 3846 1153 3900 in
1176 3847 1340 3901 corde
1363 3845 1621 3911 sentiunt,
1638 3852 1692 3899 et
1717 3852 1896 3900 tamen
1911 3859 2031 3914 qua:
2060 3841 2195 3897 falsa

605 3948 732 3994 sunt
756 3939 824 3993 de
854 3937 964 3992 Deu
996 3936 1140 3991 foras
1162 3935 1474 4005 loquuntur.
1517 3933 1594 3989 Nc
1630 3934 1775 3989 enim
1802 3933 1944 3988 vinci
1977 3932 2195 3987 videana

607 4037 716 4094 tur,
742 4032 797 4084 et
825 4036 1158 4099 cognoscunt
1180 4028 1464 4083 veritatem
1494 4026 1740 4091 interius,
1771 4033 1824 4079 et
1853 4033 2030 4080 tamen
2054 4023 2195 4079 hanc

604 4122 847 4178 exterius
890 4121 1228 4193 impugnant.
1271 4120 1424 4176 Unde
1453 4121 1590 4175 bene
1622 4134 1765 4174 nunc
1803 4119 2039 4173 dicitur:
2072 4115 2194 4188 Ipse

606 4227 696 4268 vos
717 4222 919 4282 arguet,
944 4213 1193 4284 quoniam
1225 4213 1281 4267 in
1307 4211 1610 4266 abscondito
1646 4210 1832 4280 facient
1862 4210 1976 4279 ejus
2002 4208 2193 4277 accipi;

609 4305 713 4369 tis;
743 4320 808 4359 ac
869 4304 915 4359 si
959 4312 1147 4375 aperte
1189 4304 1500 4359 diceretur:
1527 4302 1703 4357 Tanto
1748 4301 1922 4372 magis
1945 4300 2012 4356 de
2040 4298 2193 4353 falsi-3

607 4405 720 4452 tate
750 4396 892 4468 apud
916 4411 1041 4452 eum
1067 4395 1203 4452 estis
1230 4395 1568 4467 reprehensi,
1594 4392 1797 4464 quanto
1824 4400 1878 4447 et
1907 4390 2047 4463 apud
2071 4392 2195 4445 vas:

606 4490 866 4560 metipsos
896 4489 1040 4560 quod
1061 4504 1250 4544 verum
1282 4496 1366 4543 est
1384 4486 1599 4560 vidgis.
2105 4496 2112 4503 ·
2184 4488 2189 4491 ’

630 4582 631 4589 ‘
676 4545 817 4651 Qnid
843 4545 1025 4636 auiam
1055 4580 1127 4636 sit
1155 4573 1445 4663 haereticus
1470 4545 1599 4663 (ne
1645 4576 1866 4632 cuilibet
1914 4574 2056 4631 aliud
2090 4588 2190 4646 pro

676 4595 817 4651 unm
843 4595 1025 4636 autem
1055 4595 1127 4636 ειι
1156 4595 1269 4636 1131⁸
1306 4595 1445 4635 llCllS
1470 4595 1599 4663 tne
1645 4595 1866 4632 ωιιιυει
1914 4595 2056 4631 auuu
2090 4595 2190 4646 ι)Γο

604 4672 714 4728 alio
759 4674 964 4744 fingere
1004 4672 1214 4729 licitum
1252 4595 1352 4775 εῷ
1368 4670 1589 4741 quidam
1618 4668 1863 4732 Patrum,
1894 4676 1951 4724 et
1976 4667 2192 4724 Cassio-I

602 4767 770 4822 dorus
792 4767 944 4833 dicit,
967 4761 1335 4837 pulcherrim’e
1358 4763 1632 4820 definivit:
1653 4761 1974 4829 llmreticus,
1991 4762 2190 4833 inquit,

606 4857 653 4912 is
679 4867 763 4913 est
792 4859 884 4928 qui
910 4858 1107 4913 divina:
1135 4856 1269 4928 legis
1296 4856 1381 4912 vel
1423 4855 1731 4927 ignorantia
1764 4854 1847 4911 vel
1878 4864 2190 4925 contemptu

604 4944 888 5019 raptatus,
925 4958 1020 5004 aut
1068 4948 1194 5003 novi
1236 4948 1486 5019 pertinax
1532 4946 1810 5002 invenitur
1852 4947 2060 5002 erroris
2097 4955 2192 5001 aut

604 5037 766 5093 alicui
795 5046 1053 5105 sectator,
1098 5038 1380 5094 catholica
1402 5037 1622 5094 veritati
1652 5036 1827 5106 magis
1853 5036 1967 5091 vult
1998 5037 2187 5091 adver-

620 5130 753 5197 sari,
788 5145 952 5200 quam
976 5129 1195 5202 subjici.
1241 5130 1353 5186 iloc
1383 5142 1561 5186 autem
1595 5130 1716 5185 ideo
1749 5127 2188 5184 subinterseren-'

604 5228 733 5283 dum
779 5226 967 5282 censui
996 5267 1012 5292 ,
1046 5227 1172 5298 quia
1207 5227 1471 5298 plurimos
1518 5226 1644 5281 hinc
1681 5234 1736 5280 et
1779 5213 1891 5278 falli
1927 5232 1980 5279 et
2004 5220 2191 5276 fallere

603 5316 843 5389 comperi
864 5357 880 5383 ,
912 5315 1154 5372 volentes
1174 5316 1455 5383 videlicet,
1485 5314 1567 5369 vel
1598 5315 1781 5369 mitius
1811 5313 2040 5368 dixerim
2060 5353 2073 5375 ,
2101 5327 2193 5366 su-

602 5411 879 5481 spicantes
921 5408 1041 5465 illos
1087 5425 1206 5465 esse
1248 5410 1569 5474 haereticos,
1614 5406 1706 5478 qui
1742 5404 2191 5506 llﬂﬂCEﬂlhOilCiB

591 5501 728 5586 ﬁdei
761 5502 827 5557 de
852 5502 1330 5575 praedestinatione
1352 5502 1705 5573 reproborum
1732 5501 2040 5555 necessu—rio
2065 5512 2191 5552 con-

605 5605 687 5651 tra
718 5593 1752 5679 resistcntes.etq‘oblqiluenteﬂeredunt
1787 5602 1841 5648 et
1864 5592 2194 5648 confitentur

603 5686 792 5755 (dante
816 5688 888 5760 te)
914 5652 1323 5774 veritateuiifaet
1356 5652 1535 5741 illos‘e
1558 5686 1838 5741 contrario
1869 5692 2187 5739 asseverané

598 5780 683 5841 tes
706 5784 1034 5852 catholicos,
1062 5785 1156 5856 qui
1194 5794 1301 5840 tam
1337 5783 1636 5855 perspicua:
1673 5782 1888 5840 veritati
1912 5781 2185 5838 inimicam

2304 3301 2557 3370 quodque
2576 3290 2917 3356 Pharaonem
2944 3308 3002 3356 et
3022 3301 3326 3356 exercitum
3359 3301 3474 3370 ejus
3499 3301 3550 3355 in
3577 3313 3708 3354 mare
3727 3308 3816 3365 pro-

2293 3392 2493 3462 ieceris
2510 3431 2525 3456 ,
2561 3400 2616 3446 et
2646 3407 2740 3447 eos
2767 3391 2966 3446 ibidem
3002 3399 3259 3461 tanquam
3283 3392 3467 3462 paleas
3486 3400 3714 3447 excussos
3734 3383 3819 3437 fair

2299 3485 2445 3539 ditus
2474 3485 2795 3539 aboleveris.
3062 3495 3070 3503 '

2368 3575 2428 3631 Si
2460 3576 2596 3641 haec,
2627 3576 2867 3645 inquam,
2904 3576 3251 3631 animositate
3275 3577 3513 3647 deposita
3544 3573 3742 3630 solerter
3758 3569 3818 3622 ius

2297 3667 2549 3738 spiciant,
2600 3676 2655 3721 et
2685 3676 2737 3724 te
2758 3667 3061 3739 inpitulante
3095 3669 3374 3738 sapienter
3401 3668 3683 3730 advertant,-
3723 3673 3817 3733 perv‘

2300 3755 2455 3813 facile
2495 3764 2720 3828 prorsds
2763 3757 3086 3828 intelligent,
3125 3758 3270 3827 quod
3300 3758 3628 3828 s'upradictos
3648 3749 3817 3823 angelos

2296 3850 2411 3919 qui,
2453 3852 2510 3903 ut
2545 3849 2737 3904 scribit
2774 3846 2943 3904 Judas
2966 3846 3184 3915 Jacobi,
3229 3864 3335 3904 non
3371 3848 3815 3904 servaveruntsuust

2294 3943 2666 4013 principatum,
2703 3943 2792 3996 sed
2817 3938 3137 4013 reliquerunt
3159 3956 3315 3997 suum
3337 3941 3662 4002 domicilium,
3690 3933 3817 4004 inju-

2293 4032 2490 4105 dicium
2510 4032 2688 4103 mag‘ni
2701 4032 2805 4086 diei
2818 4030 3040 4086 vinculis
3059 4032 3269 4086 aeternis
3289 4032 3385 4086 sub
3401 4029 3611 4099 caligine
3627 4016 3818 4079 reservati

2297 4121 2477 4193 (Jud.,
2523 4120 2604 4190 6),
2635 4106 2941 4177 nullatenus
2980 4120 3203 4176 omnino
3232 4121 3352 4176 sine
3396 4119 3699 4189 sempiterno
3717 4123 3817 4182 pr!-

2294 4211 2670 4269 dcstinationis
2699 4221 2802 4268 tuae
2830 4212 3080 4278 consilio,
3101 4220 3156 4266 et
3182 4212 3237 4266 in
3267 4212 3412 4267 hunc
3433 4204 3687 4280 caligmosi
3711 4198 3817 4255 aeris

2294 4314 2571 4364 Carcerem
2601 4304 3047 4380 praecipitaveris,
3078 4315 3133 4362 et
3162 4307 3227 4360 ad
3249 4306 3482 4377 majores
3505 4303 3653 4358 etiam
3673 4305 3817 4368 poenas

2294 4401 2490 4456 merito
2529 4414 2628 4470 per
2657 4399 2851 4455 saecula
2884 4397 3224 4464 cruciandos,
3256 4405 3317 4451 ut
3345 4393 3576 4468 praeditti
3601 4389 3736 4445 ambo
3758 4390 3817 4435 le-

2295 4499 2513 4547 stantur
2556 4492 2806 4562 apostoli,
2843 4491 3228 4547 reservavcris.
3274 4487 3344 4544 Et
3369 4487 3510 4559 quod
3537 4484 3618 4539 illa
3652 4484 3818 4562 quoque

2293 4599 2413 4653 qua:
2442 4559 2837 4653 censequenter
2860 4583 2926 4637 de
2954 4581 3198 4653 reprohis
3241 4586 3459 4634 narrata
3495 4583 3612 4630 sunt
3635 4559 3819 4625 homini-

2292 4677 2413 4741 bus,
2443 4689 2551 4730 non
2581 4675 2699 4731 sine
2727 4674 3197 4745 praedestinatione
3223 4670 3388 4744 (quod
3427 4667 3582 4736 absit)
3622 4665 3817 4753 patrate-

2294 4768 2389 4822 ris.
2427 4765 2677 4836 Alioquin
2709 4773 2766 4819 et
2803 4774 2930 4818 ante
2966 4763 3149 4819 omnia
3194 4761 3388 4817 szecula
3420 4752 3676 4813 mutabilis
3703 4754 3756 4836 et
3776 4752 3815 4794 In

2292 4859 2516 4914 exordio
2544 4834 2759 4927 quoque
2792 4854 3111 4910 saeculorum
3134 4852 3287 4924 juxta
3333 4846 3711 4906 fallacissimum
3747 4834 3818 4887 Ιιο-

2296 4942 2414 5002 rum
2451 4947 2666 5017 dogma,
2702 4961 2826 5000 mox
2860 4952 3097 4999 mutatus
3137 4943 3305 5015 (quod
3343 4957 3410 4997 ne
3436 4939 3501 4994 ad
3542 4933 3816 4990 momentum

2297 5038 2514 5109 quidem
2541 5052 2662 5093 esse
2692 5037 2890 5108 potest)
2917 5036 3240 5101 invenireris
3266 5055 3279 5090 :
3311 5034 3402 5106 qui
3431 5031 3573 5089 solus
3615 5025 3818 5109 immutaf

2295 5107 2421 5185 bilis
2460 5129 2529 5184 ab
2568 5107 2839 5182 universis
2862 5126 3047 5196 procul
3073 5125 3356 5182 catholicis
3379 5136 3499 5179 esse
3525 5111 3753 5175 crederis,
3779 5107 3818 5155 el

2297 5222 2419 5277 luce
2445 5220 2648 5278 clarius
2673 5228 2726 5275 te
2751 5221 3025 5274 revelante
3051 5218 3228 5273 scit-is.

2367 5314 2478 5370 Fac
2503 5314 2689 5377 etiam,
2730 5326 2936 5383 quicso,
2973 5310 3198 5365 Domine
3230 5309 3386 5371 Deus,
3426 5312 3484 5360 ut
3519 5299 3666 5357 etiam
3694 5293 3817 5390 atque

2297 5409 2461 5465 etiam
2490 5422 2595 5461 non
2627 5404 2742 5474 jam
2769 5418 3055 5481 procaces,
3087 5401 3412 5472 pertinaces,
3445 5402 3597 5479 atque
3623 5386 3816 5481 Perii“:

2289 5505 2404 5565 'ces,
2436 5512 2611 5567 neque
2639 5476 2932 5567 pugnaces,
2968 5492 3187 5549 fallaces
3218 5502 3378 5562 atque
3408 5474 3676 5567 mendaces
3701 5470 3813 5567 (Wa

2294 5564 2442 5647 certe
2479 5564 2786 5657 hujusmodi
2830 5586 3079 5642 homines
3107 5584 3177 5639 ad
3217 5577 3545 5638 intuendam,
3584 5564 3661 5625 cui
3694 5564 3815 5625 ΐεΡ⁰⁸

2291 5695 2481 5759 gnant,
2539 5685 2825 5741 veritatem
2884 5699 2993 5759 non
3050 5688 3278 5753 possunt
3337 5690 3455 5732 esse
3509 5661 3810 5759 perspicacf.

2291 5753 2686 5852 quantumlibet
2716 5776 2881 5833 etiam
2910 5754 3232 5831 naturaliter
3274 5783 3392 5828 esse
3419 5757 3661 5821 voluerint
3694 5753 3815 5812 8³8³⁸
