4026 6346
194 329 307 385 581

1437 321 1814 381 CONFESSIO
1855 322 2220 380 PROLleOR

3355 320 3464 378 56!

196 441 345 511 ως),
376 440 472 497 scd
502 438 681 510 potius
704 437 879 495 elfecti
916 423 1187 508 simplices
1216 435 1460 491 veritatis
1487 444 1778 500 amatores,
1816 443 1853 497 Α
1887 452 1914 490 a
1944 445 1993 491 te
2019 436 2208 506 pieque
2256 436 2389 492 satis
2428 434 2658 501 adlatus,
2685 435 2974 501 animatus,
3006 442 3267 501 armatus,
3295 435 3461 493 misc-

200 538 317 587 tota
349 528 580 601 spiritali
612 544 717 584 non
745 529 1009 583 luminum
1031 527 1146 583 acie
1173 527 1538 593 considerent,
1570 528 1713 598 quod
1742 529 1786 583 si

199 620 420 675 animos
465 618 821 689 reproborum
851 632 974 688 qua:
1000 618 1070 673 ab
1096 617 1285 673 eodem
1319 618 1497 687 primo
1539 618 1788 673 videlicet

200 708 337 767 Cain
382 710 450 764 ad
481 723 653 780 usque
688 708 1039 764 novissimum
1089 717 1214 765 ante
1243 709 1385 765 diem
1413 711 1676 766 duntaxat
1702 710 1789 779 ju-

201 799 334 855 dicii
394 799 714 856 moriturum
770 798 837 853 de
890 798 1121 869 propriis
1168 799 1487 868 corporibus
1534 808 1790 856 extracta:

201 901 354 956 sunt,
402 893 517 947 sive
562 898 832 947 coaeterna
880 890 975 944 tibi
1009 891 1478 960 praedestinatione
1507 900 1598 947 tua
1626 893 1792 948 desti-

203 983 344 1046 nati,
378 982 721 1053 postmodum
762 989 819 1034 et
857 980 1098 1050 quotidie
1128 981 1367 1037 destinas
1400 998 1465 1036 ac
1497 982 1792 1040 destinabis

204 1072 447 1143 (quoties
478 1070 729 1127 videlicet
755 1086 989 1140 cumque
1020 1072 1218 1126 mortui
1261 1080 1409 1138 sunt,
1459 1073 1788 1139 moriuntur,

203 1165 320 1219 sive
356 1163 682 1231 morientur)
737 1162 795 1217 in
828 1169 1095 1216 tormenta
1142 1162 1244 1216 sibi
1276 1162 1455 1217 debita
1489 1163 1792 1232 meritoque

202 1269 436 1325 prorsus
464 1252 758 1323 disposita;
790 1267 895 1307 non
940 1250 1115 1307 solum
1152 1251 1428 1307 mutabilis
1459 1264 1519 1308 es
1545 1260 1670 1306 ante
1694 1268 1792 1308 saa-

203 1345 353 1410 cula,
401 1344 497 1401 sed
548 1343 711 1399 etiam
760 1342 925 1414 (quod
959 1354 1080 1396 esse
1110 1340 1257 1397 nullo
1288 1342 1448 1397 modo
1475 1341 1651 1412 potes)
1675 1339 1789 1408 jam

204 1436 333 1492 inde
364 1436 434 1489 ab
471 1433 625 1488 initio
666 1433 857 1488 mortis
904 1431 1220 1487 earumdem
1273 1431 1648 1502 reproborum,
1683 1432 1792 1486 imo

201 1528 275 1581 ab
334 1525 563 1580 exordio
622 1523 981 1591 malignorum
1036 1522 1404 1577 damnationis
1454 1521 1789 1592 angelorum,

201 1622 448 1670 mutatus
474 1629 533 1668 es
554 1613 903 1668 creberrimis
929 1612 1157 1676 vicibus,
1190 1613 1297 1666 imo
1320 1612 1618 1668 innumeris
1637 1612 1793 1667 vicis-

202 1703 559 1766 situdinibus,
586 1710 641 1756 et
663 1717 762 1770 per
807 1701 1049 1772 singulos
1093 1701 1210 1755 dies
1240 1709 1535 1771 noctesque
1563 1702 1791 1756 mutaris

1893 526 2281 596 ricorditerque
2317 527 2494 591 simul,
2527 543 2591 583 ac
2619 527 2939 583 mirabiliter
2974 526 3191 597 adjutus
3212 534 3267 580 et
3293 525 3460 592 tutu's,

1890 614 2063 670 frctus
2084 624 2140 669 et
2164 615 2346 681 fultus,
2373 616 2600 673 fideliter
2624 616 2742 689 (tibi
2767 616 3012 689 gratias),
3041 618 3224 682 credo,
3250 615 3465 673 fortiter

1893 715 2067 772 teneo,
2084 708 2349 763 veraciter
2372 716 2722 779 pateutcrque
2744 709 2992 774 defendo,
3013 718 3067 764 et
3089 724 3468 780 quemcunque

1891 799 2159 852 contraria
2206 798 2570 869 dogmatizare
2611 816 2897 872 cognosco,
2934 810 3190 872 tanquam
3256 812 3464 872 peStem

1892 886 2053 958 fugio,
2084 896 2137 943 et
2160 897 2409 958 tanquam
2439 889 2752 946 haereticum
2784 890 3000 961 abjicio,
3021 900 3076 947 et
3100 892 3181 962 (ut
3201 892 3460 962 explicem

1891 992 2013 1033 cum
2046 992 2277 1032 mcerore
2307 977 2565 1043 maximo,
2600 979 2742 1049 quod
2768 990 3159 1051 consequenter
3180 982 3246 1037 de
3275 981 3470 1037 talibus

1894 1080 1923 1119 a
1953 1066 2266 1121 beatissimo
2299 1075 2623 1138 praeceptum
2669 1076 2885 1123 constat
2924 1069 3222 1139 Augustino
3256 1070 3467 1142 (quem-

1892 1169 2107 1225 cunque
2155 1171 2378 1225 prorsus
2420 1156 2788 1213 invictissime
2816 1159 3029 1214 veritati
3077 1162 3471 1217 contumaciter

1894 1258 2195 1314 repugnare
2240 1245 2419 1310 audio,
2458 1254 2514 1299 et
2539 1245 2589 1299 ei
2620 1246 2889 1301 contraria
2934 1247 3129 1304 docere
3171 1251 3470 1321 conspicio.

1894 1331 2211 1387 haereticum
2257 1341 2313 1388 et
2342 1332 2464 1388 tidei
2512 1332 2837 1391 Christianae
2866 1335 3162 1401 inimicum,
3207 1347 3367 1409 atque
3401 1353 3468 1394 ex

1895 1422 1999 1478 hoc
2023 1424 2272 1480 omnibus
2308 1424 2589 1481 catholicis
2615 1427 3177 1484 anathematizandum
3212 1444 3333 1487 esse
3376 1432 3471 1486 de-

1893 1514 2102 1569 nuntio.

1963 1603 2132 1660 Porro
2172 1603 2482 1662 conﬂictum
2528 1607 2819 1678 cujuslibet
2862 1624 3073 1676 eorum,
3101 1611 3146 1665 si
3177 1610 3341 1667 semel
3391 1612 3476 1667 his

1893 1694 2050 1749 lectis
2068 1703 2123 1749 et
2152 1695 2435 1752 intellectis
2461 1699 2655 1754 cedere
2680 1700 2934 1764 noluerit,
2963 1710 3018 1755 et
3043 1701 3213 1758 instar
3242 1702 3478 1758 Pharao-

201 1799 373 1860 atque
397 1791 720 1856 mutaberis,
752 1798 807 1847 et
834 1799 1073 1844 mutatus
1105 1790 1304 1859 absque
1336 1790 1498 1845 dubio
1517 1806 1798 1858 permane-
1828 1785 1869 1844 Β
1900 1785 1983 1841 uis
2012 1786 2292 1843 induratus
2337 1787 2614 1860 (hmretico
2642 1791 2893 1847 videlicet
2922 1792 3093 1866 more)
3126 1802 3232 1848 tam
3258 1795 3479 1851 manife-

201 1882 290 1937 bis
324 1882 381 1936 in
410 1881 628 1947 srecula,
658 1889 878 1952 propter
903 1881 1046 1936 solos
1076 1880 1326 1936 videlicet
1356 1880 1495 1937 filios
1515 1882 1789 1953 gehennae,

201 1987 346 2041 quos
374 1971 580 2026 inimici
605 1971 848 2026 veritatis
867 1971 1279 2041 praedestinatos
1300 1986 1419 2026 esse
1442 1972 1796 2042 pertinaciter

208 2072 381 2130 atque
414 2060 681 2114 fallaciter
710 2069 909 2130 negant
937 2060 1003 2114 ad
1036 2060 1353 2131 supplicium
1394 2077 1651 2131 perenne.

275 2153 424 2217 Ha-c,
456 2153 694 2222 inquam,
721 2152 967 2218 Domine,
995 2152 1098 2215 fac,
1129 2169 1343 2222 precor,
1384 2161 1441 2207 ut
1461 2154 1602 2208 sicut
1640 2170 1797 2225 opor-

201 2254 303 2308 tet,
334 2244 640 2307 attendant,
666 2243 989 2313 appendant,
1022 2252 1181 2312 atque
1210 2243 1565 2314 perpendam,
1594 2254 1649 2300 et
1680 2253 1797 2300 tan-

209 2338 336 2389 dem
368 2332 660 2403 aliquando
694 2332 934 2396 videant,
965 2333 1106 2402 quod
1156 2347 1213 2387 se
1252 2333 1514 2389 hactenus
1564 2350 1670 2389 non
1713 2334 1793 2388 vi-

206 2423 358 2477 disse
408 2419 771 2481 dissimulant,
797 2419 956 2488 quale
982 2436 1045 2475 ae
1092 2429 1352 2491 quantum
1402 2421 1601 2476 malum
1633 2424 1699 2478 de
1746 2431 1797 2477 te

201 2510 861 2581 scmperiucommutabili
888 2509 1116 2566 Domino
1137 2510 1247 2565 Deo
1278 2519 1463 2568 nostro
1481 2513 1534 2566 iu
1558 2512 1795 2568 Ecclesia

203 2612 300 2657 tua
332 2602 492 2672 longe
515 2617 580 2655 ac
604 2600 959 2665 mendaciter,
988 2607 1043 2655 et
1083 2600 1373 2656 cxitialiter
1418 2602 1485 2656 ad
1519 2603 1794 2673 proprium

202 2709 370 2753 suum
409 2706 737 2763 suorumque
763 2690 925 2746 simul
954 2691 1232 2745 interitum
1257 2691 1434 2761 palam
1461 2692 1794 2763 praedicave-

203 2786 343 2849 rint,
373 2785 689 2853 prmdicent,
722 2782 1175 2849 asseveraveriut,
1206 2792 1517 2839 asseverent
1542 2801 1558 2849 ;
1588 2793 1645 2839 et
1675 2799 1797 2854 pre-

205 2893 311 2933 cor
337 2887 395 2931 ut
426 2892 645 2932 revoces
669 2891 762 2930 eos
794 2876 1115 2931 miseranter
1140 2877 1207 2932 ad
1237 2877 1378 2931 viam
1406 2877 1616 2942 salutis,
1646 2893 1714 2932 ne
1742 2878 1794 2931 in

204 2978 324 3022 tam
356 2966 564 3021 lethalis
588 2966 870 3021 hmresazos
891 2950 1077 3022 errore
1098 2966 1401 3036 pertinaces
1426 2975 1792 3036 perseverent.

210 3058 464 3120 Videant,
492 3057 731 3127 inquam,
752 3057 910 3127 quale
938 3057 1008 3112 sit
1035 3065 1089 3113 et
1116 3066 1378 3127 quantum
1402 3059 1622 3124 malum,
1654 3058 1797 3129 quod

1895 1886 1976 1933 ste
2032 1879 2245 1934 veritati
2300 1881 2645 1950 acquiescere
2711 1884 3095 1953 contempserit
3147 1885 3475 1954 (secundum

1894 1967 2179 2021 consilium
2232 1966 2318 2023 vel
2366 1969 2546 2037 potius
2597 1979 2924 2041 praeceptum
2980 1971 3131 2026 Pauli
3181 1972 3472 2043 apostoli):

1894 2052 2013 2109 Jam
2044 2056 2175 2110 mihi
2205 2055 2477 2112 vitandum
2514 2073 2727 2122 censeo,
2759 2060 2884 2129 quia
2913 2062 3005 2131 qui
3035 2061 3339 2131 hujusmodi
3368 2072 3471 2127 est,

1896 2144 2210 2200 subversum
2258 2154 2312 2201 et
2358 2147 2576 2217 pruprio
2618 2146 2825 2216 judicio
2879 2150 3300 2206 condemnatum
3357 2167 3480 2208 esse

1897 2233 2052 2288 video
2085 2232 2214 2305 (Tit.
2247 2250 2329 2299 ιιι,
2362 2234 2471 2307 ll).
2640 2310 2650 2317 _
3274 2310 3279 2317 _

1963 2323 2213 2381 Attamen
2240 2336 2460 2397 prapter
2485 2310 2662 2383 minus
2691 2329 2898 2399 peritos
2923 2371 2938 2395 ,
2978 2339 3036 2386 et
3078 2331 3149 2387 ob
3191 2332 3243 2386 id
3274 2310 3354 2388 hab
3396 2333 3478 2388 eis

1897 2414 2122 2481 illectos,
2154 2425 2209 2471 et
2236 2418 2338 2472 nisi
2365 2419 2709 2490 corrigantur
2737 2403 3000 2490 perditos,
3031 2430 3270 2493 optarem
3301 2423 3480 2493 publi-

1896 2521 2019 2561 cum
2052 2506 2118 2578 (si
2159 2506 2289 2574 tibi,
2339 2508 2583 2570 Domine,
2633 2510 2889 2582 placeret)
2942 2512 3056 2567 lieri
3100 2523 3422 2568 conventum
3460 2533 3474 2567 :

1896 2605 2159 2666 quatenus
2188 2606 2425 2654 astructa
2451 2599 2628 2669 palam
2653 2602 2882 2656 veritate
2912 2611 2965 2657 et
2989 2604 3259 2658 destructa
3297 2604 3477 2660 fundi-

1898 2690 1984 2736 tus
2009 2682 2265 2749 falsitate,
2291 2685 2496 2755 gratias
2524 2701 2804 2754 ageremus
2828 2690 3189 2744 communiter
3218 2690 3346 2752 tibi,
3386 2692 3479 2761 qui
3529 2724 3533 2729 η

1896 2773 2053 2829 nobis
2079 2782 2188 2828 tam
2216 2774 2309 2829 diu
2336 2784 2599 2845 Optatum,
2629 2777 2791 2832 etiam
2820 2794 2983 2848 supra
3028 2795 3187 2849 quam
3216 2781 3477 2851 petimus,

1898 2874 1990 2919 aut
2021 2864 2389 2935 intelligimus,
2419 2867 2550 2922 dare
2570 2868 2819 2937 dignatus
2855 2867 3021 2925 fueris
3046 2872 3474 2941 prosperrimum

1896 2964 2236 3027 proventum.
2299 2956 2435 3024 Quia
2483 2955 2728 3028 profecto
2775 2958 2938 3014 nimis
2984 2960 3254 3028 ingentem
3304 2962 3480 3032 patior

1898 3048 2160 3114 dolorem,
2192 3055 2246 3104 et
2270 3048 2563 3103 maximum
2596 3050 2686 3105 diu
2714 3059 2985 3120 noctuque
3015 3050 3230 3121 perfero
3280 3067 3477 3108 maero-

204 3166 335 3206 cum
366 3165 553 3205 omnes
596 3149 754 3204 electi
788 3150 888 3215 tui,
917 3149 1097 3204 omnia
1129 3150 1270 3206 bona
1305 3165 1519 3220 semper
1546 3151 1793 3215 fecerint,

1900 3154 2036 3204 rem,
2062 3138 2203 3209 quod
2233 3147 2452 3210 propter
2478 3139 2582 3195 mei
2613 3140 2847 3195 nominis
2872 3140 3157 3204 vilitatem,
3187 3142 3344 3198 vilem
3375 3145 3474 3198 ho-

206 3241 415 3297 faciant
440 3251 493 3295 et
535 3239 726 3295 facturi
753 3240 862 3295 sint
905 3256 1027 3296 cum
1073 3240 1301 3297 consilio
1327 3245 1509 3313 (prout
1551 3242 1799 3297 videlicet

206 3333 537 3404 adjuvantur
565 3344 596 3386 a
645 3341 697 3387 te
739 3333 974 3405 gratuito
1018 3341 1124 3388 tua:
1151 3333 1502 3406 benignitatis
1548 3335 1794 3406 auxilio),

205 3436 666 3496 praesumautnon
690 3425 863 3480 solum
891 3426 1222 3499 mentiendo,
1248 3426 1340 3480 sed
1369 3426 1532 3480 etiam
1556 3425 1799 3496 pcjeran-

206 3520 279 3571 dn
307 3518 483 3588 palam
524 3517 772 3571 omnibus
819 3515 1106 3579 affirmare,
1137 3515 1280 3587 quod
1325 3525 1402 3581 tu,
1430 3517 1523 3586 qui
1555 3518 1717 3572 totius
1737 3532 1797 3572 es

207 3624 426 3673 auctor,
472 3608 699 3677 fousque
729 3607 1025 3677 sapicntim.
1058 3609 1166 3662 imo
1192 3608 1355 3672 trina,
1384 3617 1438 3663 et
1466 3624 1573 3663 una
1599 3609 1798 3679 sempi-

205 3709 477 3769 ternaque
505 3698 790 3769 sapientia,
818 3697 1071 3761 volueris,
1127 3696 1212 3753 vel
1236 3697 1490 3762 valueris,
1520 3697 1600 3753 vel
1632 3697 1797 3753 etiam

205 3790 466 3845 debueris
497 3789 786 3859 quidquam
823 3786 988 3858 (quod
1022 3785 1184 3855 absit)
1223 3787 1426 3857 absque
1456 3785 1679 3842 consilio
1702 3801 1798 3855 pa-

205 3893 383 3938 trare.
415 3881 494 3935 Ne
523 3882 642 3936 dico
670 3881 739 3935 ab
768 3881 885 3951 ipso
918 3878 1141 3934 humani
1172 3878 1387 3949 generis
1412 3877 1639 3934 exordio
1682 3891 1799 3933 mo-

206 3972 475 4028 rientium
505 3972 853 4042 reproborum
884 3970 1111 4033 animas,
1143 3968 1226 4024 vel
1251 3969 1317 4022 ad
1341 3977 1639 4023 extremam
1678 3983 1798 4024 eas-

204 4063 337 4118 dem
375 4061 521 4133 ipsas
548 4076 671 4116 cum
711 4060 942 4131 receptis
986 4060 1041 4116 in
1079 4060 1167 4116 die
1193 4057 1382 4128 judicii
1411 4060 1644 4130 propriis
1676 4075 1796 4116 cor-

204 4153 458 4223 poribus,
491 4166 613 4206 cum
644 4150 854 4205 diabolo
882 4158 940 4204 et
978 4149 1182 4219 angelis
1223 4147 1340 4219 ejus
1368 4149 1570 4219 absque
1597 4150 1799 4220 prcede-

205 4243 524 4298 stinatiouis
543 4241 768 4298 consilio
786 4240 1075 4298 destinare.
1097 4239 1195 4297 His
1216 4250 1395 4296 autem
1421 4240 1563 4297 sicut
1586 4249 1798 4311 oportet

206 4334 487 4406 sagaciter
520 4334 796 4403 inspectis,
846 4340 903 4388 et
935 4332 1194 4387 vivaciter
1242 4331 1527 4388 intellectis
1571 4331 1796 4388 confun-

204 4424 416 4479 dantur
477 4422 764 4478 salubriter
818 4429 874 4477 et
928 4422 1280 4485 erubescant,
1337 4421 1522 4491 sicque
1577 4422 1794 4477 tandem

191 4512 514 4584 'aliquando
543 4515 757 4571 veritati
790 4514 1102 4585 suppliciter
1139 4488 1505 4584 acquiescant,
1552 4520 1607 4567 et
1647 4529 1678 4568 a
1706 4527 1794 4568 me
1820 4488 1872 4548 Ῑ)
1899 4507 2041 4561 tione
2072 4515 2160 4561 tua
2196 4506 2480 4561 veritatem
2510 4506 2714 4562 nollent
2750 4505 3011 4576 recipere,
3039 4515 3098 4560 ut
3125 4488 3229 4561 isto
3253 4520 3361 4575 quo
3391 4505 3476 4560 di-
3561 4533 3584 4551 ο

1872 4604 2086 4652 “cturus
2112 4612 2230 4652 sum
2259 4596 2493 4666 (favente
2517 4597 2691 4666 gratia
2720 4596 2830 4669 tua)
2861 4596 2914 4651 id
2952 4597 3306 4667 approbarem
3351 4609 3474 4651 cer-

204 4606 436 4659 demum
461 4606 764 4675 quiescant.
803 4605 1067 4661 Caeterum
1106 4604 1150 4659 si
1180 4604 1365 4659 attrita
1416 4603 1563 4660 fonte
1588 4620 1653 4661 ac
1680 4605 1799 4661 sine

205 4693 328 4749 ullo
374 4705 755 4764 permanentes
789 4696 993 4765 pudore
1021 4695 1073 4748 in
1123 4693 1356 4748 falsitate
1396 4693 1600 4747 malunt
1631 4695 1801 4762 persi-

205 4794 365 4842 stere
392 4800 554 4855 quam
583 4786 834 4841 recedere
874 4800 904 4839 a
938 4793 1105 4848 tanto,
1140 4794 1198 4838 ut
1237 4791 1571 4854 oportuerat,
1595 4798 1799 4849 errore,

207 4876 459 4933 viderint
481 4876 582 4947 ipsi
605 4870 711 4947 quo
735 4891 793 4930 se
814 4876 1007 4946 perditi
1042 4885 1279 4930 vertant.

194 4960 203 5021 Ι
285 4966 370 5022 Te
414 4982 626 5036 precor,
667 4965 891 5022 Domine
933 4966 1095 5029 Deus,
1129 4966 1298 5036 gratis
1328 4965 1620 5021 Ecclesiam
1653 4975 1798 5021 tuam

206 5055 513 5119 custodias,
547 5070 614 5111 ne
652 5070 749 5110 sua
795 5055 996 5131 diutius
1026 5071 1144 5110 eam
1192 5054 1424 5112 falsitate
1462 5065 1797 5128 pervertant,

207 5147 602 5215 haereseosque
628 5162 723 5201 sua
752 5145 1009 5215 pestifera
1039 5148 1103 5201 de
1131 5146 1336 5216 reliqua
1360 5149 1629 5216 pravitate
1669 5148 1797 5204 sub-

205 5243 456 5306 vertant,
484 5234 613 5290 licet
637 5251 696 5290 se
714 5251 948 5306 suosque
974 5251 1179 5297 secum,
1208 5235 1507 5305 lugubriter
1528 5246 1793 5293 evertant.

206 5303 334 5399 Ego
368 5341 502 5381 vero
535 5326 703 5397 gratis
732 5303 956 5381 edoctus
985 5327 1052 5380 ab
1093 5322 1207 5396 ipsa
1234 5303 1463 5381 veritate
1493 5328 1678 5396 (quam
1711 5343 1799 5383 se-

206 5427 450 5489 quentes
477 5418 719 5488 praedicti
750 5419 1001 5474 Ecclesia:
1033 5427 1135 5473 tua:
1181 5418 1606 5488 prmdicaverunt
1634 5420 1802 5491 magi—

205 5508 343 5573 stri,
379 5516 437 5563 et
464 5505 702 5575 ejusdem
750 5498 996 5564 veritatis
1028 5508 1346 5572 fidelissimi,
1376 5509 1705 5565 devotissimi
1737 5525 1801 5566 ac

206 5596 560 5653 celeberrimi
606 5612 827 5667 prorsus
860 5597 1114 5667 ministri)
1159 5597 1247 5654 hic
1271 5599 1546 5654 evidenter
1573 5613 1798 5670 expres-

206 5704 337 5744 sam
366 5688 434 5744 de
456 5688 927 5760 prtedestinationc
963 5698 1054 5744 tua
1083 5689 1242 5745 [idem
1264 5690 1603 5758 catholicam,
1632 5692 1803 5761 gratis

622 5785 895 5847 Ρηιιοι..
941 5785 1172 5847 CXXI.

1900 3230 2133 3286 minibus
2170 3246 2291 3287 esse
2320 3233 2477 3288 video
2507 3234 2826 3289 veritatem:
2857 3243 2912 3289 ct
2937 3237 3076 3306 quod
3112 3251 3238 3307 erga
3277 3245 3329 3293 te
3365 3238 3479 3293 sin-

1898 3337 2103 3387 ceram,
2134 3331 2193 3377 ut
2219 3323 2535 3389 debuerant,
2575 3340 2682 3379 non
2732 3335 2950 3381 servant
2992 3327 3337 3392 charitatem,
3384 3330 3480 3399 qui

1898 3419 1958 3465 ttt
1995 3413 2369 3468 tantummodo
2395 3414 2629 3469 vietores
2680 3416 2787 3470 mei
2830 3431 2951 3472 esse
2997 3418 3299 3483 videantur,
3344 3420 3480 3475 nihil

1896 3501 1981 3556 vel
2006 3502 2226 3558 omnino
2252 3518 2541 3573 perparum
2570 3505 2871 3574 dijexerunt
2892 3516 2947 3561 et
2966 3508 3193 3577 diligunt
3214 3520 3285 3574 te,
3313 3526 3473 3578 quem

1898 3606 2094 3662 negare
2122 3608 2228 3648 non
2253 3593 2584 3665 refugerunt,
2624 3611 2796 3663 neque
2828 3596 3095 3666 refugiunt
3120 3608 3342 3667 propter
3367 3612 3473 3653 me.

1965 3682 2141 3752 Atque
2177 3682 2382 3737 utinam
2406 3683 2639 3753 placeret
2680 3684 2773 3739 tibi
2792 3724 2806 3749 ,
2835 3686 3355 3756 omnipotentissime
3382 3702 3476 3757 pa-

1896 3772 2031 3828 riter
2060 3788 2125 3828 ae
2152 3772 2572 3829 clementissime
2598 3774 2822 3831 Domine
2840 3817 2854 3842 ,
2887 3787 2945 3830 ut
2975 3778 3117 3832 sicut
3146 3779 3198 3833 in
3234 3787 3286 3835 te
3311 3780 3477 3836 credo

1895 3872 1951 3919 et
1999 3880 2157 3935 spero
2183 3865 2334 3937 (dato
2360 3866 2492 3921 mihi
2546 3867 2715 3938 gratis
2745 3883 2933 3938 posse,
2966 3878 3127 3938 prout
3154 3870 3473 3941 jamdudum

1896 3959 2028 4014 dare
2056 3958 2306 4029 dignatus
2329 3974 2412 4023 es,
2447 3967 2502 4015 et
2527 3959 2658 4015 dare
2690 3960 2971 4030 quotidie;
3016 3962 3256 4031 dignaris
3306 3963 3469 4018 etiam

1895 4048 2053 4121 velle)
2090 4065 2274 4105 coram
2311 4051 2551 4121 undique
2594 4050 2763 4107 electa
2812 4053 3129 4123 populorum
3175 4062 3227 4109 te
3276 4056 3472 4110 timen-

1897 4140 2033 4195 tium
2062 4141 2422 4206 multitudine,
2454 4152 2719 4213 prtesente
2746 4145 2912 4199 etiam
2939 4146 3094 4199 istius
3132 4146 3283 4217 regni
3329 4147 3477 4218 prin-

1897 4232 2040 4304 cipe,
2054 4248 2175 4289 cum
2192 4234 2505 4305 pontificum
2519 4244 2572 4291 et
2589 4236 2927 4292 sacerdotum
2950 4278 2964 4302 ,
2980 4240 3308 4296 monachoru
3317 4254 3477 4310 mque

1896 4324 2274 4380 canonicurum
2308 4324 2595 4379 venerabili
2623 4325 2783 4380 simul
2812 4327 3025 4398 agmine
3044 4367 3059 4392 ,
3091 4328 3480 4382 concederetur

1897 4417 2049 4483 mihi,
2090 4417 2135 4472 si
2184 4418 2510 4472 secusbanc
2538 4416 2816 4473 catholica:
2860 4417 2983 4473 fidei
3021 4419 3086 4474 de
3126 4418 3480 4489 praedestina-

1902 4688 2153 4745 nentibus
2181 4689 2392 4743 cunctis
2422 4689 2703 4755 examine;
2736 4697 2795 4742 ttt
2819 4687 3067 4744 videlicet
3114 4695 3349 4759 quatuor
3371 4686 3472 4743 do-

1900 4780 1989 4836 liis
2007 4795 2113 4834 uno
2141 4789 2263 4850 post
2289 4795 2451 4833 unum
2478 4780 2699 4850 positis,
2732 4787 2892 4849 atque
2924 4779 3148 4834 ferventi
3176 4778 3473 4849 sigillatim,

1904 4872 2123 4944 repletis
2139 4888 2297 4942 aqua,
2321 4873 2656 4945 oleopingui,
2686 4881 2741 4928 et
2766 4873 2903 4943 pice,
2935 4883 2989 4927 et
3017 4874 3084 4928 ad
3112 4872 3357 4927 ultimum
3385 4889 3476 4927 ac—

1905 4977 2067 5019 censo
2096 4962 2467 5033 copiosissimo
2494 4963 2633 5033 igne,
2663 4961 2843 5016 liceret
2874 4961 3005 5017 mihi
3060 4963 3331 5032 (invocato
3370 4961 3479 5033 glo-

1905 5058 2205 5114 riosissimo
2236 5055 2449 5111 nomine
2481 5055 2588 5127 tuo)
2620 5058 2686 5111 ad
2718 5053 3116 5126 approbandam
3143 5053 3283 5108 hanc
3315 5051 3481 5107 fidem

1903 5164 2099 5214 meam,
2138 5148 2247 5202 imo
2275 5146 2432 5201 fidem
2462 5146 2803 5207 catholicam,
2832 5145 2882 5198 in
2910 5143 3117 5213 singula
3146 5142 3390 5205 introire,
3422 5150 3480 5197 et

1905 5240 1979 5295 ita
2009 5253 2106 5308 per
2125 5236 2332 5308 singula
2364 5236 2592 5291 transire
2620 5236 2791 5290 donec
2807 5236 2883 5305 (te
2904 5233 3287 5304 przeveniente,
3308 5234 3478 5287 comi-

1906 5339 2054 5393 tante
2087 5344 2152 5385 ac
2187 5329 2571 5397 subsequente,
2631 5327 3015 5396 dexterantquc
3068 5326 3377 5395 praebente,
3416 5341 3480 5381 ac

1906 5419 2200 5474 clementer
2218 5418 2501 5487 educente)
2532 5417 2767 5472 valerem
2793 5431 2979 5487 sospes
3006 5416 3155 5472 exire
3172 5456 3186 5480 ,
3212 5423 3477 5485 quatenus

1907 5511 1959 5566 in
1988 5511 2227 5567 Ecclesia
2262 5517 2351 5563 tua
2375 5508 2588 5564 tandem
2613 5508 2898 5579 aliquando
2910 5506 3188 5564 catholica
3207 5506 3332 5561 huic
3354 5505 3477 5563 lidei

1906 5599 2125 5656 claritas
2145 5599 2488 5665 claresceret,
2518 5607 2574 5655 et
2592 5598 2801 5656 falsitas
2824 5606 3206 5663 evanesceret,
3239 5596 3480 5669 fidesque

1909 5692 2233 5759 firmaretur,
2258 5702 2320 5769 et.
2332 5692 2554 5762 perfidia
2574 5694 2848 5750 vitaretur.

3093 5788 3165 5847 12
