4026 6346
571 334 678 392 363

1532 325 2057 385 GOTTESCHALCI
2098 324 2521 384 ORBACENSIS
2558 326 2863 385 MONACHI

3742 330 3833 388 864

646 452 861 511 Utinam
886 448 1009 514 hoc,
1041 445 1288 510 Domine,
1320 440 1621 516 legentibus
1650 454 1705 499 et
1734 443 2155 516 intelligentibus
2182 448 2232 509 Α
2260 441 2330 498 tia
2359 440 2518 499 simul
2561 457 2625 498 ac
2668 440 2910 497 facinora
2958 450 3204 498 remittas
3248 441 3464 514 penitus
3515 455 3582 497 ac
3634 458 3829 514 parcas.

572 541 876 615 hujusmodi
926 540 1087 613 (sicut
1121 546 1205 592 est
1240 534 1395 608 opus)
1435 534 1698 605 inspirare
1740 533 1976 606 digneris
2028 532 2158 590 affe-

572 645 741 699 ctum,
774 640 832 688 ut
857 636 1084 686 exorent
1120 637 1171 682 te
1220 624 1555 697 suppliciter,
1597 639 1704 695 quo
1751 624 2000 680 celeriter
2054 624 2158 681 hoc

570 725 738 782 animi
768 722 873 780 mei
900 718 1227 777 desiderium
1255 732 1435 773 meum
1478 714 1622 772 sicut
1666 714 1870 785 indiget
1914 713 2155 769 Ecclesia

571 826 687 883 tua,
725 812 988 886 perducas
1019 811 1087 866 ad
1120 807 1391 873 effectum,
1452 814 1509 862 et
1554 806 1821 877 siquidem
1868 814 1920 861 te
1965 804 2156 861 suifra-

569 915 731 981 gante
755 905 821 960 de
850 901 1060 959 cunctis
1085 901 1281 957 illtesas
1305 898 1578 971 prodiero,
1609 897 1984 968 amplexentur
2014 896 2156 951 veri-

570 1006 733 1054 tatem
752 1035 766 1061 ,
799 1002 855 1050 et
875 999 1228 1054 exsecrantur
1253 989 1544 1045 falsitatem
1571 1004 1585 1054 ;
1610 987 1692 1043 sin
1715 995 1893 1043 autem
1921 985 2063 1056 quod
2088 999 2154 1039 ex

568 1100 620 1145 te
639 1130 652 1156 ,
680 1103 778 1160 per
803 1095 854 1143 te
873 1127 888 1153 ,
919 1094 974 1142 et
1000 1085 1052 1141 in
1085 1094 1137 1140 te
1166 1082 1435 1140 credendo
1455 1122 1469 1148 ,
1499 1078 1837 1146 confitendo,
1886 1080 2154 1150 sperando

566 1190 623 1237 et
648 1179 898 1244 amando,
932 1177 1117 1246 tuique
1146 1172 1515 1229 tantummodo
1542 1187 1783 1236 securus,
1824 1179 2035 1241 tumque
2063 1185 2151 1225 so—

563 1272 838 1329 lummodo
862 1271 1052 1343 gratiae
1079 1277 1259 1326 certus
1288 1262 1566 1339 polliceor,
1598 1263 1682 1319 vel
1708 1264 1964 1319 inchoare
1997 1264 2155 1334 trepi-

562 1365 785 1429 davero,
812 1361 899 1417 vel
925 1373 1303 1423 consummare
1346 1356 1743 1420 formidavere,
1775 1354 1828 1409 in
1860 1354 2036 1426 ignem
2068 1370 2153 1409 me

562 1452 809 1523 protinus
834 1451 1069 1515 mittant,
1089 1457 1145 1504 et
1174 1448 1373 1504 ibidem
1402 1446 1593 1501 merito
1616 1444 1795 1515 perire
1815 1444 2147 1514 permittant.

565 1544 892 1614 Suppliciter
938 1550 1113 1596 tamen
1163 1549 1232 1605 te,
1267 1539 1492 1595 Domine
1523 1579 1537 1604 ,
1570 1552 1700 1609 rogo
1735 1535 1789 1590 in
1842 1535 2153 1591 dulcissimo

563 1632 783 1688 nomine
817 1642 926 1693 tuo,
965 1639 1025 1685 ut
1052 1644 1209 1684 nemo
1232 1643 1317 1683 me
1337 1626 1725 1683 catholicorum
1750 1634 1954 1681 temere
1984 1624 2151 1697 (quod

562 1722 723 1793 absit)
754 1721 1114 1793 reprehendet
1161 1720 1214 1775 in
1254 1720 1435 1774 animo
1465 1733 1564 1772 suo
1592 1758 1607 1784 ,
1638 1717 1765 1788 quia
1795 1732 2017 1787 prorsus
2046 1732 2145 1771 au-

560 1831 681 1870 sum
704 1788 835 1868 talia
868 1812 1081 1883 petendi
1114 1811 1274 1883 (sicut
1302 1811 1415 1881 ipse
1440 1809 1628 1864 melius
1660 1810 1821 1880 nosti)
1853 1824 1882 1862 a
1907 1823 1993 1863 me
2017 1823 2143 1879 pro-
2174 1788 2218 1847 Β

560 1906 679 1978 pria
710 1905 1016 1959 temeritate
1046 1918 1151 1958 non
1182 1916 1469 1973 prmsumo,
1502 1901 1599 1956 sed
1629 1900 1726 1957 abs
1763 1909 1814 1956 te
1846 1900 2025 1970 potius
2054 1908 2144 1955 tua

562 1996 894 2069 benignitate
921 2008 1098 2050 sumo.
1502 2056 1511 2061 ‘

631 2088 742 2143 lmo
781 2085 1026 2157 quisquis
1066 2093 1118 2140 te
1158 2085 1353 2139 timens
1391 2099 1546 2150 vere,
1573 2084 1909 2155 dihgensque
1935 2082 2145 2139 sincere

561 2179 816 2250 dignatur
850 2176 964 2251 haec
990 2176 1198 2247 legere,
1233 2175 1319 2230 vel
1343 2176 1523 2229 audita
1551 2175 1830 2246 percipere
1851 2216 1867 2243 ,
1897 2176 2146 2246 implorat

559 2268 850 2339 gratuitam
907 2266 1332 2322 misericordiam
1391 2274 1538 2319 tuam
1594 2265 1835 2320 fraterna
1899 2281 2145 2336 compas-

558 2363 733 2428 sione,
766 2376 829 2416 ac
853 2359 1068 2431 gemina
1091 2357 1252 2412 simul
1283 2356 1571 2413 dilectione
1598 2364 1654 2410 ut
1685 2365 1761 2423 tu,
1792 2356 1884 2427 qui
1910 2356 2059 2412 solus
2084 2372 2143 2412 es

557 2454 773 2524 adjutor
799 2454 852 2509 in
879 2450 1369 2523 opportunitatibus
1388 2447 1559 2519 (Psal.
1588 2465 1662 2514 ιχ,
1698 2448 1805 2520 10),
1835 2449 1889 2503 in
1923 2449 2144 2504 tribula-

559 2551 706 2608 tione
731 2549 966 2623 digneris
997 2548 1262 2602 instanter
1287 2544 1540 2613 adjuvare
1565 2558 1649 2598 me
1676 2544 2007 2609 credentem,
2031 2542 2140 2598 sci-

556 2644 685 2701 licet
729 2652 1038 2715 sperantem
1071 2641 1122 2694 in
1155 2648 1243 2694 tua
1285 2636 1518 2710 gratuita
1570 2636 1939 2698 miseratione,
1972 2634 2140 2689 dites-

557 2751 664 2807 que
691 2750 776 2791 me
800 2732 961 2790 simul
987 2733 1054 2787 ad
1090 2731 1143 2786 id
1180 2741 1232 2785 et
1260 2726 1621 2798 incipiendum
1662 2735 1718 2781 et
1756 2723 2140 2795 perliciendum

556 2832 766 2902 integra
800 2829 925 2893 fide,
955 2825 1275 2883 eorrobores
1297 2837 1512 2893 quoque
1542 2820 1712 2876 solida
1741 2835 1856 2890 spe,
1885 2834 1947 2874 ac
1976 2818 2143 2873 dones

554 2922 725 2977 etiam
748 2917 1065 2975 sincerrima
1089 2914 1376 2977 charitate,
1409 2925 1571 2981 atque
1596 2910 1766 2980 gratis
1793 2912 1955 2964 etiam
1985 2908 2142 2963 deco-

558 3026 647 3067 res
671 3007 1018 3065 veracissima
1040 3020 1221 3062 coram
1251 3012 1305 3059 te
1334 3017 1548 3072 semper
1576 3000 1897 3056 humilitate.
1951 2997 2142 3070 Depul-

556 3118 724 3175 saque
770 3102 957 3174 procul
998 3100 1066 3155 ab
1109 3097 1413 3153 orthodoxa
1451 3096 1694 3152 Ecclesia
1728 3106 1817 3150 tua
1850 3103 1957 3150 tam
1982 3095 2140 3150 lethi-

558 3197 674 3253 fero
704 3194 970 3264 dogmatis
996 3192 1233 3247 falsitate
1257 3232 1272 3256 ,
1303 3190 1470 3246 facias
1494 3206 1581 3246 me
1608 3191 1859 3260 deinceps
1888 3206 2010 3247 cum
2033 3189 2141 3245 ele-

556 3288 662 3344 ctis
716 3286 822 3341 tuis
858 3284 1095 3356 gaudere
1120 3299 1219 3353 pro
1244 3282 1512 3352 patefacta
1554 3280 1800 3335 fidelibus
1828 3280 1933 3335 tuis
1958 3281 2143 3335 catho-

554 3377 660 3433 lica
692 3376 815 3433 fidei
843 3376 1071 3432 veritate
1096 3391 1111 3428 :
1145 3372 1334 3442 Sitque
1359 3372 1513 3428 nobis
1541 3371 1608 3426 de
1636 3380 1831 3426 caatero
1861 3370 1914 3424 in
1949 3378 2000 3426 te
2027 3369 2142 3426 solo

555 3466 811 3539 gaudium
834 3481 1023 3521 verum
1046 3473 1209 3537 atque
1235 3464 1507 3539 sincerum
1533 3502 1549 3529 ,
1576 3462 1975 3533 tripudinmque
2002 3477 2144 3517 sum-

556 3538 704 3612 mum
745 3571 811 3612 ac
840 3555 1100 3619 solidum,
1131 3564 1186 3609 et
1213 3538 1458 3626 gloriatio
1504 3553 1826 3619 communis,
1874 3551 2018 3622 quod
2072 3551 2142 3607 ab

555 3647 935 3703 haereticorum
966 3653 1075 3700 tam
1113 3644 1264 3717 gravi
1290 3643 1514 3714 perfidia
1547 3643 1764 3698 tandem
1787 3643 1938 3713 plebs
1964 3651 2020 3698 et
2044 3657 2142 3714 po-

555 3739 713 3809 pulus
752 3746 893 3805 tuus,
929 3745 981 3793 te
1012 3737 1307 3792 miserante
1333 3736 1505 3791 factus
1545 3745 1630 3791 est
1671 3736 1946 3791 immunis.
2002 3735 2138 3803 Quia

554 3828 798 3898 profecto
841 3827 1017 3883 nullus
1049 3842 1287 3897 unquam
1335 3826 1628 3881 electorum
1672 3833 1885 3881 tuorum
1924 3826 2017 3880 tibi
2052 3827 2136 3882 vel

554 3918 621 3972 ad
654 3926 984 3972 momentum
1013 3915 1227 3986 placere
1256 3915 1451 3984 potuit,
1479 3922 1678 3984 potest,
1720 3915 1807 3970 vel
1845 3915 2042 3986 poterit
2071 3915 2140 3972 de

555 4022 654 4064 suo
693 4026 705 4064 :
741 4008 832 4065 sed
860 4022 1045 4065 omnes
1072 4006 1251 4080 potius
1273 4007 1348 4062 tui
1368 4005 1461 4062 tibi
1480 4019 1579 4077 per
1604 4007 1892 4080 gratuitam
1908 4007 2135 4074 gratiam

556 4110 703 4156 tuam
733 4101 1052 4171 placuerunt
1077 4101 1342 4157 hactenus
1367 4108 1529 4158 atuue
1575 4099 1809 4171 placent,
1852 4116 1917 4157 ac
1956 4114 2135 4173 puoca-

557 4194 696 4247 bunt
717 4207 930 4262 semper
964 4192 1030 4251 de
1062 4200 1170 4246 tuo.

627 4283 753 4340 Hac’
764 4298 892 4356 ergo
918 4284 1085 4356 gratis
1108 4283 1376 4339 animatus
1399 4283 1521 4350 fide,
1547 4282 1801 4339 solidatos
1827 4282 1987 4339 etiam
2017 4299 2131 4353 spe,

553 4385 610 4431 et
639 4374 1001 4430 inﬂammatus
1029 4375 1230 4445 pariter
1256 4374 1520 4429 cbaritate
1540 4415 1555 4438 ,
1587 4389 1685 4444 per
1710 4375 1961 4446 teipsum,
1992 4374 2133 4430 Deus

554 4468 781 4539 optime,
809 4466 1123 4536 suppliciter
1156 4466 1406 4533 obsecro,
1437 4474 1496 4521 ut
1520 4481 1644 4522 vera
1672 4466 1805 4521 mihi
1831 4466 2130 4522 humilitate
2158 4500 2210 4561 Β

553 4561 702 4626 data,
745 4558 918 4615 solido
946 4558 1070 4613 vitte
1102 4557 1296 4628 gaudio
1335 4572 1549 4627 semper
1571 4557 1736 4612 facias
1760 4557 1992 4628 gaudere
2022 4571 2127 4612 me.

554 4651 797 4723 Denique
826 4649 919 4707 tibi
949 4658 1146 4720 tuoque
1171 4650 1374 4704 nomini
1404 4649 1639 4705 debitam
1667 4663 1766 4719 per
1790 4648 1983 4703 saecula
2020 4648 2133 4720 glo-

556 4743 713 4808 riam,
744 4749 800 4798 et
826 4749 1050 4812 propter
1077 4740 1344 4811 justitiam
1382 4740 1621 4810 quidem,
1659 4739 1786 4809 quia
1819 4738 2011 4794 merito
2037 4754 2132 4795 su-

553 4833 750 4902 perbos
794 4831 1070 4897 humilias,
1116 4832 1368 4886 incurvas
1391 4839 1447 4885 et
1478 4830 1709 4885 inclinas
1728 4869 1742 4896 ,
1765 4839 1983 4900 propter
2011 4845 2135 4901 gra-

557 4923 686 4976 tiam
710 4930 909 4987 antem,
940 4922 1066 4991 quia
1097 4921 1264 4992 gratis
1290 4920 1518 4974 humiles
1543 4919 1782 4984 exultas,
1831 4918 2010 4974 elevas
2060 4927 2137 4974 at-

556 5027 673 5082 que.
690 5012 949 5068 sublimas
979 5029 994 5079 ;
1028 5027 1130 5083 per
1162 5028 1325 5084 quam
1354 5012 1563 5067 scilicet
1587 5022 1871 5081 utramque
1895 5011 2135 5080 supplico

556 5104 677 5169 tibi,
724 5107 1102 5175 cunctipotens
1152 5115 1209 5160 et
1258 5105 1499 5161 clemens
1543 5104 1779 5159 Trinitas
1832 5105 2035 5174 pariter
2079 5111 2135 5158 et

555 5194 739 5248 unitas
776 5202 836 5248 ut
860 5195 1110 5249 omnibus
1132 5195 1366 5251 inimicis
1392 5196 1498 5251 tuis
1531 5194 1861 5269 (quicunque
1903 5195 2013 5249 sint
2052 5194 2134 5248 in-

556 5282 699 5337 vidia
727 5282 961 5338 nominis
1001 5284 1095 5349 tui,
1134 5284 1246 5340 sive
1273 5286 1599 5353 nescienter,
1622 5285 1736 5341 sive
1761 5284 1925 5340 etiam
1954 5284 2132 5338 scien—

556 5383 639 5427 ter
664 5380 987 5439 nocuerunt,
1015 5373 1124 5428 imo
1137 5388 1330 5430 nocere
1349 5374 1632 5430 voluerunt
1654 5375 1804 5438 mihi,
1833 5380 2132 5428 nocuerunt

554 5466 737 5518 autem
787 5463 966 5533 potius
1023 5463 1225 5534 absque
1276 5466 1438 5521 dubio
1481 5465 1607 5537 sibi)
1648 5464 1896 5520 universa
1950 5463 2129 5519 debita

554 5568 649 5612 sua
681 5553 959 5625 indulgeas
984 5552 1242 5623 funditus.
1282 5565 1337 5615 et
1381 5558 1648 5627 ignoscas,
1685 5564 1742 5613 et
1771 5554 1948 5614 omnia
1987 5552 2132 5627 ﬂagi-

628 5721 655 5752 ι
690 5709 851 5767 Deest
883 5711 969 5769 hic
998 5711 1212 5783 aliquid.

2256 534 2450 590 Amen.
2496 530 2712 590 Gratias
2743 549 2845 605 ago
2876 534 2967 590 tibi
2999 543 3466 606 quantoscunque,
3494 535 3635 590 trine
3659 546 3713 592 et
3738 554 3835 596 une

2263 625 2571 681 dominator
2598 625 2825 679 Domine
2855 624 3018 691 Deus,
3059 626 3200 695 quod
3227 625 3295 681 ad
3334 625 3492 681 fidem
3525 627 3832 685 catholicam

2256 716 2323 772 de
2351 717 2823 787 pnedestinationc
2846 718 3170 771 credendam
3216 726 3270 772 et
3320 718 3682 774 confitendam
3724 735 3837 777 esse

2257 807 2422 875 gratis
2454 807 2705 877 dignatus
2733 822 2791 860 es
2820 815 2875 861 et
2910 806 3152 877 dignaris
3196 807 3273 875 (et
3308 817 3367 863 ut
3400 809 3570 863 credo
3594 824 3659 864 ac
3685 825 3834 881 spero

2258 895 2425 966 magis
2440 911 2502 950 ac
2517 897 2685 966 magis
2700 911 2819 950 esse
2834 895 2924 949 diu
2939 906 3210 967 noctuque
3239 897 3490 967 deinceps
3512 898 3835 974 dignaberis)

2255 988 2576 1053 illustrator,
2603 987 2966 1043 inﬂammator
2998 1005 3063 1043 ac
3096 989 3419 1061 suffragator
3441 1005 3615 1045 meus.
3648 992 3831 1049 Amen.

2325 1078 2526 1134 Precor
2556 1077 3056 1150 (quantumcunque
3094 1080 3225 1134 mihi
3271 1081 3431 1135 datur
3461 1082 3719 1137 divinitus
3743 1082 3836 1138 bu-

2254 1167 2503 1240 militate)
2546 1183 2729 1222 coram
2764 1171 2918 1222 trime
2968 1169 3214 1236 unitatis,
3260 1178 3316 1225 et
3359 1171 3517 1225 unius
3562 1170 3837 1228 Trinitatis

2252 1261 2671 1334 prtcsentissima
2705 1260 2989 1331 majestate
3013 1303 3028 1328 ,
3057 1271 3115 1316 ut
3143 1263 3387 1333 quisquis
3412 1263 3515 1319 hoc
3542 1278 3651 1317 non
3678 1263 3837 1321 livore

2253 1356 2496 1419 corvino,
2523 1356 2616 1411 sed
2648 1370 2834 1410 amore
2863 1354 3042 1425 potius
3085 1354 3391 1410 columbino
3435 1356 3667 1427 legeris,
3715 1355 3838 1413 Got-

2254 1448 2508 1504 teschalci
2550 1448 2852 1518 peccatoris
2900 1457 3025 1502 ante
3064 1446 3229 1502 Deum
3271 1448 3606 1511 memineris,
3650 1458 3707 1504 et
3740 1465 3832 1520 pa-

2254 1547 2411 1594 terno
2436 1538 2550 1593 sive
2582 1536 2823 1592 fraterno
2845 1536 3034 1591 aﬂ'ectu
3062 1536 3378 1607 simpliciter
3402 1537 3663 1608 implores
3690 1539 3837 1594 beni-

2254 1630 2570 1701 gnissimam
2606 1627 2778 1696 ipsius
2807 1626 3169 1690 clementiam,
3204 1636 3264 1680 ut
3295 1627 3547 1697 dignetur
3571 1629 3701 1682 mihi
3728 1644 3839 1705 gra-

2257 1722 2388 1776 tuita
2417 1720 2619 1791 pietate
2662 1719 2848 1790 largiri
2897 1733 3037 1773 verae
3081 1733 3296 1789 semper
3331 1728 3386 1774 et
3418 1720 3622 1791 ubique
3661 1736 3839 1775 coram

2247 1828 2305 1868 se
2357 1813 2676 1869 lintnilitatis
2725 1811 3140 1876 excellentiam,
3197 1820 3253 1866 et
3315 1811 3543 1867 sincera:
3608 1814 3841 1869 charita.

2248 1904 2315 1959 tis
2341 1902 2722 1973 perpetualiter
2772 1901 3124 1955 eminentiam
3164 1919 3177 1955 :
3230 1901 3414 1971 sicque
3455 1917 3542 1956 me
3597 1912 3839 1975 protegat

2246 1996 2613 2052 indesinenter
2644 1996 2696 2049 in
2727 1993 3075 2049 tabernaculo
3101 2008 3129 2047 a
3162 1994 3603 2049 contradictione
3633 1994 3839 2067 lingua-

2245 2104 2365 2143 rum
2403 2085 2575 2158 (Psal.
2612 2102 2745 2152 xxx,
2771 2084 2886 2153 2|),
2925 2084 2977 2139 id
3009 2093 3109 2147 est,
3147 2084 3200 2138 in
3231 2084 3335 2138 fide
3364 2093 3509 2139 recta
3559 2084 3838 2140 catholica:

2245 2179 2500 2236 Ecclesiae
2526 2194 2557 2233 a
2583 2177 2870 2234 calumniis
2897 2177 3300 2242 hmreticorum,
3330 2184 3390 2230 ut
3418 2176 3604 2246 potius
3635 2175 3837 2231 incom-

2243 2272 2554 2344 parabiliter
2581 2278 2759 2341 optem
2792 2273 3010 2339 prepter
3036 2283 3229 2323 nomen
3272 2268 3483 2322 Domini
3514 2268 3608 2321 Dei
3638 2267 3831 2332 nostri,

2243 2373 2298 2418 et
2326 2378 2567 2418 amorem
2592 2360 2833 2416 veritatis
2874 2360 3127 2414 universa
3165 2360 3579 2430 praesentialiter
3609 2359 3835 2413 adversa

2243 2454 2447 2526 perpeti
2482 2450 2943 2524 persecutionibus
2987 2450 3221 2516 illorum,
3272 2466 3434 2522 quam
3480 2451 3565 2505 vel
3607 2451 3675 2505 ad
3710 2466 3834 2505 mo-

2244 2552 2483 2598 mentum
2522 2540 2800 2597 tituhando
2830 2539 3044 2595 deviare
3076 2538 3240 2610 (quod
3285 2538 3446 2612 absit)
3478 2555 3507 2593 a
3537 2538 3832 2595 dilectione

2241 2634 2327 2689 vel
2355 2632 2695 2688 confessione
2727 2632 2988 2696 veritatis,
3033 2632 3117 2687 vel
3159 2648 3188 2687 a
3238 2631 3553 2702 praescripta
3596 2631 3700 2687 tlde
3748 2646 3835 2686 ca—

2246 2723 2587 2791 tholicorum,
2620 2739 2740 2794 qua:
2781 2733 2835 2777 et
2868 2724 3036 2793 ipsius
3067 2722 3408 2795 potissimum
3449 2722 3698 2777 veritatis
3743 2732 3834 2778 at

2243 2829 2338 2871 ore
2369 2814 2660 2879 declarata,
2690 2823 2743 2869 et
2767 2813 3136 2868 invictissimis
3158 2826 3371 2882 quoque
3400 2826 3618 2866 suorum
3642 2820 3833 2867 aucto-

2245 2906 2495 2961 ritatibus
2523 2905 2916 2960 ministrorum.
2967 2904 3103 2972 Quia
3141 2904 3380 2973 profectu
3422 2906 3669 2973 proximo
3710 2904 3835 2973 qui-

2243 2994 2363 3050 dem
2393 3009 2513 3049 meo
2543 3002 2743 3048 tantam
2764 3034 2779 3060 ,
2804 3001 3061 3063 quantam
3092 2992 3222 3046 mihi
3253 2992 3573 3046 charitatem
3620 2993 3829 3054 debeo;

2243 3084 2354 3139 Deo
2401 3093 2582 3139 autem
2623 3096 2690 3136 ex
2742 3090 2872 3148 toto,
2929 3081 3182 3151 quoniam
3224 3081 3488 3151 quidquid
3542 3080 3697 3136 nobis
3742 3092 3833 3139 est

2168 3151 2213 3213 C
2244 3175 2391 3241 boni,
2421 3175 2509 3230 vel
2539 3176 2652 3246 ipse
2684 3183 2789 3240 est,
2824 3174 2906 3228 vel
2934 3174 3002 3228 ab
3033 3189 3116 3229 eo.
3194 3182 3209 3199 '

2317 3275 2398 3330 Tu
2426 3290 2556 3330 vero
2585 3274 2828 3345 quisquis
2860 3271 3017 3342 hujus
3042 3272 3187 3339 fidei,
3224 3281 3279 3328 et
3309 3272 3668 3331 confessionis
3692 3291 3834 3333 mea

2246 3366 2485 3438 dignaris
2516 3380 2658 3432 esse,
2690 3366 2809 3435 pius
2835 3365 3004 3419 lector
3026 3373 3081 3419 et
3109 3364 3311 3435 peritus
3341 3365 3666 3431 intellector,
3692 3377 3717 3407 ι
3744 3381 3832 3422 sa-

2244 3460 2458 3531 pienter
2515 3458 2798 3522 admittis,
2863 3460 3139 3526 tanquam‘
3181 3465 3391 3528 patrem
3445 3458 3830 3515 venerabiliter

2242 3566 2435 3620 precor
2469 3550 2647 3616 simul,
2695 3550 2774 3605 vel
2822 3550 2962 3605 sicut
3004 3548 3226 3604 fratrem
3278 3550 3510 3606 fideliter
3542 3553 3830 3620 exhortor,

2242 3648 2289 3705 si
2323 3647 2401 3703 vis
2431 3648 2483 3702 in
2518 3657 2777 3702 mternum
2811 3646 3095 3701 veritatem
3133 3646 3338 3712 videre,
3378 3655 3433 3701 et
3472 3662 3595 3701 cum
3622 3649 3829 3703 sanctis

2243 3739 2448 3810 angelis
2484 3749 2539 3795 et
2575 3739 2881 3794 [nominibus
2932 3737 3144 3803 electis,
3186 3736 3540 3809 fidelibusque
3591 3740 3828 3796 testibus

2240 3828 2479 3899 ejusdem
2506 3829 2747 3884 veritatis
2766 3869 2780 3893 ,
2810 3828 2878 3882 de
2908 3827 3021 3897 ipsa
3065 3828 3383 3896 perenniter
3427 3828 3657 3882 veritate
3690 3843 3828 3898 gan—

2240 3921 2367 3976 dere
2420 3919 2642 3975 festines
2669 3919 2889 3973 omnino
2914 3916 3428 3988 perniciosissimum
3465 3926 3519 3972 et
3558 3917 3829 3974 exitiosis-

2240 4013 2434 4068 simum
2466 4026 2636 4082 genus
2664 4011 2951 4075 mendacii,
2981 4010 3121 4079 quod
3150 4008 3542 4064 dcte-stabiliter
3573 4012 3827 4065 commit-

2240 4104 2371 4158 titur
2398 4102 2453 4156 in
2484 4101 2730 4156 doctrina
2762 4099 3055 4170 religionis,
3092 4115 3203 4170 prae
3243 4110 3418 4154 morte
3462 4100 3709 4169 corporis
3733 4116 3831 4155 ex-

2236 4194 2482 4262 ιιοιοῐείθ,
2518 4200 2573 4250 et
2596 4193 2665 4250 ita
2697 4193 2989 4250 secundum
3022 4192 3162 4265 quod
3188 4210 3284 4264 per
3311 4194 3526 4248 beatum
3561 4193 3829 4252 divinitus

2235 4289 2437 4344 dictum
2475 4296 2561 4342 est
2595 4286 2976 4357 Augustinum.
3008 4286 3266 4355 suscipiat
3306 4294 3586 4357 gratanter
3628 4285 3825 4343 diffusa

2233 4379 2433 4435 nostris
2494 4378 2546 4432 in
2596 4378 2848 4433 cordibus
2902 4376 3263 4447 pulcherrima
3313 4385 3370 4431 et
3423 4376 3824 4433 modestissima

2235 4470 2470 4526 charitas
2496 4469 2739 4524 osculum
2771 4467 3164 4532 columbarum,
3207 4474 3267 4522 ut
3304 4467 3389 4523 vel
3431 4467 3597 4522 evitet
3625 4469 3827 4525 cautis-

2235 4561 2373 4617 sima
2401 4560 2693 4623 humilitas,
2723 4558 2805 4613 vel
2834 4556 3086 4615 retundat
3112 4558 3438 4613 solidissima
3461 4558 3666 4613 veritas
3695 4558 3826 4614 det»

2237 4662 2344 4710 tem
2367 4654 2642 4710 caninum.
2694 4651 2794 4707 Ubi
2836 4650 3091 4705 nimirum
3133 4665 3230 4720 per
3267 4649 3510 4705 osculum
3557 4649 3824 4706 columbi-

2235 4760 2384 4811 num,
2413 4752 2685 4799 rectorum
2712 4741 2873 4796 corde
2903 4740 3284 4811 veraciumque
3311 4740 3451 4794 circa
3488 4754 3566 4804 se,
3614 4755 3823 4810 suaque

2236 4835 2379 4889 dicta
2405 4831 2671 4903 significat
2698 4831 3107 4900 inspectionem.
3136 4828 3241 4886 Per
3263 4830 3478 4885 dentem
3504 4839 3686 4884 autem
3726 4844 3821 4884 ca-

2236 4924 2423 4981 ninum
2455 4922 2741 4993 malignam
2770 4937 3165 4992 perversorum,
3196 4922 3607 4993 irrisoriamque
3657 4920 3819 4976 falla-

2237 5012 2379 5068 cium
2402 5011 2895 5080 reprehensionem.
2921 5009 3156 5067 Obsecra
3176 5025 3304 5081 ergo
3324 5019 3379 5066 et
3398 5025 3563 5067 exora
3586 5009 3817 5084 (quaso)

2239 5101 2521 5157 Dominum
2554 5101 2720 5156 Deum
2767 5111 3033 5168 nostrum,
3083 5102 3304 5173 ejusque
3347 5099 3707 5169 majestatem,
3756 5111 3820 5156 ut

2235 5200 2422 5247 contra
2466 5191 2692 5247 latratus
2732 5190 3107 5246 hatreticorum
3140 5191 3494 5253 verissimam,
3526 5189 3819 5258 simplicis-

2234 5282 2425 5338 simam
2437 5323 2452 5349 ,
2469 5296 2532 5337 ac
2550 5281 2991 5352 benignissimam
3008 5281 3301 5335 habeamus
3316 5280 3658 5345 charitatem,
3674 5287 3726 5333 et
3743 5278 3815 5333 ad

2233 5383 2534 5431 extremum
2566 5388 2779 5444 quoque
2806 5373 3157 5428 retundamus
3188 5372 3376 5427 dentes
3422 5387 3610 5428 eorum
3645 5381 3814 5442 atque

2236 5465 2698 5521 mordacissimam
2728 5464 3013 5520 falsitatem
3049 5479 3148 5534 per
3177 5464 3585 5520 invictissimam
3623 5463 3815 5537 (velint

2235 5558 2426 5629 nolint)
2455 5571 2519 5612 ac
2537 5554 2917 5614 solidissimam
2947 5555 3228 5610 veritatem
3260 5572 3271 5609 :
3307 5555 3351 5612 si
3378 5555 3500 5627 quis
3526 5569 3653 5612 vero
3678 5548 3812 5610 mihi
