4026 6346
187 394 298 454 565

1214 390 1475 445 LIBELLI
1514 388 1606 443 AD
1645 387 1974 445 RABANUM
2012 390 2452 448 FRAGMENTA.

3337 396 3441 451 506

189 507 309 561 lucc
338 501 580 575 loquenti
610 502 782 557 iratus
810 500 989 567 fuerit,
1024 500 1090 554 de
1133 514 1191 555 se
1236 500 1438 556 dictum
1485 500 1761 565 fatebitur,
1795 516 1839 575 Α
1869 501 2162 557 tributionis
2195 504 2328 575 (Im.
2358 522 2522 572 xxxv,
2548 505 2600 577 i)
2631 508 2799 561 :Iianc
2822 507 2893 561 ita
2922 507 3136 562 noxiam
3161 509 3440 564 conculce-

186 596 277 651 vel
299 594 440 650 alius
462 602 652 649 auctor
672 592 885 648 asserit.

257 685 411 740 Talia
448 685 610 756 igitur
635 691 692 739 et
729 682 992 753 ejusmodi
1015 682 1260 753 quisquis
1286 682 1466 739 adhuc
1490 682 1769 739 damnabi—

181 774 316 831 liter
334 774 634 845 praesumit,
661 772 746 827 vel
775 772 908 827 nihil
934 772 1175 838 scilicet,
1197 773 1283 829 vel
1308 788 1495 844 parum
1524 783 1769 829 metuens

180 866 497 928 veritatem,
537 872 594 917 et
626 863 794 933 ipsius
824 860 1109 931 judicium,
1142 872 1299 935 negat
1327 864 1584 919 audacter
1620 866 1769 935 (con-

183 966 274 1012 tra
315 956 461 1027 eam)
505 956 917 1026 pnedestinatus
957 968 1076 1010 esse
1116 954 1373 1026 reprobos
1417 957 1485 1010 ad
1531 970 1769 1025 perenne

180 1047 531 1118 supplicium,
576 1046 666 1101 ille
708 1045 913 1101 scilicet
941 1047 1033 1117 qui
1054 1063 1159 1102 non
1188 1048 1339 1103 timet
1367 1049 1613 1104 eamdem
1664 1049 1765 1104 sibi

176 1142 474 1196 veritatem
506 1142 561 1195 in
591 1149 836 1196 extremo
858 1141 946 1195 die
975 1141 1184 1197 cunctis
1207 1142 1544 1197 audientibus
1565 1143 1765 1198 dicere.

180 1232 271 1289 En
294 1248 400 1304 ego
423 1249 568 1288 nunc
584 1231 709 1300 jure
738 1242 952 1304 negate,
997 1234 1123 1303 quia
1164 1245 1217 1289 tu
1256 1233 1453 1305 injuste
1496 1234 1767 1304 quondam

180 1327 402 1398 negasti
426 1340 533 1381 me.
565 1325 710 1380 Talis
734 1325 998 1396 (inquam)
1028 1325 1074 1381 si
1102 1325 1283 1382 vultet
1300 1328 1461 1383 audet
1481 1326 1766 1382 veritatem

179 1425 373 1485 neget,
405 1417 500 1486 qui
528 1430 645 1471 eam
671 1431 775 1472 non
801 1418 992 1473 metuit
1013 1416 1306 1483 offendere,
1338 1417 1490 1487 cujus
1534 1419 1619 1473 die
1663 1433 1763 1473 no-

176 1512 390 1574 ctuque
419 1504 696 1559 nobiscum
726 1507 931 1577 pariter
958 1515 1099 1578 eget.
1154 1506 1261 1563 Nos
1300 1522 1428 1563 vero
1477 1509 1544 1564 ab
1577 1508 1763 1564 eadem

178 1594 476 1649 audientes
500 1595 782 1652 veritatem
811 1614 824 1651 :
849 1596 975 1652 Dies
999 1596 1211 1651 ultionis
1234 1599 1290 1652 in
1307 1599 1464 1653 corde
1487 1615 1600 1653 meo
1625 1597 1760 1670 (lsa.

178 1700 342 1751 um,
362 1685 456 1757 4)·;
484 1695 576 1742 et:
603 1687 737 1742 Ecce
764 1687 904 1743 Deus
930 1698 1104 1744 noster
1136 1688 1386 1745 ultionem
1419 1690 1641 1744 adducet
1680 1706 1761 1744 re-

252 1835 278 1863 ·
320 1820 425 1878 llic
463 1824 615 1879 deest
651 1823 876 1895 aliquid.

1871 606 1989 647 mus
2008 593 2318 659 falsitatem,
2348 605 2402 651 et
2422 596 2773 666 prmdicemus
2802 598 3104 662 veritatem,
3133 612 3239 667 quo
3269 600 3439 655 nostri

1868 681 2187 739 misereatur
2221 686 2406 740 eadem
2441 685 2651 741 Veritas
2677 688 2816 742 Deus
2851 702 3002 743 meus
3025 687 3222 758 Deique
3247 687 3437 755 Filius,

1866 784 2086 831 etnunc
2105 785 2163 831 et
2186 786 2310 834 tunc
2340 778 2394 832 in
2422 779 2508 833 die
2528 779 2750 835 veniens
2780 779 3034 835 ultionis:
3065 780 3110 834 si
3138 780 3281 835 enim
3314 795 3441 837 vere

1870 864 2207 922 timuerimus
2250 867 2487 923 furorem
2532 867 2802 923 fallacium
2831 881 2858 911 ι
2902 871 3190 925 dummodo
3228 871 3440 942 placere

1867 958 2134 1027 possimus
2173 959 2246 1014 illi
2285 961 2376 1030 qui
2423 976 2523 1016 nos
2556 970 2705 1032 regat
2747 977 2812 1017 ac
2858 971 3122 1035 protegat,
3154 978 3218 1020 ac
3251 973 3437 1020 contra

1868 1053 2072 1108 rabiem
2098 1054 2458 1123 grassantium
2487 1055 2694 1109 muniat
2718 1056 2774 1109 in
2805 1071 2998 1111 :evum.
3044 1057 3237 1112 Amen.

1938 1143 2167 1200 Domine
2191 1145 2332 1201 Deus
2358 1147 2663 1216 (benedicta
2691 1147 2848 1203 simul
2882 1158 2938 1204 et
2968 1148 3165 1204 invicta
3204 1149 3440 1204 Trinitas

1868 1242 1924 1289 et
1960 1234 2186 1306 unitas),
2227 1235 2470 1302 infunde,
2494 1251 2696 1306 quaeso,
2724 1238 3025 1309 legentibus
3051 1239 3167 1294 hzec
3186 1239 3441 1296 credendi

1870 1325 2050 1390 fidem,
2093 1335 2149 1382 et
2182 1327 2526 1383 credentibus
2565 1329 2856 1384 confitendi
2904 1328 3102 1401 largire
3136 1329 3395 1385 virtutem
3420 1346 3436 1364 ο

1867 1415 2037 1473 Corde
2064 1429 2240 1473 autem
2267 1419 2611 1476 credentibus
2635 1420 2705 1474 ad
2721 1420 3008 1491 justitiam,
3053 1429 3102 1475 et
3141 1437 3230 1476 ore
3272 1419 3442 1476 conﬂ-

1865 1509 2103 1563 tentibus
2128 1509 2195 1563 ad
2225 1507 2445 1563 salutem
2477 1507 2653 1580 (Rom.
2679 1525 2736 1575 x,
2762 1510 2850 1579 10)
2869 1549 2886 1575 ,
2927 1509 3170 1565 retribue
3208 1509 3439 1581 copiose

1865 1603 2132 1659 mercedis
2152 1603 2573 1673 amplitudinem,
2604 1612 2659 1659 et
2694 1613 2909 1659 (clerate
2937 1612 3114 1660 tecum
3151 1600 3286 1658 lucis
3308 1603 3437 1658 hea-

1868 1695 2174 1751 titudinem.
2225 1697 2415 1750 Amen.

188 2012 3430 2040 mm

1115 2170 1980 2289 FRAGMENTA
2057 2171 2511 2289 OMNIA

1516 2390 1685 2459 QUAE
1722 2391 2046 2448 EXSTANT

385 2546 621 2611 Libelli
658 2563 773 2627 per
805 2544 1777 2687 GotteschalcumRabzgqattiirc:

1857 2546 2108 2687 pisgggo
2131 2544 2510 2624 Moguntino
2534 2544 2599 2606 in
2634 2544 2865 2624 placito
2892 2544 3238 2624 Moguntia

1857 2641 1915 2687 ιο
2070 2671 2084 2686 .

1692 2669 1709 2699 ,
1746 2669 1914 2687 uuulv
1944 2669 2084 2687 υτυο

1037 2790 1145 2852 (Ex
1165 2789 1430 2844 thcmaro
1452 2787 1719 2843 Rhemeast
1743 2790 1793 2842 in
1812 2800 1968 2853 Opere
1988 2789 2055 2841 de
2085 2787 2574 2851 Praedestinatione.)

383 3057 525 3112 Aur.
552 3053 595 3110 Ι.
620 3084 691 3094 --
716 3053 795 3108 De
821 3052 1026 3124 gemina
1052 3049 1529 3123 prwdestinatione.

240 3175 567 3250 (HINCIAR.,
595 3172 660 3227 de
701 3167 986 3235 Pra'dest.,
1026 3183 1146 3240 cap.
1176 3167 1229 3234 5,
1253 3183 1308 3238 p.
1336 3165 1453 3238 25.)
1478 3164 1751 3222 Ponamus

164 3284 291 3340 qua
313 3261 751 3327 Gotteschalcus,
781 3258 1005 3332 signifer
1032 3267 1088 3314 et
1126 3258 1360 3330 praevius
1401 3264 1563 3328 atque
1594 3256 1753 3328 hujus

164 3376 352 3433 pravas
376 3357 642 3414 doctrinae
665 3353 1035 3418 resuscitator,
1060 3350 1126 3406 de
1160 3351 1334 3421 primo
1354 3348 1590 3421 capitulo
1612 3349 1753 3404 unde

164 3459 423 3507 versatur
452 3447 699 3519 quaestio,
730 3446 783 3500 in
812 3444 950 3500 libro
974 3459 1084 3499 sua:
1111 3443 1307 3499 virosa:
1337 3442 1752 3511 conscriptionis

165 3543 586 3614 archiepiscopo
646 3537 873 3593 Babano
921 3547 1171 3606 porrecto
1237 3536 1454 3600 scribit,
1508 3535 1747 3590 dicens:

173 3654 193 3686 ι
222 3635 497 3698 Tandem,
546 3630 740 3699 inquit,
771 3628 876 3699 legi
913 3626 1127 3691 librum,
1153 3625 1456 3681 venerande
1487 3625 1748 3695 pontifex,

169 3734 327 3780 tuum
353 3723 407 3777 in
444 3735 551 3791 quo
578 3720 811 3792 positum
840 3716 1018 3788 reperi
1047 3716 1190 3787 quod
1217 3715 1367 3785 impii
1398 3729 1610 3785 quoque
1638 3714 1752 3770 sive

169 3813 392 3886 reprobi
422 3828 533 3866 non
564 3811 673 3866 sint
699 3809 956 3865 divinitus
1001 3806 1068 3861 ad
1109 3806 1510 3862 damnationem
1547 3805 1752 3875 praede—

163 3905 380 3961 stinati.
422 3922 442 3955 ›
495 3902 563 3956 Et
599 3908 720 3972 post
769 3900 1042 3970 aliquanta
1073 3915 1087 3952 :
1121 3916 1139 3948 ι
1184 3895 1479 3962 Praescivit,
1509 3896 1750 3965 inquam,

163 3997 295 4052 illos
338 3994 633 4065 pessimum
661 3991 942 4046 habitutos
969 3997 1170 4055 ortum,
1214 3986 1452 4059 pejorem
1501 3986 1748 4049 obitum;

160 4083 791 4157 pmdestinavitautcm
840 4094 937 4136 cos
981 4080 1049 4135 ad
1095 4077 1346 4133 luendum
1379 4092 1616 4153 perenne
1645 4087 1752 4132 tor-

162 4185 441 4237 mentum,
488 4181 547 4227 et
592 4171 981 4242 sempiternum
1033 4168 1329 4223 interitmu.
1363 4187 1382 4220 »
1434 4166 1503 4221 Et
1552 4166 1749 4222 iterum

1780 3052 1828 3113 Β
1855 3043 2086 3103 diversis
2114 3043 2168 3100 in
2208 3044 2495 3113 opusculis,
2526 3053 2581 3099 et
2619 3043 2856 3100 maxime
2880 3044 2936 3100 in
2977 3043 3432 3116 Hypomnesticon

1855 3154 1979 3195 esse
2025 3138 2368 3209 cognoscitur
2393 3137 2743 3194 inculcatum.
2774 3137 2928 3195 Unde
2967 3147 3021 3195 te
3064 3140 3245 3211 potius
3291 3140 3433 3210 ejus-

1854 3229 1977 3284 dem
2002 3228 2410 3284 catholicissimi
2438 3229 2674 3285 doctoris
2700 3229 3432 3301 fructuosissimis‘assertioo

1854 3318 2013 3375 uibus
2040 3319 2553 3390 incomparabiliter,
2581 3319 2708 3375 inde
2735 3335 2953 3391 quoque
2978 3320 3279 3378 malueram
3305 3322 3429 3388 niti,

1855 3425 2017 3481 quam
2064 3410 2307 3466 erroneis
2345 3409 2688 3480 opinionibus
2732 3410 3086 3468 Massiliensis
3130 3411 3429 3479 Gennadii,

1854 3503 1947 3573 qui
1974 3503 2246 3572 plerisque
2289 3503 2631 3575 praesumpsit
2671 3503 2725 3557 in
2772 3502 2907 3558 locis
2935 3511 3044 3558 tam
3075 3503 3198 3559 fidei
3238 3506 3426 3561 cathov

1852 3592 1971 3647 lica:
1999 3608 2160 3662 quam
2181 3593 2460 3648 beatorum
2489 3595 2658 3649 etiam
2687 3592 2908 3649 Patrum
2940 3594 3307 3651 invictissimis
3333 3612 3430 3652 au-

1855 3682 2196 3737 ctoritatibus
2221 3722 2236 3747 ,
2290 3681 2521 3737 infelicis
2565 3682 2810 3738 Cassiani
2863 3683 3226 3753 perniciosum
3266 3682 3433 3741 nimia

1854 3773 2045 3845 dogma
2074 3788 2327 3840 secueris,
2368 3774 2549 3829 reniti.
2584 3793 2604 3826 ι

2198 3888 2338 3942 Aur.
2367 3884 2453 3942 ΙΙΙ.
2485 3917 2555 3927 ——
2580 3885 2656 3941 De
2684 3884 2945 3942 voluntate
2965 3886 3080 3942 Dei.

1924 3998 1992 4055 Et
2022 3998 2450 4065 Gottesc‘aalcus,
2487 4000 2775 4055 modernus
2797 3999 3330 4065 Prmdestinatianus,
3371 4018 3425 4056 .n

1853 4091 1991 4149 libro
2048 4093 2116 4148 ad
2166 4092 2451 4148 Rabanum
2507 4092 2969 4163 archiepiscopum
3014 4091 3424 4163 bioguntinum:

1857 4201 1875 4234 ι
1908 4182 2127 4249 Omnes,
2175 4182 2370 4252 inquit,
2402 4198 2538 4253 quos
2580 4182 2696 4237 vult
2736 4184 2877 4239 Deus
2922 4182 3099 4238 salvos
3145 4182 3262 4239 fieri
3310 4184 3427 4239 sine

160 4276 290 4340 post
337 4266 651 4335 aliquanta:
708 4281 726 4314 ι
765 4262 901 4329 Quia
931 4273 1119 4316 revera
1165 4259 1307 4315 sicut
1336 4257 1536 4314 electos
1560 4272 1752 4314 omnes

1857 4273 2185 4330 dubitatione
2232 4274 2558 4330 salvantur:
2613 4289 2714 4331 nec
2760 4283 2989 4345 possunt
3037 4272 3256 4340 salvari,
3322 4275 3423 4331 nisi

160 4355 578 4429 praedestinavit
607 4354 674 4409 ad
715 4354 878 4409 vitam
896 4366 998 4424 per
1024 4350 1316 4422 gratuitum
1362 4349 1752 4419 soliusgratize

1857 4379 1989 4435 quos
2047 4365 2187 4421 Deus
2232 4365 2349 4420 vult
2403 4365 2579 4421 salvos
2627 4366 2788 4421 ﬁeri:
2840 4380 2939 4421 nec
2986 4374 3071 4421 est
3118 4366 3422 4436 quisquam,

161 4466 279 4505 suae
334 4447 697 4513 beneficium,
761 4444 1210 4516 quemadmodum
1257 4443 1468 4498 Veteris
1509 4451 1567 4498 et
1614 4441 1748 4497 Novi

1857 4470 2010 4524 quem
2034 4454 2177 4511 Deus
2211 4455 2407 4510 salvari
2439 4455 2583 4523 velit,
2614 4465 2668 4511 et
2690 4472 2795 4512 non
2823 4456 3084 4523 salvetur,
3115 4457 3242 4527 quia
3282 4455 3424 4510 Deus

163 4541 505 4597 Testamenti
531 4539 739 4611 paginm
766 4537 1264 4593 manifestissimum
1311 4534 1551 4606 praebent
1575 4532 1751 4589 soler-

164 4646 248 4691 ter
270 4650 339 4690 ac
372 4632 555 4689 sobrie
578 4629 1046 4687 considerantibus
1093 4628 1349 4684 indicium
1379 4645 1392 4682 :
1425 4628 1504 4683 sic
1528 4626 1751 4681 omnino

160 4736 221 4782 et
247 4727 517 4797 reprobos
544 4739 800 4798 quosque.
818 4723 886 4779 ad
937 4732 1152 4779 aeterna:
1181 4722 1369 4778 mortis
1402 4720 1751 4793 praedestina-

160 4818 242 4872 vit
278 4817 629 4886 supplicium,
657 4831 755 4887 per
782 4813 1143 4882 iustissimum
1171 4812 1420 4867 videlicet
1448 4812 1749 4867 incommu-

163 4907 355 4963 tabilis
383 4906 613 4976 justitize
643 4921 753 4960 suae
773 4904 1057 4975 judicium.

508 5036 647 5091 Aur.
700 5034 764 5091 ll.
794 5066 866 5077 —
887 5034 972 5089 "De
1006 5035 1165 5089 libero
1190 5036 1424 5090 arbitria.

233 5148 563 5221 (lineatam,
603 5148 757 5214 ibid.,
783 5163 904 5219 cap.
931 5148 1021 5212 2|,
1052 5162 1174 5217 pag.
1217 5145 1363 5217 H8.)
1396 5146 1520 5202 lude
1547 5155 1602 5201 et
1618 5146 1746 5201 Dote

162 5239 500 5305 teschalcus,
540 5240 831 5295 modernus
876 5237 1412 5317 Prtedestinatiauus,
1468 5237 1521 5291 in
1566 5236 1747 5291 libello

158 5331 231 5385 ad
274 5330 562 5385 Rabanum
604 5331 1068 5401 archiepiscopum
1123 5327 1489 5399 Moguntinum
1520 5327 1649 5382 dicit
1678 5326 1747 5381 ad

158 5419 351 5475 locum
387 5439 400 5473 :
439 5439 458 5472 ι
500 5420 575 5475 De
613 5436 722 5492 quo
750 5420 1002 5476 videlicet
1021 5420 1194 5475 libero
1222 5419 1449 5474 arbitrio
1471 5418 1612 5488 quod
1641 5417 1746 5470 Ec-

156 5508 353 5563 clesim
380 5507 585 5563 Christi
625 5510 912 5564 tenendum
943 5509 1013 5563 sit
1044 5518 1205 5580 atque
1233 5508 1584 5572 credendum,
1623 5522 1746 5563 cum

156 5613 188 5652 a
212 5598 439 5653 caneris
479 5599 757 5655 catholicis
792 5600 1042 5656 Patribus
1080 5600 1358 5656 evidenter
1378 5600 1450 5654 sit
1485 5599 1594 5654 Deo
1617 5613 1746 5668 gra-

1848 4556 2034 4603 noster
2058 4549 2234 4602 omnia
2269 4564 2586 4619 quiscunque
2616 4548 2776 4603 voluit
2801 4549 2943 4619 fecit.
2974 4568 2993 4601 ι

1917 4639 2346 4707 Gotlesclialcus,
2383 4656 2641 4699 novorum
2682 4640 3279 4696 Prmdestinatianorum
3309 4641 3420 4710 pri-

1850 4731 2120 4795 micerius,
2153 4733 2206 4787 in
2255 4730 2479 4802 praefato
2520 4747 2618 4787 suo
2658 4732 2840 4787 libello
2876 4734 2942 4786 ad
2970 4732 3250 4787 Rabanum
3278 4732 3419 4787 scri-

1847 4832 2065 4894 pserat:
2101 4843 2120 4876 c
2162 4822 2362 4879 Omnes
2390 4832 2444 4877 et
2470 4839 2661 4879 omnes
2705 4824 2903 4880 debere
2945 4824 3191 4895 intelligi,
3240 4825 3291 4879 id
3337 4834 3423 4879 est

1848 4931 2038 4971 omnes
2074 4915 2167 4986 qui
2213 4915 2511 4970 salvantur.
2549 4915 2622 4970 De
2666 4916 2862 4986 quibus
2910 4916 3039 4971 dicit
3086 4915 3416 4986 Apostolus:

1850 5005 1954 5072 Qui
1981 5004 2087 5061 vult
2136 5022 2311 5063 omnes
2362 5007 2594 5061 homines
2633 5005 2802 5060 salvos
2845 5007 2984 5075 fieri,
3008 5015 3064 5061 et
3105 5022 3293 5061 omnes
3326 5008 3417 5075 qui

1849 5111 1953 5151 nou
1983 5095 2280 5162 salvantur,
2305 5112 2440 5166 quos
2468 5111 2570 5151 non
2600 5096 2714 5150 vult
2752 5097 2891 5151 Deus
2919 5095 3097 5152 salvos
3124 5097 3260 5152 ﬁeri.
3305 5116 3322 5148 ι

2163 5211 2303 5266 An'r.
2334 5210 2422 5267 1V.
2449 5238 2522 5253 -—
2556 5210 2634 5265 De
2686 5228 2851 5265 morte
2880 5212 3096 5266 Christi.

1919 5322 2347 5387 Gotteschalcus,
2389 5336 2649 5379 novorum
2694 5322 3295 5377 Prmdestinatianorum
3342 5323 3417 5375 si-
3470 5343 3485 5353 ι

1848 5413 2041 5483 gnifer,
2075 5415 2129 5469 in
2176 5414 2355 5469 libello
2389 5416 2456 5469 ad
2499 5413 2778 5469 Rabanum
2810 5414 3268 5486 archiepiscopum
3310 5408 3418 5468 Mo-

1849 5506 2129 5575 guntinum
2159 5506 2233 5562 ita
2259 5504 2390 5561 dicit
2419 5506 2484 5562 ad
2522 5506 2694 5562 locum
2727 5523 2739 5558 :
2779 5525 2795 5555 ε
2832 5504 2954 5561 illos
2998 5520 3185 5559 omnes
3225 5504 3419 5573 impios

1849 5607 1902 5651 et
1929 5606 2257 5667 peccatores,
2283 5613 2419 5667 quos
2451 5598 2665 5668 proprio
2703 5597 2819 5653 fuso
2844 5597 3104 5667 sanguine
3134 5597 3172 5650 F
3180 5596 3302 5650 ilius
3323 5597 3415 5649 Dei

157 5689 272 5743 tias
308 5687 668 5760 disputatum,
702 5698 813 5744 tum
840 5691 1107 5762 praecipue
1136 5698 1323 5747 contra
1351 5689 1668 5760 Pelagianos
1690 5699 1744 5744 et
1779 5729 1823 5787 υ
1848 5691 2109 5745 redimere
2134 5690 2303 5757 venit,
2331 5692 2427 5745 hos
2449 5692 2787 5759 omnipotens
2813 5690 2903 5744 Dei
2929 5690 3139 5745 bonitas
3166 5689 3230 5742 ad
3255 5689 3416 5742 vitam

156 5777 531 5833 Gmlestianos
567 5793 597 5831 a
628 5778 787 5834 beato
834 5780 1136 5850 Augustino
1180 5780 1389 5851 plenius
1440 5789 1493 5836 et
1527 5780 1746 5835 uberius

1854 5784 2263 5853 przedestiuatos
2296 5783 2763 5838 irretractalsiiitcr
2810 5783 3002 5836 salvari
3047 5783 3417 5841 tantummodo
