4026 6346
603 390 706 446 ’567

602 502 752 558 velit.
782 500 850 555 Et
877 508 1096 554 rursum
1121 509 1133 546 :
1159 511 1177 545 ι
1195 491 1317 546 Illos
1339 503 1525 545 omnes
1546 489 1737 560 impios
1758 498 1814 546 et
1838 498 2176 560 peceatores,

602 610 702 667 pro
740 593 938 664 quibus
983 589 1123 644 idem
1142 582 1322 670 .Filius
1369 581 1463 637 Dei
1514 597 1617 636 nec
1643 597 1840 652 corpus
1867 581 2178 652 assumpsit,

603 697 705 741 nec
748 683 1068 744 oralionem,
1114 689 1218 732 nec
1263 674 1386 728 dico
1423 673 1738 744 sanguinem
1791 673 1971 729 fudit:
2008 688 2183 742 neque

601 789 700 844 pro
726 773 806 828 eis
835 770 943 824 ullo
975 769 1134 823 modo
1155 763 1450 822 cruciﬁxus
1474 761 1591 817 fuit.
1623 763 1829 832 Quippe
1851 778 1987 844 quos
2013 761 2182 832 pessi-

601 879 720 920 mos
755 861 966 915 futuros
991 873 1110 914 esse
1146 857 1440 928 prmscivit,
1493 867 1734 924 quosque
1775 834 2075 923 justissime
2123 851 2178 905 in

601 961 801 1008 aeterna
828 948 1244 1021 prtecipitandos
1282 953 1548 1001 tormenta
1571 942 1879 1014 przefinivit,
1905 941 2050 1012 ipsos
2065 956 2181 996 om-

601 1045 729 1100 nino
757 1044 1035 1114 perpetius
1061 1040 1259 1096 salvari
1286 1039 1500 1109 penitus
1536 1035 1686 1091 nolit.
1728 1053 1748 1086 ι

669 1131 1077 1190 Go’tteschalcus
1097 1132 1152 1186 in
1173 1145 1315 1200 saepe
1339 1128 1452 1184 fato
1473 1143 1572 1182 suo
1593 1126 1774 1182 libello
1800 1126 1866 1182 ad
1896 1124 2177 1179 Rabanum

601 1224 1069 1293 archiepisc0pum
1096 1220 1346 1290 scripsit:
1384 1237 1406 1270 ι
1443 1217 1676 1274 Proinde
1702 1216 1845 1286 quod
1870 1214 2178 1269 ﬁdelissime

599 1314 785 1378 credo,
802 1311 1153 1366 ﬁdentissime
1167 1309 1376 1378 loquor,
1392 1315 1448 1363 et
1459 1307 1760 1362 certissime
1773 1305 1974 1375 pariter
1988 1318 2051 1358 ac
2065 1303 2184 1358 fru-

593 1399 1254 1463 etuosissime—conﬁteor,
1285 1405 1448 1466 atque
1497 1394 1848 1450 veraeissime
1870 1392 2130 1463 proﬁteor
2159 1410 2172 1445 :

599 1491 743 1560 quod
765 1491 906 1546 Deus
931 1499 1118 1545 noster
1146 1489 1505 1560 omnipotens,
1538 1487 1778 1542 omnium
1800 1494 2176 1541 creaturarum

601 1580 848 1635 conditor
867 1587 923 1634 et
941 1579 1136 1642 factor,
1161 1579 1453 1634 electorum
1479 1577 2175 1632 tantummodocunctorum

601 1674 866 1745 gratuitos
894 1689 1014 1728 esse
1059 1683 1340 1744 reparator
1384 1673 1634 1744 dignatus
1681 1680 1766 1727 est
1819 1681 1872 1726 et
1901 1669 2171 1736 refector;

601 1762 799 1817 nullius
827 1771 1008 1817 autem
1044 1763 1394 1833 reproborum
1439 1761 1823 1833 perpetualiter
1859 1776 1978 1816 esse
2007 1760 2177 1816 voluit

604 1852 870 1916 Salvator.
911 1853 1109 1908 nullius
1138 1853 1448 1924 redemptor
1488 1861 1544 1908 et
1583 1852 1779 1908 nullius
1807 1859 2113 1907 coronator.
2147 1869 2167 1903 ι

607 2017 696 2036 h—

1557 376 2078 435 GOTTESCHALCI
2115 375 2538 434 ORBACENSIS
2572 376 2878 435 MONACHI

3741 386 3853 440 3’18

2208 495 2257 554 Α
2353 489 2482 547 Inde
2511 500 2568 546 et
2605 491 2659 546 in
2701 491 2947 546 chartula
2990 507 3101 546 sua:
3143 490 3494 561 professionis
3522 492 3588 547 ad
3611 495 3852 552 eumdem

2288 581 2566 636 Rabanum
2611 583 3071 653 archiepiscopum
3115 583 3190 637 ita
3227 583 3358 637 dicit
3389 597 3404 638 :
3451 605 3468 636 ε
3505 584 3615 655 Ego
3638 586 3852 643 Gottcs-

2283 674 2504 728 cbalcus
2530 675 2691 728 credo
2716 685 2769 728 et
2797 673 3082 738 conﬁteor,
3105 674 3368 744 proﬁteor
3395 684 3444 731 ct
3488 677 3758 743 testiﬁcor,
3776 696 3851 734 ex

2282 765 2393 819 Deo
2418 763 2581 818 Patre
2607 779 2704 833 per
2725 764 2893 818 Deum
2920 764 3133 829 Filium,
3170 765 3222 818 in
3255 765 3365 819 Deo
3404 764 3606 835 Spiritu
3645 778 3852 832 sancto,

2280 865 2336 913 ct
2382 855 2590 910 aﬁirmo
2645 865 2700 911 et
2744 856 2980 927 approbo
3020 872 3201 911 coram
3241 858 3352 911 Deo
3393 866 3448 912 et
3493 860 3694 914 sanctis
3736 861 3858 929 ejus

2279 949 2426 1019 quod
2464 951 2675 1020 gemina
2721 959 2805 1004 est
2846 950 3244 1020 praedestinatio
3283 951 3396 1004 sive
3447 949 3736 1005 electorum
3783 954 3855 1006 ad

2282 1043 2550 1113 requiem,
2601 1043 2714 1096 sive
2760 1043 3113 1112 reproborum
3160 1043 3227 1097 ad
3259 1051 3509 1096 mortem.
3555 1043 3686 1110 Quia
3717 1045 3857 1099 sicut

2278 1131 2423 1187 Deus
2477 1130 2929 1186 incommutabilis
2975 1141 3099 1186 ante
3171 1131 3354 1185 mundi
3416 1133 3856 1189 constitutionem

2279 1239 2466 1279 omnes
2511 1222 2710 1280 electos
2741 1239 2865 1278 suos
2903 1222 3409 1278 incommutabiliter
3444 1238 3542 1292 per
3569 1226 3858 1294 gratuitam

2279 1314 2507 1386 gratiam
2532 1328 2684 1368 suam
2721 1313 3120 1382 praedestinavit
3145 1313 3212 1366 ad
3255 1314 3422 1368 vitam
3448 1322 3740 1378 aeternam;
3784 1314 3859 1367 si-

2281 1404 2480 1460 militer
2506 1404 2726 1458 omnino
2775 1417 2965 1458 omnes
3013 1402 3270 1472 reprobus
3312 1403 3404 1472 qui
3451 1403 3504 1457 in
3538 1402 3628 1456 die
3665 1402 3856 1471 judicii

2279 1495 2680 1550 damnabuntur
2719 1501 2940 1563 propter
2993 1494 3230 1561 ipsorum
3277 1493 3416 1546 mala
3466 1494 3682 1558 merita,
3718 1493 3857 1548 idem

2277 1585 2392 1655 ipse
2421 1585 2870 1640 incommutabilis
2891 1584 3035 1639 Deus
3061 1583 3375 1652 perjustum
3399 1584 3664 1652 judicium
3696 1598 3856 1638 suum

2277 1673 2788 1752 incommutabiliter
2826 1673 3227 1745 praedestinavit
3269 1673 3339 1727 ad
3380 1681 3613 1728 mortem
3662 1672 3858 1728 merito

2276 1766 2678 1838 sempiternam.
2719 1785 2738 1819 ι

1077 2163 1577 2291 EPISTOLA
1641 2157 2384 2290 GﬁTTESCHALCI
2466 2159 2602 2286 All
2685 2158 3364 2288 RATRAMNUM.

1615 2382 1777 2446 (Apud
1801 2383 2077 2446 Cellotium,
2100 2381 2228 2432 Hist.
2250 2380 2596 2442 Gottescbalci,
2622 2395 2668 2444 p.
2690 2381 2796 2431 ιη.
2821 2384 2835 2441 )

950 2677 1078 2747 Age,
1119 2687 1322 2744 quaeso,
1350 2685 1536 2744 perge,
1569 2669 1710 2735 Clio,

950 2765 1256 2821 Remeando
1277 2763 1438 2819 corde
1469 2762 1572 2816 ﬁdo
1603 2779 1618 2815 :

947 2859 1202 2926 Propera,
1243 2855 1388 2910 celer
1415 2854 1618 2922 virago,

947 2946 1185 3017 Repeda,
1221 2959 1384 3012 sagax
1412 2955 1651 3012 propago
1671 2957 1685 3004 ;

946 3039 1044 3094 Cui
1070 3038 1239 3092 frater
1263 3044 1346 3090 est
1368 3034 1556 3104 Apollo
1585 3051 1596 3085 :

952 3131 1034 3184 Ob
1062 3128 1116 3182 id
1154 3128 1277 3191 hoc,
1310 3124 1455 3178 velut
1480 3120 1727 3187 volando,

945 3220 1052 3274 Fer
1079 3217 1255 3271 amico
1281 3228 1451 3268 ovans
1489 3211 1808 3274 Ratramno,

951 3309 1197 3370 Domino,
1229 3305 1400 3368 Patri,
1429 3303 1707 3374 magistro,

951 3399 1172 3454 Calamo
1201 3403 1432 3450 metrum
1461 3391 1704 3462 impolito
1731 3409 1744 3445 :

948 3489 1101 3558 Quod
1127 3488 1176 3542 ei
1204 3486 1376 3540 libens
1409 3483 1647 3548 remitto,

949 3579 1159 3636 (lelebri
1189 3577 1329 3641 viro,
1363 3585 1418 3630 et
1437 3587 1681 3629 corusco.

946 3675 1084 3728 Amo
1105 3684 1264 3741 quem
1292 3667 1424 3722 satis
1441 3663 1704 3736 profecto,

947 3763 1142 3817 Animo
1168 3759 1257 3830 pio
1283 3772 1347 3812 ac
1378 3754 1609 3824 benigno
1638 3770 1652 3806 :

952 3854 1121 3911 Datur
1144 3859 1204 3906 ut
1224 3849 1353 3904 mihi
1387 3846 1619 3917 maligno

946 3947 1028 4001 Ab
1051 3959 1116 3998 eo
1143 3943 1272 4004 Deo,
1300 3940 1498 3993 bonum
1528 3934 1619 4004 qui

951 4037 1110 4093 Dabit
1131 4032 1276 4088 omni
1307 4028 1594 4098 ﬂagitanti,

953 4129 1084 4183 Sine
1111 4139 1218 4194 quo
1250 4120 1380 4176 nihil
1406 4120 1521 4173 fore
1545 4115 1678 4171 nulli

951 4217 1120 4280 Valet,
1151 4223 1212 4270 ut
1236 4212 1424 4280 liquet,
1453 4207 1702 4272 alumno;

949 4310 1116 4380 Igitur
1137 4304 1281 4360 velut
1302 4301 1466 4372 petita

946 4402 1037 4465 Es,
1071 4398 1178 4460 abi,
1206 4410 1355 4452 mora
1382 4407 1481 4448 nec
1507 4389 1636 4446 ulla.

948 4489 1228 4553 Tenearis,
1254 4502 1317 4541 ac
1344 4484 1537 4539 decora

949 4582 1145 4636 Videas
1174 4575 1375 4634 sodalis
1405 4589 1520 4629 ora.

947 4673 1039 4728 Bis
1061 4668 1205 4724 enim
1231 4663 1383 4720 venis
1413 4664 1480 4718 ab
1509 4662 1600 4718 illo

951 4763 1205 4835 Speciosa
1229 4759 1343 4830 jam
1376 4756 1653 4827 magistro,

947 4856 1206 4914 Adimens
1237 4847 1325 4912 fel,
1358 4847 1671 4918 imprimens
1701 4843 1831 4912 mel,

941 4946 1144 5010 'Beftcis
1164 4957 1225 4996 os
1248 4954 1273 4982 ⁸
1300 4939 1498 4993 alumni

949 5041 1094 5108 Dape
1121 5031 1281 5094 dulci,
1312 5030 1475 5084 odore
1500 5027 1673 5093 suavi,

939 5129 992 5184 'U
1002 5127 1054 5180 bi
1084 5121 1234 5176 vides
1269 5120 1564 5182 sedentem,

954 5216 1101 5271 Alios
1128 5210 1291 5279 probe
1313 5210 1614 5271 docentem,

939 5287 1211 5375 .Bogitent
1235 5299 1404 5354 Deum
1432 5303 1699 5366 potentem
1717 5338 1733 5364 ,

955 5400 1057 5455 Det
1085 5403 1144 5450 ut
1166 5393 1250 5448 bis
1279 5392 1419 5462 piam
1444 5389 1678 5459 quietem
1703 5405 1720 5444 :

933 5479 1106 5560 Rogo
1137 5487 1222 5542 die
1239 5484 1419 5553 jugcm
1445 5479 1691 5536 salutem.

647 5687 698 5717 ,ι
734 5671 900 5728 Forte
917 5666 1022 5734 leg.
1048 5670 1123 5715 tut
1152 5674 1230 5710 os.
1420 5722 1433 5734 .
1516 5722 1543 5735 Δ.
1761 5721 1775 5735 ο

675 5747 702 5787 b
738 5721 1056 5812 iviqtiatdor
1080 5736 1262 5800 partes
1287 5764 1299 5787 ,
1352 5722 1613 5789 orientis,
1661 5721 1989 5788 occidentis,
2034 5731 2164 5789 ctc.,

601 5819 791 5877 diviso.

2199 2669 2248 2729 Β
2347 2665 2398 2720 1.
2441 2664 2676 2735 Septeno
2705 2665 2980 2736 Augustus
3006 2662 3216 2718 decimo
3249 2663 3535 2731 praebente
3557 2661 3855 2726 Kalendas.

2279 2759 2420 2814 Solis
2446 2759 2569 2827 equi
2594 2758 2803 2816 dulcem
2827 2755 3076 2811 eﬁlarunt
3106 2754 3194 2809 ubi
3224 2753 3455 2807 nubibus
3481 2753 3681 2820 ignem,

2277 2851 2555 2907 Fluctibus
2579 2835 2778 2904 Oceani
2810 2849 2985 2917 capita
3016 2856 3178 2916 atque
3202 2843 3360 2913 jubas
3383 2842 3688 2906 madefacti,

2276 2941 2566 2996 Assuctum
2605 2939 2673 2993 ad
2701 2953 2920 2993 cursum
2947 2945 3304 3007 preperautes
3349 2945 3564 2989 vertere
3592 2950 3856 2996 currum;

2279 3031 2566 3100 Splendida
2590 3030 2703 3099 jam
2732 3037 2846 3082 toto
2871 3037 3150 3082 cesserunt
3179 3026 3355 3081 sidera
3385 3024 3541 3079 coelo.

2275 3120 2478 3176 Pallida
2508 3134 2764 3191 germano
2790 3120 2953 3174 cessit
2980 3133 3192 3189 quoque
3214 3117 3440 3188 Cynthia
3463 3117 3665 3171 Phoebo
3699 3135 3712 3170 :

2279 3209 2438 3266 Solus
2457 3210 2676 3279 jamque
2700 3210 2821 3264 citis
2847 3210 3163 3278 quadrigam
3185 3205 3423 3278 agitabat
3449 3208 3701 3272 habenis;

2275 3301 2503 3373 Jamque
2524 3303 2684 3372 jubar
2705 3301 2905 3356 mundo
2931 3300 3191 3355 fundebat
3217 3299 3447 3354 amabile
3474 3300 3679 3368 quadro
3703 3299 3736 3338 ι’
3768 3318 3784 3352 :

2276 3393 2504 3463 Jamque
2529 3393 2702 3446 nitore
2734 3407 2891 3455 novo,
2926 3407 2988 3444 ac
3017 3390 3302 3460 splendore
3328 3389 3562 3443 micabat
3587 3389 3802 3457 opimo,

2278 3483 2439 3539 Clara
2466 3493 2520 3538 et
2550 3484 2668 3537 luce
2701 3499 2852 3537 suam
2891 3481 3149 3536 reddebat
3177 3481 3370 3550 cuique
3403 3481 3649 3550 ﬁguram.

2277 3572 2558 3628 Gaudebat
2586 3571 2837 3626 tenebras
2861 3571 3048 3641 procul
3081 3569 3258 3625 omnis
3289 3579 3431 3622 terra
3461 3569 3670 3638 fugatas
3689 3610 3703 3632 ,

2274 3663 2452 3732 Atque
2477 3663 2606 3715 mihi
2631 3661 2980 3731 applaudens,
3005 3660 3167 3715 veluti
3194 3673 3434 3729 prccsaga
3468 3658 3593 3712 boni
3618 3673 3801 3720 mens,

2277 3753 2631 3824 Tripudiabat
2653 3767 2820 3806 ovans
2848 3751 3004 3806 solito
3027 3751 3218 3821 magis,
3244 3759 3404 3819 atque
3432 3750 3796 3819 triumphans,

2276 3843 2517 3898 Artubus
2543 3851 2598 3896 et
2625 3843 2837 3897 cunctis
2867 3841 3133 3895 hilarandi
3165 3842 3340 3895 inerat
3368 3842 3544 3909 potior
3564 3840 3668 3893 vis.

2279 3931 2412 3987 Cum
2443 3933 2571 3985 mihi
2601 3932 2834 4002 gratuito
2861 3933 2982 3984 data
3014 3941 3140 3984 sunt
3165 3931 3343 3984 subito
3373 3939 3542 3984 metra
3566 3930 3708 3984 dono

2202 4033 2247 4094 ρ
2279 4022 2603 4076 Celsithroni
2637 4023 2780 4092 regis
2803 4021 2868 4075 de
2895 4029 3046 4091 parte
3073 4020 3240 4074 relata
3268 4018 3486 4084 sodalis,

2280 4113 2467 4168 Dulcia
2494 4111 2649 4166 melle
2675 4111 2844 4181 magis
2872 4122 3021 4165 trans
3050 4109 3228 4163 lumen
3258 4107 3456 4179 fulgida
3478 4107 3627 4162 solis.

2345 4246 2399 4300 2.
2440 4245 2570 4313 Qua:
2594 4245 2827 4310 sitiebat,
2860 4245 2961 4310 uti,
2991 4260 3108 4299 mea
3131 4259 3310 4308 mens,
3335 4241 3433 4297 sub
3459 4241 3638 4296 sidere
3655 4237 3858 4296 Cancri

2276 4337 2484 4393 Messor
2509 4345 2656 4392 amat
2684 4336 2831 4392 reﬁci
2863 4335 3026 4390 fontis
3047 4335 3326 4391 dulcedine
3354 4333 3494 4404 puri,

2272 4426 2513 4484 Tabidus
2541 4436 2700 4498 atque
2728 4426 2868 4480 fame
2893 4425 3128 4480 recreari
3150 4423 3264 4480 vult
3284 4439 3495 4494 quoque
3520 4437 3702 4494 pane:

2273 4518 2494 4590 Algidus
2518 4528 2681 4587 utque
2705 4516 2900 4580 focum,
2924 4525 2983 4571 ut
3011 4523 3231 4585 exoptat
3253 4514 3425 4569 nudus
3446 4514 3737 4574 amictum;

2272 4609 2438 4664 Exsul
2461 4610 2534 4664 ita
2563 4609 2813 4680 patriam,
2847 4622 2942 4662 seu
2978 4617 3176 4662 terram
3207 4604 3498 4674 naufragus
3525 4604 3689 4657 imam
3727 4618 3743 4657 :

2273 4700 2454 4774 thue
2481 4702 2617 4758 situs
2638 4700 2874 4756 tenebris
2900 4699 3048 4771 cupit
3073 4698 3227 4753 aln‘un
3253 4712 3476 4752 munera
3507 4695 3661 4751 lucis.

2342 4861 2397 4916 5.
2420 4859 2573 4915 Haud
2590 4875 2745 4914 secus
2766 4858 3012 4930 egregias
3033 4873 3152 4912 mea
3179 4871 3321 4910 nunc
3347 4855 3601 4926 cupiebat
3625 4865 3852 4925 egestas

2272 4955 2419 5022 Quas
2443 4965 2529 5008 tua
2555 4952 2807 5006 nobilitas
2833 4951 3183 5021 deprompsit,
3209 4949 3401 5014 amice,
3433 4948 3751 5009 Camcenas,

2272 5049 2532 5117 lnsignes,
2561 5045 2835 5115 pulchras,
2862 5043 3047 5097 dulces
3074 5041 3409 5108 habilesque,
3441 5045 3725 5100 venustas,

2269 5141 2495 5195 Faunine
2515 5138 2852 5215 perspicuas,
2881 5144 2937 5192 et
2958 5151 3087 5190 vero
3108 5135 3330 5204 pignore
3355 5146 3518 5201 puras
3547 5141 3569 5168 ε
3601 5147 3616 5183 :

2273 5232 2611 5289 Scematibus
2637 5230 2862 5295 validas,
2891 5230 3201 5298 trnpieoque
3227 5225 3408 5296 lepore
3434 5238 3697 5280 coruscas

2273 5323 2630 5393 Simplicitate
2655 5321 2873 5392 probas,
2904 5319 3088 5374 humili
3121 5318 3320 5388 pietate
3347 5315 3576 5372 decoras
3603 5333 3616 5368 :

2191 5375 2247 5436 Β
2276 5415 2409 5471 Cum
2438 5413 2549 5469 sale
2577 5412 2844 5476 conditas,
2873 5427 2994 5466 cum
3020 5410 3169 5479 pacis
3198 5423 3385 5462 amore
3405 5407 3629 5476 politas;

2275 5505 2422 5574 Quas
2448 5504 2698 5574 equidem
2723 5510 2968 5558 sanctum
2999 5500 3229 5554 dictasse
3265 5512 3388 5552 reor
3415 5497 3511 5550 tibi
3533 5495 3774 5550 Flatum.

2346 5667 2367 5696 ε
2413 5656 2550 5763 Q’uid
2596 5663 2678 5710 est
2724 5670 2895 5708 verum
2939 5653 3165 5725 pignus?
3207 5651 3288 5706 An
3334 5649 3566 5712 fortasse
3616 5647 3730 5702 veri
3770 5647 3855 5715 pi-

2346 5742 2435 5763 ,ιι-ει

2271 5742 2435 5798 gnora
2455 5742 2470 5783 1
