4026 6346
523 289 619 346 571
1271 333 1276 337 .
1855 281 2160 338 LOTHARl

2225 283 2428 338 REGIS

526 396 787 451 Sublimis
816 411 938 450 cum
962 394 1057 459 sis,
1087 391 1277 447 humili
1307 391 1450 462 quod
1482 392 1686 446 honore
1711 392 1965 446 nitescis:

527 491 771 557 Cumque
811 486 990 556 polum
1016 486 1230 550 subeas,
1254 483 1397 553 quod
1425 485 1572 538 humi
1605 496 1657 538 te
1681 499 1870 554 repere
1897 485 2100 555 signas.

529 577 662 632 Nam
693 577 866 647 placet
895 576 1036 630 istud
1061 577 1132 640 ei,
1161 584 1219 629 ut
1247 557 1407 639 nosti,
1436 575 1519 628 vir
1548 574 1843 646 splendide,
1876 575 2031 646 Regi,

531 669 634 738 Qui
657 667 771 724 fore
793 667 1122 738 praahumilis
1146 681 1243 737 pro
1273 675 1324 720 te
1352 676 1434 722 est
1459 666 1706 736 dignatus
1735 667 1788 722 in
1816 667 1961 734 imis,

531 759 720 815 Mortis
754 760 821 814 ad
846 773 1015 827 usque
1040 774 1208 828 genus
1231 759 1373 828 quod
1401 768 1519 814 erat
1550 775 1710 829 super
1729 761 1906 814 omnia
1932 759 2100 831 pejus.

488 841 502 850 ’
530 851 643 906 Hoc
667 850 811 906 velut
841 864 935 904 ore
963 849 1115 912 facis,
1142 851 1186 905 si
1213 851 1376 906 corde
1409 861 1626 920 patrare
1659 853 1898 909 studebis

528 944 859 1000 Cunctarum
884 957 1010 998 vere
1039 943 1298 999 virtutum
1331 943 1497 999 stabis
1527 945 1580 999 in
1613 960 1756 1000 arce.

529 1033 663 1088 Nam
689 1032 846 1088 facile
881 1042 967 1089 est
990 1034 1192 1088 homini
1227 1035 1481 1090 miserum
1505 1051 1564 1091 se
1592 1051 1724 1091 voce
1752 1035 1930 1102 fateri,

532 1124 645 1180 Seu
683 1125 968 1180 simulator
994 1126 1124 1196 agit,
1151 1126 1246 1180 sed
1274 1126 1437 1181 corde
1469 1137 1650 1181 tenere
1679 1128 1822 1197 quod
1855 1127 2005 1194 insit,

528 1213 792 1286 Pauperis
819 1225 922 1281 est,
949 1217 1129 1272 animo
1161 1217 1212 1271 in
1235 1232 1429 1288 supero
1453 1219 1732 1288 regnantis
1759 1218 2005 1291 Olympo.

529 1304 666 1360 Illud
691 1306 838 1361 enim
867 1308 1080 1376 reprobi
1108 1307 1314 1362 faciunt
1340 1324 1580 1380 persaepe
1607 1311 1875 1380 gemendi.

533 1395 646 1453 Hoc
676 1406 858 1452 autem
891 1398 1071 1466 electi,
1100 1399 1356 1455 nimirum
1379 1401 1446 1456 ab
1475 1401 1684 1471 origine
1710 1403 1894 1458 mundi
1919 1418 1936 1468 ;

603 1561 630 1590 ι
657 1549 848 1606 Ambro
881 1549 1148 1619 diabolus,
1172 1561 1229 1608 ut
1254 1552 1345 1624 qui
1377 1553 1622 1610 homines
1651 1555 1930 1627 deglutiat.

3674 277 3779 335 37!

2127 397 2177 456 Α
2204 392 2410 447 Istcirco
2438 392 2578 446 haud
2615 392 2839 455 meritis,
2879 405 3004 446 vere
3034 392 3128 447 sed
3159 405 3382 446 munere
3414 389 3606 445 Patris.

2211 484 2435 549 Felices,
2467 483 2649 549 frater,
2682 483 2885 549 felices,
2915 484 3057 539 celse
3085 485 3363 553 magister,

2212 575 2359 641 Quos
2384 574 2546 629 Pater
2574 575 2626 628 in
2660 574 2880 629 Christo
2912 573 3109 644 delegit
3138 589 3290 629 more
3317 575 3583 643 benigno:

2215 668 2451 735 Quorum
2477 682 2636 722 nemo
2665 667 2827 737 perit,
2859 683 2994 737 quos
3021 667 3298 737 sanguinis
3327 669 3471 722 unda
3496 667 3733 722 redemit.

2213 757 2351 826 Agni
2385 757 2642 820 caelestis,
2673 757 2763 825 qui
2803 757 2970 810 vitam
3005 756 3232 811 contulit
3260 756 3388 810 illis.

2216 845 2365 916 Felix
2393 861 2653 917 agnorum
2681 845 2842 899 fuerit
2869 847 2960 914 qui
2987 855 3262 900 extremus
3297 860 3508 910 eorum,

2217 934 2326 992 Nec
2355 937 2458 1002 leo,
2487 952 2586 992 nec
2617 934 2820 1006 prmdo,
2853 936 3029 1007 lupus,
3063 952 3127 991 ac
3155 935 3340 1002 draco,
3370 936 3531 1001 latro,
3557 951 3656 991 nec
3681 951 3794 992 arn-

3599 1026 3718 1099 [bro
3735 1037 3791 1091 ι.

2217 1117 2353 1175 Hinc
2403 1127 2616 1192 raptant
2665 1133 3010 1190 quemquam,
3040 1119 3125 1174 vel
3156 1120 3228 1182 vi,
3274 1120 3358 1174 vel
3393 1119 3669 1174 fraudibus
3696 1134 3794 1172 un-

3651 1227 3722 1266 ua]

2219 1302 2389 1360 Omne
2410 1303 2627 1373 quidem
2651 1303 2794 1375 quod
2818 1317 2867 1359 et
2900 1303 3087 1359 tribuit
3113 1302 3296 1370 Pater,
3330 1303 3549 1358 advenit
3582 1211 3654 1356 i[l(lli
3673 1303 3722 1356 δ.

2287 1557 2316 1597 δ
2343 1554 2522 1612 Pauca
2551 1555 2738 1612 deesse
2769 1553 3041 1610 videntur.

565 1707 3799 1740 ψ

1730 1865 1896 1912 ANNO
1941 1867 2173 1912 DOMINI
2218 1868 2603 1912 DCCCLXVI".

1350 2047 2968 2264 LOTHABIUS.
3057 1955 3082 1972 ”
3209 2007 3215 2010 ’

1438 2501 1938 2631 ιοΤΗΑΒιι
2015 2505 2535 2632 rusum
2615 2506 2910 2633 TRES.
3023 2407 3040 2420 ’

1968 2740 2342 2760 ——-——_

1020 2879 1352 2936 EPISTOLA
1399 2879 1632 2934 PRIMA.

1006 3028 1075 3066 AD
1109 3025 1373 3068 NICOLAUII
1409 3025 1580 3066 PAPAI
1603 3023 1652 3064 ⁸.

543 3143 893 3218 Conqueritur
915 3147 1068 3218 quod
1089 3148 1323 3218 pontifex
1349 3149 1568 3201 nimium
1585 3147 1648 3201 de
1677 3147 1786 3218 ipso
1810 3148 1924 3216 ejus
1951 3163 2118 3218 a’ntu‘

612 3215 678 3287 (is
720 3215 936 3270 credat.»
967 3215 1156 3271 Dolere
1197 3215 1250 3271 se
1298 3218 1558 3287 signiﬁcat
1598 3217 1660 3271 de
1698 3215 2034 3287 Tlteutgaudi
2071 3225 2120 3269 et

612 3285 896 3340 Guntltarii
930 3285 1483 3341 excommunicatione.
1517 3285 1776 3341 Ca’terum
1807 3285 2036 3355 purgans
2067 3302 2121 3339 se

613 3355 677 3410 de
706 3355 972 3420 omnibus,
1016 3368 1262 3424 paratum
1305 3374 1358 3412 se
1397 3358 1621 3412 ostendit
1667 3373 1843 3411 coram
1879 3356 2122 3426 pontifice

613 3425 1033 3481 adversariorum
1063 3426 1356 3482 calumnias
1392 3426 1646 3497 refellere.

617 3578 844 3636 Domino
869 3595 995 3636 vere
1019 3580 1331 3638 beatissimo
1357 3590 1413 3637 et
1438 3582 1779 3638 sanctissimo
1807 3581 1970 3637 totius
1999 3598 2123 3655 san-

543 3681 644 3728 cta:
673 3672 768 3728 Dei
795 3673 1047 3728 Ecclesite
1073 3689 1283 3730 summo
1310 3675 1550 3746 pontifici
1577 3684 1632 3730 et
1657 3675 1946 3732 universali
1970 3692 2122 3747 papa:

543 3761 799 3826 NICOLAO,
835 3761 1167 3828 Lorusmus,
1207 3765 1388 3818 divina
1422 3765 1782 3834 praeveniente
1813 3765 2119 3831 clementia,

546 3867 662 3918 rex,
687 3868 911 3908 summa:
934 3853 1205 3917 felicitatis
1231 3868 1292 3908 ac
1319 3856 1596 3924 praesentis
1626 3855 1998 3926 prosperitatis
2025 3872 2121 3928 pa-

544 3959 659 3998 cem
689 3952 745 3998 et
772 3943 1018 4016 gloriam.

619 4057 912 4129 Postquam
945 4058 1098 4115 nobis
1129 4047 1308 4114 divina
1338 4060 1577 4132 dignatio
1617 4076 1713 4117 sua
1751 4063 1982 4134 gratuita
2011 4062 2120 4118 cle-

546 4150 746 4205 mentia
771 4151 918 4220 regni
941 4151 1304 4222 gubernacula
1331 4153 1620 4219 commisit,
1651 4169 1802 4210 more
1828 4154 2124 4222 praedeces-

546 4256 729 4296 eorum
752 4249 1057 4296 nostrorum
1075 4241 1658 4299 Christianissimorum
1678 4259 1886 4312 regum,
1909 4259 2122 4313 semper
2148 4229 2192 4290 C

546 4340 602 4387 et
627 4332 681 4386 in
711 4333 958 4388 omnibus
985 4333 1377 4390 sublimandam
1412 4336 1557 4392 beati
1586 4336 1733 4391 Petri
1759 4336 2119 4406 apostolorum

545 4425 806 4497 principis
852 4426 1054 4492 sedem,
1099 4435 1160 4481 ut
1200 4428 1419 4499 dignum
1449 4436 1554 4494 est,
1592 4437 1901 4484 reverenter
1930 4428 2121 4483 dilexi-

547 4531 696 4579 mus,
733 4524 894 4586 atque
925 4517 1208 4585 instanter,
1248 4528 1508 4589 quantum
1545 4520 1601 4573 in
1638 4519 1794 4574 nobis
1821 4528 1938 4586 est,
1975 4520 2122 4575 illam

547 4608 787 4665 exaltare
809 4609 981 4679 parati
1004 4625 1210 4677 sumus,
1235 4611 1410 4682 deque
1431 4619 1614 4666 vestro
1641 4619 1894 4681 tanquam
1915 4626 2125 4667 summo

548 4702 806 4774 spiritalis
848 4702 1029 4759 Patris
1056 4705 1319 4776 regimine
1363 4720 1577 4778 semper
1621 4706 1859 4762 salubria
1905 4707 2127 4762 haurire

549 4796 848 4865 cupientes,
897 4798 1141 4854 veritatis
1181 4814 1312 4854 voce
1351 4800 1503 4855 vobis
1547 4800 1748 4856 dictum
1796 4800 2122 4857 reeolimus:

552 4883 725 4951 Petre,
758 4902 906 4941 amas
936 4888 1057 4942 me?
1092 4905 1246 4959 pasce
1271 4903 1389 4944 oves
1417 4907 1557 4944 meas
1587 4889 1767 4961 (Joan.
1809 4889 1916 4960 XI);
1949 4899 2006 4947 et
2032 4906 2129 4962 per

549 4975 910 5044 prophetam:
946 4977 1054 5050 Ego
1082 4997 1296 5050 pascam
1331 4999 1447 5037 oves
1483 4999 1657 5049 meas,
1703 4985 1830 5039 dicit
1870 4985 2127 5040 Dominus

551 5067 691 5122 Deus
727 5083 745 5120 .'
783 5076 925 5140 quod
971 5073 1194 5140 perierat
1242 5074 1542 5144 requiram,
1589 5084 1637 5129 et
1683 5075 1823 5142 quod
1869 5075 2128 5144 abjectum

553 5155 725 5224 fuerat
758 5158 1022 5223 reducam,
1061 5170 1106 5214 et
1133 5162 1271 5231 quod
1299 5161 1623 5230 confractum
1656 5173 1768 5217 erat
1797 5163 2048 5234 alligabo,
2079 5172 2128 5218 et

551 5249 689 5317 quod
710 5250 979 5320 inﬁrmum
1002 5255 1335 5309 consolidabo
1357 5253 1571 5326 (Ezecli.
1599 5255 1803 5328 xxxrv).
1826 5255 2126 5311 Admodum

2149 2882 2194 2941 B
2214 2879 2464 2948 judicabo
2505 2881 2626 2936 illas
2665 2882 2719 2936 in
2753 2881 2959 2951 judicio
2999 2893 3047 2936 et
3081 2883 3292 2952 justitia
3333 2883 3544 2954 (Ibid.).
3587 2887 3807 2944 Revera

2223 2971 2628 3028 serenissimum
2659 2987 2723 3025 ac
2751 2972 3160 3028 devotissimum
3194 2973 3339 3052 circa
3380 2974 3524 3043 piam
3557 2981 3808 3044 palemi—

2223 3071 2387 3118 tatem
2414 3072 2649 3118 vestram
2675 3073 2872 3120 nostrae
2902 3072 3098 3120 mentis
3126 3065 3374 3121 affectum
3405 3067 3608 3121 acriter
3633 3069 3813 3124 obnu-

2221 3152 2385 3216 bilat,
2417 3153 2558 3222 quod
2595 3154 2908 3208 aemulorum
2945 3165 3251 3209 nostrorum
3291 3155 3552 3212 falsidicis
3577 3157 3812 3214 vocibus

2222 3243 2444 3296 nimium
2472 3243 2701 3308 creduli,
2733 3244 2870 3298 ultra
2899 3260 3058 3316 quam
3090 3245 3500 3302 nobisnecesse
3526 3257 3701 3313 esset,
3748 3249 3809 3304 in

2222 3342 2408 3388 nostra
2435 3335 2780 3406 derogatione
2807 3337 3130 3391 sanctissimi
3156 3339 3489 3408 apostolatus
3519 3340 3686 3395 vestri
3708 3353 3813 3395 au-

2223 3441 2336 3480 rem
2363 3427 2802 3481 accommodatis.
2835 3427 3143 3482 Praesertim
3182 3443 3301 3482 cum
3333 3440 3518 3485 nostra
3553 3446 3814 3486 mansue-

2225 3515 2354 3569 tudo
2380 3515 2780 3585 promptissima
2810 3517 2881 3571 sit
2909 3518 3053 3573 omni
3082 3519 3359 3588 deroganti
3389 3535 3514 3573 vera
3534 3560 3550 3583 ,
3578 3527 3629 3574 et
3655 3521 3812 3590 justa

2224 3607 2432 3662 ratione
2462 3608 2715 3662 resistere
2740 3625 2752 3660 :
2783 3609 2926 3677 quod
2952 3616 3006 3664 et
3036 3609 3194 3676 legati
3227 3611 3411 3674 vestri,
3443 3626 3612 3681 nuper
3639 3612 3691 3664 in
3717 3610 3814 3671 his

2223 3698 2468 3771 partibus
2495 3699 2721 3764 directi,
2762 3699 2916 3753 vobis
2944 3699 3193 3776 intimare
3222 3708 3472 3770 poterant
3496 3701 3543 3755 si
3572 3699 3808 3765 vellent,

2224 3793 2348 3863 quia
2379 3808 2478 3847 nos
2507 3793 2629 3847 data
2660 3792 2860 3847 nostris
2887 3791 3290 3847 accusatoribus
3315 3791 3568 3847 firmitate
3596 3792 3808 3846 aditum

2224 3884 2475 3939 veniendi
2523 3885 2889 3940 concessimus
2937 3891 2994 3938 et
3042 3883 3417 3938 rationabilem
3471 3883 3808 3938 satisfactio-

2225 3993 2373 4040 nem,
2403 3986 2654 4045 tanquam
2687 3977 2742 4030 in
2771 3982 2948 4030 vestra
2982 3976 3242 4045 patientia
3266 4016 3280 4039 ,
3317 3990 3384 4028 ex
3415 3984 3598 4029 vestro
3633 3973 3810 4029 latere

2226 4067 2446 4123 directis
2480 4066 2698 4135 explere
2735 4065 2910 4136 parati
2947 4065 3177 4128 fuimus,
3229 4065 3361 4118 nihil
3406 4075 3602 4118 nostra!
3645 4064 3813 4133 regia

2227 4157 2476 4229 dignitati
2507 4156 2772 4222 faventes,
2807 4157 2902 4211 sed
2931 4158 3084 4226 quasi
3117 4173 3253 4212 unus
3280 4173 3345 4210 ex
3377 4156 3655 4209 vilioribus
3682 4170 3810 4224 per-

2226 4249 2406 4315 sonis,
2444 4248 2869 4304 sacerdotalibus
2908 4247 3128 4301 monitis
3163 4257 3432 4317 parentes.
3480 4245 3592 4299 Hoc
3631 4253 3810 4300 totum

2228 4341 2397 4396 nostri
2442 4339 2620 4394 remuli
2668 4339 2887 4393 sinistra
2937 4338 3382 4408 interpretatione
3423 4337 3807 4407 intelligentes,

2228 4439 2552 4487 exarserunt
2585 4430 2639 4484 in
2669 4429 3100 4500 concupiscentia
3137 4428 3285 4500 regni
3328 4427 3482 4483 nobis
3519 4427 3700 4481 divina
3727 4427 3814 4481 di-

2231 4522 2481 4594 gnatione
2504 4520 2627 4590 iure
2653 4520 2994 4575 haereditario
3018 4519 3260 4574 concessi
3286 4533 3300 4571 :
3330 4533 3433 4572 non
3462 4517 3812 4572 attendentes

2233 4615 2568 4684 Scripturam
2610 4613 2920 4677 dicentem:
2953 4612 3167 4666 Domini
3207 4621 3280 4665 est
3321 4627 3564 4682 regnum,
3605 4620 3651 4664 et
3694 4613 3802 4664 cui-

2229 4725 2430 4781 cunque
2456 4708 2674 4762 voluerit
2703 4707 2846 4760 dabit
2874 4705 3008 4759 illud
3039 4705 3201 4776 (Dan.
3231 4705 3305 4776 IV)
3330 4720 3344 4759 :
3377 4720 3550 4774 neque
3579 4704 3814 4773 Aposto-

2229 4801 2340 4856 lum
2384 4801 2650 4856 dicentem
2680 4817 2692 4852 :
2728 4798 2852 4852 Non
2893 4808 2967 4852 est
3008 4809 3235 4868 potestas
3281 4798 3381 4852 nisi
3414 4815 3446 4850 a
3483 4796 3592 4850 Deo
3629 4795 3808 4867 (Rom.

2231 4895 2373 4963 xm).
2405 4891 2550 4947 Illius
2579 4906 2707 4960 ergo
2730 4891 2938 4945 victrici
2967 4890 3188 4946 dextera
3214 4905 3310 4959 pro
3333 4889 3509 4953 nobis,
3535 4889 3611 4943 uti
3634 4889 3814 4944 credie-

2231 4999 2372 5050 mus,
2400 4991 2690 5054 pugnante,
2716 4984 2807 5053 qui
2837 4982 2983 5038 novit
3005 4993 3060 5038 et
3081 4983 3448 5053 diripientem,
3479 4991 3535 5036 et
3555 4997 3677 5036 eum
3717 4983 3809 5052 qui

2235 5075 2504 5145 diripitur,
2533 5073 2971 5143 parvipendimus
3006 5087 3192 5127 eorum
3223 5071 3434 5127 fucatas
3463 5071 3765 5126 simultates
3795 5088 3808 5122 :

2237 5165 2570 5221 solummodo
2605 5173 2664 5219 ut
2701 5166 2864 5220 vestri
2898 5163 3242 5234 pontificatus
3279 5165 3550 5227 anchora,
3589 5164 3642 5217 in
3678 5162 3812 5217 soli-

2237 5259 2458 5314 dissima
2504 5266 2704 5313 sancta:
2747 5258 2935 5312 matris
2977 5258 3232 5313 Ecclesiae
3276 5257 3626 5312 fundamento
3669 5256 3809 5316 fixa,

553 5339 748 5412 quippe
789 5341 1157 5399 desideramus
1201 5345 1360 5401 citius
1405 5345 1553 5401 vobis
1596 5354 1836 5400 nostram
1875 5345 2131 5401 exhibere
2158 5336 2210 5395 D
2237 5353 2392 5409 nobis
2422 5352 2669 5408 similiter
2695 5352 3000 5422 petentibus
3039 5352 3336 5407 concedere
3381 5352 3632 5421 dignetur
3665 5351 3811 5421 quod

554 5435 918 5501 praesentiam,
943 5442 1003 5489 ut
1030 5435 1155 5492 illud
1185 5437 1379 5492 veriori
1406 5437 1741 5508 experientia
1763 5435 1984 5506 implere
2006 5450 2131 5506 pos-

459 5604 464 5610 ί
555 5525 692 5588 sitis,
723 5527 863 5594 quod
896 5526 1036 5584 idem
1070 5530 1326 5601 propheta
1359 5537 1477 5601 post
1505 5544 1674 5601 pauca
1704 5528 2025 5584 subintulit:
2062 5528 2128 5583 Et

628 5691 648 5720 ι
690 5679 840 5751 Apud
858 5682 1146 5745 Labbeum.
1173 5685 1703 5748 Conciliorumtomo
1732 5685 1857 5744 Vlll.
1883 5701 1932 5763 p.
1966 5685 2087 5740 500.

2240 5445 2294 5500 in
2329 5443 2594 5500 mandatis
2623 5443 2788 5513 digito
2816 5441 2911 5497 Dei
2941 5443 3159 5512 scriptis
3186 5443 3380 5514 legitur
3407 5461 3420 5498 :
3452 5440 3602 5497 Iuste
3624 5441 3811 5512 judica

2238 5535 2474 5604 proximo
2511 5543 2599 5587 tuo
2635 5530 2776 5602 (Leu.
2817 5531 2953 5602 xix).
2993 5531 3162 5590 Porro
3199 5548 3297 5590 nos
3341 5532 3394 5588 in
3437 5530 3641 5588 ultimis
3677 5546 3814 5601 pene
