4026 6346
207 335 319 395 313

209 451 367 522 regni
396 449 570 505 nostri
600 461 741 500 υπηυο
780 490 793 498 .

209 542 420 598 tionem
462 548 797 608 paganorum
844 529 1142 585 laboriosas
1188 526 1445 583 excubias
1489 532 1787 588 servantes,

211 625 643 685 discurrentium
668 618 928 677 relatione
956 615 1346 687 comperimus,
1385 612 1792 684 Theutgaudum

211 720 597 777 Trevirensem
616 755 633 783 ,
665 721 720 769 et
745 711 1105 769 Guntharium
1137 708 1583 781 Agrippinensem
1604 746 1620 772 ,
1646 721 1676 761 a
1702 720 1796 761 ve-
1830 764 1841 769 _

213 822 332 870 stra
365 808 689 865 auctoritate
714 803 1226 866 excommunicatos,
1260 810 1420 870 atque
1453 799 1565 854 oris
1590 797 1792 868 proprii

216 900 533 959 testimonio
568 896 823 953 canonice
859 894 1178 949 damnatos:
1213 891 1353 961 quod
1391 906 1491 946 nos
1530 906 1635 944 non
1678 889 1794 944 sine

213 995 372 1069 gravi
399 1006 635 1048 maerore
669 988 997 1051 haurientes,
1041 985 1378 1042 decrevimus
1415 983 1796 1055 longanimiter

216 1102 283 1142 ac
310 1084 581 1155 patienter
610 1080 753 1135 ferre
788 1081 1031 1133 nuntiata
1058 1116 1073 1142 ,
1112 1084 1169 1131 et
1203 1083 1263 1131 ut
1301 1074 1429 1131 olim
1466 1075 1518 1129 in
1552 1073 1794 1144 pluribus

215 1184 403 1231 actum
425 1180 529 1235 est,
560 1168 919 1226 restitutionis
947 1182 1100 1238 spem
1130 1166 1347 1232 habere,
1377 1175 1431 1219 et
1456 1164 1543 1235 pie
1573 1162 1795 1219 refrica-

217 1266 290 1321 tis
320 1278 389 1318 ac
415 1258 725 1317 retractatis
754 1257 1026 1321 omnibus,
1066 1254 1241 1311 locum
1272 1252 1604 1309 rationabilis
1633 1252 1797 1308 mise-

212 1351 471 1408 ricordize
499 1364 531 1403 a
562 1356 738 1404 vestra
767 1345 1017 1416 largitate
1045 1343 1365 1415 praestolari.
1409 1343 1617 1398 Interea
1647 1341 1795 1398 acci-

213 1443 294 1498 dit
321 1440 483 1495 nobis
509 1453 688 1503 nosse,
717 1436 858 1507 quod
873 1434 1207 1490 Guntharius
1226 1434 1513 1489 missarum
1537 1431 1796 1488 solemnia

211 1541 512 1603 antequam
540 1530 608 1585 ad
636 1544 734 1584 nos
766 1527 1071 1599 perveniret
1113 1526 1391 1582 celebrare
1432 1540 1539 1581 non
1582 1524 1795 1591 metuit,

210 1636 269 1681 et
324 1622 489 1693 juxta
546 1620 938 1692 praecedentem
990 1616 1434 1672 consuetudinem
1491 1613 1798 1686 episcopale

211 1717 462 1773 chrisma
489 1710 775 1777 conﬁcere,
816 1719 869 1764 et
909 1709 1171 1779 Spiritum
1210 1708 1544 1779 paracletum
1584 1706 1797 1761 tradere

209 1805 568 1879 praesumpsit
596 1820 610 1857 :
635 1766 776 1874 quod
800 1816 900 1856 nos
930 1766 1062 1855 satis
1090 1766 1233 1870 aegre
1260 1798 1498 1861 tulimus,
1527 1804 1584 1853 et
1609 1804 1669 1850 ut
1692 1796 1796 1852 hoc
1821 1781 1869 1841 Β
1965 1766 2034 1804 θ’

210 1913 325 1953 non
372 1896 548 1961 ﬁeret,
598 1902 854 1962 tanquam
895 1888 1233 1946 mortiferum
1280 1903 1579 1953 venenum,
1620 1886 1795 1942 modis

208 1986 472 2043 omnibus
499 1982 893 2038 abominamur.
925 1979 1020 2034 Illo
1047 1986 1227 2034 autem
1265 1977 1332 2032 ad
1375 1992 1473 2033 nos
1502 1976 1752 2031 veniente
1774 2015 1791 2042 ,

208 2078 336 2149 ejus
366 2076 589 2131 missam
616 2072 804 2129 audire
824 2071 1114 2137 noluimus,
1146 2085 1244 2126 nec
1268 2070 1322 2124 in
1348 2068 1527 2138 aliquo
1549 2068 1623 2123 illi
1649 2083 1796 2124 com-

211 2166 501 2222 municare
534 2170 709 2220 ratum
738 2162 1019 2223 duximus,
1050 2169 1105 2216 et
1127 2160 1278 2231 juxta
1302 2159 1560 2214 Veritatis
1585 2174 1793 2226 vocem,

211 2261 374 2333 quasi
403 2260 861 2317 scandalizantem
889 2257 1124 2323 oculum,
1154 2272 1184 2311 a
1210 2257 1367 2312 nobis
1392 2271 1581 2312 eruere
1608 2271 1794 2312 macu-

212 2353 327 2409 lam
374 2352 741 2422 disponimus,
781 2365 1061 2421 quousque
1100 2349 1424 2405 sanctissimi
1467 2348 1799 2421 apostolatus

211 2443 389 2499 vestri
416 2443 676 2498 ﬁnitivam
707 2441 1029 2497 sententiam
1059 2442 1124 2496 de
1150 2440 1243 2495 illo
1272 2440 1471 2496 rescire
1498 2439 1795 2496 valeamus.

212 2536 517 2608 Epistulam
544 2548 760 2606 quoque
795 2550 824 2587 a
855 2540 1033 2589 vestra
1062 2532 1350 2588 sanctitate
1374 2531 1638 2600 episcopis
1663 2531 1785 2587 dim-

211 2643 412 2684 ccseos
441 2627 701 2681 directam
732 2625 802 2678 illi
838 2623 1256 2689 transmisimus,
1299 2631 1365 2679 ut
1399 2622 1597 2681 ibidem
1635 2636 1799 2677 cano-

214 2718 376 2773 nicas
422 2724 586 2785 atque
629 2714 955 2786 apostolicas
998 2713 1305 2769 sanctiones
1349 2711 1552 2782 liquido
1595 2726 1796 2783 cogno-

215 2822 403 2871 scens,
435 2806 614 2860 videat
643 2805 773 2876 quid
803 2805 857 2860 in
891 2813 1165 2875 posterum
1194 2804 1269 2858 illi
1306 2803 1565 2875 agendum
1594 2804 1684 2859 sit.
1721 2801 1798 2858 De

216 2903 425 2952 caetero
451 2895 715 2951 veraciter
742 2910 807 2950 ac
843 2894 1127 2950 sinceriter
1162 2901 1343 2949 vestra
1381 2893 1676 2964 paternitas
1703 2908 1801 2948 no-

215 2990 383 3053 verit,
413 2988 557 3058 quod
587 2987 970 3059 Theutgaudus
999 2986 1426 3057 simplicissimus
1455 2995 1616 3056 atque
1647 2986 1800 3041 iuno.

218 3080 570 3135 centissimus
590 3079 697 3145 vir,
720 3087 956 3134 vestram
979 3078 1259 3134 humiliter
1284 3077 1465 3134 ferens
1488 3092 1795 3145 censuram,

1550 320 1908 378 El’lSTOLJS
1950 320 2150 376 'I'RES.

829 448 1255 503 coniurarantes,
1299 463 1352 491 ω
1397 452 1537 507 erga.
1565 435 1790 489 infesta—
1822 436 1867 495 Α
1896 431 1938 485 Τ
1944 432 2234 497 rimtatem,
2273 429 2545 484 humiliter
2575 427 2826 500 petimus,
2861 437 2922 482 ut
2952 425 3113 483 facile
3143 427 3472 485 criminosus

3361 315 3470 373 S‘M

1896 522 1960 577 ad
1984 520 2352 577 causationem
2382 529 2623 575 nostram
2660 517 2967 573 nullatenus
2996 517 3296 574 admittatis
3322 536 3336 572 :
3375 532 3472 574 ne-

1895 626 2000 681 que
2026 620 2083 665 ut
2108 609 2398 680 Apostolus
2423 609 2601 675 docet,
2648 607 2794 663 omni
2824 606 3036 678 spiritui
3077 606 3329 671 credatis,
3374 606 3474 663 sed

1893 700 2117 770 probate
2159 699 2205 754 si
2251 714 2319 755 ex
2362 699 2471 754 Deo
2512 698 2583 753 sit
2611 697 2662 768 (Ι
2690 696 2851 752 Joan.
2878 699 2955 769 tv)
2982 715 2995 751 :
3021 697 3145 768 quia
3178 698 3355 769 parati
3381 712 3473 755 su-

1894 807 2037 857 mus,
2086 790 2131 846 si
2182 790 2320 845 ratio
2367 788 2675 854 dictaverit,
2732 804 2832 860 per
2876 789 3234 860 nosmetipsos
3280 788 3472 860 polire,

1894 883 2035 953 quod
2080 881 2394 936 aemulorum
2440 880 2637 934 invidia
2689 879 2841 951 ﬁngit
2889 879 3080 933 aliena.
3122 877 3474 949 Omnipotens

1894 976 2037 1031 Deus
2072 973 2472 1029 sanctissimum
2501 971 2820 1042 prmsulatus
2859 972 3021 1025 vestri
3061 971 3267 1042 apicem
3308 970 3477 1039 arqui-

1898 1065 2022 1119 tatis
2062 1063 2231 1120 lance
2281 1062 2618 1118 moderatum
2676 1061 2767 1117 diu
2813 1060 3135 1117 incolumem
3182 1058 3470 1118 custodiat.

1897 1154 2089 1210 Amen.

2410 1240 2821 1298 EPISTOLA
2907 1240 2949 1296 I.

2494 1372 2562 1411 AD
2590 1368 2810 1410 εωιυειι
2827 1364 2875 1406 ⁸.

1899 1467 1968 1526 Ut
1990 1469 2576 1525 excommunicationem
2604 1466 2668 1522 ob
2695 1467 3014 1522 consortium
3040 1482 3160 1521 cum
3180 1465 3476 1522 Waldrarla

1964 1541 2335 1595 comminatam
2377 1538 2616 1608 effugiat,
2657 1553 2810 1593 suum
2833 1537 2902 1590 ad
2932 1534 3215 1608 Nicolaum
3247 1534 3473 1608 Romam

1966 1610 2243 1665 adventum
2298 1605 2539 1669 nuntiat,
2579 1612 2626 1661 ει
2667 1618 2723 1662 ut
2768 1624 2888 1676 eum
2932 1622 3020 1676 spe
3070 1605 3204 1660 bona
3244 1605 3478 1674 ludi/lcet

1964 1681 2320 1749 episcoporum
2366 1678 2434 1731 ad
2464 1677 2716 1749 _eumdem
2756 1675 3066 1749 legationem
3111 1676 3379 1749 decernit,
3427 1682 3477 1727 et

2036 1744 2225 1803 :cilium
2247 1759 2430 1804 contra
2451 1746 2765 1813 Saracenos,
2791 1744 2837 1801 si
2855 1762 2983 1818 opus
3004 1748 3095 1813 sit,
3114 1746 3161 1800 ei
3181 1744 3474 1815 pollicetur.

1962 1882 2191 1938 Domino
2224 1896 2348 1937 vere
2376 1881 2719 1937 sanctissimo
2746 1896 2809 1936 ac
2836 1880 3172 1946 beatissimo,
3200 1879 3472 1948 totiusque

1893 1970 1987 2028 Dei
2016 1971 2270 2028 Ecclesia:
2299 1986 2454 2027 roseo
2480 1971 2555 2041 pii
2583 1970 2745 2042 Regis
2771 1970 2969 2026 Christi
2995 1971 3254 2042 sanguine
3284 1968 3471 2039 acqui-

1894 2062 2011 2119 sitte
2045 2076 2253 2116 summo
2294 2060 2535 2131 pontiﬁci
2580 2068 2635 2115 et
2683 2059 2973 2115 universali
3015 2074 3167 2129 papae
3214 2057 3474 2121 NICOLAO,

1894 2150 2250 2217 Lornanws,
2312 2150 2497 2205 divina
2548 2150 2878 2220 pmpitiante
2924 2149 3211 2205 clementia
3265 2164 3360 2203 rex
3412 2162 3479 2202 ac

1895 2241 2279 2297 devotissimus
2308 2239 2449 2295 ﬁlius
2475 2248 2673 2305 vester,
2698 2240 3083 2310 sempiternam
3105 2254 3228 2294 cum
3257 2238 3473 2309 gaudio,

1894 2334 2294 2406 prosperitatis,
2343 2342 2398 2389 et
2436 2332 2717 2390 felicitatis
2753 2333 3017 2405 gloriam,
3065 2331 3327 2403 ﬁdeleque
3360 2346 3477 2388 ser-

1894 2427 2107 2482 vitium.

1966 2515 2083 2573 Rex
2126 2531 2309 2588 regum
2352 2523 2409 2573 et
2449 2517 2701 2589 princeps
2747 2523 3026 2587 pastorum
3058 2515 3337 2580 Christus,
3382 2514 3475 2583 qui

1895 2608 2326 2676 sacerdotalem,
2377 2588 2677 2680 etregiam
2714 2608 3029 2680 dignitatem
3072 2607 3126 2663 in
3175 2588 3514 2662 ministerio.

1895 2707 2083 2754 nostro
2130 2698 2515 2769 redemptionis
2559 2700 2615 2753 in
2665 2699 2843 2769 seipso
2884 2698 3088 2764 univit,
3143 2699 3343 2769 quique
3389 2700 3475 2754 sui

1897 2788 2053 2844 ovilis
2075 2803 2261 2843 curam
2290 2788 2451 2843 beato
2480 2787 2641 2842 Petro
2670 2787 3037 2857 apostolorum
3060 2788 3289 2858 principi
3323 2797 3475 2842 tuen—

1899 2881 2022 2935 dam
2050 2879 2357 2946 commisit,
2407 2877 2497 2933 ille
2527 2894 2629 2934 nos
2657 2879 2963 2934 salubribus
2990 2880 3182 2935 edictis
3211 2880 3440 2935 instituit
3460 2920 3476 2944 .

1897 2982 1958 3029 ut
1983 2973 2320 3045 apostolatus
2346 2973 2513 3028 vestri
2543 2973 2966 3029 sacratissimum
2991 2974 3197 3044 apicem
3220 2973 3478 3029 divinitus

1899 3065 1956 3120 in
1998 3064 2348 3120 fundamento
2375 3062 2628 3119 Ecclesia:
2653 3063 2997 3118 sublimatum
3030 3063 3256 3119 ﬁdeliter
3286 3063 3478 3135 diliga-

219 3172 278 3226 in
310 3172 463 3227 nullo
492 3172 557 3227 de
585 3186 741 3227 sacro
766 3170 1064 3226 ministerio
1094 3170 1407 3241 contingere
1433 3170 1795 3242 praesumpsit,

1908 3172 2045 3223 mus,
2071 3166 2125 3212 et
2150 3156 2424 3212 humiliter
2448 3170 2788 3211 veneremur.
2813 3154 2951 3211 Hinc
2983 3163 3084 3223 est,
3110 3155 3251 3227 quod
3280 3164 3478 3211 nostra:

217 3264 399 3333 magis
420 3263 623 3335 eligens
649 3261 1126 3317 dehonorationem
1152 3261 1565 3332 praesentialiter
1590 3261 1645 3315 in
1670 3276 1798 3316 ocu-

219 3353 289 3410 lis
316 3354 594 3409 hominum
621 3353 755 3424 pati,
787 3367 949 3422 quam
986 3366 1082 3423 per
1121 3352 1535 3408 inobedientiam
1562 3352 1629 3407 ab
1657 3351 1801 3409 illius

221 3444 489 3499 membris
514 3443 743 3508 secerni,
780 3441 874 3512 qui
912 3450 1075 3512 caput
1107 3449 1194 3497 est
1238 3441 1543 3507 humilium,
1583 3442 1801 3511 suisque

223 3532 507 3605 discipulis
535 3533 611 3587 ait
634 3548 650 3585 :
680 3532 875 3585 Discite
902 3548 932 3584 a
959 3547 1039 3585 me
1062 3532 1186 3601 quia
1210 3531 1350 3585 mitis
1374 3548 1491 3586 sum
1519 3541 1567 3585 et
1590 3529 1801 3586 humilis

224 3631 411 3688 corde,
441 3632 489 3678 et
517 3622 783 3678 invenietis
812 3622 1038 3693 requiem
1066 3621 1340 3677 animabus
1368 3622 1550 3677 vestris
1586 3621 1799 3693 (Matth.

224 3713 334 3785 xi).
356 3713 475 3783 Ipse
500 3712 665 3778 enim,
693 3712 784 3782 qui
812 3711 1058 3781 superbis
1084 3711 1306 3778 resistit,
1334 3722 1391 3766 et
1416 3712 1641 3783 gratiam
1668 3727 1806 3781 prte-

226 3813 343 3860 stat
381 3803 692 3869 humilibus,
727 3804 925 3873 poterit
967 3801 1139 3867 illum,
1188 3802 1235 3857 si
1280 3803 1537 3857 innocens
1581 3811 1696 3867 est,
1741 3803 1807 3860 de

226 3894 482 3966 supernis
518 3893 939 3949 misericorditer
965 3893 1256 3962 respicere.
1291 3892 1580 3949 Enimvero
1617 3892 1809 3964 legatis

228 3984 441 4040 nostris
472 3982 826 4053 Theutgaudo
852 3989 908 4037 et
934 3981 1265 4049 Gunthario,
1302 3982 1433 4037 nihil
1472 3981 1578 4037 tale
1606 3982 1808 4053 aliquid

230 4076 288 4131 in
316 4088 416 4129 sua
446 4073 711 4144 legatione
740 4071 841 4127 fari
865 4072 1239 4144 praecipimus,
1266 4072 1406 4128 unde
1448 4072 1808 4129 damnationis

230 4173 424 4220 notam
448 4164 806 4218 incurrerent.
835 4160 942 4217 Sed
969 4177 1068 4218 nec
1095 4162 1162 4217 de
1184 4161 1487 4234 lngeltrude
1516 4178 1685 4219 uxore
1707 4163 1811 4219 Bo—

230 4256 385 4312 sonis
414 4255 630 4327 aliquod
658 4253 1026 4325 prtejudicium
1070 4254 1215 4311 ferre
1251 4255 1509 4311 debemus
1538 4264 1630 4311 aut
1662 4256 1808 4311 volu-

231 4362 399 4401 mus:
432 4359 593 4415 quam
620 4359 742 4411 nos,
787 4354 1062 4415 comperto
1108 4347 1250 4415 quod
1297 4347 1656 4403 anathematis
1693 4348 1810 4402 vin-

230 4435 361 4491 culo
405 4443 552 4490 esset
591 4436 862 4501 innodata,
904 4435 1222 4504 Cunthario,
1264 4438 1390 4508 quia
1433 4448 1560 4495 tunc
1606 4440 1660 4495 in
1709 4455 1807 4496 sua

1906 3248 2330 3304 mansuetudinis
2358 3245 2601 3314 allectus,
2632 3247 2777 3313 circa
2822 3257 3057 3303 vestram
3107 3248 3477 3304 celsitudinem

1904 3354 2045 3395 vera:
2069 3338 2351 3394 charitatis
2394 3337 2518 3409 igne
2558 3336 2941 3404 inﬂammatur,
2987 3348 3043 3395 et
3079 3354 3109 3393 a
3148 3339 3331 3394 multis
3364 3336 3477 3407 jam

1903 3442 2049 3486 retro
2078 3431 2287 3497 diebus,
2319 3447 2419 3488 nos
2460 3432 2527 3486 ad
2561 3441 2798 3486 vestram
2835 3432 3177 3502 praesentiam
3206 3432 3481 3488 desidera-

1902 3521 2083 3578 biliter
2112 3522 2343 3576 invitare
2388 3536 2494 3576 non
2525 3530 2723 3576 cessat.
2775 3521 3114 3592 Quapropter
3157 3523 3255 3578 hos
3284 3531 3479 3577 vestra:

1903 3614 2345 3670 eminentissima:
2384 3613 2699 3684 paternitati
2736 3613 3031 3669 direximus
3069 3614 3270 3685 apices,
3321 3622 3380 3669 ut
3412 3613 3481 3670 de

1903 3714 2086 3761 vestra
2126 3704 2349 3775 optabili
2386 3704 2646 3773 sospitate
2675 3702 2905 3759 celerius
2949 3704 3147 3759 rescire
3186 3705 3479 3774 possimus,

1906 3811 2026 3867 qua:
2053 3795 2293 3851 omnium
2325 3811 2660 3865 gemmarum
2692 3795 2868 3851 nitore
2899 3794 3205 3866 pretiosior,
3229 3797 3483 3865 omnique

1909 3889 2166 3943 thesauro
2192 3887 2411 3942 charior
2438 3894 2626 3943 nostro
2654 3886 2993 3958 amplexatur
3028 3888 3083 3943 in
3126 3903 3371 3959 corpore.
3416 3888 3485 3943 Et

1909 3979 2035 4050 quia
2075 3993 2175 4035 nos
2211 3979 2313 4034 hoc
2342 3980 2484 4035 idem
2529 3978 2596 4034 de
2625 3987 2805 4034 vestra
2844 3978 3078 4035 sanitate
3111 3979 3485 4034 incunctanter

1908 4072 2198 4137 credimus,
2220 4071 2388 4127 satius
2408 4070 2561 4127 vobis
2582 4070 2939 4127 intimandum
2965 4072 3319 4136 decrevimus,
3343 4069 3483 4141 quod

1908 4164 2092 4219 divina
2144 4162 2442 4234 Opitulante
2492 4161 2823 4228 clementia,
2894 4170 3077 4217 nostra
3132 4159 3483 4217 mansuetudo

1907 4254 2108 4324 optime
2137 4253 2309 4324 viget,
2356 4252 2703 4325 ﬁdeliumque
2741 4261 3049 4308 nostrorum
3080 4251 3405 4324 generalitas
3432 4251 3485 4304 in

1910 4344 2233 4400 necessariis
2280 4344 2588 4416 reipublicae
2625 4345 2880 4418 negotiis,
2925 4345 3222 4415 opitulante
3247 4344 3486 4408 Christo,

1913 4436 2221 4492 salubribus
2270 4434 2484 4507 proﬁcit
2530 4435 2917 4503 incrementis,
2966 4436 3075 4491 imo
3117 4434 3491 4507 prosperitatis

230 4526 495 4596 parocbia
520 4535 659 4593 erat,
685 4527 1199 4597 commendavimus,
1225 4540 1523 4598 monentes,
1554 4542 1613 4587 ut
1633 4535 1699 4587 de
1718 4533 1807 4588 illa
1836 4502 1887 4563 ί)
1910 4544 2218 4584 successum
2240 4528 2307 4583 ab
2334 4528 2452 4598 ipso
2472 4528 2734 4584 bonorum
2756 4530 2996 4586 omnium
3024 4529 3278 4601 largitore
3303 4527 3488 4598 prolu-

230 4629 399 4670 suum
444 4616 801 4672 ministerium
850 4616 1071 4685 laceret,
1116 4618 1225 4675 imo
1268 4619 1416 4675 illam
1458 4637 1525 4677 ex
1559 4622 1815 4677 omnibus

232 4706 393 4777 regni
423 4707 593 4762 nostri
625 4706 821 4761 ﬁnibus
845 4706 1227 4764 eliminandam
1255 4711 1582 4767 censuimus.
1629 4710 1812 4779 Legati

232 4798 387 4852 enim
418 4798 581 4852 vestri
612 4797 755 4852 illam
784 4799 1121 4867 postmodum
1158 4800 1524 4870 requirentes,
1561 4809 1724 4872 atque
1762 4801 1814 4855 in

232 4890 423 4945 medio
447 4898 765 4955 statuentes,
797 4905 894 4945 nos
920 4890 1230 4961 ignoramus
1258 4908 1417 4964 quem
1448 4894 1610 4949 ﬁnem
1639 4909 1820 4950 causae

237 4980 413 5050 ipsius
443 4980 815 5051 imposuerint.
846 4980 1094 5051 Episcopi
1137 4997 1266 5037 vero
1303 4984 1601 5039 diteceseos
1630 4983 1818 5040 Trevi-

237 5068 424 5123 rensis
452 5068 784 5139 metropolis,
831 5077 887 5123 et
922 5068 1227 5139 Agrippina:
1258 5071 1511 5137 Coloniae,
1543 5090 1645 5131 nec
1672 5090 1821 5131 com-

235 5157 413 5228 plices
440 5158 837 5226 damnatorum,
886 5172 985 5214 nec
1025 5160 1261 5216 fautores
1299 5163 1572 5231 vitiorum,
1620 5180 1722 5221 nec
1763 5166 1819 5221 in

237 5250 429 5321 aliquo
454 5250 871 5321 apostolicorum
899 5251 1237 5307 decretorum
1272 5263 1691 5325 contemptores,
1732 5258 1817 5313 vel

235 5342 631 5398 cationicorum
671 5342 981 5413 dogmatum
1026 5342 1311 5399 violatores
1351 5359 1470 5401 esse
1515 5347 1819 5416 probabun-

238 5442 357 5500 tur,
384 5434 479 5489 sed
510 5448 655 5489 sanae
679 5441 842 5503 atque
870 5434 1148 5490 catholica:
1179 5433 1301 5490 ﬁdei
1329 5451 1391 5490 ac
1430 5438 1542 5491 veri
1580 5437 1674 5492 Dei
1706 5439 1819 5494 cul-

240 5532 414 5581 tores.
457 5525 623 5596 Igitur
650 5535 870 5597 propter
896 5526 1082 5591 Deum,
1115 5535 1364 5582 sanctam.
1396 5537 1453 5583 et
1492 5528 1816 5586 individuam

1916 4626 2097 4673 turum
2139 4616 2417 4672 humiliter
2459 4632 2522 4672 ac
2550 4616 2781 4673 ﬁdeliter
2802 4618 3198 4689 praestolamur.
3239 4616 3485 4689 Regnum

1917 4723 2131 4780 quoque
2172 4709 2327 4765 nobis
2372 4709 2551 4764 divina
2596 4710 2799 4780 pietate
2847 4711 3195 4765 commissum
3238 4710 3306 4765 ab
3345 4708 3494 4764 omni

1917 4816 2252 4873 paganorum
2302 4801 2691 4869 infestatione,
2758 4802 3094 4873 aliorumque
3149 4802 3491 4858 inimicorum

1922 4891 2336 4961 depratdatione,
2388 4893 2612 4947 dextera
2657 4892 3043 4965 omnipotentis
3082 4893 3176 4949 Dei
3213 4907 3312 4964 pro
3341 4891 3498 4949 nobis

1923 4990 2228 5053 pugnante,
2269 4989 2324 5036 et
2366 4982 2749 5038 auxiliantibus
2780 4982 2986 5038 meritis
3023 4981 3165 5038 beati
3195 4981 3341 5036 Petri
3370 4995 3499 5053 apo.

1924 5072 2066 5140 stoli,
2108 5074 2410 5146 vestrisque
2455 5075 2708 5145 precibus
2750 5072 3000 5131 almilluis
3060 5072 3496 5145 suﬁ‘ragantibus,

1925 5166 2187 5223 hactenus
2226 5182 2348 5224 cum
2394 5167 2542 5225 omni
2589 5167 2896 5240 integritate
2944 5176 3118 5224 tutum
3157 5182 3377 5224 manere
3411 5183 3503 5223 co-

1925 5256 2186 5327 gnoscite.
3175 5334 3179 5337 _

1993 5350 2165 5407 Porro
2206 5358 2401 5408 vestra:
2446 5352 2750 5409 sanctitatis
2793 5354 3005 5409 noverit
3045 5353 3129 5424 pia
3178 5351 3499 5423 paternitas,

1926 5441 2070 5512 quod
2090 5441 2197 5499 isto
2220 5451 2461 5515 tempore
2488 5442 2944 5501 ferventissimam
2983 5445 3308 5502 desiderium
3336 5442 3502 5498 habe-

1929 5550 2049 5592 mus
2096 5550 2255 5594 causa
2305 5537 2566 5596 orationis
2615 5538 2980 5609 apostolorum
3022 5538 3206 5595 limina
3255 5536 3499 5597 visitare.

324 5715 349 5744 ι
386 5701 543 5761 Δοιιὰ
570 5701 855 5759 Baronium
882 5702 945 5759 ad
980 5718 1177 5759 annum
1208 5704 1334 5772 867,
1374 5720 1435 5762 ex
1459 5705 1657 5765 .codice
1689 5690 2009 5765 Trevircnsi.
