4026 6346
557 320 662 376 375

552 530 785 586 dulciter
815 528 1110 598 amplexari
1141 524 1392 597 vestigia;
1422 534 1477 581 et
1497 526 1608 597 jam
1636 525 1890 588 secundo,
1919 539 1983 579 ac
2012 534 2124 578 ter-

554 623 631 678 tio
653 623 824 678 nostri
852 620 1062 677 itineris
1088 629 1402 690 apparatum
1431 620 1531 675 sub
1560 628 1707 674 certa
1739 619 2129 675 deliberatione

556 712 842 782 repetitum
898 709 1177 772 habemus,
1209 709 1350 778 quod
1404 709 1456 763 in
1507 718 1631 763 voto
1678 718 1860 764 manet
1903 706 2128 777 implere

554 802 943 858 desiderantes.
971 799 1169 855 Verum
1203 800 1245 854 si
1271 799 1471 870 aliqua,
1499 799 1639 870 quod
1670 800 1834 865 absit,
1864 798 2130 869 periculo-

554 909 736 949 sorum
785 902 1086 963 temporum
1128 892 1363 946 varietas
1398 899 1581 944 votum
1623 900 1864 945 nostrum
1904 891 2130 945 interce-

552 983 714 1052 perit,
758 982 963 1053 legatos
995 988 1208 1036 nostros
1233 979 1539 1035 Gutl'ridum
1572 977 1955 1051 [Luitfridum]
1993 979 2127 1034 dile-

553 1073 852 1130 ctissimum
867 1069 1191 1125 avunculum
1214 1078 1484 1133 nostrum,
1500 1068 1890 1123 etWaltarium
1916 1067 2126 1122 ﬁdelem

553 1170 794 1217 nostrum
814 1203 829 1227 ,
859 1176 1069 1216 necnon
1103 1168 1159 1214 et
1188 1159 1600 1229 Theutgaudum
1631 1157 1989 1213 venerabilem
2034 1173 2125 1212 ar-

555 1252 974 1322 chiepiscopum,
1003 1260 1163 1318 atque
1186 1249 1437 1304 Attonem
1461 1247 1803 1322 [Hattonem,
1829 1257 1957 1316 puta
1989 1245 2127 1301 Viri-

550 1344 800 1399 dunensis
833 1342 1106 1414 Ecclesite]
1137 1344 1511 1413 coepiscopum
1538 1343 1606 1397 ad
1628 1352 1866 1397 vestram
1891 1354 2128 1412 praesen-

552 1435 683 1489 tiam
726 1434 995 1490 destinare
1037 1432 1479 1504 procul-abimus,
1528 1439 1589 1486 ut
1628 1447 1728 1504 per
1769 1430 1889 1486 illos
1927 1429 2131 1499 liquido

551 1534 843 1595 cognoscat
881 1533 1063 1580 vestra
1093 1523 1388 1590 celsitudo,
1439 1539 1601 1594 quam
1636 1522 1822 1578 ﬁdeles
1853 1522 2007 1577 vobis
2033 1536 2131 1592 per

553 1618 736 1672 omnia
761 1617 1063 1681 existimas,
1091 1630 1191 1671 nos
1218 1622 1274 1671 et
1296 1614 1486 1670 ﬁdeles
1516 1614 1704 1680 nostri,
1735 1622 1788 1671 et
1813 1629 1974 1684 quam
2004 1611 2130 1667 ﬁde-

554 1709 681 1763 liter
722 1707 918 1762 vestris
974 1706 1282 1762 salubribus
1327 1705 1605 1771 consiliis,
1651 1716 1708 1760 et
1757 1704 2153 1777 spiritualibus.

557 1798 777 1854 ineuitis
814 1812 1005 1868 parere
1028 1797 1416 1852 desideramus.
1452 1796 1660 1852 Revera
1700 1797 1839 1852 sicut
1871 1795 2129 1866 spiritalis
2161 1783 2204 1842 Β

556 1905 623 1943 ac
671 1886 1049 1943 devotissimus
1093 1886 1235 1942 ﬁlius
1278 1886 1715 1943 reverentissimo
1756 1885 1916 1957 patri,
1965 1892 2129 1955 atque

558 1978 847 2033 universali
892 1992 1064 2047 papae,
1111 1970 1529 2048 debet,'quippe
1556 1992 1656 2032 nos
1699 1985 1754 2032 et
1795 1975 2130 2031 venerabiles

556 2070 794 2141 episcopi
826 2079 986 2139 atque
1019 2067 1205 2123 lideles
1234 2064 1436 2133 nostri,
1470 2068 1515 2123 si
1546 2083 1652 2122 non
1680 2082 1926 2137 corpore,
1967 2066 2130 2121 corde

561 2172 740 2218 tamen
773 2162 841 2217 ad
874 2169 1048 2216 vestra
1078 2176 1232 2216 sacra
1263 2161 1484 2230 vestigia
1527 2160 1813 2231 provoluti,
1857 2159 2131 2214 humiliter

558 2253 827 2323 petimus,
876 2261 934 2305 ut
982 2251 1025 2306 si
1075 2250 1270 2319 aliquis
1315 2250 1657 2304 inimicorum
1701 2258 2008 2304 nostrorum
2063 2263 2127 2303 ex

559 2350 741 2396 nostra
773 2350 948 2412 parte,
976 2340 1229 2410 quiddam
1261 2338 1541 2394 sinistrum
1582 2339 1838 2394 mendoso
1882 2337 2131 2394 falsitatis

557 2435 731 2506 elogio
768 2436 960 2491 vestris
1007 2435 1367 2489 sanctissimis
1398 2435 1619 2490 auribus
1663 2435 1969 2505 signiﬁcare
1996 2450 2131 2505 pran-

558 2530 864 2599 sumpserit,
899 2530 1053 2600 quasi
1076 2530 1449 2598 serpentinum
1474 2530 1644 2594 virus,
1676 2530 1966 2600 apostolica
1998 2530 2129 2583 abo-

559 2620 795 2674 minetur
816 2620 1131 2675 auctoritas.
1174 2620 1243 2674 Et
1271 2619 1486 2690 quidem
1514 2620 1682 2674 nostri
1711 2622 1946 2691 episcopi
1986 2621 2130 2676 veri-

559 2712 686 2767 tatis
711 2712 977 2784 discipuli,
1007 2713 1247 2785 magislri
1272 2714 1475 2770 erroris
1495 2728 1615 2769 esse
1637 2729 1742 2768 non
1771 2724 2013 2784 possunt,
2040 2714 2130 2784 qui

554 2804 845 2860 orthodoxi
886 2805 1057 2874 patris
1087 2805 1368 2861 catholica:
1398 2814 1453 2862 et
1500 2806 1808 2877 apostolicae
1853 2805 1978 2862 ﬁdei
2020 2806 2131 2862 veri

557 2893 928 2963 probabuntur
960 2910 1081 2950 esse
1107 2895 1360 2951 cultores.

628 2983 775 3040 Inter
806 2986 909 3041 ista
937 3001 1066 3041 vero
1097 2997 1272 3041 ratum
1313 3002 1436 3042 esse
1473 2986 1725 3043 duximus
1753 2986 2094 3043 inserendum
2117 3028 2132 3053 ,
2159 2972 2163 2976 ’

558 3075 702 3144 quod
733 3075 778 3130 si
806 3076 985 3146 aliqua
1015 3077 1250 3131 incursio
1284 3090 1615 3150 paganorum
1649 3079 1782 3134 lines
1815 3079 1959 3134 beati
1985 3078 2132 3133 Petri

564 3169 717 3224 vobis
748 3169 960 3224 caelitus
992 3171 1309 3225 commissos
1342 3171 1493 3225 adire
1529 3172 1836 3236 tentaverit,
1876 3180 1970 3225 aut
2001 3170 2135 3225 forte
2163 3139 2207 3199 ϐ

563 3260 825 3316 terminos
849 3260 1213 3331 augustissimi
1236 3261 1579 3330 imperatoris
1597 3268 1757 3330 atque
1778 3260 2134 3315 amantissimi

560 3352 805 3421 germani
853 3351 1021 3407 nostri
1068 3351 1358 3417 Ludovici,
1402 3361 1562 3422 prout
1610 3353 1916 3423 nuperrima
1978 3361 2141 3421 atque

564 3442 802 3499 infausta
846 3443 1105 3499 relatione
1135 3446 1514 3514 comperimus,
1555 3446 1855 3516 irrumpere
1882 3460 2138 3516 praesum-

562 3535 752 3606 pserit,
779 3535 907 3591 illud
941 3537 1096 3591 nobis
1124 3536 1327 3607 absque
1354 3537 1460 3590 ulla
1494 3537 1749 3592 dilatione
1785 3538 1939 3593 ocius
1975 3536 2138 3609 signi-

561 3626 714 3681 ﬁcari
755 3626 1120 3697 deposcimus;
1161 3627 1297 3696 quia,
1331 3626 1571 3698 quolibet
1619 3627 1913 3698 postposito
1957 3641 2137 3681 rerum

561 3719 934 3790 temporalium
956 3718 1173 3785 damno,
1188 3727 1349 3789 atque
1369 3719 1688 3790 parvipenso
1707 3719 1931 3790 perituri
1953 3717 2141 3773 discri-

565 3811 709 3866 mine
736 3811 886 3882 regni
926 3826 1025 3881 pro
1070 3826 1283 3878 amore,
1308 3820 1365 3866 et
1394 3811 1584 3866 timore
1609 3810 1736 3875 Dei,
1779 3820 1833 3865 et
1859 3811 2137 3866 beatorum

568 3901 953 3973 apostolorum,
991 3912 1411 3971 sanctorumque
1438 3902 1681 3956 omnium
1710 3901 2032 3965 reverentia,
2065 3899 2141 3954 si-

567 3990 784 4061 mulque
813 4000 994 4046 vestra
1041 3990 1381 4047 sanctissima
1423 3991 1770 4061 paternitate,
1820 4005 1980 4059 quam
2021 4003 2139 4061 prae

567 4081 818 4136 omnibus
841 4082 1155 4137 mortalibus
1173 4081 1415 4153 diligere,
1433 4097 1497 4137 ac
1509 4081 1757 4136 venerari
1782 4079 2138 4144 decrevimus,

567 4185 671 4225 nos
713 4184 777 4225 ac
820 4169 1007 4227 ﬁdeles
1049 4179 1263 4227 nostros
1310 4170 1491 4235 morti,
1533 4185 1599 4225 ac
1641 4169 1881 4240 periculo
1928 4169 2142 4225 tradere

570 4262 748 4332 parati
775 4278 977 4326 sumus,
1025 4264 1259 4319 scientes
1293 4277 1415 4319 esse
1457 4263 1757 4333 scriptum:
1791 4261 2007 4319 Timere
2035 4277 2141 4318 non

568 4349 830 4406 debemus
847 4360 1099 4419 mortem,
1114 4367 1236 4423 quae
1255 4353 1372 4410 sine
1400 4353 1563 4408 dubio
1589 4353 1836 4423 perducit
1863 4353 1932 4409 ad
1952 4353 2138 4408 vitam.

638 4445 808 4517 [gitur
847 4447 1043 4516 quibus
1087 4447 1330 4503 valemus
1374 4447 1537 4513 votis,
1579 4447 1790 4502 Domini
1835 4446 2142 4502 misericor-

571 4534 715 4588 diam
746 4534 1111 4607 imploramus,
1126 4545 1185 4590 ut
1201 4544 1440 4591 nostram
1458 4535 1923 4594 mansuetudinem
1950 4543 2144 4590 vestrae

572 4622 1039 4679 excellentissima:
1082 4623 1315 4680 almitati
1357 4626 1568 4681 tandem
1601 4632 1951 4696 repraseutet
1997 4625 2146 4680 inco—

571 4715 782 4782 lumen;
843 4724 1115 4789 quatenus
1184 4717 1364 4773 verior
1425 4719 1755 4791 experientia
1812 4717 2147 4789 apostolatus

570 4810 737 4865 vestri
776 4810 980 4880 puriter
1019 4819 1330 4881 cognoscat,
1382 4822 1561 4867 utrum
1607 4811 1813 4883 prolata
1843 4826 1875 4866 a
1901 4811 2147 4866 veritatis

572 4900 720 4955 fonte
761 4906 1151 4960 emanaverint.
1191 4903 1542 4976 Omnipotens
1573 4906 1714 4961 Deus
1742 4906 1913 4962 nostri
1941 4920 2147 4960 memo-

575 5006 689 5046 rem
715 5007 983 5049 summum
1004 4994 1166 5050 vestri
1194 4995 1520 5051 sanctissimi
1548 4995 1892 5067 pontiﬁcatus
1935 4995 2143 5065 apicem

575 5080 848 5150 prosperis
873 5084 1212 5139 successibus
1245 5084 1475 5140 feliciter
1501 5084 1813 5155 insignitum
1851 5084 1920 5140 ad
1958 5094 2143 5141 custo-

573 5170 718 5226 diam
753 5175 926 5245 gregis
954 5190 1297 5242 conservare,
1339 5184 1395 5231 et
1433 5176 1675 5232 exaltare
1708 5175 1765 5231 di
1839 5183 1986 5242 etur,
2034 5175 2145 5245 glo-

573 5259 889 5325 riusissimc,
915 5277 979 5317 ac
1007 5264 1449 5331 praestantissime
1474 5272 1647 5335 pater.

1253 5468 1398 5480 *υ

647 5707 673 5737 ι
710 5695 860 5769 Apud
893 5699 1203 5765 Barunium,
1237 5701 1358 5753 ibid.

1576 318 1901 375 LOTllARll
1938 317 2141 372 REGIS
2181 315 2534 373 EPISTOLAS
2576 316 2770 371 TRES.

445 425 460 433 ’
554 450 898 508 vestramque
916 438 1006 493 diu
1035 436 1393 492 desideratam
1415 435 1609 491 faelem
1635 450 1880 499 eernere,
1897 443 1950 490 et
1973 447 2126 488 sacra
2156 433 2207 492 A

3689 314 3778 372 376

2789 429 3123 487 EPISTOLA
3150 430 3233 485 ιιι.

2636 559 3012 623 Αυὶιωιιλδυη
3050 561 3090 599 ιι
3127 558 3298 599 ΡΔΡΔΗ

2235 679 2308 733 De
2336 678 2545 734 Nicolai
2576 678 2716 733 obitu
2743 681 2934 733 certior
2958 677 3129 747 factus
3150 675 3463 747 Lotharius,
3490 676 3585 729 has
3612 676 3787 732 litteras

2300 750 2368 802 ad
2409 749 2523 817 ejus
2550 764 2896 802 successorem
2943 744 3236 800 Adn‘anum
3274 744 3484 817 scribit,
3530 762 3704 817 rogans
3740 759 3786 800 ut

2299 815 2490 889 quod‘a
2526 818 2747 889 Νιεριαο
2778 817 3006 889 obtinere
3032 832 3136 869 non
3163 817 3358 886 potuit,
3386 815 3453 868 ab
3487 832 3545 869 eo
3571 816 3788 885 intpctra-

2301 886 2396 954 ὁτι,
2421 904 2573 942 suum
2607 886 2786 941 Romae
2817 887 3113 940 adventant.

2301 1018 2657 1075 Sanctissimo
2704 1026 2761 1074 et
2810 1016 3223 1088 perbeatissimo
3272 1016 3560 1072 llsomsxo
3602 1033 3789 1075 summo

2227 1110 2471 1182 pontiﬁci
2500 1118 2555 1165 et
2585 1108 2873 1164 universali
2898 1124 3068 1179 papae,
3092 1108 3435 1173 Lornsnws,
3462 1107 3640 1165 divina
3668 1125 3785 1179 prae-

2228 1200 2483 1256 veniente
2512 1198 2820 1263 clementia,
2845 1212 2964 1263 rex,
2988 1206 3203 1251 aeterna:
3225 1196 3583 1251 beatitudinis
3604 1206 3656 1252 et
3676 1214 3791 1268 pra:-

2230 1294 2399 1348 sentis
2424 1291 2804 1363 prosperitatis
2838 1304 3025 1360 pacem
3055 1299 3110 1345 et
3136 1289 3394 1360 gloriam.

2299 1385 2535 1441 Infausta
2564 1383 2777 1448 relatio,
2821 1392 2877 1438 et
2907 1383 2959 1437 in
2990 1382 3244 1453 ambiguo
3277 1382 3550 1437 hactenus
3575 1395 3788 1443 manens,

2229 1484 2289 1530 ut
2316 1476 2392 1531 ita
2420 1476 2683 1539 dicamus,
2712 1475 2913 1530 acriter
2955 1482 3154 1529 nostrae
3182 1473 3502 1528 serenitatis
3547 1481 3791 1529 transver-

2228 1567 2437 1639 beravit
2462 1581 2622 1621 aures
2653 1565 2977 1629 intimando,
3005 1563 3149 1634 quod
3195 1564 3375 1618 beatae
3406 1564 3675 1618 memoriae
3718 1563 3792 1617 do-

2231 1674 2391 1714 mnus
2421 1656 2671 1712 Nicolaus
2713 1655 3030 1711 universalis
3057 1669 3192 1724 papa
3214 1654 3283 1708 ab
3310 1653 3419 1709 hac
3460 1653 3791 1725 laerymarum

2230 1751 2389 1814 valle,
2418 1757 2647 1805 vocante
2674 1748 2911 1812 Christo,
2958 1746 3276 1813 decesserit,
3315 1761 3443 1801 cum
3489 1746 3705 1808 sanctis,
3742 1755 3791 1798 ut

2234 1844 2527 1909 credimus,
2553 1842 3003 1898 inaestimabiliter
3025 1839 3395 1896 coronandus.
3437 1838 3594 1895 Unde
3620 1847 3790 1894 nostra:

2235 1934 2673 1991 mansuetudinis
2710 1931 2923 1988 aﬁ‘ectio
2972 1932 3262 1987 admodum
3308 1932 3786 2002 ingemiscens,ge—

2235 2026 2389 2080 mino
2406 2025 2591 2080 dolore
2628 2024 2954 2089 concutitur,
3002 2022 3254 2078 videlicet
3284 2022 3437 2092 quod
3494 2031 3659 2075 mater
3690 2036 3787 2075 om-

2235 2115 2384 2171 nium
2418 2114 2783 2170 Ecclesiarum
2812 2113 2927 2179 Dei,
2975 2119 3163 2168 sancta
3182 2153 3197 2177 ,
3229 2121 3287 2167 et
3316 2111 3611 2181 apostolica
3639 2111 3789 2166 Eccle-

2235 2206 2337 2271 sia,
2371 2204 2461 2259 tali
2485 2220 2550 2260 ac
2576 2213 2726 2260 tanto
2754 2204 2929 2260 caruit
2953 2211 3129 2273 patre,
3151 2211 3317 2272 atque
3346 2203 3401 2256 in
3427 2202 3628 2257 coalesti
3665 2199 3789 2256 Jeru-

2236 2299 2402 2355 salem
2444 2298 2663 2354 lucerna
2703 2298 2899 2353 ardens
2940 2305 2996 2352 et
3037 2295 3222 2351 lucens
3259 2295 3466 2350 nostris
3510 2293 3789 2364 periculosis

2237 2392 2571 2461 temporibus
2593 2406 2624 2444 a
2668 2389 2972 2447 tenebrosis
2995 2386 3262 2443 maleﬁdis
3294 2388 3392 2442 Dei
3439 2385 3589 2459 [diei]

2237 2482 2309 2537 sit
2335 2488 2559 2536 remota.
2585 2479 2696 2535 Nec
2726 2477 2927 2544 dill'ert,
2956 2487 3017 2533 ut
3045 2479 3226 2533 omnis
3276 2477 3588 2533 Christiana
3628 2475 3787 2545 religio

2237 2574 2302 2627 de
2332 2581 2481 2626 tanto
2502 2569 2754 2641 pontiﬁce
2781 2569 2978 2636 doleat,
3014 2578 3070 2623 et
3093 2568 3273 2623 omnis
3305 2569 3444 2623 ordo
3489 2566 3786 2621 ecclesiasti-

2238 2678 2334 2718 cus
2379 2663 2446 2717 de
2476 2661 2895 2732 prudentissimo
2926 2676 2990 2715 ac
3020 2660 3369 2716 sanctissimo
3413 2675 3547 2731 papa
3591 2658 3783 2728 ingemi-

2238 2744 2370 2811 scat.
2402 2752 2609 2808 Revera
2637 2767 2735 2807 nos
2763 2753 2946 2823 potius
2969 2751 3248 2815 deﬂemus,
3275 2753 3367 2820 qui
3398 2764 3589 2805 causas
3621 2755 3787 2804 nostrae

2237 2844 2521 2901 calumniae
2560 2842 2881 2909 insolentes,
2904 2851 2959 2898 et
2988 2841 3368 2897 fraudulentas
3388 2840 3690 2895 aemulorum
3709 2852 3787 2891 no-

2237 2946 2471 2993 strorum
2500 2934 2890 3004 querimonias,
2935 2942 3041 2988 tam
3072 2932 3309 3002 benigno
3346 2932 3488 3003 patri
3532 2928 3783 2999 aequitatis,

2238 3034 2291 3080 et
2313 3024 2538 3094 justitiae
2580 3023 2736 3077 lance
2777 3020 3161 3093 ponderandas
3191 3036 3258 3075 ac
3290 3018 3712 3075 determinandas
3731 3013 3787 3068 ad

2240 3123 2453 3184 tempus
2502 3121 2555 3168 et
2596 3113 2650 3166 in
2679 3121 2832 3183 parte
2867 3110 3255 3168 commisimus.
3313 3108 3423 3165 Sed
3484 3107 3622 3179 quod
3662 3106 3785 3173 lugu‘

2241 3202 2410 3258 briter
2432 3203 2787 3273 replicamus,
2818 3201 2938 3272 plus
2969 3200 3108 3270 apud
3155 3200 3503 3255 sanctitatem
3539 3198 3670 3252 illius
3706 3208 3784 3247 va-

2242 3293 2390 3348 luere
2432 3301 2742 3348 nostrorum
2806 3290 3147 3346 inimicorum
3194 3290 3410 3346 insidiae
3457 3296 3513 3343 et
3555 3283 3786 3341 simulata:

2241 3387 2603 3457 deceptiones,
2632 3400 2791 3455 quam
2816 3393 3002 3438 nostra
3032 3383 3257 3454 simplex
3291 3393 3347 3439 et
3372 3399 3507 3454 pura
3532 3377 3783 3439 defensio;

2242 3476 2440 3547 quippe
2472 3477 2736 3546 patienter
2764 3483 2928 3544 atque
2969 3475 3351 3544 aequanimiter
3383 3474 3519 3527 ultra
3563 3467 3786 3526 sulfurea-

2243 3568 2374 3623 tiam
2397 3567 2636 3621 omnium
2667 3566 3118 3635 praedecessorum
3142 3573 3451 3619 nostrorum
3474 3570 3697 3617 nostram
3720 3568 3787 3608 re-

2242 3659 2383 3730 giam
2413 3657 2752 3728 dignitatem,
2778 3671 2842 3711 ac
2863 3655 3121 3711 divinitus
3146 3656 3464 3710 attributam
3501 3653 3783 3722 potestatem

2247 3750 2560 3805 reverentiae
2585 3748 2749 3813 illius,
2777 3749 2886 3804 imo
2913 3749 3092 3819 potius
3130 3748 3496 3818 apostolorum
3541 3738 3785 3814 principiS.

2244 3838 2523 3894 humiliter
2551 3837 2922 3902 submisimus,
2967 3845 3025 3894 et
3053 3838 3191 3892 ultra
3231 3852 3394 3907 quam
3426 3833 3568 3890 credi
3614 3832 3784 3901 posset.

2245 3928 2358 3984 suis
2384 3928 2625 3998 paternis
2672 3927 2894 3982 monitis
2936 3926 3163 3983 ﬁdenter
3190 3927 3490 3997 paruimus,
3536 3936 3598 3977 ac
3626 3923 3787 3974 misso-

2246 4034 2364 4073 rum
2403 4034 2625 4075 suorum
2650 4017 2803 4073 varia
2825 4026 2881 4074 et
2907 4017 3219 4090 multiplicia
3241 4019 3582 4073 hortamenta
3604 4019 3785 4067 sectan-

2245 4112 2314 4166 do
2349 4120 2566 4183 propter
2601 4126 2841 4166 amorem
2870 4110 2987 4174 Dei,
3022 4118 3077 4165 et
3108 4110 3467 4166 reverentiam
3492 4112 3784 4163 sanctorum.

2247 4202 2300 4257 in
2351 4200 2622 4271 aliquibus
2663 4216 2693 4255 a
2738 4211 2925 4256 nostro
2967 4202 3116 4271 regio
3160 4201 3423 4266 themate,
3461 4211 3613 4255 secus
3650 4203 3784 4261 quam

2247 4300 2519 4365 oporteret
2547 4293 2601 4348 in
2647 4301 2800 4364 parte
2839 4292 3279 4348 exorbitavimus.
3308 4292 3476 4364 Igitur
3521 4289 3784 4358 sperantes.

2248 4398 2304 4445 et
2326 4388 2499 4445 modis
2522 4387 2771 4445 omnibus
2796 4386 3103 4450 credentes,
3134 4386 3186 4441 in
3209 4385 3550 4442 sanctissimo
3570 4373 3787 4450 pontiﬁce

2173 4489 2221 4548 ι)
2247 4482 2412 4537 ﬁdum
2438 4487 2637 4535 nostra:
2667 4479 2912 4534 tuitionis
2939 4477 3196 4535 auxilium
3219 4478 3487 4548 ponimus.
3513 4470 3613 4527 Sed
3638 4461 3787 4522 nesci-

2251 4587 2372 4627 mus
2397 4571 2591 4641 quibus
2615 4567 3069 4640 suggestionibus,
3092 4575 3186 4622 aut
3218 4574 3367 4623 certe
3387 4558 3659 4636 superﬂuis
3680 4565 3784 4641 P'°_'

2252 4638 2599 4717 missionibus
2633 4638 2813 4717 actum
2844 4667 2949 4725 est,
2992 4658 3135 4729 quod
3167 4658 3440 4729 inSperata
3479 4649 3652 4709 dilatio
3676 4638 3785 4698 mul-

2253 4753 2461 4824 tiplices
2483 4752 2696 4824 peperit
2722 4751 3060 4815 simultates;
3085 4757 3246 4820 atque
3269 4750 3339 4804 ob
3369 4749 3472 4804 hoc
3493 4749 3665 4832 nostra
3691 4745 3784 4832 ι’ξξε-

2251 4842 2462 4914 publiea
2495 4858 2602 4898 non
2633 4842 2901 4898 modicam
2947 4855 3336 4910 usquequaque
3373 4832 3585 4908 pertulit
3636 4826 3783 4880 laesio.

2252 4951 2400 4993 nem.
2456 4935 2565 4991 Nos
2628 4944 2808 4990 autem
2865 4934 3063 4989 litteris
3115 4942 3172 4988 et
3236 4932 3419 4987 verbis
3458 4919 3785 4982 indesinenter

2252 5027 2666 5100 proclamantes,
2695 5034 2752 5081 et
2789 5025 3017 5081 diversis
3053 5022 3406 5095 legationibus
3447 5014 3624 5070 eadem
3661 5012 3783 5100 τερεέ

2255 5099 2448 5183 tentes,
2472 5116 2745 5172 humiliter
2768 5113 3180 5187 postulavimus,
3205 5121 3265 5167 ut
3284 5126 3382 5166 nos
3406 5115 3460 5162 et
3482 5099 3782 5191 accusat.qu

2254 5176 2597 5276 nostri'juxta
2619 5176 2828 5259 divinas
2856 5211 2913 5258 et
2946 5176 3211 5258 humanas
3246 5199 3411 5269 leges,
3448 5191 3528 5249 sui
3555 5176 3777 5259 pontiﬁcii

2255 5296 2579 5353 audientiam
2602 5311 2957 5359 mererentur,
2981 5303 3040 5348 ut
3066 5293 3204 5347 ratio
3224 5290 3399 5352 docet,
3423 5288 3649 5340 nostram
3666 5279 3778 5340 ιπε-

2256 5388 2482 5444 sentiam
2510 5386 2831 5444 exhibendo.
2862 5358 2969 5440 Sed
2999 5384 3156 5438 toties
3181 5379 3377 5452 repulsi
3403 5376 3558 5431 etiam
3586 5358 3771 5419 tandem

2258 5479 2623 5551 multipliciter
2669 5478 2861 5540 coacti,
2888 5476 3148 5547 judicium
3176 5489 3240 5528 ac
3266 5469 3519 5541 refugium
3547 5459 3776 5551 nostruﬂlv

2258 5572 2311 5628 in
2343 5534 2431 5627 illa
2462 5569 2842 5627 collocavimus
2874 5576 3027 5640 petra
3054 5608 3066 5634 ,
3099 5566 3163 5622 de
3205 5580 3307 5634 qua
3332 5554 3597 5617 Psalmista
3639 5534 3777 5599 εοηίῖ·
