4026 6346
297 320 406 378 377

1289 318 1665 376 GUNTHARII
1705 318 2063 375 DlABOLICA
2100 317 2461 376 CAPITULA.

3445 324 3548 379 378

299 439 436 494 dens
467 435 646 492 aiebat
671 453 685 490 :
714 434 917 490 Montes
946 434 1131 489 excelsi
1160 436 1340 499 cervis,
1359 446 1505 505 petra
1539 445 1685 505 petra
1726 435 1867 504 refu-
1893 439 1942 496 Α
1972 443 2053 490 tas
2076 434 2170 506 [aL
2201 432 2518 504 quantitas].
2550 432 2682 486 Nam
2706 434 2749 488 si
2787 443 2996 504 tempus
3024 437 3284 498 arriserit,
3317 447 3371 491 et
3395 439 3549 492 auxi-

295 529 443 599 gium
465 528 690 582 et'inacei
721 526 891 598 (Psal.
923 526 1056 598 cnt).

366 617 542 674 Porro
569 617 698 672 illud
726 617 1064 687 potissimum
1099 623 1298 671 nostrae
1338 616 1533 671 mentis
1560 616 1728 671 aciem
1771 616 1872 678 ob-

294 711 584 776 nubilavit,
609 710 750 780 quod
782 725 880 764 nos
917 710 984 765 ab
1015 711 1127 778 ipsa
1161 715 1347 762 sancta
1387 709 1515 762 sede
1546 707 1869 776 repellimur,

294 819 531 875 quorum
559 803 931 874 progenitores
956 811 1009 856 et
1036 797 1178 855 atavi
1205 800 1348 854 illam
1377 808 1617 854 sanctam
1644 806 1872 853 matrem

296 895 617 958 Ecclesiam,
667 894 849 948 divino
895 893 1092 947 auxilio
1137 893 1224 962 pie
1270 905 1333 946 ac
1374 890 1602 945 fideliter
1641 891 1874 958 patroci-

296 993 493 1039 nantes
521 990 823 1053 protexere.
857 982 922 1036 Et
947 981 1161 1051 quidem
1193 981 1330 1035 ultra
1357 995 1515 1049 quam
1552 979 1650 1034 fari
1681 980 1870 1049 possit,

294 1073 758 1144 congratulamur,
799 1072 942 1142 quod
969 1072 1262 1142 Bulgaros,
1307 1079 1361 1125 et
1409 1070 1510 1123 alia
1545 1084 1872 1140 paganorum

297 1163 493 1221 feritas
513 1165 580 1218 ad
628 1164 812 1218 limina
853 1171 1158 1218 sanctorum
1190 1161 1552 1230 apostolorum
1597 1160 1870 1225 invitatur,

297 1255 409 1310 imo
432 1255 574 1326 quod
603 1261 787 1308 sancta
813 1253 1078 1316 Ecclesia,
1102 1251 1253 1320 juxta
1293 1250 1604 1305 vaticinium
1646 1249 1875 1319 prophe-

299 1354 391 1409 ιω,
418 1343 610 1398 dilatat
638 1342 811 1397 locum
843 1343 1056 1397 tentorii
1086 1341 1189 1405 sui,
1215 1351 1269 1396 et
1296 1341 1482 1410 longos
1511 1339 1643 1394 facit
1665 1339 1874 1393 funicu-

295 1435 378 1490 los
413 1449 562 1498 suos,
590 1449 653 1488 ac
682 1434 847 1503 pelles
877 1433 1341 1489 tabernaculorum
1373 1447 1592 1488 suorum
1632 1433 1873 1486 extendit

295 1506 590 1595 (Isathr).
617 1524 721 1578 Sed
754 1541 859 1578 non
887 1525 1094 1579 modice
1140 1524 1542 1586 contristamur,
1589 1523 1731 1592 quod
1763 1531 1869 1576 tam

293 1616 488 1670 crebro
510 1615 638 1670 illuc
656 1614 956 1669 anhelando
981 1615 1252 1668 audientia
1278 1612 1684 1682 przedecessoris
1704 1611 1870 1665 vestri

291 1705 456 1775 potiri
504 1720 608 1760 non
663 1705 948 1759 valuimus.
990 1703 1096 1759 Sed
1138 1704 1222 1758 his
1266 1702 1512 1767 omissis,
1559 1703 1626 1756 ad
1672 1710 1870 1756 nostra:

1973 525 2137 580 liante
2171 525 2349 580 divina
2373 524 2660 580 clementia
2704 527 2957 582 scandala
3002 527 3174 597 sopita
3218 531 3547 597 conquieve-

1973 617 2101 681 rint,
2143 633 2262 686 quae
2308 616 2579 672 simultate
2616 627 2671 672 et
2709 619 3049 688 suggestione
3091 619 3405 674 aemulorum
3452 637 3550 676 no-

1973 718 2230 774 strorum,
2281 709 2644 764 membrorum
2674 711 2922 766 videlicet
2967 710 3202 776 Satanae,
3251 714 3545 768 enormiter

1973 814 2266 864 emersere,
2292 807 2529 853 vestrum
2553 799 2918 869 multipliciter
2934 802 3301 858 desideramus
3323 818 3547 872 conspe-

1973 897 2139 952 ctum,
2169 898 2222 943 et
2251 889 2447 944 vestris
2469 890 2579 944 Deo
2605 889 2780 960 dignis
2808 893 3035 947 animari
3059 894 3360 963 colloquiis,
3385 906 3549 963 atque

1972 980 2223 1036 melliﬂua
2295 982 2670 1037 benedictione
2722 985 2901 1053 potiri.
2956 987 3194 1055 Denique
3256 985 3545 1041 almiﬂuam

1971 1073 2348 1142 paternitatem
2372 1083 2606 1128 vestram
2634 1075 2906 1130 humiliter
2925 1094 3224 1147 precamur,
3258 1088 3317 1133 ut
3343 1079 3546 1134 nullum

1972 1163 2132 1234 regite
2153 1163 2452 1233 dignitatis,
2480 1172 2533 1220 et
2559 1165 2792 1220 nominis
2819 1167 2976 1222 nobis
3022 1169 3359 1223 consimilem
3403 1186 3542 1238 prte-

1973 1253 2115 1309 ferre
2146 1269 2360 1323 quoquo
2384 1255 2565 1320 modo,
2597 1263 2690 1308 aut
2727 1271 3042 1326 przeponere
3068 1266 3265 1311 nostrae
3295 1273 3545 1313 mansue-

1973 1345 2142 1400 tudini
2187 1345 2508 1409 decernatis,
2547 1359 2721 1414 neque
2767 1347 2931 1401 etiam
2976 1347 3154 1416 apices
3198 1347 3545 1402 beatitudinis

1972 1445 2164 1490 vestra:
2191 1436 2344 1490 nobis
2371 1437 2742 1507 porrigendos,
2775 1451 2871 1506 per
2899 1436 3131 1505 aliquem
3165 1437 3394 1507 dirigere
3431 1439 3544 1506 pla-

1971 1536 2106 1590 ceat,
2134 1527 2258 1594 nisi,
2295 1538 2389 1581 aut
2413 1543 2510 1597 per
2550 1538 2793 1582 nostrum
2830 1529 3083 1599 legatum,
3120 1538 3214 1583 aut
3260 1538 3406 1582 certe
3449 1543 3545 1598 per

1970 1628 2208 1674 vestrum
2242 1634 2273 1673 a
2305 1628 2485 1674 vestro
2510 1629 2698 1674 sancto
2737 1620 2904 1674 latere
2940 1620 3286 1682 destinatum,
3322 1619 3402 1671 vel
3449 1633 3546 1688 per

1972 1710 2215 1763 nuntium
2257 1710 2620 1781 augustissimi
2666 1711 2906 1778 germani
2953 1712 3121 1766 nostri
3151 1710 3405 1765 Ludovici
3437 1709 3542 1763 im.

292 1795 494 1848 mentis
525 1795 880 1864 propositmn,
908 1801 964 1848 et
1001 1793 1168 1846 vestri
1208 1792 1318 1846 Deo
1347 1792 1492 1862 digni
1540 1790 1868 1860 apostolatus
1899 1789 1941 1848 B
1973 1802 2240 1871 peratoris
2270 1818 2283 1854 τ
2327 1801 2474 1870 quia,
2518 1810 2576 1854 υι
2616 1816 2741 1855 vere
2774 1801 3061 1865 fateamur,
3091 1816 3196 1854 non
3233 1799 3440 1853 modica
3470 1800 3543 1852 si-

288 1883 666 1938 excellentiam
707 1884 1007 1950 redeamus,
1026 1891 1080 1938 et
1103 1884 1177 1937 uti
1216 1883 1431 1953 dignum
1448 1891 1550 1946 est,
1569 1883 1790 1951 gloriam
1814 1883 1867 1936 in

287 1975 520 2030 excelsis
553 1976 662 2030 Deo
689 1991 1026 2041 resonemus,
1061 1976 1152 2046 qui
1177 1991 1334 2030 roseo
1359 1975 1559 2046 proprii
1591 1976 1867 2045 sanguinis

285 2066 465 2135 pretio
511 2066 776 2136 acquisito
813 2067 960 2136 gregi
1012 2066 1514 2120 misericordissima
1565 2065 1868 2136 dignatione

286 2158 647 2226 prospiciens,
679 2158 846 2212 vestri
895 2157 1356 2228 pontificiijubar,
1399 2172 1498 2210 sua
1524 2155 1783 2210 electione
1813 2157 1865 2210 in

283 2247 416 2300 sede
449 2255 646 2300 sanctae
675 2247 866 2302 matris
891 2247 1146 2302 Ecclesiae
1173 2246 1476 2312 collocavit,
1508 2246 1574 2300 ad
1623 2254 1866 2301 nostram

283 2344 339 2389 et
367 2337 536 2391 totius
563 2336 886 2391 Christiana:
912 2335 1081 2406 plebis
1119 2336 1364 2390 salutem.

356 2427 424 2481 Et
453 2427 578 2497 quia
621 2429 959 2496 omnipotens
988 2428 1128 2482 Deus
1173 2428 1422 2498 princeps
1468 2435 1764 2497 pastorum,
1811 2427 1863 2480 in

282 2518 374 2572 illa
388 2526 573 2571 sancta
589 2518 733 2580 sede,
749 2517 911 2571 vestri
933 2517 1271 2586 pontificatus
1294 2518 1500 2586 apicem
1531 2517 1860 2582 sublimavit,

281 2616 487 2662 nostra:
505 2608 816 2662 serenitatis
840 2608 1056 2662 salubre
1077 2608 1358 2672 auxilium,
1383 2609 1448 2662 ad
1472 2607 1860 2674 defensionem,

281 2707 512 2764 statum,
564 2708 726 2770 atque
775 2701 1031 2755 honorem
1081 2700 1424 2771 pontificatus
1462 2704 1662 2764 vestri,
1713 2717 1862 2757 more

280 2789 746 2857 praedecessorum
805 2800 1154 2854 nostrorum,
1201 2792 1254 2845 in
1308 2790 1557 2844 omnibus
1604 2790 1860 2845 exhibere

279 2882 458 2950 parati
509 2896 714 2935 sumus.
758 2882 826 2935 Et
876 2891 1012 2936 teste
1057 2897 1237 2936 rerum
1282 2882 1519 2935 omnium
1560 2882 1857 2946 conditore,

277 2971 463 3025 nullus
497 2973 884 3028 catholicorum
938 2989 1149 3042 regum,
1200 2973 1378 3027 nullus
1426 2972 1858 3026 Christianorum

274 3063 585 3132 principum
626 3066 869 3120 devotior
895 3077 1089 3120 vestrae
1134 3065 1432 3130 sanctitati,
1463 3073 1516 3120 et
1560 3065 1860 3134 promptior

275 3168 475 3210 vestra:
507 3157 724 3212 utilitati
756 3173 875 3213 esse
902 3158 1190 3223 desiderat,
1221 3160 1381 3226 quam
1425 3164 1612 3211 nostra
1633 3156 1856 3227 'exigui—
1884 3155 1930 3203 α

1968 1890 2166 1945 multas
2190 1891 2449 1946 hactenus
2480 1892 2598 1945 istis
2628 1892 2680 1944 in
2719 1891 2964 1961 partibus
3002 1906 3098 1960 per
3136 1889 3438 1959 hujusmodi
3469 1889 3542 1943 fa-

1966 1991 2110 2034 ctum
2141 1990 2257 2035 orta
2286 1981 2546 2044 noscitur,
2579 1992 2633 2034 et
2663 1981 2765 2034 nisi
2815 1981 2867 2034 in
2901 1988 3174 2050 posterum
3222 1987 3377 2033 caute
3406 1993 3543 2046 prae-

1965 2071 2139 2124 visum
2169 2071 2349 2131 fuerit,
2377 2071 2643 2139 quoddam
2681 2071 2877 2139 poterit
2921 2083 3178 2138 generare
3227 2068 3536 2122 discrimen.

2034 2159 2243 2213 Interea
2274 2159 2446 2212 modis
2492 2158 2743 2212 omnibus
2773 2159 3142 2223 obsecramus,
3174 2166 3232 2210 ut
3263 2159 3328 2212 de
3360 2166 3540 2210 vestra

1963 2249 2182 2320 optabili
2230 2247 2592 2316 prosperitate
2655 2247 2854 2300 litteris
2901 2247 3101 2300 vestris
3162 2245 3539 2300 celsitudinem

1964 2348 2200 2394 nostram
2226 2347 2430 2392 certam
2479 2337 2784 2400 reddentes,
2817 2337 2996 2390 charte
3039 2336 3316 2390 liliationis
3343 2351 3536 2389 munus

1963 2431 2117 2484 nobis
2146 2429 2406 2498 impertiri
2454 2427 2770 2497 dignemini,
2802 2436 2857 2480 et
2884 2426 3079 2480 vestris
3125 2423 3374 2480 altniﬂuis
3415 2440 3538 2494 pre-

1963 2520 2116 2574 cibus
2150 2528 2387 2572 nostram
2429 2518 2569 2586 apud
2613 2517 2896 2570 Dominum
2931 2515 3413 2570 commendabilem
3448 2525 3533 2570 ate

1962 2626 2065 2680 que
2103 2609 2420 2664 veniabilem
2481 2607 2782 2663 cxhibeatis
2837 2608 3222 2669 serenitatem,
3273 2615 3537 2674 quatenus

1963 2701 2096 2755 tanti
2141 2699 2308 2768 patris
2359 2699 2459 2766 piis
2502 2697 2748 2766 precibus
2791 2695 2990 2750 suﬂ'ulti
3017 2737 3031 2761 ,
3077 2697 3339 2750 creditum
3380 2695 3536 2751 nobis

1962 2791 2218 2860 regimen.
2267 2788 2481 2842 Christo
2523 2787 2836 2856 opitulante,
2887 2789 3192 2856 gubernare
3239 2787 3530 2842 valeamus.

1959 2882 2306 2949 Omnipotens
2327 2879 2466 2933 Deus
2483 2879 2642 2933 vestri
2666 2879 2924 2947 pontilicii
2940 2877 3310 2947 Splendifluum
3346 2877 3524 2946 jubar,

1960 2984 2118 3042 atque
2139 2973 2432 3042 angelicam
2458 2971 2872 3025 sanctimoniam
2895 2970 2985 3025 diu
3011 2970 3166 3025 nobis
3211 2969 3534 3024 incolumem

1960 3078 2278 3119 eonserxare
2302 3063 2571 3132 dignetur.
2607 3062 2798 3115 Amen.

281 3292 3529 3345 πω

1482 3433 1646 3476 ANNO
1699 3431 1929 3475 DOMINI
1971 3431 2086 3474 DCC
2096 3431 2167 3474 LX
2178 3430 2312 3474 VIII.

1096 3538 2688 3774 GUNTHARIUS

1445 3842 1896 3901 COLONIENSIS
1934 3840 2334 3898 EPISCOPUS.

356 4001 927 4130 GUNTHARII
1004 3995 1545 4127 DIABOLICA
1623 3995 1728 4122 IN
1809 3992 2317 4122 NlCllLllUM
2403 3990 2756 4119 PAPAM
2841 3985 3430 4118 CAPITULA“.

1327 4180 1532 4244 (Pertz.,
1561 4178 1871 4229 lineamenta
1897 4175 2170 4227 Germania
2195 4174 2462 4235 historica.)

1619 4294 2149 4374 PRIEFATIO

1367 4464 1451 4506 ΔΙ)
1495 4460 1822 4504 EPISCOPOS
1866 4459 2058 4502 REGNI
2104 4457 2430 4502 ιοτῐυιιιι.

359 4685 576 4744 Sanctis
617 4702 681 4742 ac
726 4685 1049 4743 venerandis
1097 4683 1354 4739 fratribus
1403 4690 1455 4737 et
1520 4681 1850 4750 coepiscopis
1878 4685 1932 4746 D
2025 4682 2297 4751 Rogamus
2344 4680 2657 4750 suppliciter
2707 4676 3076 4730 charissimam
3130 4669 3522 4725 fraternitatem

261 4776 608 4833 Guntharius
643 4785 802 4846 atque
836 4774 1215 4847 Theotgaudus
1255 4774 1308 4827 in
1340 4772 1564 4828 Domino
1593 4771 1840 4827 salutem.

348 4940 374 4968 ι
405 4926 480 4982 De
513 4927 596 4980 his
613 4927 845 4981 Annales
884 4925 1150 4979 ilincmari
1180 4923 1496 4978 Rhemensis
1523 4940 1536 4976 :
1573 4940 1594 4973 ε
1618 4921 1849 4989 Impera-

262 5008 363 5053 tor
387 4997 743 5051 Guntbarium
775 5005 829 5050 et
860 4995 1264 5064 Theutgaudum
1296 4994 1633 5064 degradatos,
1663 5001 1737 5064 ut
1762 5006 1847 5044 se-

259 5083 399 5124 cum
454 5076 711 5121 venerant
741 5108 754 5131 ,
798 5061 1081 5119 Franciam
1136 5065 1311 5117 redire
1359 5061 1631 5132 praecepit.
1697 5061 1846 5115 Tunc

258 5138 607 5193 Guntharius
631 5137 746 5191 [nec
774 5135 1036 5189 diabolica
1067 5133 1296 5201 capitula
1321 5143 1378 5188 et
1397 5131 1655 5186 hactenus
1691 5131 1842 5184 inatt-

257 5209 384 5262 dita
406 5247 421 5270 ,
452 5223 571 5275 qua:
615 5222 736 5275 cum
768 5206 868 5259 hac
901 5204 1244 5275 pnefatiorte,
1277 5203 1490 5275 quando
1526 5201 1748 5275 Bonnam
1791 5202 1843 5275 in

258 5270 529 5332 Ludovici
576 5273 835 5344 obsequio
881 5270 1057 5336 rediit,
1101 5270 1366 5342 episcopis
1409 5271 1569 5344 regni
1603 5270 1846 5344 Lotharii

261 5346 446 5407 misit,
495 5361 588 5414 per
623 5340 927 5398 llilduinum
976 5340 1192 5398 fratrem
1240 5340 1393 5414 suum
1429 5340 1718 5414 clericum,
1752 5340 1845 5414 ad:

251 5416 475 5481 junctis
497 5409 544 5468 ei
572 5415 684 5469 suis
713 5415 1019 5477 bomnibus,
1049 5413 1338 5480 apostolico
1372 5411 1537 5470 misit,
1580 5410 1732 5481 dans
1769 5409 1843 5462 illi

258 5478 332 5542 in
377 5485 642 5539 mandatis
691 5492 747 5537 ut
791 5485 835 5538 si
889 5478 1213 5552 apostolicus
1248 5482 1334 5536 illa
1385 5481 1549 5552 nollet
1583 5478 1840 5552 recipere,

258 5569 436 5622 super
478 5569 674 5624 corpus
711 5555 849 5628 beati
885 5549 1028 5628 Petri
1073 5553 1402 5628 eajactaret.
1427 5571 1464 5628 Δι
1507 5549 1843 5628 ᾼροειοίὶριςε

259 5621 454 5679 autem
487 5621 846 5694 przécognitus
891 5625 1003 5678 haec
1030 5624 1268 5692 recipere
1300 5621 1486 5694 noluit.
1531 5621 1842 5694 §upra§cri-

259 5702 396 5765 ptus
422 5689 598 5749 autem
628 5689 904 5749 llilduinus
934 5689 1171 5748 armatus
1195 5708 1313 5746 cum
1346 5689 1648 5747 hominibus
1688 5689 1835 5743 Gun-

1952 4781 2191 4828 vestram
2223 4779 2279 4826 ut
2320 4770 2475 4825 nobis
2520 4783 2618 4838 pro
2665 4767 2817 4822 vobis
2855 4764 3067 4820 assidue
3093 4759 3372 4816 orantibus
3401 4773 3524 4812 san-

1955 4942 2110 5015 tharii
2151 4941 2432 4998 ecclesiam
2461 4941 2601 5015 beati
2636 4939 2779 5015 Petri
2812 4935 3038 5015 apostoli
3080 4935 3197 4989 sine
3229 4930 3339 5015 .ulla
3371 4945 3521 4984 reve-

1952 5014 2124 5068 rentia
2177 5015 2382 5067 intrans
2411 5053 2426 5077 ,
2476 5011 2797 5065 diabolicum
2842 5008 3100 5081 scriptum
3137 5046 3150 5068 ,
3198 5008 3336 5081 sicut
3390 5015 3522 5081 suus

1951 5084 2120 5139 frater
2143 5071 2473 5156 Guntharius
2497 5083 2545 5135 ei
2574 5090 2899 5156 prwceperat
2925 5071 3360 5156 [si-apostolicus
3391 5071 3522 5125 illud

1954 5156 2116 5209 nollet
2145 5154 2405 5221 recipere,
2429 5145 2589 5220 super
2619 5145 2983 5221 corpusbeati
3017 5145 3162 5221 Petri
3193 5145 3520 5221 jactur-evo.

1953 5225 2081 5289 luit,
2111 5234 2166 5278 et
2207 5211 2578 5294 ag'cust'odibus
2630 5211 3223 5294 prohibitus,_eosdet_n
3273 5211 3520 5294 custodes

1951 5281 2080 5349 cum
2107 5293 2335 5348 fustibus
2365 5301 2473 5346 tam
2511 5281 2806 5360 ipse-quam
2835 5297 2888 5362 et
2910 5286 2992 5362 sui
3017 5284 3305 5362 complices
3334 5281 3523 5362 vet-he

1949 5382 2069 5418 rare
2095 5372 2404 5431 cmperunt,
2435 5355 2570 5435 adeo
2605 5355 2676 5414 ut
2690 5373 2828 5413 unus
2853 5357 3048 5411 ibidem
3077 5355 3304 5435 occisus
3336 5355 3517 5435 fuerit,

1946 5435 2095 5489 Tunc
2127 5422 2300 5503 ipsum
2352 5422 2608 5500 scriptum
2643 5444 2803 5503 super
2835 5443 3030 5498 corpus
3076 5425 3218 5481 beati
3261 5422 3404 5503 Petri
3433 5422 3516 5502 ja-

1945 5500 2336 5570 ctavit,'seque
2380 5503 2547 5556 isdem
2574 5509 2630 5555 et
2656 5500 2745 5568 qui
2784 5515 2905 5554 cum
2935 5513 3000 5570 eo
3030 5501 3289 5570 venerunt
3338 5500 3518 5570 evagp

1945 5576 2084 5629 natis
2114 5564 2322 5646 gladiis
2369 5564 2741 5646 protegentes,
2771 5570 2837 5623 de
2875 5564 3420 5646 ecclesiaJexierttnt,
3461 5569 3518 5646 et

1945 5646 2006 5698 al
2057 5633 2410 5700 Gtmtharium
2447 5633 2663 5712 peracto
2706 5640 2930 5710 lugendo
2971 5636 3181 5705 negotio
3218 5633 3310 5686 red
3334 5642 3515 5685 erunt.
