4026 6346
597 347 710 410 379

1599 347 1639 402 G
1653 346 1982 403 UN'l‘llARll
2021 343 2473 400 COLONIENSIS
2514 341 2818 396 El'lSCOPl
3699 349 3781 407 δα)

593 483 806 531 ctarurn
849 485 1066 541 precum
1097 469 1285 524 solatia
1334 467 1596 520 instanter
1622 463 1978 534 impendatis,
2011 472 2063 517 et
2097 477 2162 516 ne
2192 465 2239 523 Α
2267 461 2478 523 remini,
2531 460 2672 529 quod
2727 459 2996 529 longiores
3043 460 3249 530 agimus
3293 475 3488 516 moras.
3546 464 3780 524 Dominum

595 561 889 618 turbemini
919 575 1094 629 neque
1115 556 1423 612 terreamiui
1447 571 1544 625 pro
1571 555 1674 619 his,
1707 571 1826 625 quae
1863 553 2001 608 fama
2034 553 2170 608 forte

594 657 662 712 de
690 652 842 708 nobis
871 667 932 706 ac
965 651 1115 704 vobis
1146 647 1420 703 sinistrius
1451 646 1680 700 nuntiat.
1732 642 2062 698 Confidimus
2103 643 2169 698 de

592 745 804 800 Domini
857 741 1023 796 nostri
1052 739 1471 795 clementissima
1527 735 1939 805 bonitate,quia
1995 750 2168 804 neque

593 835 647 888 in
675 847 852 902 regem
882 839 1124 884 nostrum
1156 843 1329 897 neque
1356 828 1408 881 in
1431 841 1548 892 nos,
1574 825 1869 895 opitulante
1899 825 2029 889 Deo,
2066 825 2169 878 ini-

591 923 854 977 micorum
877 919 1245 988 praevalebunt
1268 918 1504 981 insidim,
1534 932 1706 985 neque
1749 916 2055 983 gaudebunt
2101 915 2166 969 de

590 1013 747 1068 nobis
773 1010 1068 1064 adversarii
1094 1009 1284 1064 nostri.
1327 1008 1460 1062 Nam
1491 1007 1735 1077 quamvis
1761 1006 1988 1060 domnus
2009 1004 2166 1060 Nico-

588 1102 707 1156 laus
738 1102 826 1171 qui
855 1101 1052 1155 dicitur
1076 1116 1234 1171 papa,
1265 1109 1319 1154 et
1339 1099 1430 1168 qui
1457 1113 1515 1152 se
1537 1097 1835 1168 apostolum
1874 1096 2016 1150 inter
2041 1110 2168 1165 apo—

589 1190 756 1244 stolos
800 1198 1141 1253 annumerat,
1174 1188 1441 1255 totiusque
1478 1187 1662 1240 mundi
1694 1187 2069 1254 imperatorem
2109 1200 2166 1239 se

587 1279 740 1343 facit,
771 1279 838 1332 ad
875 1279 1085 1333 illorum
1116 1279 1429 1332 instinctum
1469 1285 1523 1332 et
1554 1286 1755 1340 votum,
1798 1276 1994 1344 quibus
2031 1291 2164 1330 con-

587 1370 824 1441 spiratus
847 1369 1030 1424 favere
1062 1370 1430 1440 dignoscitur,
1459 1383 1558 1423 nos
1585 1369 1843 1422 damnare
1882 1367 2164 1431 voluisset,

588 1469 770 1515 tamen
794 1461 966 1515 modis
993 1461 1241 1515 omnibus
1269 1459 1484 1514 Christo
1517 1459 1750 1529 propitio
1790 1473 1900 1512 sua:
1942 1458 2166 1512 insania:

589 1552 888 1606 renitentes
920 1552 1142 1615 invenit,
1173 1561 1228 1605 et
1257 1549 1518 1620 quidquid
1562 1550 1684 1604 inde
1730 1548 1879 1613 fecit,
1908 1563 2014 1602 non
2047 1563 2165 1602 me-

589 1639 846 1695 diocriter
875 1639 1021 1693 illum
1053 1642 1393 1708 postmodum
1429 1639 1697 1710 ptenituit.
1731 1637 1973 1693 Misimus
2011 1637 2167 1692 vobis

591 1729 707 1784 haec
732 1731 1031 1799 subscripta
1057 1730 1310 1800 capitula,
1335 1730 1529 1800 quibus
1551 1721 1892 1799 cognoscatis
1919 1738 2165 1784 nostram

2271 565 2451 621 regem
2482 559 2721 604 nostrum
2749 558 2857 602 tam
2888 565 2982 618 per
3010 565 3105 604 vos
3135 549 3276 619 ipsos
3309 567 3465 620 quam
3501 569 3586 622 per
3607 566 3783 616 vestros

2269 643 2464 696 missos
2486 651 2539 696 ct
2568 641 2774 696 litteras
2796 641 2989 710 saepius
3016 642 3226 696 visitate
3247 651 3299 696 et
3319 642 3603 699 confortate
3624 687 3636 710 ,
3659 649 3784 718 eique

2269 747 2616 806 quoscunque
2671 735 2894 802 potestis
2942 735 3144 789 amicos
3194 743 3248 788 et
3295 734 3482 794 ﬁdeles
3527 738 3782 804 conciliate,

2269 825 2501 879 maxime
2531 823 2854 879 Lndovicum
2885 839 3065 895 regem
3098 825 3432 880 admonendo
3452 841 3648 896 semper
3673 829 3782 883 invi-

2269 922 2397 978 tate,
2431 921 2484 967 et
2507 929 2627 967 cum
2655 913 2743 966 illo
2769 915 2834 968 de
2859 915 3132 968 communi
3180 915 3412 969 utilitate
3437 916 3692 986 diligenter
3725 920 3786 972 in-

2269 1003 2487 1072 quirite,
2519 1004 2772 1072 quoniam
2799 1005 2852 1058 in
2881 1021 3012 1075 pace
3037 1021 3220 1059 eorum
3247 1021 3429 1073 regum
3460 1005 3550 1077 [αι.
3582 1010 3784 1082 regnum]

2267 1097 2370 1150 erit
2401 1112 2504 1165 pax
2533 1105 2737 1151 nostra.
2791 1097 2970 1166 [Equo
3013 1098 3194 1152 animo
3239 1106 3412 1152 estote
3450 1107 3502 1152 et
3545 1101 3787 1168 tranquillo

2268 1186 2448 1249 corde,
2478 1185 2682 1239 domini
2713 1186 2942 1250 fratres,
2974 1186 3099 1256 quia
3130 1187 3240 1242 Deo
3273 1187 3486 1244 volente
3515 1189 3630 1242 talia
3669 1192 3790 1246 vobis

2268 1279 2520 1333 nuntiare
2551 1293 2856 1348 speramus,
2885 1280 2938 1332 in
2970 1280 3166 1349 quibus
3217 1279 3424 1348 absque
3469 1295 3639 1334 errore
3677 1291 3791 1350 pote-

2269 1373 2388 1427 ritis
2424 1372 2706 1426 advertere
2737 1372 2983 1441 spiritum
3033 1372 3241 1427 Domini
3286 1373 3560 1428 docentem
3604 1374 3712 1442 quid
3749 1384 3790 1431 et

2267 1463 2532 1532 quomodo
2565 1478 2724 1533 agere
2750 1462 3008 1517 debeatis.
3050 1463 3281 1518 Tantum
3341 1464 3647 1518 omnimodis
3687 1481 3791 1535 prte-

2271 1551 2436 1605 fatum
2467 1565 2647 1621 regem
2674 1565 3016 1606 commonere
3041 1561 3244 1615 curate,
3271 1560 3330 1605 ut
3352 1552 3490 1605 inter
3512 1553 3673 1607 varias
3690 1568 3788 1624 sug-

2269 1643 2540 1711 gestiones
2569 1642 2643 1695 ita
2677 1651 2894 1696 maneat
2947 1642 3266 1707 immobilis,
3307 1643 3476 1698 donec
3501 1651 3552 1696 et
3585 1643 3682 1712 ipse
3721 1659 3789 1698 re-

2272 1749 2390 1786 rum
2433 1747 2624 1787 causas
2670 1741 2979 1804 cognoscat.
3033 1733 3334 1796 Caeterum,
3365 1734 3790 1790 desiderantissimi

589 1821 844 1875 adversus
898 1819 1175 1888 praefatum
1223 1821 1533 1890 pontificem
1581 1821 1997 1890 querimoniam.
2056 1818 2164 1875 Nos
2196 1810 2239 1870 Β
2267 1823 2485 1888 fratres,
2512 1823 2877 1878 necessarium
2924 1823 3073 1878 vobis
3112 1832 3194 1879 est
3230 1833 3286 1878 et
3313 1823 3467 1877 laude
3511 1823 3724 1893 dignum,
3748 1834 3794 1878 ut

589 1920 769 1967 autem
797 1913 997 1982 egressi
1028 1929 1057 1966 a
1080 1913 1248 1968 Roma
1277 1913 1592 1985 longiusque
1616 1915 1943 1977 recedentes,
1969 1913 2163 1967 iterum

591 2003 660 2056 ad
711 2000 938 2054 Romam
986 2003 1222 2056 revocati
1280 2017 1486 2057 sumus.
1539 2003 1656 2069 Quo
1705 2018 1803 2058 nos
1845 2003 2164 2072 incipientes

591 2091 809 2159 reverti,
845 2092 944 2148 has
971 2093 1125 2148 vobis
1160 2093 1423 2150 litterulas
1450 2094 1782 2164 scripsimus,
1813 2101 1874 2148 ut
1916 2109 2025 2150 non
2054 2095 2158 2148 mi-

2271 1912 2594 1982 promissam
2624 1912 2734 1980 regi
2767 1921 2954 1966 nostro
2978 1912 3133 1965 tidem
3159 1927 3340 1967 coram
3370 1912 3476 1967 Deo
3516 1920 3568 1965 et
3605 1913 3792 1967 homini-

2269 2001 2370 2056 bus
2434 2001 2814 2056 inviolabiliter
2855 2017 3261 2057 conservemus.
3317 2002 3458 2057 Deus
3504 2005 3792 2072 omnipotens

2269 2106 2364 2148 vos
2393 2092 2447 2147 in
2477 2107 2574 2147 suo
2599 2101 2785 2148 sancto
2818 2094 3041 2148 servitio
3068 2108 3392 2149 conservare
3415 2093 3666 2164 dignetur.

1634 2389 2181 2468 INCIPIUNT
2233 2387 2780 2471 CAPITULA.

657 2637 784 2693 Cn.
813 2634 865 2690 1.
892 2665 962 2677 -
982 2634 1143 2702 Audi,
1171 2633 1368 2690 domne
1409 2649 1548 2706 papa
1587 2632 1831 2699 Nicolae;
1875 2642 2057 2705 patres
2109 2644 2164 2691 et

586 2731 782 2786 fratres
802 2730 1106 2800 coepiscopi
1132 2730 1301 2786 nostri
1338 2730 1405 2785 ad
1431 2738 1483 2785 te
1506 2744 1605 2784 nos
1627 2729 1966 2788 direxerant,
1989 2738 2045 2784 et
2065 2745 2164 2784 nos

585 2833 778 2894 sponte
819 2823 1087 2889 venimus,
1121 2823 1401 2879 consulere
1425 2822 1676 2878 videlicet
1707 2833 1854 2877 tuum
1904 2822 2161 2892 magiste-

587 2917 728 2968 rium
757 2929 919 2982 super
946 2914 1031 2967 his
1051 2929 1169 2983 quas
1197 2915 1423 2984 pariter,
1457 2921 1616 2982 prout
1643 2913 1798 2966 nobis
1823 2911 1995 2966 visum
2037 2911 2160 2976 fuit,

586 3015 640 3058 et
672 3004 1047 3072 adiicientibus
1068 3013 1123 3058 et
1143 3003 1564 3073 approbantibus
1588 3011 1770 3057 notum
1811 3017 1930 3057 esse
1964 3001 2159 3070 potuit,

581 3094 964 3161 judicavimus,
1021 3095 1372 3150 auctoritates
1422 3094 1767 3164 rationesque
1811 3109 1947 3163 quas
1991 3093 2161 3146 secuti
2190 3063 2234 3125 C

588 3185 788 3239 fuimus
831 3186 1047 3256 scriptis
1095 3187 1465 3249 ostendentes,
1509 3194 1566 3239 ut
1617 3197 1705 3238 tua
1736 3185 1997 3252 sapientia
2042 3199 2165 3251 per-

588 3268 841 3331 scrutatis
879 3277 1159 3340 omnibus,
1191 3277 1281 3345 qui
1315 3276 1438 3330 inde
1480 3275 1705 3330 sentiret
1735 3283 1789 3329 et
1823 3274 1950 3343 quid
2005 3273 2168 3328 vellet

589 3367 749 3421 nobis
771 3366 1186 3421 demonstraret.
1214 3367 1279 3421 Et
1307 3367 1352 3421 si
1383 3366 1512 3420 illud
1556 3365 1747 3419 melius
1791 3374 1880 3418 tua
1909 3364 2167 3418 sanctitas

589 3459 876 3523 inveniret,
918 3467 974 3512 ut
999 3474 1099 3513 nos
1140 3459 1439 3512 instrueres
1485 3467 1538 3512 et
1567 3457 1790 3510 doceres
1819 3456 1940 3520 hoc,
1985 3455 2164 3509 humi-

588 3550 714 3604 liter
738 3548 1102 3619 postulamus,
1149 3550 1325 3618 parati
1376 3548 1634 3618 quidquid
1663 3547 1862 3601 rectius
1890 3556 1944 3600 et
1971 3545 2166 3614 proba-

588 3639 1127 3716 biliterginsinuares,
1161 3656 1264 3694 una
1307 3656 1428 3695 cum
1455 3638 1816 3694 confratribus
1854 3636 2054 3692 nostris
2083 3650 2168 3691 sa-

588 3730 674 3784 nis
702 3731 1046 3800 acquiescere
1073 3731 1430 3786 documentis.

657 3821 786 3877 CAP.
817 3821 878 3876 ll.
916 3853 984 3863 -
1017 3822 1124 3876 Sed
1163 3838 1260 3876 nos
1303 3839 1397 3892 per
1435 3829 1546 3876 tres
1595 3819 1963 3875 hebdomadas
2013 3827 2162 3872 tuum

588 3920 964 3980 exspectantes
989 3926 1322 3980 responsum,
1361 3911 1492 3964 nihil
1537 3909 1878 3964 certitudinis
1926 3908 2165 3976 nihilque

589 4004 849 4060 doctrina:
872 4005 1026 4058 nobis
1048 4005 1385 4073 expressisti,
1414 4005 1506 4058 sed
1548 4013 1752 4058 tantum
1805 4003 2034 4072 quodam
2079 4003 2164 4056 die

588 4093 645 4150 in
696 4094 907 4165 publico
938 4096 1150 4160 dixisti,
1181 4111 1278 4149 nos
1307 4095 1640 4149 excusabiles
1669 4109 1930 4164 apparere
1973 4103 2028 4148 et
2079 4094 2163 4148 in-

587 4192 846 4240 nocentes
862 4183 1015 4253 juxta
1043 4185 1209 4238 nostri
1235 4185 1590 4238 assertioncm
1615 4184 1798 4238 libelli.

659 4273 790 4330 CAP.
823 4275 907 4330 Ill.
945 4307 1015 4318 —
1047 4277 1127 4331 Ad
1179 4276 1422 4330 ultimum
1473 4292 1570 4330 nos
1620 4277 1848 4341 evocati,
1901 4278 1965 4331 ad
2019 4286 2160 4331 tuam

586 4367 926 4440 pmserntiarn
955 4368 1167 4422 deducti
1211 4383 1394 4421 sumus
1442 4367 1573 4420 nihil
1604 4368 1943 4422 adversitatis
1989 4368 2160 4437 suspi-
2192 4407 2238 4464 υ

587 4467 793 4523 cautes,
844 4459 1023 4527 ibique
1071 4458 1334 4513 obseratis
1376 4457 1528 4512 ostiis
1575 4459 1972 4530 conspiratione
2011 4473 2161 4512 more

586 4548 881 4604 latrocinali
911 4548 1074 4614 facta,
1115 4557 1169 4603 et
1212 4563 1274 4602 ex
1310 4548 1524 4602 clericis
1551 4556 1604 4602 et
1636 4547 1789 4601 laieis
1820 4547 1972 4602 turba
2002 4546 2162 4601 colle-

585 4649 671 4696 cta
694 4649 749 4694 et
773 4640 1054 4710 permista,
1091 4656 1189 4693 nos
1215 4640 1518 4709 opprimere
1569 4639 1708 4692 inter
1735 4646 1911 4692 tantos
1954 4637 2159 4691 violen-

586 4741 669 4786 ter
689 4733 960 4798 studuisti,
995 4741 1155 4801 atque
1186 4733 1302 4786 sine
1326 4733 1530 4803 synodo
1556 4742 1611 4786 et
1632 4731 1894 4786 canonico
1914 4731 2161 4786 examine

584 4822 729 4877 nullo
773 4830 1081 4888 accusante,
1112 4823 1256 4876 nullo
1305 4823 1650 4886 testificante,
1689 4822 1940 4890 nullaque
1982 4821 2162 4890 dispu-

587 4914 801 4968 tationis
823 4915 1156 4969 districtione
1185 4915 1470 4969 dirimente
1503 4914 1582 4967 vel
1617 4914 1998 4968 auctoritatum
2037 4927 2162 4981 pro-

582 5002 800 5058 batione
823 5006 1176 5060 convincente
1194 5046 1208 5070 ,
1233 5007 1433 5074 absque
1450 5005 1616 5059 nostri
1643 5004 1754 5059 oris
1804 5003 2158 5068 confessione,

583 5095 892 5150 absentibus
921 5096 1040 5151 aliis
1076 5097 1503 5168 metropolitanis
1539 5106 1593 5151 et
1622 5096 1949 5151 dioecesanis
1983 5095 2160 5165 coepi-

585 5184 762 5254 scopis
788 5194 842 5238 et
867 5185 994 5240 conf
997 5187 1229 5240 ratribus
1262 5187 1479 5250 nostris,
1505 5194 1656 5240 extra
1679 5185 1919 5240 omnium
1940 5184 2160 5238 omnino

582 5291 905 5331 consensum
963 5286 1053 5331 tuo
1111 5279 1275 5331 solius
1317 5279 1542 5333 arbitrio
1583 5286 1636 5333 et
1670 5278 1952 5348 tyrannico
1977 5275 2160 5330 furore

581 5371 842 5424 damnare
866 5379 1077 5424 nosmet
1097 5371 1328 5426 voluisti.

652 5458 780 5514 Car.
813 5459 900 5514 1V.
933 5492 1001 5500 —
1038 5461 1144 5515 Sed
1194 5471 1337 5515 tuam
1378 5463 1717 5518 maledictam
1750 5462 2090 5527 sententiam,
2127 5478 2158 5517 a

584 5562 808 5624 paterna
859 5554 1186 5624 benignitate
1221 5555 1484 5622 alienam,
1531 5571 1560 5608 a
1609 5554 1844 5609 fraterna
1895 5554 2158 5608 charitatc

584 5654 915 5712 cxtraneam,
943 5648 1227 5701 adversum
1264 5663 1362 5702 nos
1411 5645 1605 5714 injuste
1633 5659 1688 5701 et
1720 5643 2160 5701 irrationabiliter

583 5746 768 5794 contra
810 5737 951 5807 logos
996 5738 1284 5795 canonicos
1332 5737 1613 5808 prolatam,
1649 5752 1986 5808 nequaquam
2023 5736 2152 5791 rcci-

2269 2636 2462 2706 pimus,
2493 2637 2602 2692 imo
2628 2653 2750 2694 cum
2786 2639 2933 2694 omni
2963 2647 3106 2696 cretu
3154 2639 3396 2696 fraterno
3438 2643 3582 2710 quasi
3615 2638 3794 2695 maledi-

2269 2737 2415 2783 ctum
2438 2729 2638 2784 frustra
2661 2729 2924 2798 prolatum
2947 2732 3342 2788 contemnimus
3363 2741 3520 2802 atque
3538 2731 3791 2801 abjicimus.

2271 2819 2523 2890 Teipsum
2553 2835 2796 2890 quoque,
2832 2823 3097 2877 damnatis
3140 2832 3194 2878 et
3245 2825 3688 2880 anathematizatis
3723 2839 3791 2880 sa-

2269 2925 2522 2979 cramque
2551 2911 2864 2982 religionem
2892 2912 3266 2982 abjicientibus
3289 2930 3354 2969 ac
3378 2914 3792 2970 contemnentibus

2269 2999 2534 3056 faventem
2571 3011 2628 3056 et
2663 3003 3148 3059 communicantem
3169 3045 3183 3069 ,
3212 3005 3266 3059 in
3314 3015 3548 3062 nostram
3600 3020 3794 3060 commu-

2267 3095 2478 3149 nionem
2517 3103 2867 3165 nostrumque
2901 3097 3228 3152 consortium
3283 3098 3520 3169 recipere
3569 3098 3792 3159 nolumus,

2265 3191 2504 3245 contenti
2539 3191 2700 3245 totius
2729 3191 2979 3246 Ecclesiae
3004 3193 3380 3248 communione
3407 3203 3460 3247 et
3483 3192 3697 3247 fraterna
3727 3204 3794 3244 so-

2265 3279 2480 3343 cietate,
2507 3295 2670 3350 quam
2718 3289 2772 3334 tu
2801 3292 3117 3350 arroganter
3144 3293 3194 3337 te
3231 3285 3626 3354 snperexaltans
3653 3280 3792 3351 despi-

2266 3369 2374 3433 cis,
2402 3378 2559 3438 teque
2589 3369 2658 3424 ab
2682 3385 2744 3424 ea
2772 3370 3022 3426 elationis
3067 3379 3277 3426 tumore
3322 3373 3588 3443 indignum
3632 3370 3792 3425 faciens

2266 3469 2593 3528 sequestras.

2335 3550 2462 3604 Car.
2495 3552 2559 3606 V.
2589 3583 2660 3592 —
2682 3551 2847 3622 Igitur
2876 3569 2942 3609 ex
2969 3561 3071 3608 tute
3096 3553 3333 3610 levitatis
3373 3554 3658 3610 temeritate
3696 3563 3793 3620 pro-

2264 3640 2378 3708 pria
2411 3641 2616 3698 tibimet
2649 3644 2916 3697 sententia
2946 3643 3309 3700 anathematis
3335 3653 3535 3714 pestem
3577 3639 3788 3702 inllixisti,

2265 3733 2574 3788 exclamans
2618 3749 2632 3787 :
2684 3734 2788 3799 Qui
2831 3736 3117 3804 apostolica
3162 3747 3424 3806 pra’cepta
3473 3753 3571 3789 non
3614 3741 3790 3795 servat,

2265 3824 2542 3875 anathema
2564 3823 2776 3892 sit,qua3
2807 3833 2862 3877 tu
2897 3823 3264 3894 multipliciter
3293 3825 3490 3879 violare
3519 3832 3570 3878 et
3605 3821 3792 3876 violasse

2265 3913 2614 3984 dignosceris,
2640 3915 2847 3970 divinas
2896 3916 3055 3971 simul
3101 3917 3245 3988 leges
3291 3927 3349 3972 et
3399 3933 3574 3973 sacros
3601 3925 3794 3970 canones

2264 4012 2521 4071 quantum
2571 4004 2622 4056 in
2659 4013 2709 4058 te
2758 4012 2842 4058 est
2871 4020 3156 4070 evacuans,
3198 4007 3641 4074 prtedecessorum
3696 4010 3790 4054 tuo-

2265 4109 2405 4155 rum,
2453 4093 2764 4163 pontificum
2817 4094 3213 4161 Romanorum,
3265 4097 3490 4167 vestigia
3541 4092 3679 4164 sequi
3720 4105 3794 4146 no-

2264 4183 2398 4238 lens.
2727 4245 2736 4251 ,

2334 4273 2458 4330 Car.
2485 4274 2570 4329 V’l.
2595 4305 2665 4316 ——
2685 4275 2836 4330 Nunc
2862 4291 2993 4347 ergo
3035 4275 3159 4346 quia
3187 4275 3596 4330 fraudulentiam
3622 4278 3671 4326 et
3702 4266 3790 4323 cal-

2265 4362 2525 4419 liditatem
2559 4373 2703 4418 tuam
2730 4366 2934 4434 experti
2967 4381 3181 4429 sumus,
3206 4382 3311 4419 non
3359 4365 3510 4435 quasi
3539 4364 3599 4416 ad
3628 4361 3790 4415 illatam

2263 4454 2418 4509 nobis
2467 4455 2846 4509 contumeliam
2899 4457 3168 4524 provocati
3217 4472 3442 4520 sumus,
3495 4455 3582 4510 sed
3637 4459 3791 4507 contra

2263 4557 2406 4602 tuam
2433 4549 2765 4618 iniquitatem
2796 4549 2912 4603 zelo
2945 4548 3178 4613 accensi,
3215 4563 3317 4602 nec
3361 4556 3555 4602 nostrae
3604 4541 3790 4597 vilitatis

2261 4656 2543 4712 personam
2596 4641 2965 4705 attendentes,
3001 4641 3094 4697 sed
3141 4655 3354 4694 omnem
3404 4637 3570 4692 nostri
3620 4630 3790 4689 ordinis

2261 4733 2671 4788 universitatem
2717 4733 2804 4788 cui
2847 4732 2954 4786 vim
2995 4731 3195 4787 inferre
3242 4731 3459 4787 conaris
3505 4743 3610 4800 prae
3653 4723 3791 4787 oculis

2260 4827 2539 4882 habentes.

2329 4918 2455 4974 CAP.
2489 4918 2598 4973 Vll.
2635 4949 2706 4959 —
2735 4917 2873 4986 Quid
2911 4927 3108 4973 nostras
3153 4915 3402 4988 specialis
3451 4907 3790 4985 propositionis

2260 5025 2469 5064 summa
2495 5008 2678 5073 fuerit,
2706 5008 2758 5062 in
2794 5009 2983 5078 paucis
3021 5007 3358 5078 replicamus.
3408 5005 3516 5060 Lex
3554 5001 3714 5057 divina
3747 5002 3791 5048 et

2259 5100 2512 5155 canonica
2557 5099 2832 5170 aptissime
2861 5099 3074 5169 probat,
3101 5099 3262 5152 etiam
3303 5095 3615 5153 venerandae
3638 5085 3789 5146 δεουιί

2260 5191 2404 5261 leges
2436 5190 2810 5260 astipulantur,
2838 5187 2978 5259 quod
3007 5188 3132 5242 nulli
3159 5189 3282 5243 licet
3320 5189 3600 5257 ingenuam
3649 5175 3786 5246 virgi°

2261 5298 2380 5336 nem
2433 5282 2590 5336 alicui
2621 5282 2736 5335 viro
2767 5281 2980 5335 tradere
3011 5280 3063 5333 in
3101 5279 3514 5334 concubinatum
3534 5317 3547 5340 ,
3590 5269 3786 5328 maxime

2259 5371 2302 5424 si
2357 5371 2446 5424 illa
2502 5371 2677 5441 puella
2742 5385 3014 5439 nunquam
3077 5369 3278 5424 illicita:
3335 5366 3591 5422 assentire
3650 5353 3787 5412 voluit

2260 5464 2493 5534 copulae;
2527 5472 2584 5519 et
2609 5465 2734 5533 quia
2767 5479 2866 5519 suo
2895 5464 3012 5518 viro
3040 5472 3322 5532 parentum
3349 5472 3632 5517 consensu,
3673 5446 3783 5508 ﬁde.

2261 5556 2449 5612 all‘ectu
2476 5556 2596 5628 [al.,
2634 5554 2848 5628 effectu]
2879 5571 2943 5610 ac
2993 5554 3277 5610 dilectione
3311 5547 3567 5619 coniugali
3615 5540 3784 5598 sociata

2257 5660 2356 5716 est,
2400 5664 2536 5706 uxor
2564 5648 2825 5720 profecto,
2856 5663 2961 5705 non
2994 5645 3290 5703 concubina
3311 5684 3324 5709 ,
3363 5637 3596 5696 habenda
3618 5633 3694 5689 sit.
