4026 6346
325 324 430 382 381

1245 321 1461 376 EPIST.
1504 322 1594 375 AD
1640 321 2011 378 EPISCOPOS
2052 319 2257 376 REGN!
2295 320 2632 377 LUDOVICI.

3484 319 3594 378 382

1278 587 1989 667 RETBACTATIO
2061 587 2641 664 GUNTHABII

1637 761 1942 817 ADRIANO
1988 761 2031 816 ll
2070 761 2272 816 DATA.

1833 920 2086 934 β*-

397 1039 670 1098 Proﬁteor
708 1053 810 1109 ego
860 1037 1193 1093 Guntharius
1244 1052 1427 1094 coram
1454 1038 1565 1094 Deo
1597 1047 1653 1093 et
1699 1032 1904 1094 sanctis
1933 1023 1980 1081 Α
2009 1036 2318 1107 pontificem
2361 1037 2576 1108 aliquod
2602 1037 2913 1092 scandalum
2943 1038 3024 1094 vel
3047 1040 3339 1110 quidquam
3367 1041 3582 1097 adversi

327 1130 470 1202 ejus,
493 1131 668 1195 vobis,
691 1129 920 1185 Domino
944 1145 1067 1185 meo
1088 1129 1324 1184 Adriano
1349 1145 1560 1184 summo
1589 1131 1826 1199 pontifici
1853 1141 1908 1186 et

326 1220 626 1277 universali
654 1236 824 1292 papae,
853 1237 918 1276 ac
948 1221 1270 1276 venerandis
1315 1221 1410 1276 tibi
1446 1221 1672 1277 subditis
1699 1222 1908 1292 episco-

325 1312 417 1381 pis
457 1312 772 1382 reliquoque
797 1320 1085 1376 conventu,
1120 1312 1374 1382 quoniam
1404 1311 1667 1380 judicium
1694 1313 1906 1384 deposi-

327 1404 496 1459 tionis
544 1405 598 1459 in
629 1419 715 1460 me
753 1420 783 1458 a
814 1405 1013 1460 domno
1041 1403 1265 1460 Nieolao
1297 1405 1558 1460 canonice
1593 1413 1762 1460 totum
1794 1419 1904 1459 non

326 1495 686 1565 reprehendo,
719 1496 812 1550 sed
843 1495 1118 1550 humiliter
1144 1505 1321 1566 porto.
1371 1495 1521 1551 Unde
1546 1511 1646 1551 nec
1676 1495 1902 1550 ulterius

322 1597 545 1640 sacrum
597 1585 955 1640 ministerium
1002 1586 1316 1657 contingere
1343 1601 1628 1656 prasumo,
1673 1586 1776 1641 nisi
1805 1601 1904 1657 per

321 1673 754 1728 misericordiam
802 1675 936 1729 mihi
980 1676 1268 1732 subvenire
1308 1677 1609 1742 volueritis,
1665 1692 1767 1732 nec
1810 1677 1901 1732 ali-

318 1761 540 1831 quando
561 1771 754 1818 contra
777 1771 1021 1819 sanctam
1047 1779 1326 1820 romanam
1352 1765 1651 1822 Ecclesiam
1675 1774 1766 1821 aut
1781 1767 1900 1837 ejus

325 1940 1883 1966 —-—-——-—————._.

2010 1143 2225 1182 movere
2267 1127 2408 1192 volo,
2451 1128 2544 1183 sed
2570 1128 2820 1182 devotum
2861 1145 2945 1183 me
2983 1130 3156 1184 eidem
3195 1138 3396 1185 sancta:
3425 1133 3585 1186 matri

2009 1217 2261 1273 Ecclesia:
2287 1216 2508 1287 ejusque
2531 1219 2743 1290 praesuli
2767 1221 3026 1276 exhibere
3055 1231 3218 1291 atque
3243 1223 3585 1278 obedientem

2008 1325 2327 1380 permanere
2377 1319 2664 1380 protestor.
2699 1311 2809 1382 Ego
2838 1311 3173 1366 Gnntharius
3223 1313 3350 1367 huic
3376 1313 3586 1383 profes-

2007 1399 2201 1455 sionia
2229 1416 2314 1455 tne
2345 1399 2499 1457 facta:
2524 1418 2684 1456 manu
2709 1404 2925 1474 propria
2953 1405 3270 1475 subscripsi.
3312 1406 3448 1460 Data
3478 1406 3586 1462 Ka-

2007 1488 2191 1545 lendas
2229 1487 2375 1557 Julii,
2405 1492 2695 1548 indictione
2721 1509 2786 1558 ll,
2815 1494 2869 1548 in
2904 1494 3134 1550 ecclesia
3176 1495 3365 1551 Sancti
3398 1495 3588 1552 Salva-

2006 1581 2162 1647 toris,
2208 1597 2328 1652 quae
2375 1591 2458 1639 est
2492 1583 2548 1640 in
2578 1585 2907 1642 monasterio
2959 1583 3146 1642 Sancti
3188 1586 3465 1642 Benedicti
3526 1587 3583 1642 in

2005 1671 2252 1731 Cassino.

583 2099 1508 2216 THEODGAUDI
1544 2182 1577 2230 ,
1647 2103 2444 2219 GUNTHARII
2504 2109 2683 2221 ET
2743 2106 3327 2226 ARDUICI

1230 2330 1727 2411 EPISTOLA
1796 2332 1929 2409 AD
2006 2335 2654 2416 HINCMARUM.

1005 2504 1189 2568 (Apud
1215 2504 1482 2570 Labbeum,
1519 2507 1838 2561 Conciliorum
1879 2511 2183 2573 generalium
2221 2517 2351 2564 tomo
2386 2511 2523 2578 Vill,
2564 2513 2658 2565 col.
2698 2514 2811 2567 762.

305 2831 319 2840 ,
379 2765 620 2840 Optabili
687 2765 742 2821 in
791 2765 1007 2823 Christo
1062 2768 1216 2824 fratri
1261 2769 1465 2828 lauano
1519 2770 1881 2844 [lHincmaro]
1913 2776 1958 2834 B
1987 2771 2136 2827 disti.
2171 2771 2312 2843 Ergo
2343 2771 2468 2841 quia
2497 2778 2552 2826 te
2592 2768 2804 2839 objecta
2852 2770 3207 2841 probaturum
3246 2768 3571 2840 promisisti,

306 2856 708 2914 Τιιεουωυυυε
759 2857 964 2926 primas
1003 2858 1231 2930 Belgicae
1283 2859 1490 2927 Galliae,
1537 2861 1888 2919 GUNTHARIUS

302 2947 718 3020 Agrippinensis
742 2947 1006 3014 Coloniae,
1041 2959 1096 3004 et
1131 2950 1404 3008 Annurcus
1446 2953 1888 3011 Vesontionensis

301 3036 568 3094 Ecclesia:
595 3039 830 3108 episcopi
865 3039 1094 3096 salutem
1121 3049 1176 3096 et
1200 3058 1407 3112 pacem.

380 3130 706 3203 Relegimus,
735 3131 923 3196 frater,
949 3141 1006 3188 et
1031 3134 1236 3189 utinam
1264 3135 1432 3192 frater
1467 3138 1699 3209 lgmare,
1731 3139 1886 3194 libel-

301 3223 420 3278 lum
449 3233 552 3279 tuae
601 3225 962 3281 accusationis
989 3226 1249 3282 adversus
1275 3228 1587 3285 Hilduinum
1632 3231 1884 3287 dilectum

303 3311 478 3367 ﬁlium
513 3324 570 3368 et
612 3314 832 3370 fratrem
881 3326 1144 3380 nostrum,
1194 3327 1252 3371 ut
1311 3320 1583 3376 credimus
1636 3321 1885 3377 idoneum

301 3401 505 3466 virum,
539 3403 591 3456 in
619 3418 727 3474 quo
755 3404 928 3474 ipsum
951 3404 1126 3460 officio
1145 3408 1403 3476 pastorali
1432 3409 1708 3480 indignum
1737 3425 1884 3466 asse-

299 3505 487 3556 veras,
515 3500 568 3546 et
596 3508 786 3548 causas
826 3502 878 3549 te
903 3495 1064 3557 scire,
1120 3511 1220 3565 pro
1246 3497 1441 3565 quibus
1467 3499 1635 3554 isdem
1683 3500 1884 3556 electus
1943 3546 1964 3556 η

298 3582 548 3637 ordinari
578 3599 683 3639 non
734 3584 950 3650 debeat,
1003 3585 1296 3642 exclamas.
1354 3587 1613 3654 Quamvis
1663 3590 1731 3643 ab
1783 3590 1884 3644 hac

297 3669 654 3740 improbitate
682 3674 784 3728 hoc
828 3673 1163 3728 solummodo
1201 3684 1251 3729 te
1279 3690 1534 3731 revocare
1559 3677 1640 3732 vel
1675 3687 1878 3747 tempe-

298 3775 432 3816 rare
463 3761 754 3829 debuisset,
798 3765 938 3835 quod
969 3765 1059 3820 ille
1103 3774 1223 3820 tuus
1265 3766 1493 3822 domnus
1541 3775 1597 3822 et.
1650 3768 1883 3822 nutritor

296 3849 470 3906 fuerit
497 3853 715 3917 charus,
747 3855 792 3909 si
823 3863 1003 3910 tamen
1033 3869 1238 3909 memor
1262 3865 1316 3910 et
1344 3871 1450 3910 non
1485 3855 1729 3924 ingratus
1765 3855 1881 3912 fore

295 3939 587 4007 voluisses,
619 3942 775 4011 cujus
798 3943 900 3998 iste
927 3952 982 3998 ct
1007 3942 1322 3999 allinitatem
1361 3942 1528 3999 refert
1575 3953 1629 3999 et
1660 3959 1875 3999 nomen.

295 4030 461 4086 Nunc
484 4034 736 4102 quoniam
766 4036 975 4090 delator
1001 4051 1122 4091 esse
1153 4037 1388 4102 voluisti,
1416 4040 1558 4107 quod
1582 4046 1749 4093 restat
1771 4053 1880 4091 non

1990 2880 2327 2935 consequens
2378 2872 2502 2930 est,
2559 2871 2619 2918 ut
2673 2862 2990 2934 exscquaris
3049 2876 3169 2932 qua:
3214 2861 3562 2931 promisisti:

1988 2957 2132 3012 unde
2169 2965 2222 3011 et
2252 2965 2304 3012 te
2355 2954 2615 3011 canonica
2666 2969 3072 3010 commonemus
3122 2953 3466 3018 auctoritate,
3507 2969 3564 3011 υ.

1989 3048 2348 3103 accusationis
2379 3055 2480 3102 tua:
2524 3047 2928 3102 exsecutionem
2955 3045 3215 3100 canonice
3267 3059 3567 3114 prosequa-

1988 3139 2082 3193 ris.
2101 3137 2252 3204 Quod
2279 3137 2324 3192 si
2354 3145 2404 3191 te
2430 3135 2765 3192 accusationi
2790 3134 3152 3199 subtraxeris,
3179 3141 3234 3188 et
3253 3131 3568 3204 probationi

1987 3225 2253 3291 defueris,
2308 3225 2524 3280 noveris
2584 3233 2635 3278 te
2694 3224 2972 3279 canonicis
3029 3223 3096 3277 de
3149 3221 3570 3277 accusatoribus

1987 3319 2188 3389 regulis
2213 3315 2509 3397 subiacere.
2546 3315 2842 3371 Calumniae
2865 3330 2994 3369 vero
3032 3329 3167 3382 quas
3215 3311 3566 3384 synodalibus

1986 3407 2215 3462 decretis
2251 3406 2574 3460 obumbrare
2604 3404 2756 3458 nisus
2786 3419 2866 3469 es,
2910 3403 2963 3457 in
3013 3411 3065 3457 te
3093 3409 3256 3471 atque
3294 3401 3347 3454 in
3399 3399 3566 3468 aequi—

1987 3512 2174 3551 vocum
2203 3505 2450 3566 nepotem
2481 3504 2653 3559 tuum,
2685 3495 2775 3564 qui
2802 3495 2874 3548 ita
2917 3494 3160 3564 provecti
3211 3492 3344 3546 estis
3370 3490 3563 3546 reﬂec-

1986 3596 2187 3641 tuntur.
2219 3583 2454 3652 Quorum
2501 3593 2691 3639 neuter
2721 3600 2785 3638 ex
2818 3584 2907 3637 illa
2939 3583 3041 3636 fuit
3067 3582 3316 3645 ecclesia,
3363 3581 3418 3634 in
3451 3595 3558 3649 qua

1983 3677 2272 3742 ambitione
2301 3685 2461 3744 atque
2486 3675 2667 3729 favore
2690 3681 2997 3743 potentatus
3019 3672 3413 3726 inthronizatus
3436 3685 3558 3725 esse

1983 3768 2331 3838 dignoscitur.
2355 3766 2467 3820 Ilac
2496 3765 2801 3820 conditione
2843 3765 3038 3819 dehinc
3064 3765 3315 3832 exigente
3343 3761 3549 3832 synodo

1985 3871 2035 3915 te
2056 3861 2241 3914 adesse
2271 3860 2557 3929 oportebit,
2589 3874 2708 3928 quae
2737 3857 2862 3911 Idus
2899 3855 3120 3910 Martias
3174 3853 3317 3924 apud
3368 3852 3556 3905 urbem

1982 3952 2465 4016 Mediomatricum,
2517 3951 2714 4005 Christi
2759 3948 2972 4003 favente
3022 3948 3228 4020 gratia,
3261 3943 3560 4001 celebrabi-

1983 4054 2112 4098 tur:
2161 4043 2250 4097 ubi
2274 4041 2555 4113 saepcfatus
2581 4041 2749 4094 frater
2797 4049 2890 4094 aut
2931 4047 3020 4093 tua
3060 4038 3378 4110 probatione
3416 4049 3550 4089 con-

293 4124 542 4180 omiltas.
573 4125 646 4181 Te
669 4127 814 4182 enim
848 4128 1156 4196 exspoliasti
1180 4129 1410 4200 judicio,
1454 4131 1577 4185 dum
1621 4131 1878 4184 critnina-
1904 4125 1948 4186 C
1980 4134 2245 4199 vincatur,
2296 4141 2390 4186 aut
2417 4147 2513 4187 sua
2549 4130 2859 4186 defensione
2890 4129 3167 4184 liberetur.
3205 4127 3302 4182 Ubi
3344 4136 3560 4195 quoque

293 4214 468 4269 tionis
505 4217 826 4284 chartulam,
882 4220 1024 4288 quod
1080 4229 1172 4275 tuo
1217 4220 1392 4276 oﬂicio
1442 4231 1498 4276 et
1554 4223 1766 4288 honori,
1818 4230 1876 4276 ut

219 4319 236 4330 ’
291 4304 650 4372 aestimamus,
696 4323 803 4362 non
854 4310 1206 4378 competebat,
1253 4312 1468 4382 propria
1505 4327 1684 4377 manu,
1731 4312 1872 4381 quod

287 4410 500 4464 negare
553 4414 657 4452 non
717 4408 889 4468 potes,
953 4401 1006 4454 in
1069 4413 1335 4456 conventu
1402 4420 1586 4474 regum
1641 4404 1872 4474 principi

289 4495 488 4542 nostro
527 4485 788 4544 Lothario
836 4490 1134 4546 inconsulte
1169 4493 1489 4562 porrexisti,
1518 4508 1581 4547 ac
1609 4509 1871 4549 memora-

286 4585 414 4632 tum
462 4577 795 4646 Hilduinum,
849 4595 1053 4650 nosque
1100 4582 1306 4652 pariter
1363 4592 1644 4653 suspectos
1698 4584 1873 4638 reddi-

1980 4234 2034 4278 et
2062 4240 2160 4279 nos
2191 4223 2286 4278 tibi
2315 4238 2382 4277 ex
2431 4222 2702 4286 omnibus,
2751 4236 2871 4291 quae
2911 4219 3246 4296 de’ccclesia
3288 4216 3547 4272 Cameraa

1979 4317 2127 4372 censi
2162 4316 2407 4371 scribens
2447 4314 2704 4369 monuisti
2753 4322 2809 4368 et
2843 4311 3255 4382 reprehendisti,
3307 4309 3555 4362 rationes

1979 4406 2251 4460 reddendo
2280 4405 2606 4476 respondere
2647 4407 2942 4458 valeamus.
2971 4401 3030 4457 In
3060 4401 3276 4457 Christo
3301 4408 3350 4454 te
3377 4397 3561 4452 valere

1977 4505 2244 4567 optamus.
2407 4496 2449 4524 ⁸

345 4715 3542 4744 MM

1415 4807 2313 4972 ‘EORUMDEM

688 5060 1072 5123 EPISTOLA
1116 5062 1224 5124 AD
1267 5062 1687 5124 EPISCOPOS
1728 5062 1809 5123 IN
1850 5062 2118 5124 REGNO
2160 5061 2544 5125 LUDOVICI
2575 5023 3152 5124 CONSTITUTOS.

363 5337 772 5394 Venerabilibus
802 5340 857 5394 in
885 5340 1100 5396 Christo
1141 5340 1397 5398 fratribus
1437 5343 1863 5415 archiepiscopis
1894 5348 1942 5407 D
1971 5343 2330 5401 Ecclesiarum
2385 5338 2822 5409 archiepiscopi,
2872 5349 3170 5405 eorumque
3239 5332 3549 5404 coepiscopi

276 5437 345 5484 et
372 5430 644 5500 episcopis
681 5431 735 5486 in
772 5448 937 5504 regno
983 5434 1165 5489 eximii
1200 5436 1344 5506 regis
1384 5436 1640 5493 Ludovici
1665 5439 1866 5494 consti-

275 5521 418 5576 tutis
446 5521 835 5582 Tneoecwous
864 5527 1090 5597 Belgicae
1118 5526 1303 5585 Galliae
1335 5531 1561 5600 primas,
1603 5531 1862 5587 Ganna-

273 5625 410 5665 ruus
433 5611 841 5684 Agrippinensis
864 5616 1116 5681 Coloniae,
1150 5619 1420 5677 Anactcus
1466 5620 1860 5678 Vesontionem

277 5702 384 5766 sis,
438 5704 764 5768 Βοτωκυεδ
818 5707 1184 5774 Arelatensis,
1240 5710 1390 5767 ΤΑυσ
1452 5711 1860 5769 Mediolanensis

1970 5435 2202 5492 salutem
2229 5443 2284 5488 et
2307 5447 2495 5503 pacem
2526 5439 2688 5486 orant
2713 5437 2766 5484 et
2797 5436 3007 5498 optant.

2043 5525 2278 5582 Diversis
2301 5523 2593 5579 Ecclesiam
2639 5522 2734 5577 Dei
2777 5518 3278 5591 perturbationibus
3327 5513 3551 5573 concuti

1969 5627 2024 5673 et
2053 5616 2264 5687 percelli
2311 5614 2550 5685 quotidie
2598 5613 2840 5669 exterius
2885 5609 3160 5667 cernimus
3191 5623 3253 5664 ac
3305 5605 3555 5680 suspira--

1970 5727 2088 5766 mus
2120 5729 2130 5764 :
2160 5709 2386 5765 interius
2416 5724 2544 5766 vero
2575 5707 2755 5763 vexari
2787 5721 2904 5761 eam
2943 5713 3102 5775 atque
3136 5701 3290 5759 exuri
3319 5701 3374 5757 in
3411 5716 3544 5755 suo-
