4026 6346
554 330 739 411 .333.

1249 326 1714 391 'l'lllSODGAUDl,
1753 325 2136 382 GllNTﬂAIlll
2177 326 2393 381 EPIST.
2436 325 2528 380 AD
2566 325 2959 393 EPISCOPOS,
2999 329 3149 384 ETC.
3687 342 3771 401 δα

542 438 698 497 rum
748 441 1086 498 dissensione
1152 440 1519 496 membrorum
1553 481 1569 506 ,
1625 440 1872 496 videntes
1924 441 2149 495 nimium
2178 444 2225 501 A
2253 440 2696 494 iusseritieiitibus
2722 478 2739 505 ,
2823 456 3204 512 usquequaque
3290 461 3481 503 nocere
3577 453 3771 513 Valeant.

572 533 1042 604 perhorrescimus
1077 539 1132 588 et
1154 530 1436 603 dolemus.
1465 529 1653 601 Neque
1681 531 1826 586 enim
1874 530 2056 586 dolere
2098 540 2154 586 et

574 624 762 695 lugere
784 641 890 680 non
925 637 1229 694 possumus,
1269 622 1413 691 quod
1439 630 1658 677 sanctos
1693 622 1789 676 Dei
1819 621 2150 689 sacerdotes,

575 715 926 772 Hincmarum
972 714 1222 770 videlicet
1265 713 1728 785 archiepiswpum
1792 714 2052 783 religione
2098 721 2153 769 et

574 810 842 880 sapientia
895 809 1050 880 longe
1110 808 1322 878 lateque
1363 809 1637 880 vulgatum
1671 848 1686 873 ,
1732 816 1787 864 et
1842 808 2149 863 Botbadum

572 900 894 972 longiturnae
938 908 994 954 et
1038 899 1362 955 venerabilis
1390 899 1800 954 conversatione
1844 897 2153 953 sanetitatis

573 988 867 1053 famosum,
911 988 987 1042 ita
1023 988 1386 1058 comperimus
1418 989 1487 1044 ab
1526 988 1755 1043 invicem
1786 988 2149 1054 discordasse,

572 1089 761 1140 utnon
790 1081 992 1135 veritus
1028 1080 1098 1135 sit
1129 1080 1572 1150 metropolitanus
1625 1081 1766 1135 idem
1810 1079 2151 1151 suﬂ‘raganeo

470 1184 479 1193 ’
571 1171 747 1228 eidem
800 1170 1377 1226 excommunicationis
1423 1172 1747 1227 sententiam
1796 1172 2148 1242 intorquere,

569 1271 627 1318 et
656 1260 834 1318 otiicio
885 1262 1153 1333 privatum
1198 1261 1380 1316 divino
1420 1263 1676 1318 custodiae
1717 1263 1997 1332 deputare.
2043 1265 2148 1321 Sed

569 1367 731 1422 quem
763 1367 795 1407 e
836 1352 1045 1407 duobus
1071 1351 1240 1422 magis
1265 1350 1558 1407 deﬂeamus
1584 1352 1943 1408 admiratione
1988 1355 2149 1409 simul

570 1456 636 1496 ac
678 1450 899 1510 stupore
935 1441 1116 1495 vallati
1165 1441 1456 1497 nescimus.
1479 1441 1785 1497 Rothadum
1816 1444 2021 1499 scilicet
2069 1444 2149 1500 ita

568 1545 600 1586 a
641 1547 772 1587 vero
810 1532 1165 1597 exorbitasse,
1210 1542 1269 1588 ut
1313 1534 1363 1589 ei
1392 1535 1552 1606 digne
1592 1535 1719 1590 talia
1750 1535 2144 1607 infligerentur,

570 1632 664 1678 aut
706 1623 1056 1679 liincmarum
1104 1625 1176 1679 ita
1211 1626 1436 1697 justitite
1485 1636 1541 1683 et
1589 1628 1864 1700 dignitatis
1918 1630 2145 1687 limitem

570 1714 889 1779 transilisse,
936 1724 997 1769 ut
1043 1715 1224 1787 aliquo
1266 1716 1643 1774 amaritudﬁtis
1691 1728 1782 1775 aut
1832 1721 2143 1779 ambitionis

2259 530 2331 584 De
2369 530 2563 599 quibus
2591 538 2767 585 autem
2813 529 3091 587 Rothadus
3141 535 3406 603 queritur,
3443 554 3633 610 nosque
3674 544 3772 613 plu.

2256 623 2451 677 rimum
2504 634 2704 688 movet,
2766 624 3039 678 sanctitati
3093 634 3289 681 vestrae
3354 629 3580 686 breviter
3622 634 3776 692 subter

2253 714 2609 769 annectimus.
2664 714 2722 770 Si
2772 713 2962 769 debeat
3011 716 3297 787 presbyter
3345 729 3432 774 aut
3486 721 3715 780 diaconus
3749 743 3774 783 a

2249 806 2471 876 proprio
2514 806 2766 876 episcopo
2807 803 2953 872 juste
2995 806 3291 878 depositus.
3332 825 3363 864 a
3411 815 3775 883 metropolitano

2252 896 2480 953 autialio
2504 896 2746 967 quolibet
2790 897 2843 951 in
2872 898 3097 969 gradum
3123 899 3410 968 pristinum
3438 903 3550 958 sine
3571 906 3774 974 ejusdem

2250 987 2486 1057 episcopi
2511 1003 2774 1044 consensu
2809 988 3018 1043 restitui
3075 1004 3236 1044 :cum
3279 991 3333 1044 in
3361 993 3583 1047 concilio
3618 994 3775 1054 Antio-

2250 1079 2423 1134 cbeno
2461 1079 2598 1151 (cap.
2629 1077 2712 1151 ιιι)
2743 1080 2810 1133 de
2836 1079 2935 1133 hoc
2956 1079 3030 1133 ita
3068 1080 3331 1135 habeatur
3357 1094 3373 1135 :
3401 1080 3457 1135 Si
3481 1084 3565 1150 qui
3587 1087 3775 1157 presby-

2253 1168 2354 1224 teri
2402 1178 2495 1224 aut
2532 1170 2743 1225 diaconi
2767 1184 2797 1222 a
2820 1170 3039 1240 proprio
3058 1184 3314 1240 episcopo
3346 1179 3774 1244 excommumcati,

2251 1261 2367 1315 ausi
2396 1259 2615 1326 fuerint,
2641 1269 2747 1315 etc.
2790 1260 2918 1314 Item
2960 1260 3014 1314 in
3043 1262 3232 1317 eodem
3263 1263 3490 1319 concilio
3513 1264 3651 1336 (cap.
3680 1268 3773 1339 vt):

2252 1352 2310 1409 Si
2349 1355 2471 1425 quis
2511 1370 2541 1409 a
2601 1355 2818 1425 proprio
2859 1355 3110 1425 episcopo
3155 1357 3528 1412 communione
3570 1359 3775 1428 privatus

2249 1455 2354 1513 est,
2377 1457 2481 1503 etc.
2514 1447 2570 1503 Si
2608 1448 2799 1504 debeat
2825 1449 3109 1520 presbyter
3135 1450 3454 1505 criminatus
3480 1460 3632 1520 atque
3655 1453 3776 1508 dam-

2249 1548 2408 1595 natus
2434 1547 2555 1610 post
2579 1548 2811 1609 quatuor
2853 1555 3023 1594 annos
3070 1540 3427 1607 reconciliari,
3475 1557 3589 1597 cum
3615 1543 3777 1600 debet:

2249 1630 2303 1685 in
2334 1632 2565 1687 concilio
2598 1630 2853 1686 Africano
2876 1630 3013 1703 (cap.
3046 1630 3145 1701 xu)
3182 1631 3254 1685 ita
3283 1632 3578 1687 habeatur:
3610 1631 3776 1702 Siquis

2251 1720 2390 1775 infra
2412 1737 2610 1776 annum
2631 1736 2849 1776 causam
2867 1736 3018 1775 suam
3041 1735 3271 1791 purgare
3285 1721 3670 1792 contempserit,
3689 1730 3775 1778 etc.

569 1805 686 1862 zelo
711 1806 991 1862 devinctus
1020 1822 1114 1862 seu
1161 1808 1402 1865 devictus
1446 1822 1653 1877 saneto,
1685 1820 1746 1867 ut
1794 1815 2140 1882 credebatur,
2174 1791 2220 1849 Β
2250 1812 2307 1869 Si
2337 1813 2531 1869 debeat
2555 1812 2778 1884 quilibet
2795 1813 3080 1883 episcopus
3104 1812 3329 1867 alterius
3361 1812 3652 1866 ordinatum
3673 1814 3776 1867 reti-

566 1904 621 1952 et
679 1912 884 1953 annoso
916 1899 1175 1969 episcopo
1202 1900 1327 1956 talia
1374 1902 1573 1959 inferre
1596 1906 1819 1961 minime
1848 1908 2143 1966 dubitaret.

566 1983 661 2039 Ille
708 1988 907 2040 etenim
953 2002 1012 2042 se
1059 1988 1255 2058 injuste
1307 1991 1617 2049 damnatum
1672 1997 1993 2065 proclamat,
2052 2002 2143 2070 qui

566 2076 731 2130 etiam
771 2077 913 2131 inter
933 2078 1038 2133 alia
1069 2083 1478 2138 excusationum
1504 2101 1722 2142 suarum
1758 2091 2057 2148 munimina
2088 2095 2142 2149 in

569 2169 930 2239 appellatione
954 2173 1183 2230 Romani
1212 2181 1486 2246 perstabat
1516 2184 1807 2251 pontificis.
1832 2186 1937 2242 Iste
1963 2198 2142 2244 autem

567 2260 711 2314 inter
750 2272 943 2317 caetera
992 2265 1355 2324 iuvectiouum
1389 2284 1691 2329 commenta
1734 2276 1801 2331 de
1831 2287 2144 2350 contemptu

565 2359 621 2404 et
652 2351 1012 2409 inobedientia
1046 2359 1127 2411 sui
1170 2359 1316 2429 juste
1341 2378 1464 2417 eum
1509 2365 1578 2420 ab
1616 2365 1792 2423 ollicio
1819 2369 2143 2427 sacerdotali

495 2458 498 2463 θ
568 2454 849 2498 removere
892 2446 1192 2503 denuntiat.
1253 2451 1406 2518 Quod
1446 2455 1572 2524 quia
1629 2460 1787 2514 nobis
1816 2476 1913 2529 per
1958 2465 2141 2518 omnia

566 2530 830 2587 incertum
873 2545 978 2601 est,
1034 2539 1231 2609 quippe
1267 2545 1358 2612 qui
1409 2547 1656 2603 neutrius
1707 2565 1923 2605 causam
1968 2553 2141 2622 palam

570 2625 939 2693 cognovimus,
966 2633 1275 2687 rumoribus
1309 2649 1408 2690 nec
1432 2634 1588 2692 facile
1618 2630 1841 2694 credere
1862 2626 2142 2708 audemus,

569 2727 671 2768 nec
697 2715 1001 2772 absentium
1032 2720 1393 2780 dissensiones
1417 2735 1620 2783 temere
1648 2730 1946 2801 dijudicare
1979 2734 2145 2789 debe-

571 2823 709 2865 mus.
762 2811 844 2867 Ob
870 2812 973 2869 boc
1025 2826 1201 2872 tamen
1251 2819 1468 2886 multos,
1519 2822 1627 2877 imo
1672 2839 1811 2894 pene
1841 2840 2030 2882 omnes
2077 2828 2146 2883 ad

569 2912 918 2971 quoscunque
942 2903 1057 2960 inec
1069 2905 1207 2961 fama
1232 2912 1497 2979 pervenit,
1524 2913 1803 2968 nobiscum
1831 2916 2144 2973 scandalum

567 3005 760 3061 passos
811 3010 914 3049 non
969 2997 1086 3052 sine
1136 3001 1286 3069 gravi
1333 3018 1568 3059 maerore
1620 3006 1892 3061 sanctitati
1953 3018 2146 3065 vestra:

572 3086 913 3151 mandamus,
958 3101 1177 3146 orantes
1211 3102 1266 3147 et
1310 3096 1721 3151 unanimitatem
1770 3107 2007 3154 vestram
2050 3116 2145 3171 po-

569 3184 806 3236 scentes.
830 3186 892 3232 ut
919 3179 1241 3236 discordiam
1269 3188 1647 3253 praedictorum
1695 3191 1996 3246 antistitum
2028 3194 2144 3248 ani-

570 3266 867 3322 madversis
911 3270 1114 3338 antiqui
1170 3272 1339 3329 hostis
1386 3276 1593 3333 insidiis
1622 3319 1637 3343 ,
1693 3289 1749 3335 et
1792 3282 2146 3339 consideratis

568 3357 819 3414 humanae
845 3359 1152 3433 fragilitatis
1178 3365 1511 3433 excessibus,
1535 3369 1767 3439 qualiter
1820 3373 2066 3442 coeperit,
2093 3382 2148 3430 et

570 3446 880 3516 increverit,
914 3452 1197 3511 sollicitius
1246 3456 1535 3513 intendatis
1573 3474 1637 3515 ac
1679 3462 2045 3531 perpendatis,
2092 3472 2148 3520 et

568 3538 848 3595 nobiscum
872 3542 1099 3601 Domino
1127 3547 1397 3602 mediante
1423 3550 1824 3614 convenientes,
1855 3550 2145 3610 dubietatis

567 3625 727 3696 hujus
756 3631 978 3687 nebulas
1015 3635 1410 3692 studiosissima
1462 3638 1710 3709 indagine
1750 3642 2142 3714 abstergamus,

563 3727 620 3773 et
641 3720 708 3774 ad
739 3722 983 3779 veritatis
1012 3724 1184 3781 lucem
1236 3742 1363 3784 vera
1404 3728 1524 3786 luce
1572 3731 1847 3787 revelante
1876 3735 2143 3804 perduca-

564 3822 726 3864 mus:
757 3826 864 3881 quo
902 3823 996 3869 aut
1022 3814 1302 3874 Rothadus
1327 3819 1374 3874 si
1403 3819 1549 3889 juste
1585 3823 1863 3892 depositus
1890 3839 2144 3897 compro-

561 3898 744 3967 batur,
766 3906 1006 3961 omnium
1049 3906 1254 3976 judicio
1287 3913 1638 3979 conticescat,
1679 3924 1773 3971 aut
1821 3916 2143 3978 Hincmarus

562 3991 631 4048 de
660 3994 856 4064 injuste
880 3988 1137 4056 damnato
1171 4003 1366 4058 merito
1402 4005 1708 4062 erubescat.
1732 4007 1799 4063 Et
1828 4012 2141 4067 scandalum

561 4085 677 4143 sive
708 4101 972 4153 murmur,
1005 4089 1150 4160 quod
1197 4092 1252 4146 in
1300 4101 1488 4149 sancta
1535 4094 1778 4152 Ecclesia
1823 4114 1987 4169 super
2042 4101 2144 4157 bac

560 4181 931 4257 controversia
960 4182 1220 4252 plurimos
1241 4183 1572 4253 diverberat,
1627 4199 1812 4245 nostra
1862 4192 2141 4263 vigilantia

559 4269 893 4327 destructum
960 4282 1121 4345 atque
1172 4277 1416 4333 sedatum
1470 4278 1736 4348 fatiscat,
1787 4297 1856 4338 ne
1932 4292 2141 4340 tantum

557 4356 936 4417 oﬂ‘endiculum
962 4363 1335 4422 Christianum
1381 4367 1637 4439 populum
1683 4370 1885 4427 diutius
1923 4382 2139 4443 pertur-

556 4445 669 4501 bet.
716 4446 900 4520 Neque
942 4467 1071 4525 ergo
1100 4453 1225 4511 ullis
1249 4456 1350 4512 hoc
1405 4458 1565 4513 debet
1615 4461 1954 4535 argumentis
2003 4479 2141 4533 prae-

556 4539 810 4606 tertnitti,
849 4551 943 4597 aut
969 4545 1345 4602 occasionibus
1371 4547 1595 4614 differri,
1631 4548 1885 4618 quoniam
1936 4559 1994 4607 ut
2022 4569 2136 4608 me-

555 4629 779 4687 minisse
806 4648 905 4690 nos
954 4634 1305 4703 arbitramur,
1337 4646 1392 4694 et
1431 4639 1587 4695 sedes
1628 4642 1926 4711 apostolica
1963 4660 2139 4715 quon-

555 4719 678 4776 dam
725 4739 880 4780 suam
906 4728 1228 4783 sententiam
1260 4729 1314 4784 in
1362 4731 1554 4787 melius
1581 4737 1958 4803 commutavit,
2013 4752 2137 4793 cum

555 4815 656 4871 sibi
696 4817 1009 4887 subreptum
1037 4819 1105 4875 de
1134 4821 1366 4892 quodam
1402 4826 1697 4895 perspexit,
1729 4835 1784 4882 et
1822 4828 2134 4897 Dioscorus,

554 4910 681 4979 quia
722 4922 969 4969 sanctum
1023 4915 1197 4970 virum
1258 4917 1432 4989 dignae
1496 4922 1769 4977 memoria:
1817 4922 2134 4980 Flavianum

555 4997 753 5067 injuste
785 5000 1127 5071 deposuerat,
1155 5021 1186 5058 a
1216 5006 1343 5061 sede
1377 5009 1668 5078 apostolica
1699 5011 1988 5069 damnatus
2013 5029 2140 5069 eva-

555 5089 691 5154 nuit,
742 5094 1146 5150 remanentibus
1210 5096 1331 5153 aliis
1379 5099 1726 5168 indamnatis,
1783 5105 1875 5173 qui
1927 5105 1979 5160 ei
2029 5121 2136 5161 non

554 5190 765 5250 sponte,
797 5184 890 5239 sed
925 5187 1079 5255 quasi
1107 5197 1295 5244 coacte
1324 5189 1379 5245 in
1410 5192 1744 5264 depositione
1773 5198 1949 5253 sancti
2001 5214 2136 5255 con-

555 5281 839 5328 senserant
889 5275 1151 5345 episcopi,
1182 5295 1317 5349 quos
1365 5281 1481 5352 ipse
1527 5284 1816 5342 Dioscorus
1858 5288 2135 5345 multifor-

555 5360 717 5416 miter
760 5370 817 5419 et
838 5372 1026 5434 argute
1051 5364 1234 5424 fallere
1256 5369 1484 5428 callidus
1512 5382 1922 5445 argumentatur
1942 5376 2130 5434 elabo-

556 5467 792 5510 raverat.
841 5454 1016 5513 Nolite
1066 5458 1177 5528 jam
1228 5479 1371 5519 nunc
1424 5467 1624 5521 morari
1668 5477 1947 5525 crescente
1997 5471 2135 5541 peri-

553 5545 712 5611 culo,
758 5557 812 5603 ct
859 5547 1242 5611 insultantibus
1288 5566 1479 5612 sancto
1521 5559 1697 5614 ordini
1748 5568 1911 5630 atque
1954 5562 2133 5617 detra-

553 5636 803 5696 hentibus
832 5643 1035 5713 multis,
1075 5648 1162 5716 qui
1203 5648 1498 5719 gloriantes
1547 5650 1650 5706 sibi
1704 5651 1955 5708 tiduciam
2003 5668 2130 5723 pro-

552 5732 793 5804 mittunt,
853 5739 995 5808 quod
1052 5742 1205 5798 nobis
1250 5742 1481 5798 invicem
1538 5745 1911 5802 munientibus
1967 5756 2129 5817 atque

2161 4499 2216 4559 D

2246 1917 2393 1966 nere,
2434 1912 2637 1973 quanto
2665 1902 2844 1957 minus
2873 1918 3069 1973 capere
3089 1901 3170 1957 vel
3195 1903 3248 1957 in
3272 1917 3545 1957 carcerem
3574 1903 3774 1968 trudere,

2243 2010 2366 2049 cum
2394 1995 2459 2049 de
2485 1995 2587 2049 hoc
2632 1996 2685 2049 in
2737 1994 3095 2050 decretalibus
3149 1994 3224 2049 ita
3273 2002 3578 2049 statuatur:
3623 1992 3776 2047 Nullus

2243 2085 2528 2155 episcOpus
2591 2084 2813 2139 alterius
2878 2084 3266 2154 parochianum
3330 2090 3609 2152 praesumat
3668 2080 3774 2135 reti-

2242 2192 2395 2241 nere,
2425 2184 2529 2232 etc.
2558 2176 2623 2231 Et
2652 2187 2774 2244 post
2817 2175 3089 2246 aliquanta
3135 2193 3148 2229 :
3179 2175 3237 2230 Si
3292 2177 3415 2246 quis
3451 2173 3773 2243 metropolita-

2244 2284 2345 2323 nus
2381 2269 2702 2339 episcopus,
2748 2267 2851 2322 nisi
2921 2268 3065 2337 quod
3116 2269 3185 2322 ad
3257 2282 3413 2323 suam
3483 2264 3773 2321 solummodo

2244 2362 2515 2431 propriam
2594 2361 2831 2432 pertinet
2903 2360 3217 2430 parochiam
3248 2401 3265 2424 ,
3334 2368 3438 2415 etc.
3506 2357 3560 2413 Si
3614 2355 3775 2411 debeat

2245 2452 2528 2522 episcopus
2607 2451 2828 2505 alterius
2915 2450 3154 2521 episcopi
3255 2450 3530 2504 ministros
3594 2445 3773 2514 scriptis

2246 2541 2496 2606 invitare,
2551 2549 2646 2595 aut
2698 2540 2877 2610 aliquo
2921 2540 3081 2595 modo
3129 2540 3442 2604 sollicitare,
3496 2547 3583 2593 aut
3624 2536 3772 2607 plebes

2248 2631 2468 2686 alterius
2516 2631 2770 2702 potestati
2818 2646 2928 2685 suae
2975 2646 3271 2701 usurpare;
3322 2645 3441 2685 cum
3494 2629 3556 2683 de
3599 2627 3688 2681 hoc
3730 2625 3772 2678 in

2245 2722 2502 2778 Africano
2529 2722 2755 2777 concilio
2800 2722 2874 2776 ita
2904 2720 3115 2775 dicatur
3138 2720 3277 2792 (cap.
3307 2720 3363 2791 ς)
3401 2734 3416 2773 :
3446 2715 3620 2772 Nullus
3643 2713 3773 2769 debet

2248 2814 2462 2885 collegae
2490 2830 2587 2870 suo
2614 2814 2793 2871 facere
2818 2812 3092 2882 injuriam,
3119 2823 3225 2868 etc.
3253 2811 3416 2866 Multa
3440 2809 3704 2881 quinetiam
3729 2806 3770 2859 in

2247 2908 2436 2964 eodem
2459 2907 2687 2963 concilio
2709 2907 2775 2963 de
2805 2907 2891 2962 bis
2927 2906 3030 2960 alia
3060 2906 3490 2977 promulgantur.
3524 2903 3579 2959 Si
3615 2903 3773 2957 debeat

2247 2999 2530 3069 episcopus
2566 3000 2743 3055 minus
2783 3013 2945 3069 quam
2969 3012 3002 3051 a
3048 2997 3332 3052 duodecim
3380 2994 3566 3060 audiri,
3606 2999 3773 3063 quanto

2250 3090 2421 3159 magis
2469 3089 2734 3152 damnari,
2766 3089 2909 3158 quod
2960 3087 3014 3142 in
3064 3085 3378 3142 Sardicensi
3436 3084 3644 3141 concilio
3689 3080 3775 3137 evi-

2204 3185 2216 3205 ‘
2250 3181 2464 3236 dentius
2494 3182 2783 3236 inbibettir.
2813 3181 2871 3236 Si
2902 3181 3096 3236 debeat
3122 3180 3376 3235 damnari
3418 3178 3499 3233 vel
3541 3178 3588 3232 in
3630 3176 3776 3230 locum

2247 3271 2363 3341 ejus
2401 3272 2635 3343 episcopi
2684 3271 2963 3342 subrogari
3009 3271 3146 3326 alter
3171 3271 3483 3341 episcopus,
3515 3266 3599 3338 qui
3627 3266 3674 3321 in
3707 3278 3779 3334 ap-

2246 3364 2534 3434 pellatione
2591 3375 2797 3434 perstat
2844 3367 3074 3421 Romani
3133 3365 3457 3437 pontiﬁcis,
3505 3360 3601 3451 nisi
3634 3356 3778 3451 fuerit

2247 3470 2412 3511 causa
2460 3457 2774 3527 appellantis
2823 3458 2877 3512 in
2908 3459 3025 3528 ejus
3083 3456 3445 3513 determinata
3490 3446 3691 3526 judicio.
3730 3444 3777 3502 Si

2244 3547 2417 3616 possit
2450 3556 2759 3618 suspectum
2799 3556 2854 3603 et
2893 3549 3070 3604 minus
3105 3557 3314 3603 eertum
3352 3546 3605 3617 judicium
3647 3552 3776 3594 reno—

2245 3641 2380 3706 vari,
2408 3640 2492 3696 vel
2538 3641 2584 3696 si
2634 3650 2915 3712 suspectus
2962 3642 3416 3714 metmpolitanus
3442 3640 3634 3696 vicinos
3672 3646 3776 3706 pro.

2245 3729 2433 3784 vinciae
2474 3729 2685 3800 judices
2730 3746 3055 3797 convocare,
3081 3733 3223 3788 unde
3263 3732 3434 3787 multa
3480 3732 3531 3786 in
3573 3723 3777 3785 conciliis

2244 3820 2588 3892 synodalibus
2634 3829 2687 3877 et
2724 3820 2777 3876 in
2807 3822 3036 3877 decretis
3087 3821 3460 3877 Romanorum
3504 3814 3777 3891 pontiﬁcum

2243 3910 2603 3966 continentur.
2645 3910 2702 3966 Si
2738 3912 2932 3967 debeat
2976 3911 3236 3968 innocens
3261 3911 3351 3968 vel
3386 3910 3639 3968 inauditus
3656 3904 3779 3959 dam.

2243 4001 2382 4056 nari.
2416 4001 2473 4056 Si
2518 4001 2713 4057 debeat
2740 4003 2985 4058 damnari
3010 4018 3076 4058 eo
3103 4002 3249 4074 quod
3273 4001 3585 4074 mgritudine
3620 3997 3777 4050 deten-

2245 4100 2329 4147 tus
2362 4093 2567 4164 synodo
2587 4108 2878 4149 occurrere
2907 4110 3011 4150 non
3040 4094 3232 4164 potuit,
3256 4093 3343 4149 cui
3374 4108 3477 4148 non
3501 4105 3593 4161 pro
3613 4088 3776 4184 impos:

2242 4185 2500 4242 sibilitate
2556 4187 2682 4252 hoc,
2736 4189 2830 4242 sed
2870 4200 2970 4258 pro
3029 4194 3346 4258 contemptu
3396 4187 3689 4255 imputatur.
3730 4172 3774 4226 Si

2240 4277 2434 4332 debeat
2460 4276 2809 4332 condemnari
2836 4291 2935 4346 pro
2962 4290 3049 4342 eo,
3077 4276 3221 4347 quod
3262 4284 3315 4331 et
3347 4269 3775 4342 metropolitanum

2239 4383 2561 4440 omnemque
2589 4378 2916 4426 conventum
2942 4376 3250 4439 suspectum
3283 4367 3511 4428 habeat,
3542 4368 3595 4415 et
3618 4363 3773 4454 contra

2241 4478 2300 4519 se
2335 4465 2672 4534 conspiratas
2695 4472 2939 4519 metuens
2959 4471 3054 4517 aut
3077 4461 3272 4524 sciens,
3293 4460 3363 4515 ad
3389 4467 3590 4526 tempus
3615 4443 3773 4521 synotll

2245 4552 2422 4609 locum
2452 4554 2659 4625 ingredi
2691 4552 2887 4616 differt,
2918 4551 3223 4607 Romanum
3264 4546 3776 4645 pontiﬁcem-sctuva

2246 4646 2537 4718 appellans.
2568 4646 2627 4701 Si
2662 4644 2857 4701 debeat
2879 4651 3165 4700 accusator
3188 4642 3341 4697 testis
3370 4654 3487 4696 esse
3508 4634 3585 4690 vel
3603 4628 3771 4702 judex:

2244 4737 2328 4792 vel
2362 4737 2405 4792 si
2435 4737 2746 4807 episcopum
2770 4736 2886 4791 [nec
2925 4736 3177 4790 universa
3213 4731 3498 4788 conveniat
3523 4729 3777 4822 agerem:

2246 4828 2396 4883 riter.
2418 4827 2542 4883 llzec
2563 4828 2744 4897 itaque
2758 4842 2854 4882 vos
2877 4826 3186 4883 sacerdotes
3201 4822 3433 4888 Domini,
3457 4814 3773 4875 commihistrt

2245 4917 2339 4973 Dei
2386 4916 2556 4972 nostri
2598 4916 2688 4986 qui
2721 4916 2774 4972 in
2819 4916 2937 4987 iege
2979 4913 3192 4969 Domini
3237 4906 3569 4968 meditamini
3613 4902 3775 4998 dictat:

2243 5014 2422 5071 nocte,
2450 5006 2803 5076 perscrutatis
2832 5012 2890 5060 et
2917 5004 3150 5059 evolutis
3175 5002 3478 5058 divinarum
3528 4994 3776 5085 auctorita:

2243 5104 2354 5152 tum
2409 5074 2624 5168 paginis
2674 5096 2861 5151 rimari
2913 5103 3123 5159 curate,
3164 5101 3345 5147 utrum
3395 5089 3467 5144 sit
3509 5074 3771 5168 lutjusmodt

2242 5162 2509 5259 sapientia
2534 5188 2855 5249 desursum;
2882 5201 3001 5257 quae
3017 5183 3173 5254 juxta
3216 5181 3513 5253 apostolum
3545 5172 3673 5247 (Jac.
3706 5162 3772 5226 ιιι)

2241 5283 2473 5354 primum
2514 5281 2729 5352 quidem
2782 5279 2976 5350 pudica
3025 5285 3132 5342 est,
3181 5275 3373 5332 deinde
3405 5268 3769 5366 paciﬁca:?glt.

2240 5346 2383 5444 quod
2434 5346 2598 5438 absit,
2632 5387 2697 5428 ea
2725 5346 2886 5441 quam
2938 5367 3216 5439 praemisit,
3251 5374 3462 5422 terrena
3491 5399 3507 5425 ,
3536 5346 3769 5444 animalis.

2235 5442 2521 5521 diabolica.
2583 5463 2789 5519 Redeat
2845 5460 3028 5530 itaque
3079 5456 3399 5528 quantocius
3454 5452 3538 5523 pia

2236 5566 2411 5614 vestra
2434 5565 2489 5612 et
2516 5557 2718 5621 labore,
2736 5562 2920 5612 sancta
2954 5552 3194 5609 Ecclesia
3217 5566 3282 5607 ac
3312 5549 3543 5604 fraterna
3569 5539 3771 5595 Charitas

2235 5653 2287 5707 in
2314 5665 2523 5721 pacem,
2555 5665 2675 5720 qua:
2707 5645 3070 5704 seamlalizata
3097 5644 3310 5702 videtur
3348 5640 3565 5696 aliorum
3608 5632 3771 5696 impro-

2237 5745 2425 5801 Ititatt‘.
