4026 6346
353 412 3609 482 M

1582 585 1617 626 Δ
1630 587 1660 627 Ν
1672 585 1752 628 N0
1796 585 2024 631 DOMINI
2068 588 2457 635 DCCCLXVIII.

1291 771 2710 917 THEUDOINUS

1088 1053 1102 1063 ·
1181 988 2020 1128 οΑΤᾸιΑΗΝΕΝδῐε
2080 1052 2768 1139 ΡΒᾹΞΡΟδΙΤΠΞ.

1513 1250 1843 1314 norma
1884 1255 1999 1315 12x
2041 1220 2439 1319 memoro.

418 1523 781 1601 Taegnomus,
803 1516 1111 1601 pre-positus
1133 1524 1724 1601 CatalauncnsisLann‘o
1745 1527 1850 1601 868
1867 1528 2075 1601 scripsit
2097 1530 2371 1601 epistolam
2394 1532 2465 1585 ad
2487 1530 2803 1586 Almannum
2826 1534 3139 1589 monachum
3160 1519 3600 1595 Altivillare-mcnt

337 1594 757 1676 propeﬂhemos
780 1594 1098 1676 ,‘utA’j’itam
1133 1600 1300 1676 sancti
1343 1597 1574 1676 Memmii
1618 1597 1841 1669 episcopi
1881 1594 2285 1657 Catalaunensis
2329 1602 2486 1673 primi
2525 1601 2853 1657 describeret.
2894 1603 3057 1659 Edita
3084 1615 3160 1661 est
3190 1623 3223 1660 a
3258 1594 3601 1676 Habillonio,

355 1663 469 1719 l'et.
503 1666 740 1721 Analect.
761 1683 814 1735 p.
843 1665 969 1733 £23,
1000 1684 1064 1722 ea:
1089 1685 1192 1739 quo
1217 1669 1616 1737 desumpsimus.

338 1799 2964 1825 Mm

1459 1932 2487 2045 TEEUDOINI

825 2269 1412 2400 'ALMANNUM
1494 2266 2049 2399 MONACHUM
2132 2198 3088 2405 ALTlVlLLABENSEM

1616 2498 2345 2646 EPISTOLA,

850 2711 939 2770 De
971 2702 1295 2769 scribenda
1325 2705 1465 2769 Vita
1491 2703 1693 2764 sancti
1721 2703 2013 2777 MEMMII,
2051 2703 2329 2782 episcopi
2361 2702 2831 2769 Catalauncmis
2860 2709 3079 2787 primi.

406 2981 764 3039 Dilectissimo
787 2979 941 3034 fratri
968 2978 1249 3044 Διιιιιπο,
1266 2977 1532 3033 monacho
1553 2965 1908 3042 professione,
1937 2982 1989 3039 Α
2015 2972 2207 3041 cessit,
2250 2984 2500 3046 tanquam
2540 2994 2769 3049 sponsus
2816 2981 2882 3037 de
2914 2982 3149 3040 thalamo
3184 3000 3302 3041 suo.
3344 2955 3592 3046 Didicisti

328 3086 391 3131 et
413 3091 512 3146 per
537 3075 762 3139 gratiam
790 3071 884 3126 Dei
907 3071 1108 3126 biereo.
1548 3086 1557 3091 τ
1874 3120 1880 3127 ,

407 3165 464 3219 In
490 3168 604 3234 lege
628 3162 840 3217 Domini
857 3161 943 3216 die
972 3175 1035 3216 ac
1056 3167 1213 3217 nocte
1235 3159 1509 3224 meditari,
1533 3175 1639 3214 non
1664 3159 1804 3215 cedit
1830 3158 1908 3213 in-

325 3270 548 3310 cassum
586 3255 638 3308 in
681 3253 854 3309 oculis
881 3253 1075 3307 divinae
1120 3252 1438 3322 majestatis.
1481 3251 1708 3320 Ideoque
1731 3265 1909 3320 opera:

324 3344 566 3415 pretium
602 3343 735 3401 duxi
781 3351 927 3397 tuam
963 3340 1426 3397 commonefacere
1460 3341 1780 3395 cliaritatem
1808 3381 1822 3406 ,
1850 3348 1910 3397 ut

325 3436 590 3504 quoniam
617 3438 687 3491 ab
710 3437 931 3491 ineunte
953 3444 1111 3490 aetate
1138 3435 1192 3489 in
1218 3435 1335 3491 loco
1364 3434 1614 3505 religioso
1649 3434 1904 3498 nutritus,

324 3529 388 3583 in
423 3530 528 3584 hoc
574 3530 806 3583 maxime
843 3544 1064 3599 operam
1091 3527 1323 3593 dedisti,
1367 3528 1510 3582 utin
1540 3526 1685 3582 nullo
1714 3541 1907 3610 espers

323 3630 690 3692 grammatos,
717 3621 878 3676 etiam
906 3620 990 3675 vel
1027 3620 1130 3675 hoc
1161 3620 1476 3695 proliceres,
1506 3628 1563 3673 ut
1602 3619 1908 3673 nullatenus

322 3728 482 3768 esses
503 3713 784 3785 imperitus
811 3712 1119 3783 graphidos,
1150 3711 1390 3765 dimittas
1429 3725 1617 3764 nemus
1639 3709 1867 3779 Angitiae
1889 3748 1905 3773 ,

320 3811 387 3859 et
422 3812 593 3860 totum
622 3813 675 3859 te
703 3819 825 3858 cum
853 3803 1053 3859 auxilio
1094 3802 1276 3858 divino
1321 3801 1616 3857 transferas
1654 3801 1708 3854 iu
1736 3800 1907 3857 vineis

322 3895 591 3966 Engaddi.
636 3894 795 3951 Certe
831 3896 973 3950 nosti
1014 3904 1071 3951 et
1115 3895 1329 3949 vineam
1359 3892 1594 3957 Sorech;
1631 3892 1823 3947 audisti
1854 3901 1909 3947 et

319 3986 792 4057 patremfamilias,
823 3988 914 4057 qui
941 3987 1074 4041 exiit
1104 3986 1277 4056 primo
1298 4000 1474 4050 mane,
1504 3993 1558 4040 et
1586 3999 1684 4054 per
1705 3984 1906 4040 divisas

324 4079 516 4143 horas,
547 4085 725 4133 tamen
755 4078 1038 4149 praefixas,
1068 4078 1369 4133 conducere
1403 4076 1682 4146 operarios
1728 4076 1783 4130 in
1824 4075 1906 4130 vi-

320 4182 486 4222 neam
535 4184 708 4223 suam.
747 4169 955 4224 Revera
983 4178 1039 4224 et
1081 4169 1134 4223 iu
1170 4169 1276 4224 hoc
1314 4184 1430 4223 mea
1473 4176 1600 4223 sunt
1641 4176 1798 4233 vota,
1844 4176 1905 4222 ut

318 4266 553 4313 vocatus
577 4260 856 4315 vocatione
899 4260 1191 4315 secundum
1222 4260 1557 4330 propositum
1599 4259 1692 4313 Dei
1737 4257 1902 4322 facta,

319 4349 493 4403 etiam
514 4347 666 4417 juxta
689 4349 1034 4419 pusillitatem
1056 4349 1282 4418 alicujus
1305 4348 1522 4421 igniculi
1550 4348 1627 4403 tui
1654 4347 1900 4403 laborare
1932 4330 1976 4388 Β

318 4440 382 4494 in
408 4439 648 4496 Ecclesia
676 4440 888 4496 Domini
934 4440 1168 4496 Sabaoth
1196 4441 1313 4497 sine
1342 4439 1447 4494 ulla
1468 4440 1901 4521 'interpolatione

319 4547 504 4604 neque
550 4535 798 4598 moreris,
836 4549 1009 4604 neque
1051 4534 1157 4587 ulla
1200 4533 1456 4589 dilatione
1502 4534 1753 4604 gravetis.
1803 4532 1902 4587 Est

316 4625 470 4679 enim
496 4626 650 4682 nobis
671 4641 820 4681 mors
849 4626 1202 4689 velocissima,
1231 4626 1357 4681 licet
1392 4617 1463 4680 sit
1487 4626 1643 4680 nobis
1672 4625 1898 4679 nimium

315 4715 585 4786 sapientia
618 4725 764 4771 tanta
803 4716 870 4789 [ι’.
908 4715 1108 4788 tarda].
1145 4716 1287 4787 Ergo
1314 4716 1554 4772 accelera
1589 4716 1643 4769 in
1672 4716 1896 4784 quibus-

312 4819 535 4873 cunque
558 4805 722 4860 fultus
757 4806 1005 4875 praesidio
1031 4805 1306 4871 veritatis,
1331 4815 1386 4859 et
1412 4804 1466 4859 in
1496 4804 1654 4860 domo
1676 4802 1893 4858 Domini

310 4894 538 4966 aliquod
574 4896 853 4952 vasculum
897 4896 1187 4969 [elabora].
1216 4894 1355 4951 Sunt
1376 4896 1518 4951 enim
1564 4895 1620 4950 in
1663 4909 1729 4950 ea
1784 4907 1891 4948 non

310 4983 493 5039 solum
518 5000 641 5040 vasa
670 5000 831 5040 aurea
851 4995 905 5039 et
924 4995 1197 5056 argentea,
1219 4985 1313 5040 sed
1338 4993 1392 5039 et
1410 4985 1584 5054 lignea
1607 4990 1662 5038 et
1684 4981 1887 5047 fictilia,

310 5077 375 5129 in
403 5084 588 5131 sancta
625 5075 874 5133 videlicet
903 5076 1141 5132 Ecclesia
1163 5114 1179 5141 ,
1213 5090 1332 5144 qua:
1371 5073 1527 5142 juxta
1569 5073 1888 5145 prophetam

308 5166 458 5225 Osee
484 5169 806 5241 desponsata
834 5179 918 5226 est
962 5171 1265 5242 tripliciter,
1289 5171 1465 5240 primo
1494 5179 1618 5225 ante
1641 5170 1810 5241 legem
1836 5168 1889 5223 in

305 5258 614 5327 Abraham,
640 5261 879 5319 secundo
905 5262 1006 5318 sub
1044 5262 1158 5332 lege
1194 5276 1292 5332 per
1329 5261 1546 5331 Moysen
1565 5301 1579 5327 ,
1611 5261 1771 5316 tertio
1798 5276 1891 5315 au-

308 5357 425 5404 tem
455 5352 556 5407 sub
577 5353 748 5423 gratia
767 5393 784 5421 ,
819 5353 936 5424 ipso
976 5353 1204 5410 Domino
1231 5352 1514 5418 veniente,
1543 5361 1599 5407 et
1642 5352 1694 5405 in
1739 5360 1891 5407 utero

306 5440 564 5509 virginali
592 5458 809 5500 carnem
834 5444 1131 5516 virgineam
1172 5451 1479 5501 assumcnte
1499 5484 1514 5509 ,
1545 5443 1612 5497 de
1632 5458 1736 5513 qua
1761 5457 1889 5511 pro-

2012 3068 2173 3122 etiam
2202 3071 2341 3138 quod
2366 3087 2487 3126 cum
2520 3072 2707 3127 bestiis
2735 3075 2847 3144 agri
2881 3085 3083 3131 etcum
3126 3077 3434 3135 volatilibus
3466 3081 3590 3137 cmli

2011 3166 2066 3213 et
2093 3175 2214 3214 cum
2244 3162 2522 3231 reptilibus
2550 3172 2708 3219 terrae
2735 3165 3057 3236 disposuerit
3086 3169 3343 3225 Dominus
3370 3182 3588 3240 pactum

2011 3249 2181 3317 inire;
2211 3260 2264 3308 et
2292 3256 2433 3322 quod
2460 3256 2621 3329 etiam
2651 3272 2748 3325 per
2782 3271 3036 3329 pastores
3065 3263 3294 3319 Thecuae
3336 3266 3586 3321 consulat

2011 3344 2267 3400 Dominus
2302 3348 2473 3403 vineae
2516 3364 2646 3404 suae.
2678 3352 2856 3420 Atque
2881 3362 2940 3408 ut
2970 3355 3303 3411 manifestius
3327 3357 3420 3411 liat
3446 3359 3590 3427 quod

2010 3436 2215 3501 aimus,
2247 3440 2461 3493 noveris
2492 3442 2635 3508 quod
2665 3428 2770 3496 non
2803 3445 3005 3513 absque
3033 3447 3243 3500 occulta
3274 3448 3470 3503 divina:
3501 3449 3587 3503 di-

2010 3529 2321 3596 spositionis
2353 3532 2689 3600 providentia
2730 3534 2960 3595 accidit,
2994 3534 3175 3589 ablato
3220 3538 3493 3591 mausoleo
3528 3548 3585 3592 et

2009 3633 2202 3688 aggere
2229 3626 2382 3674 terrae
2409 3631 2636 3683 semoto,
2663 3621 3019 3689 perlustrasse
3047 3638 3147 3678 nos
3174 3624 3315 3679 beati
3346 3626 3585 3682 Memmii

2008 3708 2313 3778 sepulcrum
2357 3710 2411 3763 in
2459 3710 2823 3780 quadrangula
2869 3720 2924 3765 et
2969 3715 3310 3767 caementaria
3359 3716 3585 3785 pretiosi

2006 3800 2249 3868 corporis
2273 3798 2414 3854 fossa
2443 3817 2456 3852 :
2482 3808 2537 3854 et
2565 3800 2666 3855 hoc
2687 3809 2767 3855 est
2795 3801 2992 3855 factum
3011 3799 3167 3868 jussu
3197 3802 3360 3874 Regis
3379 3805 3585 3859 Canem

2007 3907 2149 3946 anno
2174 3892 2242 3945 ab
2263 3891 2637 3946 lncaruatione
2658 3892 2869 3946 Domini
2896 3892 3022 3958 868,
3052 3893 3242 3968 lndict.
3275 3910 3316 3958 ι,
3339 3909 3433 3949 vm
3463 3894 3580 3948 Kal.

2004 3978 2219 4050 Aprilis,
2254 3997 2373 4051 qua:
2397 3980 2499 4035 fuit
2522 3991 2712 4051 quarta
2749 3981 2883 4037 feria
2920 3992 3046 4038 ante
3073 3984 3306 4038 mediam
3342 3984 3585 4051 Quadra-

2006 4070 2264 4141 gesimam
2290 4088 2305 4124 :
2332 4071 2556 4142 ejusque
2586 4082 2830 4128 sanctum
2862 4074 3167 4144 sepulcrum
3194 4085 3280 4130 est
3306 4076 3581 4132 inventum

2005 4164 2226 4220 minime
2247 4178 2315 4218 ex
2344 4164 2453 4218 ulla
2488 4174 2643 4235 parte
2672 4165 2878 4221 hazrere
2901 4166 2967 4220 ad
2996 4177 3230 4234 terram;
3261 4168 3355 4223 sed
3384 4169 3583 4225 virtute

2003 4256 2383 4325 omnipotentis
2411 4255 2536 4323 Dei,
2564 4256 2707 4327 apud
2746 4272 2907 4327 quem
2952 4259 3146 4312 merita
3192 4259 3324 4313 lauti
3364 4261 3580 4329 patroni

2005 4348 2298 4420 refulgent,
2332 4349 2387 4403 iu
2415 4348 2528 4418 ipsa
2558 4348 2700 4404 fossa
2727 4349 2892 4405 veluti
2920 4349 3176 4405 libratum
3207 4350 3265 4404 in
3287 4366 3418 4407 aera
3447 4366 3581 4422 pem

2003 4438 2131 4494 dere
2156 4450 2389 4509 quatuor
2412 4439 2593 4511 digitis
2617 4456 2647 4493 a
2672 4449 2833 4495 terra.
2860 4440 2978 4507 Quo
2997 4441 3258 4496 miraculo
3279 4442 3577 4512 stupefacta

2003 4530 2310 4585 mortalium
2337 4531 2501 4586 corda
2526 4532 2868 4601 depromunt,
2901 4533 3174 4588 dicentes:
3200 4533 3247 4588 Ο
3274 4549 3437 4604 quam
3462 4550 3578 4589 ma-

2002 4635 2108 4689 gno
2131 4622 2350 4690 pietatis
2388 4621 2566 4677 studio
2611 4622 2819 4678 ctelesti
2845 4624 2969 4678 vitae
2997 4640 3060 4679 se
3088 4624 3419 4679 conformem
3447 4625 3576 4680 red-

2002 4714 2155 4779 didit,
2183 4714 2309 4769 dum
2340 4715 2473 4770 vixit
2499 4716 2551 4770 in
2582 4723 2748 4783 terra,
2769 4714 2925 4785 cujus
2953 4733 3096 4773 nunc
3120 4727 3266 4773 tanta
3294 4727 3377 4787 est
3403 4718 3574 4790 gloria

2001 4803 2056 4858 in
2086 4805 2243 4869 cmlo,
2273 4814 2331 4860 ut
2352 4806 2469 4877 ejus
2510 4806 2846 4877 sepulcrum,
2874 4809 3068 4864 nedum
3099 4824 3296 4881 corpus
3329 4819 3570 4881 tangere,

1997 4893 2271 4963 indignam
2320 4911 2378 4951 se
2422 4896 2657 4951 fateatur
2704 4906 2870 4954 terra.
2920 4898 3049 4969 Ejus
3093 4902 3425 4956 sanctissimi
3466 4902 3568 4956 viri

1996 4986 2159 5040 vitam
2184 5002 2215 5040 a
2246 4995 2333 5041 tua
2360 4988 2643 5044 devotione
2686 4991 2976 5060 quaerimus
3015 4991 3373 5047 innovandam
3401 5010 3420 5049 :
3449 5008 3571 5063 qua:

1995 5074 2249 5131 diuturna
2278 5086 2547 5133 vetustate
2572 5087 2627 5133 et
2653 5079 2977 5151 negligentia
3002 5121 3016 5146 ,
3040 5081 3186 5136 velut
3228 5083 3279 5136 in
3310 5082 3566 5152 pittaciis,

1994 5167 2224 5224 habetur
2263 5183 2400 5239 pene
2460 5179 2797 5240 consumpta.
2858 5170 3000 5241 Ergo
3047 5188 3165 5243 age,
3213 5188 3311 5242 pro
3361 5172 3568 5227 viribus

1995 5266 2191 5313 nostra:
2238 5259 2483 5330 petitioni
2529 5257 2716 5313 favens
2767 5268 2885 5316 esto
2931 5275 2947 5314 :
2994 5271 3260 5330 quatenus
3302 5263 3369 5317 de
3417 5270 3567 5317 tanto

1990 5348 2348 5406 intercessore
2376 5350 2442 5406 ad
2484 5358 2802 5421 perpetuam
2842 5350 3069 5407 salutem
3115 5352 3289 5422 possis
3334 5352 3387 5412 iu
3425 5350 3566 5408 caelo

1989 5444 2243 5518 gaudere.
