4026 6346
550 316 653 374 58⁷1

1702 303 2029 359 ALV’ARUS
2067 302 2561 361 CORDUBENSIS.

568 415 3772 448 ww

1590 504 2048 582 ALMANNI
2108 501 2787 582 BESCBIPTUM.

556 838 727 888 cator.

627 921 883 992 Principis
926 921 1056 976 mihi
1108 921 1377 976 charitate
1422 921 1637 977 caelitus
1676 922 1852 977 infusa
1881 923 2136 980 cordibus

555 1016 846 1072 electorum
878 1027 974 1084 per
999 1013 1258 1084 Spiritum
1281 1025 1525 1069 sanctum
1548 1015 1636 1084 qui
1663 1017 1821 1070 datus
1843 1025 1926 1070 est
1958 1017 2132 1083 nobis,

555 1115 617 1162 ut
654 1107 818 1160 vitam
861 1106 1031 1159 sancti
1065 1104 1297 1160 Memmii
1337 1104 1749 1161 Catalauneusis
1774 1107 1933 1176 primi
1965 1107 2138 1177 ponti-

560 1197 706 1261 ﬁcis,
748 1205 1017 1252 vetustate
1061 1197 1357 1267 neglectam
1403 1206 1457 1252 et
1485 1198 1752 1266 imperitia
1783 1208 2091 1267 corruptam
2119 1239 2134 1265 ,

556 1286 700 1341 haud
744 1301 901 1340 secus
946 1302 1009 1341 ac
1054 1287 1100 1340 si
1144 1302 1210 1340 ex
1240 1286 1511 1341 cineribus
1543 1286 1823 1351 effossam,
1880 1288 2137 1343 innovare

558 1376 879 1430 contendam
924 1376 1115 1444 peritia
1155 1377 1467 1446 corrigam;
1516 1387 1572 1432 et
1617 1378 1877 1447 quidquid
1926 1379 2139 1433 videtur

558 1463 768 1527 deesse,
799 1463 989 1517 moliar
1027 1464 1276 1534 supplere
1301 1465 1499 1519 .studio
1532 1468 1777 1520 veritatis
1820 1467 2134 1536 impressus.

558 1550 669 1607 Sed
698 1552 861 1605 multa
889 1563 1015 1606 sunt
1038 1592 1052 1617 ,
1082 1554 1280 1622 quibus
1307 1553 1461 1607 facile
1494 1562 1641 1608 tanto
1681 1571 1767 1609 me
1792 1570 2011 1625 possum
2043 1572 2138 1611 ex-

559 1657 753 1699 cusare
782 1643 1013 1711 negotio.
1053 1643 1313 1708 Primum,
1358 1646 1499 1713 quod
1547 1646 1837 1716 diSputatio
1868 1648 2138 1702 neoterica

560 1749 669 1788 non
712 1734 960 1804 congruit
1003 1743 1169 1789 tanta:
1211 1736 1494 1804 gravitatis
1540 1745 1597 1790 et
1641 1737 1947 1791 sanctitatis
1996 1738 2131 1790 viro.

563 1824 889 1892 Secundum,
918 1828 1059 1898 quod
1088 1829 1200 1898 ipse
1231 1832 1384 1884 testis
1413 1830 1729 1900 ignorantiae
1760 1848 1911 1896 ineze,
1943 1832 2140 1886 nullius

561 1916 872 1975 testimonio
901 1919 1094 1973 nititur
1120 1920 1454 1974 conscientia
1498 1935 1617 1975 mea
1637 1961 1651 1985 ,
1684 1931 1743 1975 ut
1771 1937 1856 1977 me
1885 1921 2141 1993 proﬁtear

561 2007 889 2078 sapientem,
914 2023 1036 2062 cum
1080 2008 1181 2063 sim
1210 2009 1471 2078 insipiens
1504 2027 1517 2063 :
1553 2011 1779 2080 ideoque
1816 2013 1993 2065 minus
2017 2025 2141 2065 cou-

626 738 929 798 Venerabili
961 736 1251 808 praeposito
1281 735 1593 792 Tusunomo
1612 777 1625 802 ,
1667 736 1959 792 Acamans
1996 752 2129 809 pec-
2157 741 2206 801 Α
2234 752 2322 791 me
2366 736 2526 792 talem
2571 735 2752 793 facere
2779 737 3060 810 dignetur,
3092 751 3121 791 a
3156 745 3263 807 quo
3299 751 3408 792 non
3438 736 3614 809 exigat
3638 741 3786 801 debita

2236 843 2407 897 usque
2432 828 2499 883 ad
2522 829 2873 883 novissimum
2898 828 3270 897 quadrantem,
3297 829 3428 898 quin
3452 830 3624 898 potius
3641 831 3792 889 deleat

2235 927 2293 974 et
2317 919 2553 973 dimittat
2580 921 2760 974 omnia
2791 919 2986 974 delicta
3022 934 3142 974 mea
3170 934 3343 987 usque
3378 919 3446 973 ad
3477 921 3790 979 novissimum

2238 1012 2612 1081 quadrantem.
2642 1011 2697 1064 ln
2727 1026 2834 1082 quo
2858 1020 3075 1066 sanctus
3100 1009 3387 1064 Memmius
3415 1010 3567 1065 nobis
3602 1013 3708 1080 pius
3726 1013 3792 1067 in-

2240 1109 2511 1156 tercessor
2553 1101 2785 1165 existat,
2831 1100 2916 1154 cui
2956 1099 3260 1154 devotionis
3305 1107 3510 1152 nostrae
3547 1099 3790 1156 servitium

2239 1190 2436 1246 oﬁ'erre
2484 1206 2765 1255 conamur,
2815 1191 2939 1245 licet
2984 1190 3239 1260 exiguum
3268 1227 3285 1252 ,
3338 1196 3519 1241 tamen
3564 1199 3791 1257 quantum

2239 1292 2437 1337 nostra:
2466 1283 2747 1352 parvitatis
2777 1281 3042 1352 igniculus
3078 1290 3133 1335 et
3159 1280 3414 1335 veritatis
3443 1283 3661 1334 materia
3688 1296 3791 1337 cum

2240 1375 2440 1430 auxilio
2479 1375 2663 1429 divino
2711 1374 2940 1428 contulit
2980 1373 3153 1428 nobis.
3206 1373 3387 1442 Atque
3434 1372 3489 1425 in
3531 1373 3629 1426 hoc
3669 1389 3791 1428 com-

2240 1465 2388 1519 muni
2442 1463 2698 1534 opusculo
2747 1472 2896 1518 tuum
2936 1464 3044 1518 erit
3087 1464 3288 1533 eligere
3334 1478 3497 1532 quem
3538 1465 3792 1519 sortiamur

2235 1554 2494 1625 judicem.
2543 1554 2755 1607 Etenim
2803 1569 2925 1608 cum
2972 1554 3027 1609 in
3071 1554 3326 1608 omnibus
3370 1553 3531 1607 rebus
3563 1553 3633 1607 sit
3673 1554 3793 1608 utilis

2238 1644 2506 1715 probatio,
2533 1645 2788 1714 Aposwlo
2809 1644 3023 1698 dicente
3047 1660 3061 1698 :
3088 1642 3281 1698 Omnia
3304 1642 3540 1708 probate,
3561 1659 3669 1712 qua
3682 1644 3793 1696 bona

2241 1745 2359 1788 sunt
2383 1744 2547 1788 tenete
2577 1733 2630 1804 (1
2661 1733 3295 1805 Tliess.v,‘2l);maxime
3327 1733 3381 1787 in
3413 1733 3496 1787 his
3525 1734 3791 1787 necessaria

2242 1822 2529 1886 habentur,
2573 1838 2693 1892 quae
2720 1824 2966 1878 veritatis
2995 1823 3167 1878 lucem
3208 1821 3376 1891 justce
3410 1822 3792 1877 examinationis

2241 1914 2477 1971 elIicacia
2524 1923 2802 1986 spectant;
2834 1924 2889 1970 et
2916 1917 3017 1971 hoc
3058 1915 3143 1970 vel
3187 1915 3363 1970 solum
3394 1914 3673 1969 maximum
3691 1922 3790 1981 est,

2242 2024 2340 2064 cur
2366 2017 2739 2078 exspectamus
2774 2007 3037 2077 judicium
3073 2008 3375 2078 sapientiae.
3425 2006 3632 2062 Etenim
3674 2006 3793 2076 ipsas

561 2099 731 2165 venit,
762 2109 822 2153 ut
852 2114 1175 2169 pnnsumam
1220 2100 1356 2155 ultra
1387 2102 1532 2157 vires
1578 2105 1795 2174 aggredi
1839 2105 2134 2175 negotium.
2174 2110 2216 2169 Β
2244 2102 2605 2173 grammatice
2626 2100 2888 2166 cautelas,
2918 2100 3113 2170 quibus
3136 2117 3166 2154 a
3190 2099 3533 2155 barbarismo
3555 2104 3642 2151 aut
3662 2095 3793 2151 solm-

564 2187 806 2243 Tertium
849 2198 906 2245 et
945 2190 1237 2244 maximum
1285 2190 1414 2245 illud
1461 2200 1564 2258 est,
1607 2192 1751 2263 quod
1796 2205 2141 2263 peccatorum

562 2295 808 2336 meorum
855 2281 1100 2336 luctuosa
1145 2282 1474 2348 recordatio,
1524 2283 1649 2338 dum
1682 2297 1780 2354 pro
1806 2283 1985 2340 debito
2013 2284 2144 2339 deli-

562 2380 773 2428 ctorum
811 2387 1057 2427 meorum
1088 2389 1175 2428 me
1218 2373 1317 2429 soli
1346 2373 1556 2444 delegat
1582 2375 1952 2439 amaritudini,
1988 2375 2145 2429 terri-

559 2462 722 2517 bilem
771 2463 904 2518 mihi
948 2464 1199 2519 timorem
1239 2464 1472 2530 incutit,
1524 2463 1666 2519 illius
1711 2472 1866 2535 gesta
1908 2479 2145 2535 pangere

561 2553 722 2623 stylo,
750 2551 904 2620 cujus
927 2554 1327 2624 praedicationis
1353 2554 1662 2624 apOstolicte
1687 2565 1744 2609 et
1785 2556 2143 2611 sanctissima:

562 2642 839 2714 religionis
892 2658 1168 2713 nunquam
1215 2658 1335 2710 me,
1389 2645 1525 2713 proh
1573 2644 1766 2700 dolor!
1825 2645 2143 2716 participem

561 2734 1006 2805 imitatoremque
1053 2733 1295 2790 exhibui.
1337 2735 1537 2791 Fateor
1574 2722 1704 2808 ergo
1726 2777 1741 2802 ,
1776 2737 2002 2792 debetur
2041 2737 2147 2792 hoc

559 2840 696 2895 opus
723 2825 847 2880 vita:
878 2826 1090 2888 merito,
1118 2833 1176 2881 et
1201 2825 1484 2882 charitatis
1512 2827 1736 2882 scientia
1763 2827 2015 2898 sapienti,
2038 2842 2143 2882 non

561 2915 697 2972 mihi
725 2931 823 2986 per
848 2916 1027 2971 omnia
1070 2916 1377 2986 insipienti,
1421 2932 1491 2972 ne
1527 2918 1659 2973 mihi
1703 2919 1888 2973 veniat
1927 2917 2013 2972 illa
2042 2932 2148 2973 vox

557 3006 737 3075 δαείω
760 3006 1084 3073 severitatis,
1111 3022 1231 3077 qua:
1256 3008 1429 3064 dicat:
1464 3008 1640 3075 Quare
1660 3020 1717 3064 tu
1751 3028 1967 3066 enarras
1989 3012 2153 3081 justi-

561 3095 651 3149 ias
672 3110 835 3160 meas,
853 3105 902 3149 et
924 3098 1151 3150 assumis
1175 3112 1358 3152 nomen
1379 3114 1550 3153 meum
1573 3116 1666 3168 per
1686 3116 1744 3154 os
1764 3110 1911 3154 tuum
1932 3099 2148 3172 ?(Psal.

558 3185 732 3257 nix.)
777 3185 883 3241 Sed
915 3186 1039 3256 quia
1067 3196 1118 3241 te
1142 3199 1397 3259 precante
1435 3191 1674 3245 charitas
1711 3189 1897 3259 jubet,
1937 3200 1989 3247 te
2020 3193 2151 3247 hor-

559 3285 714 3333 tante
738 3276 987 3333 Christus
1028 3278 1287 3349 imperat;
1330 3282 1860 3353 quantulumcunque
1901 3292 2147 3340 nostrum

560 3367 728 3426 fuerit
759 3372 1137 3428 munusculum
1161 3414 1177 3440 ,
1212 3390 1318 3430 non
1364 3374 1752 3446 subterfugiam
1777 3417 1791 3442 ,
1826 3377 1955 3446 quin
2003 3377 2146 3447 quod

2241 2193 2412 2248 cismo
2441 2200 2625 2247 censet
2671 2192 2784 2261 ipsa
2826 2193 3148 2257 cavendum,
3196 2201 3293 2246 aut
3336 2191 3471 2246 nihil
3507 2199 3597 2245 aut
3633 2202 3791 2260 parum

2243 2294 2499 2335 curamus
2526 2280 2579 2333 in
2613 2278 2773 2349 hujus
2801 2280 2878 2335 rei
2901 2279 3275 2335 moderatione
3310 2298 3323 2332 :
3367 2294 3490 2334 cum
3524 2284 3793 2348 quaerentur

2241 2370 2478 2436 veritas,
2507 2378 2562 2426 et
2589 2370 2785 2425 debeat
2809 2370 3079 2426 facessere
3110 2372 3350 2435 vanitas,
3395 2377 3451 2425 et
3475 2378 3703 2440 aptemus
3725 2365 3790 2419 tuo

2244 2475 2370 2533 gere
2399 2461 2731 2516 contrarium
2752 2502 2767 2527 ,
2789 2477 2912 2517 cum
2945 2461 3262 2517 insistamus
3310 2460 3560 2532 gravitati
3590 2458 3645 2532 [Ι.
3677 2456 3792 2511 veri-

2247 2551 2365 2625 tati]
2409 2567 2510 2623 pro
2556 2553 2763 2608 viribus
2810 2553 3029 2608 mentis.
3081 2552 3267 2623 Neque
3317 2554 3422 2609 hoc
3468 2552 3701 2615 dicimus,
3741 2556 3789 2602 ut

2246 2644 2654 2716 grammaticam
2681 2652 2992 2714 reputemus
3021 2644 3076 2697 in
3105 2644 3254 2707 vitio,
3285 2658 3409 2698 cum
3440 2644 3509 2698 sit
3534 2643 3640 2713 ipsa
3662 2639 3755 2696 sola
3775 2677 3789 2702 ,

2245 2735 2330 2791 vel
2358 2734 2595 2789 maxima
2616 2734 2789 2789 virtus
2815 2734 3056 2790 scientiae
3071 2752 3085 2789 :
3101 2735 3196 2789 sed
3219 2735 3350 2804 quia
3369 2732 3579 2789 veritati
3603 2745 3783 2802 operam

2246 2825 2500 2880 dantibus
2528 2824 2890 2880 obscurantur
2916 2824 3042 2890 alia,
3074 2824 3222 2905 velut
3251 2840 3283 2879 a
3312 2824 3425 2880 sole
3446 2823 3634 2878 sidera.
3664 2819 3785 2876 Unde

2248 2917 2451 2972 dictum
2473 2924 2589 2971 est:
2614 2914 2889 2971 Tenebras
2912 2930 3020 2970 non
3046 2916 3261 2980 amabo,
3286 2930 3410 2971 cum
3434 2912 3596 2969 solem
3614 2911 3787 2966 videro.

2249 3006 2494 3077 Denique
2519 3002 2778 3075 quantam
2823 3005 2878 3060 in
2908 3006 3011 3061 hoc
3047 3005 3226 3075 patiar
3253 3003 3643 3064 verecundiam,
3667 2996 3790 3053 eﬁari

2251 3106 2346 3153 aut
2377 3098 2490 3164 vix,
2516 3106 2610 3152 aut
2636 3097 2857 3152 minime
2884 3112 3128 3168 possum,
3155 3098 3367 3152 veritus
3405 3110 3473 3151 ne
3498 3094 3616 3149 ﬁam
3642 3088 3788 3145 fabula

2251 3188 2608 3258 sapientibus,
2630 3188 2723 3258 qui
2745 3189 2798 3243 in
2826 3188 2929 3244 hac
2951 3203 3011 3244 re
3033 3188 3177 3243 volui
3196 3187 3484 3244 consulere
3504 3181 3787 3254 legentibus:

2251 3281 2345 3337 ubi
2387 3288 2668 3337 succurret
2708 3281 2984 3337 modestize
3023 3280 3265 3346 latebra,
3298 3280 3343 3335 si
3374 3278 3487 3334 fieri
3527 3282 3720 3347 posset,
3744 3278 3792 3325 ιιι

2254 3372 2458 3444 absque
2478 3373 2782 3429 exaratoris
2803 3373 3022 3429 nomine
3050 3381 3235 3427 manet
3263 3371 3531 3441 scriptura
3562 3367 3613 3422 in
3639 3376 3786 3435 opere.

560 3466 820 3523 Dominus
839 3466 1065 3533 dederit,
1086 3469 1334 3538 pandam.
1366 3468 1500 3523 Novi
1521 3471 1719 3525 etenim
1743 3471 1886 3542 quod
1913 3472 2136 3527 dicitur:
2168 3458 2217 3523 C
2246 3465 2313 3520 Et
2355 3466 2470 3520 haec
2498 3465 2726 3521 arbitrio
2766 3475 2860 3521 tuo
2902 3465 3109 3535 pariter
3152 3464 3492 3533 derelinquo.
3523 3459 3701 3515 Potens
3722 3458 3789 3508 est

560 3557 720 3629 Aperi
760 3575 815 3612 os
859 3569 1039 3625 tuum,
1086 3569 1134 3614 et
1163 3561 1386 3631 implebo
1426 3561 1559 3616 illud
1605 3562 1777 3634 (Paul.
1808 3565 2004 3635 Lxxx);
2045 3573 2138 3620 ct:

561 3647 793 3719 Operare
818 3660 1009 3705 terram
1038 3661 1204 3718 tuam,
1230 3662 1276 3706 et
1299 3653 1574 3708 satiaberis
1596 3655 1819 3726 panibus
1843 3654 2024 3727 (Prov.
2044 3674 2141 3723 ιη,

560 3737 671 3809 ll).
689 3738 801 3795 Nec
825 3755 1063 3810 quaeram
1088 3741 1425 3798 altitudinem
1444 3744 1754 3810 verborum,
1770 3759 1892 3800 cum
1924 3746 2145 3802 minimc

560 3843 795 3898 unquam
826 3829 973 3884 illam
1002 3831 1271 3902 attigerim
1305 3848 1321 3899 ;
1352 3832 1447 3887 sed
1474 3842 1529 3887 et
1555 3833 1782 3904 simplex
1825 3834 2031 3890 habens
2077 3835 2144 3890 ab

561 3918 885 3987 antiquitate
910 3920 1218 3982 materiam,
1256 3921 1435 3976 verbis
1458 3921 1675 3991 quidem
1702 3922 2022 3992 simplicem,
2051 3924 2144 3978 sed

560 4008 720 4063 factis
746 4008 1019 4080 limpidius
1047 4011 1161 4065 sole
1188 4011 1489 4077 lucentem,
1523 4021 1581 4067 et
1608 4028 1824 4068 omnem
1862 4015 2146 4069 mundanae

562 4096 720 4153 molis
749 4099 1053 4154 machinam
1080 4102 1320 4171 potentia
1340 4101 1424 4157 sui
1454 4110 1509 4158 et
1531 4104 1732 4159 virtute
1754 4104 1933 4159 divina
1961 4115 2143 4162 trans-

562 4188 910 4256 cendentem;
944 4198 1000 4244 et
1033 4192 1145 4261 ipse
1174 4192 1318 4246 velut
1352 4202 1569 4263 potero,
1622 4208 1852 4265 sequens
1888 4212 2000 4258 ero,
2033 4197 2144 4253 suf-

564 4280 792 4352 fragium
827 4297 857 4337 a
886 4285 1082 4339 vestris
1108 4285 1443 4342 orationibus
1473 4302 1743 4356 quaerens,
1769 4296 1823 4343 ut
1854 4304 1883 4342 a
1911 4298 2143 4359 quatuor

564 4374 739 4428 ventis
768 4376 990 4431 veniens
1016 4377 1239 4447 spiritus
1258 4386 1470 4434 mortua
1491 4395 1615 4435 ossa
1644 4395 1761 4435 mea
1786 4381 2057 4446 vivificet,
2090 4390 2146 4436 et

2252 3556 2395 3610 enim
2448 3556 2590 3611 Deus
2635 3555 2850 3611 auferre
2888 3554 3235 3626 Opprobrium
3282 3566 3547 3614 nostrum,
3587 3543 3713 3616 Quod
3747 3546 3790 3593 οι

2251 3648 2432 3710 faciet,
2464 3657 2525 3702 ut
2552 3647 2606 3701 in
2637 3646 3008 3702 misericordia
3036 3644 3155 3714 ejus
3178 3644 3452 3701 veraciter
3472 3636 3786 3697 conﬁdimus,

2253 3739 2620 3795 intercedente
2649 3740 2808 3795 beato
2835 3738 3115 3804 Memmio,
3142 3736 3238 3807 qui
3277 3751 3379 3792 nos
3418 3731 3622 3789 coalitus
3647 3719 3787 3780 oculis

2252 3833 2475 3902 respicit
2504 3832 2782 3904 benignis;
2818 3842 2870 3886 te
2899 3847 2997 3903 per
3020 3830 3361 3887 devotionem
3384 3825 3574 3883 mentis
3600 3821 3788 3910 hortati-

2254 3929 2396 3985 tcm,
2428 3936 2515 3975 me
2541 3902 2656 3991 pro
2678 3920 2858 3976 debita
2902 3902 3162 3975 ﬁdelitate
3207 3926 3265 3974 et
3310 3916 3602 3988 capacitate
3643 3902 3789 4001 cordis

2250 4013 2604 4070 scribentem.
2635 4011 2775 4083 Opto
2803 4013 2986 4083 itaque
3011 4011 3164 4068 vobis
3189 4010 3352 4081 hujus
3380 4005 3504 4062 facti
3529 4015 3627 4058 non
3649 3990 3789 4050 modi-

2249 4121 2369 4161 cam
2419 4119 2641 4160 manere
2675 4105 2978 4159 mercedem
3009 4121 3023 4156 :
3054 4102 3156 4158 cui
3184 4116 3309 4156 cum
3347 4097 3524 4155 omnia
3564 4090 3787 4147 debeam.

2250 4205 2359 4250 tam
2390 4197 2616 4251 arduam
2646 4211 2761 4251 rem
2797 4210 2994 4266 negare
3031 4209 3138 4249 non
3169 4192 3342 4263 potui.
3383 4189 3518 4258 09w
3544 4195 3633 4237 vos

2248 4287 2385 4342 bene
2406 4287 2600 4351 valere,
2629 4297 2685 4342 et
2711 4302 2835 4343 esse
2861 4286 3075 4343 felicem
3094 4299 3264 4356 usque
3288 4284 3358 4340 ad
3379 4288 3616 4351 superna
3639 4267 3787 4341 διοῖίθ

2249 4378 2784 4448 contemplationem.

625 4483 3788 4557 HW

1783 4633 1954 4691 ANNO
1995 4636 2224 4681 DOHINI
2276 4635 2617 4679 DCCCLXIX.

562 5065 567 5069 _
774 4780 1387 5015 PAULUS
1533 4777 3596 5102 ALVlﬁliUttltDUBENSIS.

1441 5165 2033 5282 NOTITIA
2132 5167 2946 5283 HISTORICA.

1304 5364 1320 5424 (
1348 5363 1487 5427 Apim
1512 5363 1793 5423 Antonium,
1829 5362 2135 5413 Bibliotheca
2171 5363 2382 5428 Hispana
2407 5371 2571 5429 vetus,
2599 5369 2720 5416 tom.
2761 5364 2831 5431 ll,
2864 5379 2912 5430 p.
2940 5368 3048 5421 ‘73.
3073 5369 3091 5432 )

647 5571 1007 5663 Sy'nchronus
1025 5578 1275 5660 omnibus
1308 5581 1394 5663 his
1429 5581 1529 5663 f_u_it
1560 5584 1813 5641 Acvauus
1836 5603 2141 5663 conpuasx-
2172 5592 2221 5651 D
2248 5591 2447 5663 omnia
2479 5590 2699 5663 placent
2724 5608 2848 5663 quae
2877 5593 2944 5649 de
2972 5606 3037 5648 eo
3067 5593 3147 5647 uti
3193 5593 3461 5663 comperta
3487 5580 3767 5663 τθζςηηξξιζξ

573 5643 769 5728 ριείεΙθ
793 5659 899 5728 quo
931 5651 1206 5728 memoria:
1240 5651 1502 5722 quidquid
1540 5657 1988 5728 est,_compilavit
2014 5658 2142 5712 Am-

574 5714 789 5774 brosius
820 5714 1047 5774 Moralcs
1095 5718 1186 5775 lib.
1236 5714 1347 5788 inv,
1387 5714 1506 5792 cap.
1539 5723 1603 5800 5.~
1636 5714 2003 5783 Nobis'tamen
2038 5743 2145 5784 non

2251 5639 3039 5735 ξίῑῇοςέιῑεςξίῖιιῖιξῦεῖυῑῐι
3072 5639 3501 5735 gnatam
3542 5639 3771 5735 ,ορτςνρεξξ

2255 5729 2440 5797 fuisse,
2465 5742 2626 5801 atque
2650 5733 2855 5787 idcirco
2897 5721 3206 5787 SereniTatis
3236 5742 3290 5789 et
3311 5721 3617 5788 Serenissimi
3645 5721 3771 5765 veco-
