4034 6350
584 382 737 443 δορα

1841 380 2099 438 suam
2139 374 2618 439 conuussusrs
3720 389 3803 447 ιοο

578 519 696 562 ram
730 501 876 569 mali,
903 515 1025 573 quae
1049 500 1192 556 nulla
1215 506 1332 565 est,
1366 498 1463 554 sed
1487 512 1582 554 eos
1605 499 1698 569 qui
1729 497 1930 579 malum
1958 497 2162 555 faciunt
2188 501 2242 561 Α
2267 496 2391 554 inde
2414 502 2704 567 peccantes
2728 492 2907 565 punis.
2938 480 3278 551 Unde-verus
3305 508 3385 559 es,
3412 494 3535 551 inde
3560 501 3803 562 mendaces

578 596 808 651 damnas
832 614 846 649 :
884 593 1028 650 Deus
1048 592 1151 662 qui
1181 599 1376 647 cuncta
1401 590 1601 662 pietate
1629 591 1775 663 regis
1796 632 1811 656 ,
1849 591 1943 648 sed
1982 606 2172 662 pecca-

576 693 696 743 tum
743 684 971 741 inultum
1015 698 1290 753 nunquam
1333 681 1560 739 dimittis
1594 701 1608 737 :
1645 682 1790 739 Deus
1832 682 1924 754 qui
1971 682 2170 753 partim

575 777 761 849 operis
788 776 863 832 tui
882 774 1186 831 aeternitate
1212 773 1543 838 consolidas,
1571 773 1718 830 nullo
1743 774 1937 830 merito
1970 788 2172 845 praece-

575 869 780 937 dente;
833 867 1032 938 partim
1084 867 1231 940 iuste
1280 865 1612 924 mortalitate
1657 865 1983 936 corrumpis,
2023 863 2170 921 nullo

571 969 798 1037 peccato
825 968 1144 1034 patescente
1171 979 1185 1016 :
1215 960 1358 1018 Deus
1376 961 1471 1033 qui
1497 966 1806 1018 creaturam
1837 958 1981 1015 illam
2005 974 2169 1031 quam

571 1056 805 1127 primum
847 1054 1112 1128 dignitate
1160 1068 1255 1111 seu
1304 1052 1624 1110 fortitudine
1666 1052 1753 1109 vel
1800 1052 1998 1109 decore
2049 1064 2172 1107 esse

571 1146 827 1214 voluisti,
853 1146 987 1203 vitio
1015 1160 1118 1202 suo
1143 1154 1454 1217 corruptam
1491 1145 1560 1201 ad
1590 1142 1849 1200 inferiora
1881 1143 2166 1214 dilapsam,

571 1248 635 1296 ut
660 1249 810 1298 esset
849 1241 996 1312 quod
1019 1249 1204 1298 creata
1232 1248 1319 1297 est
1355 1239 1569 1311 iustitia
1609 1237 1861 1310 exigente
1894 1236 2116 1294 noluisti
2149 1250 2165 1291 :

569 1334 717 1391 Deus
764 1335 858 1407 qui
904 1337 1047 1392 sicut
1094 1335 1241 1392 nulla
1292 1341 1544 1391 exstante
1588 1334 1832 1391 bonitate
1870 1333 2169 1389 humanum

568 1442 743 1501 genus
768 1428 1000 1497 creasti,
1033 1429 1108 1484 ita
1137 1427 1288 1485 nullo
1328 1427 1668 1499 praecedente
1698 1426 1896 1484 merito
1940 1441 2041 1483 nos
2073 1442 2167 1483 ra-

571 1521 723 1577 tione
754 1521 1021 1578 creaturis
1065 1521 1189 1577 aliis
1233 1521 1566 1593 praetulisti:
1598 1521 1743 1577 Deus
1791 1520 1882 1593 qui
1929 1534 2166 1577 massam

567 1613 861 1687 perditioni
892 1614 1127 1671 deditam
1154 1614 1303 1687 juste
1339 1614 1596 1686 perimis,
1629 1622 1687 1669 et
1729 1627 1970 1669 massam
2013 1612 2168 1683 regni

568 1709 998 1766 misericorditer
1024 1710 1139 1766 sola
1174 1709 1419 1765 bonitate
1453 1723 1561 1780 qua
1591 1705 1766 1764 afﬂuis
1796 1706 1955 1779 eligis
1980 1721 1996 1761 :
2025 1705 2168 1762 Deus

566 1801 662 1874 qui
690 1800 820 1857 Adae
846 1800 1160 1873 progeniem
1204 1799 1320 1856 sola
1360 1798 1604 1855 bonitate
1641 1812 1709 1853 cx
1749 1805 1908 1869 parte
1956 1806 2168 1853 restau-

2271 590 2618 648 condemnas.
2651 588 2805 647 Unde
2845 589 2994 645 mitis
3019 604 3115 655 es,
3143 589 3266 646 inde
3301 590 3556 669 superbos
3590 594 3801 657 detestas.

2273 685 2428 742 Unde
2464 685 2778 742 misericors
2813 698 2905 751 es,
2932 684 3056 741 inde
3084 698 3188 740 non
3214 692 3298 740 tot
3323 693 3380 739 ut
3404 683 3432 724 ιι
3459 687 3721 758 desquiris.
3742 691 3804 750 Tu

2271 778 2342 835 ab
2393 779 2548 836 initio
2593 788 2906 836 creaturam
2958 778 3218 851 singulari
3266 779 3624 836 misericordia
3667 781 3803 853 fores,

2270 872 2549 945 potentiali
2580 873 2780 929 virtute
2804 872 2970 946 regis,
3014 870 3271 928 ineffabili
3317 873 3538 930 consilio
3573 874 3650 930 vel
3682 887 3803 948 pote-

2270 974 2412 1023 state
2457 965 2716 1037 disponis.
2762 964 2905 1023 Deus
2945 965 3038 1036 qui
3081 965 3436 1022 contritorum
3477 981 3579 1022 non
3619 968 3805 1039 despicis

2270 1072 2492 1131 preces,
2526 1071 2629 1114 nec
2658 1057 3062 1130 deprecantium
3096 1065 3150 1114 te
3174 1071 3307 1113 vero
3325 1057 3490 1114 corde
3514 1060 3705 1130 spernis
3722 1061 3807 1116 cla-

2266 1165 2473 1208 mores.
2509 1149 2613 1220 Qui
2649 1148 2876 1223 frigidas
2917 1157 3130 1207 mentes
3177 1149 3302 1222 igne
3330 1149 3406 1206 tui
3428 1148 3625 1207 amoris
3662 1149 3804 1208 incen-

2270 1240 2375 1310 dis,
2406 1250 2462 1299 et
2486 1241 2700 1305 initium
2729 1239 2858 1296 boni
2881 1240 3063 1312 operis
3090 1239 3410 1323 plerumque
3437 1239 3585 1296 nobis
3607 1239 3805 1296 nescien-

2226 1372 2233 1379 ι
2274 1334 2417 1390 tibus
2438 1333 2762 1405 quibusdam
2787 1332 3167 1389 occasionibus
3193 1331 3418 1388 formas.
3441 1331 3485 1386 Α
3511 1346 3610 1403 quo
3634 1330 3803 1389 initium

2268 1435 2350 1484 est
2380 1426 2642 1483 virtutum
2662 1467 2678 1493 ,
2704 1442 2737 1482 a
2765 1441 2875 1497 quo
2901 1433 3271 1498 augmentum,
3296 1441 3326 1480 a
3356 1439 3464 1496 quo
3489 1432 3544 1480 et
3568 1438 3656 1495 per
3678 1439 3803 1495 quem

2268 1521 2534 1593 perfectio
2574 1528 2658 1577 est
2692 1520 3027 1576 inchoatum.
3065 1518 3167 1589 Qui
3203 1518 3364 1575 lassis
3387 1517 3625 1575 roborem
3654 1516 3804 1573 tribuis

2269 1615 2553 1690 cperandi,
2585 1615 2937 1687 operantibus
2961 1614 3317 1671 intentionem
3340 1613 3695 1670 accommodas
3711 1627 3804 1683 per-

2270 1710 2485 1767 ﬁciendi
2511 1750 2528 1777 ,
2556 1707 2898 1781 torpentibus
2935 1715 3121 1762 votum
3168 1706 3375 1778 ingeris
3411 1707 3696 1763 inchoandi.
3728 1707 3804 1777 Qui

2271 1810 2503 1858 mortem
2530 1800 2836 1872 peccatoris
2859 1815 3136 1871 nunquam
3163 1800 3463 1867 desideras,
3486 1800 3577 1856 sed
3595 1800 3658 1855 ad
3676 1802 3804 1855 vitam

566 1909 680 1962 ras,
711 1902 769 1950 et
793 1909 913 1950 eam
941 1902 1155 1965 partem
1179 1907 1344 1964 quam
1370 1893 1553 1963 perire
1580 1890 1716 1947 sinis
1737 1891 1807 1947 ob
1831 1890 2111 1962 parentale
2137 1902 2165 1931 ι
2193 1874 2243 1937 Β
2270 1893 2644 1966 delinquentes
2669 1907 2883 1964 semper
2906 1891 3191 1949 verissime
3218 1906 3405 1957 vocas.

565 1985 758 2042 vitium
804 1984 951 2055 juste
992 1985 1372 2042 condemnas:
1405 1981 1549 2039 Deus
1596 1982 1692 2053 qui
1738 1982 1872 2053 ipsis
1915 1982 2165 2038 notitiam

566 2078 763 2135 dedisti
792 2078 917 2134 fidei
945 2093 1084 2149 quos
1109 2077 1416 2134 credituros
1441 2085 1567 2131 ante
1604 2075 1789 2132 mundi
1821 2075 2034 2131 initium
2063 2090 2164 2131 no-

564 2170 637 2225 sti
666 2187 681 2224 :
711 2170 855 2226 Deus
884 2170 978 2239 qui
1003 2168 1129 2224 licet
1159 2167 1327 2247 multa
1352 2154 1588 2232 occulta,
1610 2174 1793 2221 tamen
1821 2165 1963 2235 iuste
1989 2164 2165 2221 fecisti

564 2277 687 2336 qua
716 2261 862 2319 facta
895 2270 1025 2318 sum
1047 2261 1232 2318 omnia
1263 2279 1277 2315 :
1316 2260 1459 2316 Deus
1493 2259 1613 2315 sine
1641 2260 1797 2332 cujus
1826 2267 1960 2315 nutu
1985 2259 2166 2314 nullus

564 2371 748 2414 sermo
799 2356 1085 2427 procedit;
1131 2363 1187 2411 et
1231 2363 1421 2411 contra
1468 2369 1631 2427 quem
1688 2353 2006 2425 plerumque
2051 2353 2165 2422 ipse

560 2461 747 2505 sermo
773 2446 932 2503 datus
957 2461 1118 2518 agere
1143 2447 1424 2518 praesumit
1449 2466 1463 2501 :
1496 2444 1642 2502 Deus
1669 2461 1831 2519 quem
1868 2459 2031 2501 nemo
2062 2460 2163 2501 ne-

510 2546 522 2559 ’
562 2540 708 2608 scit,
745 2547 801 2596 et
829 2554 991 2612 quem
1028 2540 1209 2598 nullus
1232 2540 1422 2613 plene,
1459 2548 1521 2597 ut
1557 2556 1618 2598 es
1659 2540 1807 2613 ipse,
1840 2539 2159 2610 cognoscit:

561 2636 708 2692 Deus
732 2633 886 2706 cujus
908 2634 1228 2707 magnitudo
1254 2635 1844 2706 incomprehensibilis,
1871 2635 2027 2706 cujus
2050 2633 2164 2707 glo-

560 2727 647 2785 ria
679 2728 1093 2795 inmstimahilis,
1117 2727 1272 2799 cujus
1298 2727 1470 2798 iussio
1498 2729 1674 2796 fortis,
1700 2728 1854 2798 cuius
1881 2728 2163 2800 dispositio

559 2820 733 2891 iusta,
755 2820 910 2903 cuius
931 2820 1137 2893 judicia
1159 2838 1308 2891 vera,
1325 2821 1480 2893 cujus
1498 2823 1786 2880 clementia
1814 2837 1977 2893 super
1996 2837 2164 2892 opera

567 2927 667 2968 sua
695 2923 959 2970 extenta:
993 2916 1139 2972 Deus
1181 2931 1344 2987 quem
1376 2931 1538 2973 nemo
1584 2916 1691 2973 nisi
1732 2917 1896 2973 corde
1945 2915 2164 2985 attingit

563 3013 859 3077 purgatus;
891 3022 1053 3079 quem
1082 3007 1263 3064 nullus
1291 3008 1396 3065 nisi
1423 3009 1677 3080 operibus
1720 3009 1928 3066 invenit
1964 3008 2163 3081 proba-

561 3107 670 3166 tus,
693 3100 780 3156 cui
806 3099 988 3157 nullus
1007 3101 1249 3157 adhaeret
1274 3102 1378 3158 nisi
1402 3110 1583 3159 mente
1603 3109 1661 3158 et
1681 3117 1907 3174 corpore
1930 3110 2116 3159 castus
2144 3121 2157 3156 :

561 3192 624 3248 In
662 3206 771 3263 quo
805 3191 1063 3262 iniquitas
1092 3208 1202 3248 non
1230 3200 1314 3250 est
1339 3233 1356 3259 ,
1402 3192 1458 3248 in
1481 3201 1595 3266 ‘quo
1638 3209 1848 3251 summa
1878 3194 1907 3235 δ
1936 3202 2058 3260 est,
2104 3193 2160 3249 in

2334 1987 2391 2043 Ξ.
2427 1985 2659 2052 Adesto,
2689 1986 2877 2042 adesto
2920 1985 3141 2056 pauperi
3172 1994 3350 2055 pater.
3384 1984 3583 2041 Assistc
3625 1983 3805 2049 fesso,o

2266 2079 2586 2135 Emmanuel
2615 2094 2629 2132 :
2659 2076 2793 2149 juha
2832 2079 3149 2144 contritum,
3181 2076 3419 2149 Spiritus
3455 2086 3630 2134 sancte
3658 2076 3803 2147 :erige

2266 2172 2557 2241 deiectum,
2586 2170 2814 2227 Creator
2838 2172 2982 2242 iuste
3010 2189 3024 2227 :
3057 2187 3191 2228 sana
3216 2182 3501 2244 mgrotum,
3523 2170 3640 2227 Jcsu
3662 2170 3800 2226 bone:

2266 2266 2427 2322 visita
2471 2266 2815 2338 languentem
2844 2307 2860 2333 ,
2900 2267 3182 2323 Paraclete
3224 2265 3372 2322 alme
3414 2285 3428 2321 :
3470 2265 3654 2336 largire
3677 2264 3801 2326 vires,

2264 2357 2388 2431 agie
2423 2369 2447 2399 ο
2480 2359 2624 2416 Deus
2654 2374 2669 2414 :
2700 2360 2880 2431 praebe
2900 2359 3154 2415 virtutem
3177 2400 3194 2425 ,
3225 2374 3260 2414 ο
3285 2358 3381 2414 lux
3416 2358 3710 2414 Nazarene:
3735 2369 3802 2409 so-

2263 2449 2375 2506 lida
2411 2466 2718 2510 comessum
2744 2451 2794 2519 ί,
2826 2452 3027 2508 donum
3060 2460 3115 2508 tu
3146 2451 3367 2519 Patris;
3403 2460 3562 2524 atque
3598 2450 3802 2505 vitiorum

2264 2545 2508 2602 dominio
2536 2558 2924 2618 usquequaque
2949 2560 3292 2617 possessum,
3333 2554 3390 2600 tu
3420 2543 3645 2599 Trinitas
3677 2542 3801 2605 Deus.

2263 2634 2362 2691 tibi
2388 2635 2544 2693 effice
2573 2652 2791 2693 servum
2817 2637 3085 2693 devotum.
3129 2634 3271 2692 Satis
3297 2643 3415 2701 est,
3444 2633 3671 2699 Domine,
3694 2633 3801 2703 quod

2264 2729 2548 2802 hucusque
2581 2730 2855 2786 diabolum
2906 2729 3161 2785 militavit
3187 2731 3257 2784 ετ
3298 2729 3445 2800 quod
3490 2728 3648 2784 hostis
3689 2726 3803 2782 orbis

2265 2825 2547 2880 servitium
2593 2833 2784 2894 sponte
2831 2822 3049 2894 implevi
3096 2837 3112 2877 :
3161 2824 3313 2895 quod
3363 2822 3574 2879 inimico
3618 2818 3801 2875 famula-

2266 2923 2381 2970 tum
2408 2914 2714 2987 iniquitatis
2739 2929 2907 2986 opere
2928 2914 3163 2984 praebui;
3193 2914 3341 2986 quod
3373 2912 3632 2970 insidianti
3656 2908 3800 2967 mihill

2264 3008 2573 3080 obsequens
2591 3007 2701 3074 fui;
2731 3010 2875 3080 quod
2901 3008 3134 3065 latentes
3157 3008 3387 3063 insidias
3407 3006 3521 3078 ejus
3548 3006 3661 3062 licet
3684 3001 3803 3059 intel-

2264 3101 2487 3176 ligerent
2518 3118 2627 3158 non
2658 3102 2927 3170 devitavi;
2967 3102 3111 3175 quod
3138 3110 3335 3159 contra
3365 3116 3455 3159 me
3498 3100 3604 3172 ipse
3640 3096 3800 3154 inscius

2266 3194 2386 3266 ejus
2412 3193 2517 3249 tela
2545 3193 2754 3264 portavi
2774 3234 2789 3260 ,
2815 3194 2981 3250 etiam
3007 3209 3093 3250 me
3124 3194 3242 3266 ipso
3271 3193 3352 3250 illi
3388 3193 3536 3265 quasi
3570 3208 3631 3247 ex
3661 3187 3803 3246 debito

564 3254 987 3357 quo-clementia
1015 3299 1211 3353 magna
1238 3293 1324 3341 est
1341 3254 1364 3340 ἐ
1397 3254 1542 3343 Deus
1571 3285 1664 3358 qui
1696 3294 1888 3342 auctor
1915 3301 1976 3342 es
2002 3254 2159 3341 lumi-
2187 3254 2234 3319 Ο
2267 3254 2506 3357 baiulum
2534 3254 2638 3344 feci
2657 3327 2673 3353 ,
2697 3254 2825 3358 quia
2861 3284 2979 3356 ejus
3023 3254 3172 3341 arma
3201 3287 3351 3343 unde
3379 3254 3466 3343 me
3498 3294 3656 3343 totum
3677 3280 3801 3342 elisit.

562 3376 682 3445 nis,
715 3375 912 3433 fluvius
946 3375 1195 3447 pietatis;
1228 3374 1404 3431 dulcis
1446 3391 1507 3433 es
1549 3385 1604 3433 te
1650 3375 1809 3433 firmo
1852 3376 2015 3433 corde
2043 3392 2162 3432 cre-

563 3469 711 3526 denti
746 3479 770 3509 ο
802 3487 815 3524 :
847 3483 1117 3525 caecorum
1146 3467 1339 3525 oculus
1359 3509 1376 3533 ,
1408 3468 1667 3525 debilium
1708 3468 1925 3525 animus
1948 3508 1965 3534 ,
2003 3466 2161 3522 infir-

562 3560 833 3619 mantium
881 3562 1165 3618 verissima
1209 3561 1394 3628 salus;
1438 3575 1534 3632 pes
1579 3559 1926 3625 claudorum;
1979 3558 2162 3632 lingua

562 3662 875 3722 mutorum,
916 3653 1182 3711 fortitudo
1238 3653 1481 3711 omnium
1521 3650 1862 3709 saeculorum.
1914 3650 1995 3706 Tu
2038 3650 2164 3706 vita:

556 3751 671 3807 via.
728 3751 810 3807 'l'u
845 3750 1042 3808 salutis
1080 3751 1216 3807 vita.
1269 3749 1352 3806 Tu
1384 3750 1628 3806 omnium
1674 3746 1743 3804 te‘
1769 3747 2161 3820 postulantium

558 3842 919 3900 invictissima
948 3842 1163 3899 dextra.
1212 3840 1293 3897 Tu
1320 3842 1518 3898 divitiae
1547 3856 1869 3914 pauperum.
1903 3840 1982 3897 Tu
2034 3855 2164 3897 con-

560 3936 758 3993 solatio
782 3937 1177 4015 tribulantium.
1238 3935 1323 3992 Tu
1357 3945 1571 3993 erector
1595 3935 1902 3993 humilium.
1961 3934 2039 3989 Tu
2071 3935 2165 3989 de-

562 4035 803 4085 structor
831 4028 1231 4086 extollentium.
1264 4028 1310 4083 Α
1338 4035 1394 4084 te
1419 4028 1814 4085 incrementum
1847 4026 2046 4098 accipit
2074 4026 2164 4097 ju-

563 4130 716 4189 stus;
757 4136 854 4195 per
879 4130 933 4179 te
962 4121 1337 4179 sanctificatur
1369 4120 1676 4194 perfectus;
1708 4136 1739 4176 a
1777 4129 1831 4177 te
1867 4125 2165 4178 coronatur

562 4214 622 4271 in
673 4213 819 4271 bono
868 4228 1034 4286 opere
1084 4223 1514 4272 consummatus.
1582 4211 1665 4269 Tu
1711 4211 1830 4270 odis
1902 4210 2161 4282 iniquos,

565 4306 795 4363 damnas
822 4306 1074 4379 iniustos,
1102 4304 1295 4377 dejicis
1321 4305 1526 4373 elatos;
1556 4304 1845 4364 confundis
1875 4303 2159 4376 superbos;

526 4385 663 4455 ‘das
700 4398 1092 4470 pmoitentibus
1132 4400 1386 4467 veniam,
1435 4409 1662 4471 peccato
1708 4399 1940 4455 mortuis
1967 4398 2159 4466 vitam,

558 4507 662 4550 nec
683 4493 922 4566 abnegas
937 4501 991 4549 te
1010 4493 1333 4567 rogantibus
1358 4492 1792 4551 misericordiam
1817 4502 2158 4550 consuetam.
2189 4500 2195 4508 '

2267 3378 2322 3435 in
2345 3395 2432 3436 me
2450 3379 2713 3436 hactenus
2726 3379 2883 3450 quasi
2906 3379 2959 3434 in
2986 3387 3099 3436 teca
3127 3380 3429 3436 recondere
3447 3391 3699 3449 nunquam
3714 3385 3803 3430 cos-

2267 3471 2404 3526 savi.
2439 3469 2546 3527 Sed
2566 3469 2678 3540 jam
2707 3470 2796 3526 diu
2827 3479 2929 3533 est,
2958 3471 3205 3532 Domine,
3233 3472 3384 3544 quod
3409 3470 3686 3528 dominium
3709 3462 3800 3535 ejus

2268 3577 2299 3617 a
2329 3577 2417 3618 me
2445 3561 2674 3634 rejicere
2706 3561 2906 3628 malui;
2939 3563 3080 3633 quod
3114 3564 3312 3618 merito
3340 3563 3586 3635 exigente
3611 3575 3701 3616 non
3728 3570 3800 3610 va-

2266 3653 2367 3720 lui,
2390 3654 2514 3726 quia
2542 3654 2698 3726 quasi
2723 3669 2792 3710 ex
2817 3662 3086 3726 potestate
3109 3655 3356 3711 vindicat
3380 3655 3658 3717 subditum,
3678 3663 3801 3722 quem

2267 3761 2298 3801 a
2343 3746 2687 3802 nativitatisi
2723 3747 2947 3803 exordio
2986 3748 3107 3804 diro
3132 3748 3357 3805 vinculo
3402 3747 3570 3805 tenuit
3606 3749 3798 3814 captum.

2267 3838 2336 3894 Et
2361 3855 2526 3911 quem
2565 3847 2720 3896 tanto
2766 3848 3009 3911 tempore
3053 3854 3154 3896 suo
3191 3838 3319 3910 jure
3352 3836 3635 3896 vindicavit
3666 3830 3802 3904 capti-

2266 3952 2419 4003 vum,
2441 3952 2586 3992 nunc
2612 3936 2971 4007 respirantem
2997 3936 3125 4009 iugo
3153 3953 3255 3993 suo
3285 3944 3523 3994 retentat
3548 3932 3690 3988 valde
3711 3941 3803 4001 per-

2265 4028 2515 4101 plexum;
2552 4043 2826 4100 quemque
2867 4028 2971 4085 sibi
2999 4043 3273 4099 nunquam
3305 4025 3650 4100 deprehendit
3682 4032 3804 4089 repu-

2267 4129 2544 4191 gnantem,
2561 4133 2705 4175 nunc
2728 4118 2936 4175 catenis
2960 4118 3343 4176 insolubilibus
3364 4118 3496 4191 ligat
3519 4121 3799 4189 gementem.

2266 4210 2516 4277 Domine,
2540 4209 2686 4266 Deus
2712 4206 2809 4282 pie
2823 4219 2879 4268 et
2898 4210 3235 4277 misericors,
3261 4212 3476 4282 respice
3500 4213 3805 4281 supernum

2264 4312 2394 4372 tua,
2451 4314 2509 4363 et
2550 4305 2643 4362 illo
2681 4304 2902 4378 pietatis
2937 4305 3125 4377 vigore
3165 4320 3275 4377 quo
3328 4305 3608 4378 prodigum
3648 4293 3805 4367 recipis

2265 4397 2457 4467 filium,
2480 4413 2570 4455 me
2594 4413 2812 4469 quoque
2839 4406 3063 4470 prolege
3090 4397 3374 4462 miserum,
3398 4396 3522 4469 quia
3548 4406 3694 4465 opera
3717 4399 3804 4441 ma«

2264 4506 2433 4548 nuum
2462 4501 2681 4547 tuarum
2711 4490 2765 4546 in
2794 4489 3094 4546 dominium
3123 4488 3454 4560 iniquissimi
3487 4486 3650 4543 hostis
3673 4477 3802 4538 relin-

556 4583 674 4682 ἕω
718 4592 1036 4659 peccatores
1081 4586 1354 4658 despicis,
1409 4586 1507 4643 sed
1557 4585 1757 4642 delicta
1806 4587 2156 4643 condemnas.
2188 4621 2239 4682 Β
2265 4601 2433 4658 quere
2462 4584 2585 4641 fasi
2620 4592 2705 4641 est
2725 4584 2835 4641 ullo
2857 4585 3049 4651 modo;
3086 4593 3146 4640 ut
3175 4599 3208 4639 a
3234 4592 3288 4639 te
3315 4583 3587 4643 conditus,
3606 4578 3696 4634 sim
3714 4572 3801 4682 dia:

557 4676 680 4735 Non
708 4678 828 4736 odis
852 4686 1143 4752 peccantes
1161 4721 1177 4746 ,
1203 4680 1299 4736 sed
1340 4686 1567 4751 peccata
1603 4679 1865 4736 detestas.
1916 4678 2033 4736 Non
2061 4680 2159 4736 ho-

556 4770 799 4837 minem,
863 4772 960 4830 sed
1011 4772 1218 4829 scelera
1296 4771 1615 4828 insectando
1667 4772 1963 4830 consumis.
2038 4770 2156 4829 Non

560 4874 869 4922 creaturam
895 4906 911 4931 ,
961 4865 1059 4921 sed
1103 4864 1321 4935 culpam
1365 4864 1674 4937 exstirpas,
1722 4865 1983 4937 iniquitas
2009 4865 2156 4920 enim

560 4964 749 5010 nostra
786 4955 1058 5026 justitiam
1106 4966 1255 5010 tuam
1298 4957 1645 5012 commendat
1685 4955 1868 5029 (Rom.
1903 4971 1997 5020 Ill,
2042 4955 2099 5025 5)
2138 4972 2152 5008 :

564 5047 781 5104 Scelera
831 5056 1018 5105 nostra
1067 5056 1120 5104 te
1160 5046 1366 5118 justum
1439 5050 1735 5105 affirmant.
1787 5048 1923 5104 Acta
1970 5054 2164 5103 nostra

562 5141 859 5199 sceleribus
884 5142 1042 5214 digna
1072 5141 1297 5213 iustitiae
1327 5152 1433 5199 tuae
1465 5152 1552 5200 est
1585 5144 2002 5208 documentum;
2027 5140 2154 5213 quia

560 5234 706 5291 unde
736 5233 919 5307 justus
942 5250 1025 5302 es,
1053 5235 1178 5292 inde
1202 5234 1430 5305 iniustos
1456 5236 1598 5292 odis.
1634 5234 1786 5292 Unde
1813 5242 2033 5292 sanctus
2069 5249 2150 5300 es,

634 5379 665 5440 ξ
697 5366 821 5440 Με..
849 5368 1189 5440 parentalem.

635 5436 668 5503 ιι
699 5436 917 5512 Aliquid
948 5442 1116 5512 deest.

636 5519 666 5552 ο
702 5509 838 5585 ωδ.)
876 5511 1029 5569 dulce
1065 5529 1121 5570 es
1160 5523 1208 5570 te
1249 5516 1404 5585 ﬁrmo
1447 5518 1606 5573 corde
1640 5518 1930 5584 credentis;
1988 5533 2152 5573 σπου-ι

562 5598 681 5639 rum
707 5581 906 5640 acidas.

629 5651 659 5695 τι
696 5653 761 5710 F.
791 5671 896 5711 non
930 5665 1118 5713 totum.

632 5735 657 5765 ⁸
693 5725 759 5784 Ε.
792 5726 830 5783 i.
862 5739 1058 5785 sancte.

635 5794 656 5838 ί
698 5796 1031 5863 Comessum,
1071 5817 1164 5859 seu
1198 5820 1523 5873 comessum,
1552 5808 1805 5879 supinum
1834 5805 2044 5865 auctori
2071 5804 2151 5862 fa-

2264 4681 2373 4738 boli
2402 4696 2626 4747 servus;
2668 4688 2730 4735 ut
2759 4695 2789 4734 a
2818 4687 2872 4735 te
2900 4688 3140 4744 creatus,
3173 4679 3274 4734 sim
3300 4676 3568 4749 praedonis
3594 4663 3800 4746 paseueIK

2263 4775 2446 4841 locus;
2492 4783 2551 4830 ut
2593 4775 2661 4829 ab
2700 4773 2907 4845 optimo
2934 4772 3164 4828 Domino
3209 4778 3265 4826 et
3314 4786 3344 4826 a
3388 4771 3478 4842 pio
3505 4769 3657 4825 Patre
3678 4759 3800 4820 bouis

2262 4865 2449 4921 multis
2473 4865 2697 4929 ditatus,
2728 4862 2932 4919 crudeli
2969 4871 3026 4918 et
3058 4860 3301 4917 horribili
3333 4859 3536 4929 ethiopi
3566 4855 3583 4896 ι
3611 4853 3800 4911 existim

2261 4956 2530 5012 addictus.
2583 4953 2736 5010 Hanc
2781 4952 3220 5017 inclementiam,
3277 4949 3422 5005 hanc
3461 4944 3797 5003 voracitatvm.

2261 5049 2403 5104 hanc
2430 5046 2807 5103 crudelitatem
2837 5060 2938 5117 ego
2967 5043 3101 5099 mihi
3128 5050 3364 5099 emeatus
3391 5057 3422 5097 a
3448 5035 3654 5095 diabolo
3675 5045 3803 5103 θροη-

2261 5148 2418 5195 tanea
2448 5149 2629 5194 mente
2657 5138 2817 5208 elegi.
2866 5137 2979 5209 Ego
3003 5136 3294 5207 equuleum
3326 5134 3471 5189 hunc
3496 5132 3662 5187 dirum
3695 5119 3799 5221 mihi

2260 5231 2472 5297 invexi;
2502 5245 2603 5304 ego
2628 5230 2866 5302 gladium
2893 5228 3097 5300 gutturi
3121 5243 3242 5284 meo
3266 5223 3536 5291 immersi;
3561 5233 3656 5294 ego
3674 5219 3800 5272 modi

2258 5365 2468 5422 miliare
2511 5382 2525 5419 :
2573 5364 2714 5419 idem
2761 5356 3241 5420 aeditui-erutum.
3289 5357 3615 5417 Glossarium
3648 5348 3799 5412 Caniiii

2259 5436 2514 5494 editionis
2544 5434 2648 5490 PP.
2677 5434 2877 5505 Congr.
2907 5433 2966 5489 S.
2994 5431 3185 5490 Mauri.

2334 5512 2359 5550 Β
2398 5507 2544 5579 Lege
2574 5505 2787 5562 diabolo
2818 5505 3060 5560 militavi.

2329 5581 2359 5621 h
2396 5578 2497 5634 Ms.
2518 5617 2534 5643 ,
2568 5594 2670 5633 me.

2341 5653 2355 5691 ί
2389 5649 2515 5716 Ms,
2544 5667 2578 5704 a
2605 5648 2895 5706 nativilalc.

2338 5720 2352 5772 i
2386 5721 2502 5777 lmo
2526 5740 2539 5776 :
2571 5721 2657 5792 fas
2683 5737 2789 5776 non
2812 5730 2909 5778 est.

2335 5793 2363 5864 Β
2391 5792 2436 5864 l.
2461 5808 2512 5848 e.
2539 5792 2741 5864 pascui.

2342 5863 2359 5906 ι
2389 5863 2515 5932 ML,
2541 5865 2720 5921 θιὶουο
