4034 6350
309 435 413 494 ιοι

1769 429 2170 489 CONFESSIO.

3500 430 3614 492 401

309 561 490 608 ιοιιιηι
518 562 604 603 me
633 548 745 618 ipse
773 545 1042 611 commisi,
1067 554 1126 600 ut
1151 544 1552 616 possessionem
1579 553 1752 610 tuam,
1782 545 1905 600 tibi-
1933 553 1988 611 Α
2011 562 2080 602 ex
2105 545 2261 600 nobis
2279 545 2550 600 dimersus
2571 545 2706 601 satis
2727 554 2874 600 errat
2895 560 3015 602 sese
3041 559 3148 602 non
3171 555 3365 618 sponte
3383 545 3606 615 iterum,

307 656 419 714 que
451 641 688 696 debitam
728 638 866 702 soli,
912 637 1151 708 pessimo
1175 637 1579 693 committerem
1611 637 1756 692 hosti
1785 655 1799 692 :
1848 647 1908 692 ut

307 749 406 788 rus
441 745 468 774 ι
523 740 616 786 ιιιο
668 729 907 785 dominio
960 729 1236 784 conditum
1291 729 1538 785 horribili
1596 730 1904 786 addicerem

306 825 487 897 pesti;
519 837 754 894 eumque
781 821 1036 894 eligerem
1067 821 1344 876 dominum
1370 863 1382 887 ,
1422 836 1582 893 quem
1611 823 1753 893 patri
1786 837 1907 880 meo

307 932 570 974 noveram
601 915 899 972 inimicum.
946 915 1140 970 Actum
1167 925 1250 971 est
1276 915 1422 970 enim
1452 915 1504 969 in
1537 931 1642 980 me,
1677 915 1907 972 Domine

307 1012 477 1075 Deus,
505 1011 649 1082 quod
679 1011 729 1063 in
756 1007 1133 1079 protoplastob
1167 1009 1374 1079 pridem
1405 1007 1634 1079 legimus
1659 1017 1900 1078 gestum:

307 1102 514 1159 etenim
549 1102 690 1158 sicut
717 1099 806 1156 ille
836 1109 927 1154 tuo
965 1099 1106 1154 dono
1145 1099 1471 1156 immortalis
1502 1109 1741 1164 creatus,
1773 1115 1904 1172 pro-

305 1193 432 1264 prio
461 1193 596 1248 vitio
637 1192 690 1248 in
729 1200 958 1247 mortem
997 1201 1177 1248 exstat
1216 1207 1314 1262 per
1344 1192 1651 1248 interdicta:
1680 1191 1785 1248 sibi
1817 1209 1907 1247 ar-

306 1293 461 1348 boris
487 1307 641 1347 esum
664 1291 969 1354 dimersus;
1001 1290 1076 1345 ita
1103 1299 1158 1346 et
1178 1305 1280 1362 ego
1305 1289 1524 1346 lavacro
1545 1289 1726 1345 vitalis
1751 1305 1907 1359 aquae

299 1383 421 1453 jam
452 1386 672 1449 tinctus,
718 1395 774 1440 et
817 1385 1244 1455 regenerationis
1272 1383 1412 1438 unde
1443 1399 1472 1438 a
1501 1381 1766 1454 paternali
1807 1383 1903 1439 de-

305 1479 442 1534 licto
479 1480 793 1544 mundatus,
825 1493 919 1533 seu
952 1487 1044 1530 tuo
1074 1475 1297 1532 rosilluo
1334 1490 1531 1532 cruore
1569 1475 1902 1546 redemptus,

303 1585 408 1643 per
449 1569 872 1626 inobedientiam
915 1569 1297 1623 mandatorum
1345 1577 1559 1622 tuorum
1610 1567 1664 1622 in
1711 1566 1904 1621 mortis

304 1663 613 1721 deﬂendam
646 1663 859 1718 ruinam
889 1662 1114 1727 deveni;
1153 1670 1209 1717 et
1235 1659 1470 1732 qualiter
1498 1659 1622 1715 inde
1652 1659 1906 1731 egrediar

301 1769 418 1810 non
451 1752 605 1808 valeo
635 1753 911 1818 invenire,
950 1752 1075 1821 quia
1105 1759 1155 1806 te
1183 1751 1470 1805 Dominum
1503 1751 1670 1805 Deum
1692 1790 1706 1815 ,
1739 1764 1903 1820 quem

301 1862 538 1919 rugare,
574 1856 627 1903 et
655 1848 809 1918 cujus
839 1855 1107 1916 praecepta
1141 1845 1364 1916 implere
1395 1843 1590 1910 debui,
1623 1859 1722 1914 per
1749 1843 1902 1899 devia

303 1916 606 2014 gradiendo
649 1916 780 1993 mihi
824 1939 1021 1993 iratum
1051 1937 1176 1992 feci.
1229 1936 1297 1991 Et
1329 1935 1456 1992 inde
1483 1945 1568 1992 est
1596 1934 1739 2006 quod
1771 1949 1900 2004 pro-
1929 1916 1981 1978 Β

304 2032 586 2104 longatam
635 2031 1008 2102 captivitatem
1057 2029 1300 2086 sentiens
1346 2028 1539 2095 doleo,
1589 2029 1903 2099 nullumque

302 2124 666 2179 redimentcm
721 2136 807 2179 me
853 2123 1044 2178 adesse
1092 2121 1402 2192 praesentio.
1461 2120 1675 2177 Gaudet
1730 2123 1905 2178 hostis

301 2229 464 2269 mens
500 2213 648 2285 quod
691 2224 743 2268 te
790 2214 990 2268 iratum
1031 2214 1215 2270 videt:
1249 2213 1518 2280 exsultat,
1568 2229 1693 2269 cum
1737 2229 1826 2270 me
1872 2230 1904 2269 a

302 2318 464 2363 tanto
493 2306 657 2364 Patre
682 2307 969 2379 expulsum
1002 2309 1209 2364 sentit:
1247 2308 1528 2379 tripudiat,
1554 2323 1676 2364 cum
1712 2324 1798 2363 me
1829 2308 1904 2364 ita

302 2398 626 2455 destitutum
648 2399 949 2471 cognoscit.
989 2397 1097 2454 Sed
1123 2408 1203 2466 tu,
1228 2399 1390 2465 Deus,
1413 2399 1505 2470 qui
1530 2397 1904 2454 misericordia

303 2505 476 2561 super
501 2505 666 2560 opera
696 2498 786 2544 tua
816 2489 1001 2561 largus
1030 2499 1340 2561 prmpolens
1366 2504 1445 2553 es,
1475 2489 1566 2558 qui
1598 2489 1906 2560 peccatoris

303 2598 417 2638 non
447 2593 697 2650 mortem,
731 2583 827 2638 sed
855 2583 1225 2638 reversionem
1257 2583 1328 2638 ad
1354 2594 1407 2638 te
1433 2591 1556 2655 post
1582 2581 1793 2652 lapsum
1825 2581 1908 2636 in-

303 2678 484 2749 quiris
512 2677 729 2746 (Ezech.
760 2693 960 2743 χχχιιι,
990 2678 1103 2750 ll),
1153 2677 1246 2747 qui
1289 2677 1410 2750 plus
1449 2678 1708 2748 pietatem
1742 2691 1907 2746 quam

305 2769 571 2826 ultionem
598 2769 813 2841 diligis,
865 2784 964 2825 nec
1005 2769 1305 2838 judicium,
1343 2770 1438 2824 sed
1475 2767 1907 2822 misericordiam

306 2864 666 2935 peccantibus
695 2863 942 2929 exhibes,
974 2863 1163 2918 adesto
1194 2861 1327 2917 mihi
1365 2861 1563 2918 misero
1591 2860 1866 2931 peccatori
1889 2901 1904 2925 ,

309 2965 372 3012 et
402 2971 531 3011 erue
560 2966 612 3012 te
641 2956 805 3012 corde
833 2955 1070 3011 contrito
1100 2964 1452 3024 qnterentem.
1497 2952 1648 3008 Mitte
1679 2953 1812 3008 mihi
1841 2952 1909 3007 de

307 3051 561 3121 supernis
599 3050 894 3115 auxilium,
934 3064 1034 3120 per
1061 3048 1204 3118 quod
1232 3047 1444 3104 valeam
1476 3047 1714 3103 hostium
1753 3061 1908 3102 meo-

306 3160 434 3199 rum
469 3142 924 3215 rejicerejngum.
964 3142 1184 3214 Repelle
1213 3141 1512 3198 dominium
1545 3150 1903 3198 consuetum:

306 3237 590 3307 disrumpe
617 3235 830 3291 vincula
861 3236 1307 3308 perplexionnm;
1348 3245 1619 3301 restaura,
1654 3233 1904 3303 Domine,

303 3343 475 3400 opera
519 3341 624 3384 tua:
665 3328 920 3395 fabricas,
965 3339 1020 3383 et
1051 3327 1464 3383 similitudinem
1506 3337 1653 3383 tuam
1678 3369 1694 3395 ,
1743 3345 1907 3399 quam

302 3423 568 3480 inimicus
600 3422 829 3489 invasit,
865 3422 940 3477 mi
977 3421 1222 3477 restitue.
1271 3419 1394 3476 Noli
1431 3435 1721 3491 spernere,
1764 3420 1910 3475 Deus

308 3531 497 3581 mens,
544 3529 707 3586 quem
750 3513 1075 3570 mirabiliter
1102 3510 1430 3578 condidisti,
1480 3525 1752 3582 quemque
1791 3513 1909 3566 sine

305 3611 721 3681 comparatione
765 3607 1069 3663 mirabilius
1110 3606 1411 3662 redemisti.
1470 3605 1671 3662 Fecisti
1719 3620 1805 3660 me
1850 3614 1911 3660 ut

306 3714 497 3763 rectus
522 3702 894 3773 conspicerem
918 3699 1138 3765 caelum,
1165 3700 1217 3754 in
1245 3715 1355 3770 quo
1383 3708 1439 3754 et
1467 3699 1598 3753 mihi
1625 3699 1908 3768 praemium

307 3796 645 3868 promiseras
686 3793 1086 3862 indisrnptnm;
1140 3789 1236 3844 sed
1284 3789 1598 3859 iniquitates
1647 3803 1781 3842 mete
1822 3787 1907 3842 di-

311 3896 626 3945 merserunt
654 3901 740 3940 me
767 3882 963 3940 inferni
997 3881 1358 3955 profundum,
1392 3890 1446 3936 et
1482 3880 1663 3936 nullus
1695 3889 1782 3936 est
1815 3882 1909 3951 qui

311 3989 471 4036 eruat
493 3979 607 4049 jam
636 3979 931 4033 dimersum
956 3985 1006 4030 ο.
1045 3973 1300 4044 Nunquid
1329 3973 1503 4029 hostis
1531 3975 1632 4029 iste
1655 3983 1909 4030 versutus

309 4083 370 4130 et
395 4071 623 4126 callidus
652 4069 746 4123 tibi
777 4066 1004 4122 Domino
1033 4080 1161 4119 vero
1192 4064 1334 4118 valet
1363 4063 1600 4120 existere
1626 4064 1818 4119 obvius
1837 4063 1911 4119 αἳ

308 4163 490 4220 Absit.
543 4160 730 4232 Neque
766 4159 853 4214 ille
890 4158 1246 4224 subsisteret,
1291 4156 1397 4212 nisi
1427 4171 1459 4212 a
1495 4165 1546 4212 te
1576 4157 1908 4213 subsistendi

311 4265 518 4314 statum
551 4255 843 4324 acciperet.
879 4248 1098 4324 [Quem]
1126 4262 1150 4290 ο
1179 4250 1270 4319 qui
1302 4265 1332 4306 a
1366 4259 1421 4305 te
1446 4257 1664 4305 creatus
1695 4250 1750 4305 in
1781 4251 1910 4306 bea-

313 4349 548 4406 titudine
573 4345 707 4412 fuit,
750 4345 804 4400 in
832 4361 938 4416 qua
970 4353 1117 4400 stare
1142 4343 1400 4400 elationis
1436 4353 1647 4399 tumore
1674 4360 1782 4400 non
1808 4359 1909 4400 vo-

312 4444 446 4509 luit,
492 4457 523 4496 a
563 4450 616 4497 te
655 4439 820 4495 etiam
866 4436 1025 4493 hodie
1055 4437 1283 4508 regitur,
1333 4436 1460 4492 licet
1491 4436 1587 4492 tibi
1621 4437 1912 4494 adversare

311 4545 564 4593 conetur.
594 4532 732 4603 Quia
753 4530 1046 4604 quodquod
1069 4528 1347 4585 voluntate
1370 4528 1532 4600 impia
1556 4529 1610 4584 in
1638 4546 1738 4586 nos
1759 4547 1913 4587 exer-

1936 3289 1983 3354 C

2010 637 2106 692 sed
2151 637 2318 692 invite
2350 653 2379 691 a
2412 645 2466 692 te
2499 646 2654 707 putat
2694 635 3034 693 solvendum.
3086 635 3221 693 Nam
3266 636 3436 695 semel
3476 652 3507 694 a
3551 645 3610 696 te

2009 729 2322 784 hominibus
2353 729 2582 784 liberum
2629 729 2816 785 datum
2862 731 3148 786 arbitrium
3186 747 3292 787 non
3321 732 3484 789 debet
3511 747 3601 792 re-

2010 821 2195 876 vocari
2230 821 2284 875 in
2319 821 2535 876 irritum
2575 836 2590 875 :
2619 830 2680 876 ut
2708 821 2799 892 qui
2831 835 2890 876 se
2918 821 3123 893 pr0prii
3155 822 3366 878 arbitrii
3405 822 3596 892 subju-

2010 915 2173 986 gabat
2193 915 2440 982 servitio,
2465 923 2558 970 tuo
2584 915 2700 970 solo
2725 924 3064 971 restauretur
3086 916 3335 988 imperio.
3370 915 3522 973 Nosti
3549 915 3605 972 in

2007 1008 2113 1065 hoc
2133 1011 2324 1076 etiam,
2350 1011 2575 1067 Domine
2597 1010 2762 1078 Deus,
2779 1013 2807 1052 ιι
2829 1021 2948 1069 esto
2969 1014 3077 1070 mei
3103 1033 3114 1068 :
3139 1029 3242 1069 nec
3273 1013 3368 1069 tibi
3392 1013 3610 1070 foveam

2007 1105 2238 1175 periculi
2293 1106 2397 1160 mei
2439 1104 2663 1162 celatus.
2703 1105 2903 1162 Verum
2950 1107 3077 1178 quia
3115 1107 3328 1165 diversa
3380 1117 3521 1174 arte,
3551 1118 3610 1164 et

2007 1196 2164 1252 vario
2211 1197 2548 1268 deceptionis
2595 1197 2846 1265 articulo,
2909 1215 2998 1255 me
3036 1200 3288 1256 inimicus
3338 1200 3610 1257 volentem

2008 1287 2219 1359 ligavit,
2267 1290 2353 1344 cui
2385 1305 2489 1346 non
2537 1306 2710 1357 mens,
2768 1301 2826 1346 ut
2863 1292 3070 1357 debuit,
3130 1294 3467 1364 repugnavit,
3516 1293 3612 1350 sed

2007 1381 2158 1438 velut
2177 1381 2436 1438 obediens
2459 1399 2650 1438 manus
2681 1384 2942 1439 vincturzn
2977 1384 3164 1450 dedit;
3195 1385 3340 1452 inde,
3369 1386 3616 1456 piissime

2009 1472 2173 1538 Deus,
2205 1473 2401 1530 assiste
2422 1473 2537 1543 jam
2585 1474 2787 1530 misero
2817 1475 3122 1546 pmnitenti,
3151 1486 3207 1532 et
3233 1491 3355 1532 sere
3393 1492 3488 1533 sua
3518 1477 3614 1534 de-
3697 1472 3712 1546 ~§

2008 1565 2134 1622 licla
2163 1565 2476 1637 plangenti;
2509 1576 2565 1622 et
2600 1567 2805 1623 redime
2857 1584 3001 1624 nunc
3044 1568 3210 1624 etiam
3240 1568 3550 1639 specialiter
3580 1585 3615 1624 a

2010 1659 2132 1714 diro
2157 1661 2432 1729 praedone,
2457 1676 2618 1731 quem
2642 1661 2755 1733 jam
2787 1662 3114 1732 generaliter
3137 1664 3314 1736 pretio
3337 1662 3617 1736 sanguinis

2010 1751 2090 1806 tui
2118 1754 2412 1808 redemisti.
2442 1753 2651 1820 Dicam,
2687 1754 2934 1822 Domine,
2958 1772 2990 1828 y
3024 1757 3168 1812 audi.
3207 1755 3398 1812 Pra'be
3425 1765 3483 1812 tu
3506 1757 3617 1812 vir-

2009 1852 2182 1899 tutem
2229 1844 2465 1911 dicendi,
2497 1855 2554 1900 et
2597 1861 2662 1900 ea
2720 1861 2841 1917 quae
2877 1847 3068 1903 dixero
3095 1857 3150 1904 tu
3181 1849 3298 1918 ipse
3335 1857 3617 1918 acceptare

2009 1938 2254 2011 dignare.
2284 1938 2539 2010 Nunquid
2576 1943 2592 1981 ί
2628 1955 2691 1996 ea
2723 1956 2844 2011 quae
2871 1956 2958 1997 mc
2984 1941 3222 2014 undique
3253 1951 3505 2012 premunt
3536 1949 3614 2007 tu,

2011 2032 2262 2099 Creator,
2317 2035 2578 2106 ignoras?
2622 2033 2874 2106 Nunquid
2921 2036 3065 2108 quod
3109 2051 3301 2108 rogare
3347 2036 3528 2105 cupio,
3559 2043 3617 2091 tu

2013 2133 2138 2179 ante
2183 2139 2290 2180 non
2332 2126 2526 2181 vides?
2567 2125 2821 2196 Nunquid
2865 2126 3098 2183 celatum
3151 2127 3250 2183 tibi
3279 2127 3481 2198 aliquid
3507 2135 3616 2194 est,

2013 2225 2110 2272 aut
2137 2231 2243 2270 non
2294 2216 2478 2272 omnia
2508 2216 2605 2272 tibi
2635 2217 2801 2272 etiam
2849 2216 3081 2274 obscura
3112 2217 3166 2273 in
3216 2219 3336 2274 luce
3370 2226 3497 2273 sunt
3524 2231 3619 2290 po-

2013 2307 2167 2364 sita?
2199 2307 2278 2362 Tu
2308 2316 2458 2364 certe
2480 2322 2540 2364 es
2568 2309 2659 2380 qui
2692 2309 2873 2366 cordis
2897 2309 3109 2366 occulta
3131 2310 3306 2377 vides,
3329 2310 3421 2382 qui
3445 2309 3618 2365 laten-

2015 2399 2089 2454 tia
2111 2399 2491 2470 prospiciendo
2527 2401 2833 2471 cognoscis,
2868 2401 2964 2473 qui
2991 2401 3350 2474 cogitationes
3391 2401 3618 2458 discutis

2015 2490 2457 2562 atqneulciscis:
2506 2491 2599 2562 qui
2627 2492 2773 2547 enim
2804 2493 3057 2548 universa
3108 2493 3338 2548 consilio
3391 2491 3619 2547 salutari

2017 2582 2239 2647 creasti,
2282 2581 2536 2638 universa
2587 2587 2754 2639 etiam
2800 2583 3177 2656 cognoscendo
3223 2585 3472 2640 librasti:
3517 2585 3616 2642 sed

2017 2675 2414 2731 confessionem
2440 2679 2745 2747 peccatoris
2766 2687 3072 2748 exspectas.
3097 2677 3215 2734 Non
3242 2679 3612 2735 narrationem

2018 2769 2249 2840 indiges,
2293 2767 2388 2822 sed
2425 2768 2536 2823 oris
2563 2767 2955 2839 professionem
2983 2770 3230 2840 inquiris.
3259 2769 3370 2826 Nec
3399 2778 3616 2826 tantum

2017 2859 2214 2932 linguae
2269 2867 2533 2929 quantum
2587 2860 2768 2916 cordis
2813 2859 3176 2916 humilitatem
3231 2870 3504 2931 acceptas,
3559 2869 3617 2916 et

2017 2953 2340 3011 munditiam
2372 2971 2576 3018 veram.
2627 2970 2750 3010 cum
2797 2954 2874 3009 sis
2928 2953 3424 3024 incomparabiliter
3453 2968 3614 3009 mun-

2015 3045 2139 3112 dus,
2192 3061 2260 3102 ex
2307 3046 2471 3102 corde
2521 3061 2659 3117 puro
2708 3044 3101 3102 sanctilicando
3152 3045 3427 3116 praelibas.
3474 3045 3617 3103 Ecce

2016 3141 2184 3207 enim,
2223 3140 2474 3206 Domine,
2515 3155 2653 3212 puro
2703 3141 2866 3196 corde
2915 3141 3112 3196 delicta
3155 3155 3276 3196 mea
3325 3139 3612 3207 conﬁteor,

2016 3234 2159 3289 sicut
2188 3242 2243 3288 tu
2279 3234 2393 3304 ipse
2440 3234 2724 3290 verissime
2752 3236 2919 3302 nosti,
2961 3246 3017 3292 et
3042 3237 3111 3292 ab
3133 3251 3324 3293 eorum
3354 3236 3613 3294 illecebra

2015 3340 2105 3382 me
2129 3335 2238 3382 tota
2260 3325 2470 3383 mentei
2500 3329 2659 3399 cupio
2677 3331 2978 3396 retrahere,
2994 3329 3090 3386 sed
3112 3331 3447 3388 vinculorum
3469 3345 3612 3403 prte-

2017 3417 2222 3474 ditione
2251 3434 2547 3486 connexus,
2572 3421 2715 3490 quod
2744 3421 3027 3491 promitto,
3064 3436 3274 3494 nequeo
3294 3422 3610 3493 adimplere.

2020 3509 2176 3566 Unde
2198 3510 2278 3577 lit,
2311 3520 2370 3566 ut
2395 3513 2637 3583 quatidie
2663 3515 2773 3568 voti
2804 3515 2909 3569 mei
2940 3516 3327 3586 praevaricator
3345 3518 3608 3584 existens,

2017 3606 2161 3660 unde
2205 3619 2294 3660 me
2341 3605 2500 3660 debui
2535 3605 2790 3677 lacrymis
2821 3608 3070 3679 irrigare,
3105 3608 3330 3680 jugiqne
3360 3606 3488 3663 ﬂetu
3521 3623 3608 3664 me

2018 3707 2190 3753 totum
2218 3699 2520 3764 mundare;
2552 3699 2677 3754 inde
2703 3699 2938 3771 amplius
2971 3701 3281 3756 sordidatus
3327 3701 3460 3757 nihil
3505 3701 3611 3758 nisi

2015 3799 2367 3862 augmentum
2397 3791 2720 3862 congemino
2768 3792 2957 3862 culpae.
3013 3791 3212 3864 Sicque
3261 3791 3406 3864 quod
3457 3809 3613 3850 mens

2015 3883 2099 3938 vel
2129 3883 2405 3955 paululum
2445 3899 2512 3939 ex
2541 3892 2633 3939 tuo
2652 3884 2794 3940 dono
2826 3885 2854 3926 ιι
2894 3901 3090 3958 capere
3121 3901 3180 3941 se
3204 3886 3422 3956 gaudet,
3463 3883 3611 3941 iden-

2018 3975 2182 4031 tidem
2232 3975 2665 4047 supplantatione
2709 3977 2883 4034 hostis
2925 3977 3011 4034 vel
3067 3979 3298 4051 segnitia
3333 3978 3514 4034 cordis
3551 3991 3613 4034 se

2015 4069 2285 4140 privatum
2317 4085 2642 4140 magnopere
2663 4070 2853 4143 gemit,
2885 4080 2940 4126 et
2963 4072 3107 4128 unde
3129 4073 3233 4129 hoc
3264 4078 3615 4142 recuperaret

2017 4162 2196 4218 inesse
2222 4163 2324 4218 sibi
2351 4177 2458 4217 non
2482 4163 2667 4218 sentit.
2707 4163 2860 4235 Viget
2885 4165 3032 4220 enim
3066 4165 3120 4220 in
3168 4180 3256 4221 me
3283 4163 3611 4220 naturaliter

2015 4270 2049 4309 a
2090 4261 2143 4309 te
2169 4254 2430 4308 insertum
2477 4253 2658 4311 lumen
2706 4255 2968 4324 scientiae,
3021 4271 3120 4329 per
3170 4256 3315 4328 quod
3362 4271 3481 4326 qua:
3511 4271 3613 4328 ago

2013 4362 2261 4419 perpere,
2296 4349 2498 4404 malum
2521 4365 2630 4406 non
2667 4349 2852 4406 nescio
2879 4364 3020 4406 esse.
3054 4349 3207 4417 Quod
3237 4347 3257 4388 ι
3301 4363 3390 4405 me
3409 4357 3465 4404 et
3491 4360 3615 4418 post

2014 4442 2353 4512 parationem
2402 4443 2656 4499 desiderii
2705 4443 2892 4500 dolore
2937 4441 3293 4516 aﬂicitgravi.
3328 4443 3436 4499 Sed
3483 4442 3611 4513 quia

2017 4535 2145 4590 dum
2174 4537 2488 4607 pmnitenda
2517 4537 2820 4605 committo,
2870 4545 2925 4591 et
2951 4537 3243 4593 commissa
3273 4551 3383 4592 non
3419 4534 3612 4599 deﬂeo,

312 4644 443 4686 cere
481 4636 674 4699 putat,
719 4625 818 4680 tibi
848 4633 900 4680 et
936 4623 987 4678 in
1023 4623 1125 4677 hoc
1153 4621 1320 4677 etiam
1349 4619 1519 4675 invite
1550 4619 1753 4676 inscius
1789 4636 1907 4676 ser-
1935 4657 1990 4718 Β
2018 4628 2134 4698 ipse
2165 4643 2253 4683 me
2282 4629 2486 4700 ingenti
2534 4627 2710 4685 allicio
2756 4629 2994 4697 damno;
3029 4629 3152 4686 inde
3183 4645 3285 4686 nec
3313 4643 3380 4684 ea
3424 4627 3614 4684 videre

291 4721 517 4779 ’viendo
543 4718 858 4776 concordat.
913 4716 1086 4787 ipsius
1111 4714 1256 4786 enim
1285 4712 1616 4769 voluntatem
1655 4713 1854 4770 malam
1885 4715 1905 4755 ί

314 4824 411 4872 tua
441 4821 683 4887 potestas
709 4818 925 4867 coercet
947 4807 1116 4879 justa.
1161 4807 1230 4863 Et
1259 4806 1386 4863 illud
1415 4807 1563 4878 quod
1593 4822 1694 4863 nos
1722 4807 1910 4864 caecati

315 4908 566 4980 iniquum
607 4914 881 4976 putamus,
923 4900 1131 4971 justum
1171 4899 1498 4970 permissum
1545 4915 1577 4954 a
1621 4898 1769 4969 justo
1810 4897 1908 4954 Ju-

317 5000 440 5056 dice
482 5013 589 5054 non
633 5009 912 5068 negamus.
962 4991 1119 5063 Apud
1168 4998 1219 5046 te
1264 4991 1411 5045 enim
1456 5005 1613 5048 suum
1663 4992 1910 5047 ordinem

311 5091 503 5149 omnia
544 5090 774 5153 habent,
819 5085 1061 5156 nihilque
1099 5082 1408 5138 inordinate
1445 5083 1498 5138 in
1529 5084 1789 5138 mundum
1823 5084 1907 5139 in-

314 5184 512 5241 currit.
566 5180 806 5252 Equum
835 5177 982 5234 enim
1011 5184 1128 5239 est,
1150 5173 1422 5252 Domine,
1453 5181 1513 5228 ut
1541 5175 1633 5244 qui
1662 5190 1721 5231 se
1747 5190 1910 5246 spon-

316 5289 480 5334 tanee
522 5251 789 5332 diaboloIi
815 5251 1173 5342 subjugarunt
1219 5270 1480 5336 dominio,
1534 5271 1734 5327 subditi
1781 5289 1910 5344 per-

319 5378 580 5427 maneant
598 5383 707 5439 quo
725 5366 1010 5440 elegerunt
1032 5360 1260 5419 arbitrio
1285 5361 1526 5433 proprio,
1550 5362 1796 5435 quisquis
1821 5363 1914 5421 ille

394 5519 423 5548 ⁸
448 5506 574 5573 31s.,
601 5515 774 5561 atrus.

396 5578 426 5619 δ
453 5579 576 5645 Ms.,
605 5587 752 5650 prato
777 5576 1004 5650 plautio.

396 5660 419 5690 ε
451 5650 576 5714 Με..
605 5649 888 5704 diversum.

393 5719 425 5762 ἀ
451 5721 671 5786 Obvius,
701 5721 736 5776 i.
764 5736 811 5776 e.
842 5721 1172 5784 contrarius,
1199 5718 1476 5777 adversus.

400 5804 427 5835 ο
451 5793 762 5858 Redundat,
789 5791 872 5848 vel
901 5793 1004 5848 alia
1029 5791 1244 5848 desunt.

401 5865 424 5907 ί
452 5865 578 5931 11s.,
610 5863 847 5921 voluntas
872 5863 1035 5919 mala.

402 5939 430 5980 ⁶
451 5935 748 6003 Metire,
773 5935 861 5990 vel
886 5933 1104 5990 diaboli.

2017 4736 2102 4777 me
2125 4729 2400 4792 computo,
2431 4735 2552 4792 qua:
2592 4736 2702 4776 non
2755 4722 3098 4792 spernenda,
3118 4722 3212 4778 sed
3241 4720 3608 4791 amplectenda

2014 4826 2180 4882 opere
2208 4821 2262 4866 et
2293 4821 2476 4868 mente
2504 4814 2770 4868 hactenus
2794 4821 2970 4870 teneo.
2995 4813 3063 4868 Et
3085 4813 3139 4868 in
3161 4811 3360 4882 quibus
3389 4828 3476 4868 me
3500 4827 3611 4869 non

2017 4903 2229 4968 nolens,
2267 4905 2378 4960 imo
2403 4906 2613 4973 volens,
2645 4906 2882 4974 involvo,
2915 4916 3038 4979 post
3060 4905 3442 4977 voluptabrum
3465 4906 3618 4964 faecis

2017 4997 2174 5054 valde
2198 4999 2426 5057 detesto.
2468 5000 2587 5071 ipse
2621 5000 2755 5056 mihi
2789 5000 2946 5057 testis
2967 5000 3168 5067 existo,
3199 5001 3344 5071 quod
3392 5001 3612 5072 iniquus

2020 5108 2294 5165 nunquam
2355 5094 2735 5166 iniquitatibus
2787 5095 3080 5152 terminum
3110 5109 3288 5166 pono:
3342 5105 3507 5168 atque
3548 5109 3616 5149 eo

2021 5187 2191 5257 magis
2231 5185 2348 5242 sine
2375 5187 2531 5241 venia
2555 5198 2593 5226 ω
2621 5186 2814 5256 punire
2865 5200 2954 5242 me
3004 5187 3059 5242 in
3108 5187 3289 5242 futuro
3330 5184 3614 5250 condoleo,

2019 5276 2161 5346 quod
2191 5291 2296 5331 non
2354 5276 2577 5343 inscius,
2607 5277 2702 5334 sed
2755 5286 2814 5333 ut
2863 5277 2999 5334 scita
3045 5292 3136 5334 me
3191 5286 3362 5334 totum
3417 5275 3616 5350 abysso

2019 5367 2317 5438 praecipito.
2353 5367 2492 5436 Quid
2519 5369 2573 5422 in
2609 5369 2777 5425 tantis
2799 5369 3097 5426 sceleribus
3120 5367 3321 5440 agam?
3348 5365 3489 5435 Quid
3518 5363 3612 5420 tali

2092 5506 2118 5545 ιι
2152 5503 2214 5559 F.
2270 5502 2576 5560 addendum
2617 5505 2746 5560 dux.
2803 5504 3027 5562 Videtur
3071 5512 3128 5560 et
3171 5499 3375 5572 aliquid
3427 5505 3615 5572 postea

2020 5578 2227 5633 deesse.

2097 5649 2112 5688 ί
2149 5647 2270 5712 Με..
2310 5647 2452 5702 Nam
2481 5649 2628 5719 quid.

2091 5720 2107 5768 l
2148 5719 2271 5784 515.,
2299 5727 2408 5772 toto
2432 5720 2643 5774 mentis.

2090 5789 2117 5828 ¹ί
2149 5789 2272 5855 Ms.,
2295 5789 2470 5844 domo.

2095 5859 2111 5898 ι
2138 5859 2258 5924 Ms.,
2288 5859 2414 5926 Qui.

2083 5942 2124 5971 ω
2155 5931 2278 5998 Μεη
2306 5933 2527 5990 veniam.
