4034 6350
269 340 387 397 405

1745 335 2143 400 ΟΟΝΙῈΒΞΙΟ.

3457 341 3562 404 406

267 432 526 501 termino
574 432 718 506 enim
769 448 833 494 ea
889 447 1172 498 numerare
1217 446 1336 504 quae
1387 432 1572 514 gravia
1631 432 1866 489 animam
1896 435 1944 508 Α
1973 429 2309 505 Scripturam
2340 438 2584 498 sanctam
2615 433 2833 506 plenam
2869 432 3318 512 medicaminibus
3361 435 3428 496 de
3470 418 3557 491 tua

267 532 436 586 sueta
479 536 506 584 ἓ
553 534 682 600 §unt
733 525 995 598 gehennae
1039 524 1287 580 incendio
1325 537 1431 580 non
1484 524 1719 581 ﬁniendo
1762 534 1870 580 tra-

268 615 456 672 dere:
493 615 586 671 sed
633 630 697 672 ea
729 633 873 672 nunc
920 615 1224 691 proferam,
1279 632 1397 687 qua:
1441 616 1575 674 levia
1603 617 1871 673 'videntur

268 707 362 763 bis
393 707 486 778 qui
516 723 580 763 ca
618 707 866 764 nesciunt
893 724 1047 780 aequa
1073 709 1225 763 lance
1254 724 1504 778 pensare.
1546 707 1682 766 Nam
1718 710 1762 766 si
1789 709 1869 764 le-

266 798 495 853 viorum
526 808 734 854 tantum
765 798 1040 874 deplorem
1069 799 1387 866 admissum,
1421 801 1722 876 quantitate
1762 817 1873 856 ma-

267 889 457 948 lorum
489 893 822 963 superabunt
850 902 1068 948 statum.
1102 893 1299 949 Verum
1321 893 1447 951 dum
1477 893 1648 950 oculis
1675 895 1872 956 mentis

270 1000 416 1041 meae
455 994 507 1041 te
548 994 684 1041 teste
719 986 773 1042 in
811 986 1187 1054 memetipsum
1224 996 1459 1052 reverlo,
1511 986 1644 1060 nihil
1673 987 1871 1054 ibidem

271 1075 417 1138 leve,
451 1077 586 1132 nihil
621 1094 724 1132 non
758 1093 922 1150 grave
961 1092 1080 1134 esse
1125 1077 1491 1148 deprehendo.
1545 1078 1684 1145 Quid
1727 1078 1873 1156 enim

269 1159 500 1240 gravior
538 1169 801 1226 libidine?
838 1171 966 1242 quid
997 1172 1279 1226 onerosior
1310 1170 1531 1230 fraude?
1576 1170 1704 1240 quid
1740 1186 1872 1241 pon-

268 1263 529 1318 derosior
569 1263 833 1333 jactantia
863 1279 999 1324 vana
1045 1263 1114 1317 l’?
1169 1263 1294 1333 quid
1348 1261 1497 1340 pejus
1545 1263 1874 1324 homicidio?

270 1355 409 1424 quid
433 1354 633 1416 malmu
665 1356 976 1416 testimonio
1004 1355 1174 1412 falso?
1204 1357 1331 1430 quid
1378 1357 1613 1428 iniquius
1643 1357 1871 1424 misero:

269 1468 399 1505 rum
429 1451 636 1521 Spolio?
669 1452 795 1520 quid
843 1453 1124 1509 scelestius
1149 1464 1170 1492 ο
1216 1469 1378 1522 quam
1425 1453 1502 1510 rei
1535 1453 1762 1526 cognita:
1805 1453 1873 1518 ob

268 1546 663 1616 detrimentum
693 1546 922 1601 aliorum
957 1531 1294 1617 negatio?'Et
1320 1555 1495 1601 tamen
1519 1547 1635 1618 nam
1667 1545 1870 1610 omnia,

267 1648 326 1692 et
353 1637 458 1692 alia
483 1653 602 1706 qua:
627 1638 925 1694 defectione
954 1639 1220 1694 sermonis
1251 1637 1594 1708 promulgare
1641 1654 1745 1694 non
1782 1653 1873 1698 va-.

266 1728 372 1790 lui,
430 1739 488 1783 ut
543 1737 594 1784 tu
654 1730 936 1799 nosti,qui
989 1730 1446 1786 conscientiarum
1495 1745 1554 1804 es
1603 1729 1866 1804 cognitor,

1971 526 2424 602 excellentissima
2453 527 2619 598 gloria
2660 526 2912 584 vitalibus
2935 528 3113 602 succis
3149 528 3453 584 confectam
3492 533 3559 586 ad

1972 627 2177 673 terram
2204 633 2372 690 usque
2414 619 2646 674 delatam
2698 619 2912 677 dedisti.
2965 618 3070 675 Sed
3121 634 3221 696 ego
3252 622 3394 677 unde
3425 621 3559 678 alios

1972 724 2135 765 sanos
2157 709 2501 780 integerrime
2529 711 2657 775 vidi,
2692 711 2816 767 inde
2840 726 2926 768 me
2952 712 3251 768 sauciatum
3275 714 3559 770 tremendo

1973 802 2226 864 contabui
2259 817 2273 855 :
2309 809 2364 856 et
2405 818 2514 856 non
2565 802 2891 864 medicinam
2936 805 3288 875 impotentem
3314 789 3558 877 probavi,

1973 892 2067 946 sed
2099 906 2184 947 me
2215 901 2475 963 aegrotum
2515 893 2986 956 irrcmediabiliter
3007 911 3116 950 non
3145 877 3558 969 benehploravi:

1973 986 2100 1056 quia
2126 987 2171 1040 si
2194 986 2522 1065 snﬂicienter
2551 1001 2636 1044 me
2681 986 3043 1066 lacrymarum
3077 991 3290 1057 fletibus
3323 990 3564 1064 compul-

1974 1093 2154 1132 verem
2184 1079 2226 1140 Β,
2260 1078 2558 1134 fomentum
2591 1080 2806 1136 aliunde
2844 1097 3086 1154 qurerere
3116 1068 3228 1155 jam
3251 1067 3557 1142 cessarem.

1975 1184 2074 1224 nec
2099 1170 2223 1224 alibi
2255 1172 2552 1225 remedium
2596 1161 2898 1244 qumrerem
2929 1175 3071 1243 quod
3104 1175 3156 1228 in
3190 1159 3276 1231 me
3316 1176 3429 1247 ipse
3472 1162 3564 1232 ha-

1973 1264 2179 1319 berem.
2211 1264 2314 1320 Sed
2344 1266 2587 1336 nunquid
2618 1265 2747 1322 ﬂere
2775 1266 2946 1347 potuit
2976 1266 3192 1333 Petrus,
3222 1268 3408 1325 nisi.tu
3439 1285 3560 1324 eum

1977 1357 2273 1429 inspiceres
2325 1359 2476 1431 (Luc.
2522 1376 2658 1426 χχιι,
2695 1360 2809 1432 6i),
2847 1361 3071 1438 Domine
3121 1362 3300 1418 Deus?
3343 1363 3560 1434 Aspice,

1974 1451 2221 1514 Domine,
2246 1461 2408 1508 etme
2441 1454 2731 1508 luerentezn
2759 1453 2812 1507 in
2841 1453 3094 1524 vepribus
3130 1453 3270 1517 vide,
3315 1465 3367 1510 et
3396 1457 3564 1526 respi-

1975 1545 2166 1600 ciendo
2193 1546 2405 1599 vincula
2442 1562 2562 1602 mea
2594 1546 2870 1618 disrumpe
2896 1562 2909 1601 :
2944 1555 2996 1601 et
3024 1563 3144 1617 qua:
3165 1546 3344 1618 lingua
3375 1549 3565 1617 nequit

1977 1639 2268 1718 attingere,
2302 1649 2354 1694 tu
2379 1640 2522 1694 Deus
2550 1655 2701 1696 meus
2728 1641 2884 1714 solita
2909 1639 3198 1702 clementia
3221 1623 3564 1695 emundaudo

1973 1733 2214 1790 concede
2251 1753 2262 1788 :
2293 1734 2420 1804 quia
2454 1749 2516 1788 ea
2540 1749 2659 1805 qua:
2691 1735 2847 1812 nobis
2872 1735 2939 1808 de
2973 1736 3114 1791 coelo
3139 1737 3192 1790 in
3225 1737 3566 1791 testamentis

268 1821 479 1896 partim
502 1835 686 1900 opere,
725 1821 921 1892 partim
949 1822 1223 1877 voluntate
1251 1822 1430 1893 peregi
1463 1839 1475 1875 :
1510 1799 1618 1888 imo
1658 1801 1868 1890 actibus
1975 1825 2082 1890 tuis
2121 1841 2216 1896 per
2240 1828 2533 1904 prophetas
2556 1793 2964 1904 detulisti,non
3005 1843 3103 1899 per
3128 1844 3207 1894 se,
3239 1830 3331 1883 sed
3376 1843 3473 1898 per
3512 1817 3564 1882 te

267 1913 550 1978 universa,
586 1929 704 1983 qua:
727 1914 998 1984 implenda
1025 1931 1121 1970 nec
1147 1932 1177 1970 a
1209 1915 1420 1988 diabolo
1443 1922 1619 1980 erant,
1647 1928 1746 1984 ego
1767 1913 1868 1976 ini-

267 2005 574 2075 quissimus
603 2006 913 2075 adimplevi.
941 2004 997 2062 Si
1027 2005 1364 2072 libidinibus,
1401 2007 1484 2061 vel
1509 2006 1708 2062 misero
1738 2003 1868 2058 mihi

268 2099 540 2156 hactenus
595 2117 693 2172 per
743 2102 892 2156 varia
943 2101 1268 2156 illectionum
1315 2117 1512 2176 genera
1563 2101 1756 2157 milito.
1811 2099 1868 2156 Si

266 2191 578 2259 fraudibus,
617 2195 951 2254 conscientia
980 2194 1091 2250 sola
1118 2204 1254 2250 teste
1284 2210 1454 2266 usque
1479 2195 1640 2249 hodie
1670 2205 1728 2248 nt
1749 2209 1870 2249 cor-

265 2299 408 2356 pore
451 2285 523 2348 ita
563 2296 627 2341 et
651 2298 832 2345 mente
868 2289 1133 2343 deservio.
1171 2287 1226 2343 Si
1257 2287 1630 2358 sanguiuibus,
1680 2286 1871 2344 anima:

269 2392 413 2432 mere
441 2393 543 2432 non
570 2394 668 2452 per
698 2380 924 2452 species,
943 2380 1037 2435 sed
1065 2381 1280 2452 proprie
1310 2381 1625 2448 interfector
1648 2382 1865 2437 assisto.

272 2465 337 2522 Si
364 2467 502 2523 falso
526 2470 853 2535 testimonio,
889 2487 1031 2543 scepe
1066 2473 1304 2544 periurio
1353 2474 1728 2548 deserviendo,
1781 2490 1871 2529 us-

269 2573 385 2628 que
415 2558 480 2624 ad
529 2560 669 2618 hanc
707 2561 895 2631 horam
944 2562 1137 2638 linguae
1163 2579 1295 2630 mea:
1332 2580 1607 2633 nunquam
1650 2565 1866 2620 modum

267 2653 516 2723 impono.
572 2653 629 2728 Si
661 2655 714 2718 in
743 2656 1008 2732 superbia}
1039 2657 1365 2722 tumiditate,
1392 2657 1596 2712 nullum
1649 2658 1779 2712 mihi
1813 2659 1869 2712 in

267 2745 381 2818 hac
411 2746 530 2800 tabe
550 2747 850 2818 secundum
881 2763 1001 2804 esse
1041 2764 1327 2820 cognosco.
1362 2748 1419 2803 Si
1459 2750 1682 2812 invidia,
1718 2751 1866 2806 omni

267 2848 552 2892 momento
585 2840 730 2895 velut
779 2841 888 2918 igni
938 2841 1292 2914 felicitatibus
1347 2842 1574 2897 fratrum
1619 2843 1867 2914 invidens

269 2931 465 2983 ardeo.
513 2929 566 2986 Si
615 2933 665 2988 in
713 2933 999 2999 iniustitia,
1033 2934 1175 2988 sicut
1219 2949 1391 3004 equus
1446 2933 1671 3000 infrenis
1706 2949 1868 3004 super

266 3025 615 3080 mendacium
661 3027 828 3083 miser
872 3028 1103 3086 exsulto.
1139 3029 1193 3083 Si
1238 3029 1292 3082 in
1331 3044 1512 3087 rerum
1549 3029 1861 3100 cupiditate,

263 3132 340 3172 e1
371 3133 560 3174 carum
592 3119 848 3186 aviditate
876 3120 1040 3175 etiam
1074 3121 1127 3176 in
1173 3121 1377 3176 somnis
1408 3129 1620 3175 montes
1651 3137 1734 3174 me
1771 3138 1865 3176 au-
1892 3161 1938 3226 Β

267 3228 390 3288 reos
439 3214 739 3293 adipiscere
786 3214 965 3284 video.
992 3214 1251 3286 Extremo
1289 3215 1454 3270 etiam
1495 3215 1542 3270 si
1590 3216 1670 3268 vel
1706 3226 1864 3272 tenue

264 3306 414 3377 quod
453 3315 602 3372 recte
651 3307 978 3380 cogitavcro,
1015 3307 1198 3374 statim
1251 3323 1402 3363 vana:
1455 3308 1641 3380 gloriae
1693 3309 1864 3366 vermi

265 3399 511 3458 rodendo
541 3402 805 3464 contrado
840 3420 850 3454 :
884 3409 1081 3472 praeter
1114 3399 1250 3474 alias
1277 3400 1640 3470 perditionum
1669 3401 1865 3456 anima:

266 3497 480 3567 species
506 3513 627 3567 qua:
653 3498 814 3553 corde
839 3497 1238 3570 concipiuntur,
1272 3513 1373 3553 nec
1399 3506 1456 3552 ut
1487 3508 1614 3562 sunt
1646 3499 1864 3569 proprie

269 3590 614 3663 digeruntur.
639 3589 776 3661 Nam
817 3601 871 3644 et
905 3591 959 3648 in
1003 3591 1118 3662 ipsa
1152 3600 1254 3648 tua:
1299 3606 1469 3660 sacra:
1497 3589 1744 3645 lectionis
1777 3590 1859 3644 hi-

265 3685 462 3756 storia,
520 3683 603 3758 vel
655 3684 896 3754 ccplestia
926 3700 1046 3754 qua:
1093 3683 1250 3752 nobis
1275 3683 1342 3755 ad
1381 3682 1609 3756 salutem
1668 3683 1864 3752 largire

271 3776 474 3840 Deiﬁca
502 3786 864 3847 sacramenta,
895 3793 1014 3850 qua:
1038 3779 1246 3852 species
1263 3777 1661 3846 deceptionum,
1687 3792 1861 3846 quan-

269 3867 424 3938 tique
470 3868 648 3940 laquei
695 3869 1008 3944 aperiantur
1055 3870 1188 3942 niihi
1222 3868 1394 3924 inscio
1419 3867 1861 3940 perditionumd,

267 3959 355 4014 vel
396 3971 613 4031 quantae
659 3961 849 4034 fornae
895 3963 1145 4034 oriantur
1199 3962 1436 4033 undique
1507 3961 1861 4026 illectionum,

266 4054 394 4124 quis
423 4055 803 4126 dinumerare?
831 4054 955 4128 quis
982 4056 1214 4128 elicere?
1242 4055 1365 4127 quis
1402 4062 1487 4122 tot
1517 4063 1808 4126 tantasque
1839 4066 1860 4095 ο

266 4142 456 4202 foveas
519 4144 693 4214 valeat
754 4129 1132 4219 promulgare?
1184 4161 1319 4216 quas
1373 4146 1499 4217 quia
1556 4145 1651 4200 tibi
1707 4155 1864 4201 notas

265 4251 398 4294 ecre
449 4235 468 4275 ί
495 4252 599 4302 non
625 4237 834 4301 dubito,
874 4237 996 4304 ideo
1025 4244 1080 4291 et
1103 4252 1204 4312 pro
1232 4237 1503 4292 universis
1533 4251 1694 4312 parce
1745 4245 1862 4292 tan-

264 4339 385 4386 tum
418 4330 658 4401 piissime
687 4330 880 4387 clamo.
921 4331 1056 4396 Nam
1093 4333 1149 4402 in
1183 4332 1452 4389 sermonis
1481 4332 1825 4404 prolapsione
1848 4374 1862 4398 ,

263 4428 325 4478 et
353 4420 408 4476 in
433 4419 639 4490 ludicra
666 4420 1125 4494 confabulatipne,
1157 4422 1391 4494 qualiter
1417 4437 1564 4496 saepe
1618 4431 1861 4494 proruat,

1973 1930 2176 1978 norunt
2202 1935 2415 1988 curare.
2448 1921 2514 1974 Et
2547 1921 2649 1990 nisi
2695 1930 2770 1987 tu,
2801 1937 2834 1977 o
2859 1921 3078 1996 pissimc
3105 1908 3266 1985 Deus,
3300 1908 3560 1985 adfueris,

1972 2012 2201 2083 ipsaque
2223 2012 2460 2090 antidota
2494 2029 2523 2066 a
2549 2021 2602 2068 te
2627 2013 2753 2067 olim
2782 2014 2975 2084 prolati
3007 2014 3176 2086 digito
3209 2013 3300 2066 illo
3325 2029 3433 2083 quo
3459 1999 3564 2082 dm}

1974 2102 2250 2174 moniacos
2273 2103 2473 2159 curasti
2500 2103 2822 2170 confeceris,
2852 2105 3135 2160 medellam
3165 2120 3270 2160 non
3312 2106 3568 2176 ingerunt

1973 2195 2245 2250 sanitatis.
2297 2194 2402 2250 Sed
2436 2195 2577 2250 sicut
2615 2205 2664 2250 te
2698 2204 2966 2266 prresente
2997 2193 3275 2250 salutifera
3310 2211 3431 2250 esse
3469 2184 3565 2250 no;

1973 2297 2215 2347 scuntur,
2259 2289 2328 2342 ita
2367 2288 2590 2342 absente
2641 2296 2698 2340 ut
2757 2287 3060 2364 perniciosa
3101 2289 3343 2341 vitantur
3378 2305 3390 2340 :
3437 2275 3564 2358 quia

1974 2385 2089 2439 sine
2115 2391 2165 2437 te
2196 2382 2328 2436 nihil
2361 2382 2413 2438 in
2443 2382 2642 2448 mundo
2671 2367 2889 2441 bonum,
2931 2390 2986 2436 et
3017 2383 3218 2436 bonum
3265 2380 3472 2456 absque
3513 2369 3565 2433 te

1974 2490 2076 2529 nec
2114 2489 2212 2544 per
2238 2488 2296 2528 sc
2339 2472 2558 2527 bomnn.
2595 2471 2672 2526 Tn
2701 2487 2759 2527 es
2801 2472 2968 2536 enim,
2999 2488 3030 2526 ο
3071 2480 3257 2526 custos
3295 2471 3564 2536 onmium,

1972 2565 2169 2631 bonus,
2208 2573 2264 2619 et
2305 2579 2334 2618 a
2386 2573 2436 2617 te
2472 2563 2648 2632 omnis
2688 2563 2902 2619 bonitas
2944 2563 3153 2631 accepit
3186 2561 3421 2616 initium.
3457 2559 3563 2615 Sed

1973 2659 2206 2728 qualiter
2231 2657 2472 2712 caelestia
2513 2655 2598 2710 illa
2630 2654 2856 2708 miriﬁca
2899 2663 3239 2710 sacramenta
3272 2655 3476 2724 absque
3515 2663 3564 2707 te

1972 2766 2092 2807 esse
2129 2750 2351 2804 dicenda
2398 2756 2521 2802 sunt
2558 2748 2607 2812 ιι,
2657 2746 2747 2800 ubi
2781 2757 2869 2799 tua
2924 2745 3048 2810 licet
3081 2761 3185 2800 non
3217 2753 3422 2816 quanta
3458 2739 3562 2809 est,

1973 2843 2068 2900 sed
2124 2850 2386 2913 quantum
2419 2842 2589 2895 audiri
2642 2857 2672 2896 a
2723 2839 3038 2894 mortalibus
3084 2831 3280 2907 potest,
3310 2824 3565 2904 maiestas

1971 2939 2179 3009 digesta
2241 2937 2360 2992 est?
2413 2935 2566 2992 Unde
2621 2917 2768 2990 certe
2820 2943 2874 2988 et
2930 2932 3214 2988 verissime
3262 2939 3315 2984 et
3364 2930 3566 3000 plenis-

1970 3033 2135 3089 sime.
2166 3045 2386 3086 necesse
2447 3039 2526 3086 est
2585 3031 2831 3092 credere,
2883 3037 2934 3082 te
2980 3027 3034 3102 in
3081 3027 3185 3102 illis
3245 3025 3568 3100 lectionibus

1971 3138 2112 3186 esse,
2141 3132 2196 3178 et
2223 3136 2319 3198 per
2351 3121 2495 3191 ipsas
2526 3134 2632 3184 non
2681 3118 2951 3190 indignos,
2994 3118 3086 3173 sed
3112 3116 3303 3202 dignos
3334 3127 3388 3196 te
3424 3103 3566 3172 sem;

1970 3230 2065 3286 per
2103 3228 2298 3270 curare
2331 3231 2342 3266 :
2371 3211 2457 3266 ille
2496 3210 2639 3264 enim
2694 3225 2762 3264 ex
2804 3209 2936 3280 ipsis
2963 3207 3288 3263 lectionibus
3329 3222 3433 3262 non
3471 3223 3566 3262 cu-

1969 3316 2140 3373 ratur,
2176 3307 2268 3378 qui
2295 3305 2431 3362 fastu
2466 3303 2733 3374 superbia:
2757 3318 2863 3370 non
2896 3301 3220 3365 obcdiendo,
3261 3301 3354 3355 sed
3391 3289 3568 3379 disea-

1970 3403 2154 3457 tiendo
2185 3400 2420 3464 incedit;
2467 3412 2634 3474 seque
2682 3411 2790 3474 non
2839 3402 2930 3468 tuo
2969 3393 3154 3472 subdit
3192 3393 3424 3464 eloquio,
3469 3393 3565 3448 sed

1969 3509 2067 3548 suo
2124 3493 2251 3547 illud
2306 3493 2451 3560 cupit
2506 3489 2691 3560 rimari
2737 3504 2803 3543 ex
2855 3502 3062 3552 sensu;
3118 3495 3173 3539 et
3231 3487 3358 3538 dum
3416 3475 3566 3554 cupit

1970 3587 2064 3642 tibi
2089 3586 2371 3656 superbire
2413 3585 2613 3648 elatus,
2645 3598 2673 3635 a
2698 3597 2758 3636 se
2785 3581 2902 3656 ipso
2932 3579 3154 3634 delusus
3177 3577 3278 3632 sibi
3301 3585 3568 3648 repugnat

1969 3679 2256 3741 adversus;
2286 3692 2347 3730 ac
2374 3691 2472 3746 per
2507 3675 2609 3728 hoc
2642 3673 2813 3743 magis
2837 3670 3030 3742 morbo
3064 3670 3294 3732 laborat,
3321 3685 3430 3740 quo
3455 3669 3565 3724 dis-

1968 3770 2261 3824 cutientem
2291 3784 2349 3822 se
2390 3767 2661 3822 discutere
2697 3773 2868 3834 putat.
2907 3763 3043 3842 Vere
3089 3761 3296 3827 miseri,
3333 3769 3388 3816 et
3412 3751 3563 3816 certa

1971 3864 2177 3924 ratione
2204 3860 2452 3917 infelices
2478 3857 2709 3920 dicendi,
2747 3856 2839 3927 qui
2876 3855 3091 3925 eloquia
3127 3851 3405 3908 Creatoris
3444 3866 3566 3907 esse

1969 3953 2242 4010 credimus
2267 3950 2460 4014 nostri,
2496 3957 2551 4003 et
2601 3963 2664 4002 ea
2693 3944 3092 4002 rationabiliter
3119 3944 3367 4015 cupimus
3408 3942 3568 3997 truti-

1969 4062 2101 4102 nare
2130 4063 2141 4097 :
2173 4044 2324 4114 quasi
2363 4041 2508 4096 aliud
2548 4042 2614 4095 sit
2656 4041 2709 4094 in
2761 4055 2945 4095 rertuu
2976 4047 3168 4093 natura
3203 4037 3367 4103 ratio,
3399 4051 3564 4107 quam

1971 4147 2057 4192 tua
2085 4136 2373 4207 justissimi
2402 4133 2611 4202 jussio;
2645 4141 2740 4187 aut
2790 4132 2965 4202 ipsum
3008 4130 3372 4186 ratiocinandi
3419 4129 3566 4200 vigo-

1967 4247 2084 4289 rem
2135 4230 2351 4285 aliunde
2401 4229 2601 4284 habere
2632 4226 2809 4298 potuit
2846 4228 3028 4289 homo,
3056 4223 3157 4280 nisi
3191 4239 3221 4278 a
3253 4233 3305 4278 te
3343 4224 3569 4278 daretur

1967 4327 2016 4381 ei
2067 4325 2214 4382 nullo
2254 4325 2594 4397 praecedente
2627 4323 2823 4377 merito
2845 4337 2961 4377 suo.
2985 4320 3138 4389 Quod
3169 4323 3214 4374 si
3240 4335 3368 4376 vere
3396 4319 3566 4375 ratio-

1969 4436 2091 4480 nem
2115 4428 2172 4474 et
2194 4436 2302 4475 non
2335 4428 2543 4489 partem
2573 4415 2952 4472 rationabilem
2977 4415 3110 4470 vitio
3134 4417 3233 4468 suo
3254 4420 3565 4484 corruptam

263 4523 324 4570 et
373 4515 844 4582 innumerabiliter
891 4532 977 4586 me
1021 4516 1197 4588 ipsum
1243 4515 1498 4582 inficiam,
1537 4530 1642 4588 nec
1697 4531 1860 4588 sensu
1896 4533 1942 4606 ι)
1973 4513 2214 4579 haberet,
2240 4525 2517 4582 nunquam
2542 4508 2594 4564 in
2645 4508 2804 4563 rebus
2829 4522 2859 4560 a
2900 4522 2999 4561 suo
3025 4504 3281 4578 Creatore
3308 4500 3568 4606 expositis

264 4608 502 4673 sentire,
535 4619 742 4679 quanto
787 4609 958 4681 magis
990 4618 1049 4672 ut
1078 4624 1176 4680 per
1202 4607 1444 4680 linguam
1468 4607 1676 4680 valeam
1697 4623 1863 4680 gnar—

265 4714 446 4760 rarre.
477 4698 536 4768 In
563 4700 682 4771 ipso
703 4701 848 4764 enim
873 4715 1064 4772 gressu
1089 4706 1143 4754 et
1165 4699 1484 4770 incessionis
1504 4698 1693 4760 habitu
1720 4712 1862 4770 saepe

263 4792 518 4861 concide.
549 4791 618 4848 Et
644 4792 737 4862 qui
763 4801 973 4848 tantum
1019 4790 1217 4858 silens,
1244 4805 1345 4846 nec
1369 4790 1614 4862 cogitans
1637 4801 1858 4860 peccat;

261 4886 399 4957 quid
438 4885 686 4956 loquens,
736 4884 820 4950 vel
859 4892 1118 4954 tractans,
1162 4883 1264 4952 nisi
1303 4883 1560 4956 delictum
1592 4881 1859 4954 centupli-

264 4979 395 5034 cat?
446 4977 581 5042 Cum
633 4978 780 5050 enim
833 4980 951 5051 ipsa
979 4977 1269 5052 medicina,
1302 4994 1406 5052 qua
1440 4987 1626 5038 nostra
1678 4976 1861 5032 ulcera

265 5088 454 5140 curas,
482 5074 614 5128 mihi
649 5073 896 5138 vulnera,
927 5088 1033 5128 non
1067 5070 1361 5130 fomentum
1405 5071 1704 5144 parturiat;
1733 5069 1862 5140 quid

259 5165 418 5222 aliud
438 5167 703 5238 aegritudo
743 5182 866 5224 mea
894 5181 1056 5237 quam
1094 5164 1340 5239 mortalis
1372 5165 1600 5240 dicenda
1631 5171 1733 5244 est,
1774 5163 1863 5217 ubi

264 5274 380 5322 non
411 5275 538 5326 cura
577 5259 819 5326 coalestis
838 5259 1077 5330 proﬁcit,
1112 5258 1207 5318 scd
1229 5259 1406 5330 magis
1439 5257 1721 5332 dolentem
1769 5273 1862 5312 oc-

257 5352 422 5426 sidit.
458 5353 537 5419 Τμ
571 5354 742 5421 enim,
773 5354 1000 5416 Domine
1021 5352 1184 5420 Deus,
1213 5351 1282 5408 ad
1303 5349 1596 5434 militaturi
1622 5358 1862 5422 nostram

342 5549 371 5579 ι
411 5536 534 5604 Ms.,
564 5549 726 5594 aucte.

343 5609 372 5649 δ
399 5607 524 5680 Ms»,
537 5610 818 5680 jactamiw
836 5619 1005 5664 vana.

342 5691 364 5717 ι·
398 5679 521 5745 Ms.,
540 5679 812 5735 ’celestius.

337 5752 367 5792 ἀ
396 5751 519 5820 Ms.,
541 5769 634 5822 per
655 5753 962 5808 dictionum.

346 5836 370 5864 ο
405 5822 524 5888 δίε..
559 5834 854 5886 tantusque.

1974 4606 2241 4660 rationem
2263 4605 2595 4672 exquireret,
2633 4616 2663 4654 a
2692 4614 2799 4668 quo
2834 4598 3100 4652 rationem
3133 4598 3305 4666 ipsum
3336 4593 3435 4649 sibi
3466 4594 3563 4676 da-

1971 4707 2078 4752 tam
2107 4694 2388 4766 cognoscit
2413 4712 2424 4747 :
2471 4706 2597 4746 vere
2624 4691 2771 4747 enim
2806 4690 2998 4760 ingens
3027 4686 3352 4757 desipientia
3377 4679 3563 4741 nOStra

1965 4802 2131 4850 ausus
2164 4787 2180 4826 ί
2212 4799 2338 4840 suos
2371 4783 2438 4837 ad
2467 4782 2684 4837 scienda
2717 4779 2886 4834 tendit
2909 4777 3092 4832 illicita
3121 4794 3134 4829 :
3181 4784 3237 4831 et
3263 4776 3390 4834 dum
3417 4771 3566 4854 cupit

1968 4880 2109 4942 scire
2144 4877 2287 4948 quod
2337 4873 2615 4931 sciendum
2671 4872 2979 4928 nullatenus
3004 4870 3152 4934 licet,
3186 4869 3420 4942 seipsum
3469 4884 3562 4925 co-

1967 4969 2214 5036 ,lundium
2244 4967 2491 5022 hostibus
2517 4963 2741 5040 prabet,
2775 4961 2900 5032 quia
2933 4961 3078 5032 quod
3133 4960 3183 5015 ei
3237 4960 3422 5014 datum
3451 4975 3482 5014 a
3517 4967 3567 5015 te

1974 5062 2113 5118 scire
2142 5076 2247 5116 non
2297 5058 2506 5123 habuit,
2536 5055 2727 5111 lrivole
2764 5054 3089 5125 inquirendo
3112 5053 3397 5124 desquirit,
3422 5051 3566 5121 quod

1975 5156 2368 5216 rationabiliter
2395 5172 2423 5210 a
2461 5153 2585 5209 tein
2617 5149 2914 5222 primOrdio
2943 5164 3047 5228 non
3078 5148 3303 5219 accepit.
3333 5145 3390 5202 Si
3420 5145 3566 5201 enim

1975 5255 2136 5314 homo
2165 5253 2402 5323 seipsum
2439 5249 2576 5305 bene
2602 5245 2980 5329 perpenderet,
3006 5252 3063 5324 et
3095 5243 3272 5313 seipso
3297 5238 3564 5295 rationem

1977 5361 2138 5418 quam
2162 5343 2390 5414 inquirit
2418 5341 2621 5422 utiliter
2649 5346 3066 5423 compensant;
3105 5333 3360 5418 quoniam
3382 5330 3476 5402 qui
3499 5343 3565 5384 ea

2051 5525 2069 5564 ί
2104 5525 2226 5587 Ms.,
2258 5523 2319 5578 F.
2345 5538 2475 5576 esse.

2046 5600 2071 5636 ε
2101 5596 2162 5651 F.
2192 5593 2560 5664 compluerem.

2042 5673 2062 5708 ι·
2095 5667 2216 5732 Ms.,
2247 5676 2344 5720 est.

2046 5744 2059 5781 ί
2094 5737 2191 5794 Ms.
2204 5777 2220 5802 ,
2235 5751 2412 5790 ausos.
