4034 6350
564 369 669 424 407

1837 362 2094 422 ALVARI
2131 358 2608 424 CORDUBENSIS

3696 391 3776 449 408

566 500 704 558 qua}
732 483 874 540 infra
910 501 991 552 se,
1039 485 1125 541 vel
1173 485 1230 540 in
1259 499 1337 549 se,
1388 475 1631 553 quotidie
1679 490 1916 554 aguntur
1964 479 2163 548 nescit,
2193 482 2243 541 Α
2269 481 2521 538 omnibus
2543 487 2812 555 misereri,
2836 499 2892 545 et
2906 492 3069 548 etiam
3099 509 3205 549 non
3226 496 3545 556 merentibus
3569 501 3690 561 viam
3712 523 3778 567 sa.

565 576 730 635 stulte
771 577 981 633 Domini
1026 577 1108 632 sui
1152 591 1317 646 opera
1353 575 1554 630 librare
1580 587 1606 616 ι
1630 574 1801 644 cupit,
1845 573 1936 644 qui
1965 573 2046 628 sui
2078 573 2153 642 ig-

565 684 735 726 narus
787 668 1048 739 perpetim
1083 675 1281 722 manet.
1340 665 1409 720 Et
1458 681 1581 721 cum
1613 680 1713 721 nos
1760 665 2050 720 miserrimi
2099 663 2154 717 in

560 765 755 823 bestiis
780 773 836 820 et
875 762 1314 834 quadrupedibus
1340 761 1646 816 voluntates
1691 769 1907 816 nostras
1934 755 2177 829 implea;

561 875 708 921 mus,
733 867 788 913 et
820 858 981 913 etiam
1011 857 1141 928 ipsis
1165 856 1355 910 avibus
1396 863 1452 909 et
1488 854 1729 925 piscibus
1778 869 1844 908 ex
1897 861 1987 906 tuo
2016 851 2158 906 dono

563 953 915 1023 imperemus,
942 958 993 1004 et
1019 950 1211 1021 partim
1246 950 1297 1003 in
1327 949 1528 1010 cibum,
1561 949 1756 1020 partim
1792 949 1844 1002 in
1876 944 2157 1014 adjumen-

563 1053 680 1100 tum
716 1045 743 1084 ι’
773 1059 839 1100 ex
868 1043 998 1113 ipsis
1023 1042 1108 1098 vel
1135 1042 1435 1112 capiamus,
1466 1040 1550 1096 vel
1573 1040 1912 1105 occidamus,
1937 1056 2038 1095 nec
2059 1053 2157 1109 pro

562 1137 671 1210 hoc
701 1137 966 1190 rationem
1005 1135 1111 1190 illis
1150 1150 1287 1204 quos
1330 1134 1628 1204 premimus
1655 1133 1962 1196 reddamus,
1989 1146 2158 1202 quare

562 1229 668 1284 hoc
697 1227 947 1292 facimus,
973 1227 1058 1283 vel
1085 1243 1181 1283 cur
1202 1227 1348 1282 illiet
1375 1226 1448 1280 illi
1470 1241 1574 1280 non
1599 1235 1728 1280 sunt
1747 1227 1913 1282 occisi
1942 1243 1956 1291 ;
1991 1239 2159 1294 quare

561 1321 650 1376 isti
679 1329 736 1376 et
776 1321 864 1375 isti
895 1328 1020 1375 sunt
1054 1320 1122 1374 ad
1149 1318 1516 1388 adjumentum
1550 1328 1571 1357 ο
1618 1317 1686 1371 ab
1740 1318 2015 1373 occisione
2043 1333 2160 1373 ser-

562 1413 708 1477 vati;
744 1413 1006 1468 rationem
1050 1412 1234 1467 miseri
1271 1411 1537 1467 factorum
1570 1419 1783 1464 tuorum
1809 1409 2154 1480 inquirimus,

563 1505 656 1578 qui
707 1504 1107 1560 rationabiliter
1128 1503 1260 1574 quid
1285 1505 1358 1558 sit
1407 1517 1617 1574 sapere,
1647 1502 1755 1558 nisi
1778 1517 1876 1574 per
1903 1509 1954 1558 te
1977 1502 2157 1558 addis-

563 1613 690 1656 cere
717 1615 823 1654 non
852 1613 1157 1669 possumus.

631 1696 684 1750 4.
716 1695 966 1766 Nunquid
1018 1709 1048 1749 a
1086 1691 1244 1748 nobis
1285 1691 1491 1763 praemii
1536 1689 1738 1760 aliquid
1775 1689 2054 1760 accepisti,
2101 1698 2162 1745 ut

559 1787 814 1848 creares?
840 1796 932 1842 aut
970 1785 1219 1841 dedimus
1262 1784 1358 1839 tibi
1411 1786 1639 1854 pretium
1669 1781 1851 1853 operis
1876 1781 2074 1846 nostri,
2100 1767 2160 1836 ut

2258 573 2386 632 lutis
2419 578 2611 634 solitus
2649 596 2708 636 es
2740 581 2980 638 tribuere
3017 599 3031 638 :
3079 585 3172 640 sed
3223 588 3514 659 iniquitates
3528 611 3640 650 mere
3675 602 3780 658 sicut

2259 683 2392 722 onus
2437 686 2593 739 grave
2648 683 2878 742 gravata:
2906 685 3030 729 sunt
3071 693 3224 748 super
3280 697 3361 734 me
3410 681 3570 752 (Psal.
3604 703 3778 760 xxmt,

2259 757 2334 827 5).
2371 757 2500 827 Quae
2544 763 2903 820 crassitudine
2967 766 2994 806 ιι
3056 767 3138 822 sui
3208 771 3403 826 nubem
3474 757 3783 846 opposuerunt

2259 848 2404 906 inter
2459 862 2511 908 te
2563 864 2616 908 ct
2673 870 2750 911 se.
2797 855 2908 912 Nec
2962 858 3105 916 valet
3151 863 3324 917 oratio
3367 867 3432 920 ad
3487 877 3654 934 tuum,
3701 874 3784 931 Do.

2261 944 2426 1008 mine,
2460 948 2713 1003 thronum
2757 953 3068 1017 ascendere,
3118 969 3274 1026 quem
3307 960 3509 1028 pondus
3545 965 3783 1040 caligiuum

2261 1044 2420 1092 terra:
2439 1041 2637 1109 premit
2662 1043 2946 1101 inluerere.
2985 1045 3155 1112 Mitte,
3208 1051 3450 1118 Domine,
3491 1058 3670 1114 scalam
3707 1064 3785 1118 mi-

2259 1129 2571 1188 sericordiae
2619 1142 2741 1204 tuae,
2784 1146 2840 1191 et
2877 1153 2974 1208 per
3017 1141 3218 1210 gradus
3268 1147 3284 1185 ι
3332 1161 3418 1202 me
3454 1162 3698 1220 repentem
3725 1155 3786 1212 fac

2261 1222 2357 1316 tibi
2404 1226 2721 1291 ascendere,
2769 1245 2932 1299 quem
2967 1232 3311 1292 imbecillitas
3347 1240 3534 1310 pedum
3577 1243 3623 1297 in
3652 1249 3788 1316 primo

2262 1315 2426 1371 etiam
2461 1319 2632 1388 gradu
2679 1337 2784 1377 non
2832 1327 3100 1394 permittit
3142 1341 3306 1386 stare.
3342 1333 3406 1387 Et
3457 1338 3544 1406 qui
3579 1315 3676 1395 toto
3697 1357 3788 1398 cor-

2258 1423 2392 1479 pore
2425 1418 2665 1468 tremore
2703 1419 3031 1486 concutitur,
3083 1436 3184 1478 nec
3212 1424 3264 1478 in
3309 1442 3416 1480 uno
3443 1431 3710 1488 consistere
3739 1435 3788 1490 ab

2262 1499 2380 1570 ipso
2435 1501 2582 1560 findo
2627 1519 2868 1566 tremore
2919 1515 3274 1583 permittitur,
3325 1528 3414 1575 tua
3451 1522 3636 1579 virtute
3662 1527 3789 1582 stabi-

2259 1589 2445 1648 liendo
2493 1595 2762 1656 firmetur.
2811 1602 2890 1657 Tu
2921 1607 3067 1661 enim
3117 1623 3196 1674 es,
3228 1609 3472 1681 Domine,
3514 1617 3597 1685 qui
3632 1619 3788 1674 scalam

2262 1686 2420 1744 nobis
2452 1705 2674 1748 crucem
2723 1703 2870 1752 tuam
2905 1698 3125 1768 dedisti,
3159 1719 3321 1774 quam
3351 1714 3420 1771 et
3462 1707 3606 1764 nobis
3643 1709 3790 1768 tollere

2264 1775 2609 1849 humeribus,
2639 1794 2696 1840 et
2725 1795 2775 1841 te
2806 1803 3036 1859 sequere
3078 1808 3212 1863 pura
3269 1805 3451 1854 mente
3484 1801 3690 1871 jussisti.
3732 1803 3792 1859 Tu

557 1880 906 1939 redimeres?
938 1878 1098 1934 Certe
1142 1877 1196 1932 in
1229 1875 1538 1932 conditione
1582 1882 1768 1929 nostra
1816 1881 1996 1929 cessat
2043 1873 2158 1929 hzec
2191 1849 2241 1910 Β
2268 1873 2412 1928 enim
2437 1890 2497 1931 es
2522 1877 2666 1932 scala
2692 1881 3046 1948 credentium,
3080 1849 3206 1957 quia
3244 1904 3348 1959 per
3388 1899 3441 1946 te
3479 1849 3792 1963 gradientibus

556 1975 793 2032 humana
823 1972 1172 2028 fallacissima
1191 1967 1376 2034 'ratio,
1428 1968 1556 2039 quia
1585 1966 1820 2039 qualiter
1863 1982 1922 2023 se
1952 1966 2154 2022 factum

554 2067 724 2132 videt,
775 2080 911 2120 vana
959 2079 1068 2119 non
1119 2062 1264 2116 valet
1307 2077 1567 2116 enarrare
1622 2059 1971 2130 praesumptio
2014 2077 2027 2114 :
2063 2058 2156 2128 qui

556 2159 700 2215 enim
727 2159 992 2229 rationem
1020 2171 1132 2212 suae
1157 2153 1485 2210 conditionis
1515 2153 1750 2223 ignoret,
1775 2151 2046 2221 quomodo
2070 2166 2159 2205 ra-

560 2250 763 2304 tionem
785 2249 1016 2304 aliorum
1040 2261 1265 2317 operum
1293 2254 1507 2300 tuorum
1534 2243 1810 2313 inquirere
1833 2251 2005 2298 tentat
2025 2243 2050 2296 ?
2072 2240 2156 2296 vel

555 2351 706 2397 certe
736 2341 880 2395 dicat
937 2354 1090 2394 vanae
1139 2337 1540 2393 ratiocinatoris
1581 2337 1876 2407 exquisitio
1913 2335 2157 2406 corporis

555 2431 890 2502 qualitatem,
921 2431 1005 2486 vel
1034 2432 1399 2486 membrorum
1428 2429 1804 2500 compaginem
1836 2427 2156 2482 harmonice

556 2523 660 2579 sibi
707 2524 938 2581 invicem
983 2524 1382 2588 cohaerentem,
1429 2537 1525 2578 seu
1581 2522 1760 2576 locum
1800 2521 2155 2576 habitationis

493 2621 497 2628 '
556 2616 751 2670 animae
781 2615 1041 2688 proferat,
1065 2625 1120 2671 et
1141 2615 1428 2686 originem,
1451 2615 1495 2670 si
1517 2625 1667 2670 certe
1697 2614 1839 2685 sapit
1868 2614 1984 2684 ejus
2013 2612 2155 2668 unde

553 2706 772 2771 existat,
798 2708 1036 2779 inquirat
1067 2726 1078 2761 :
1111 2715 1166 2762 et
1189 2707 1269 2762 sic
1293 2715 1344 2761 te
1364 2723 1636 2762 summum
1664 2708 1861 2761 bonum
1885 2706 2156 2761 discutere

555 2812 753 2872 tuaque
783 2801 985 2872 judicia
1013 2799 1040 2840 ἀ
1069 2801 1263 2857 audeat
1302 2814 1679 2871 compensare.
1724 2797 1866 2863 Scis,
1900 2797 2150 2862 Domine,

551 2901 612 2946 ut
638 2892 764 2961 quid
794 2893 893 2947 ista
929 2892 1268 2962 protulerim,
1303 2901 1360 2946 et
1388 2891 1514 2962 quia
1547 2891 1930 2961 memetipsum
1959 2891 2011 2944 iu
2042 2891 2146 2944 hoc

554 2985 840 3039 destruere
863 2983 1147 3038 voluerim.
1176 2983 1289 3038 Nec
1318 2975 1550 3038 aliorum
1575 2991 1739 3037 {estus
1765 2994 1787 3022 θ
1811 2999 1974 3052 quam
1999 2997 2151 3037 meos

554 3091 586 3129 a
637 3083 689 3128 te
739 3075 985 3145 cognitos
1009 3073 1211 3144 aperiri
1270 3089 1375 3128 non
1419 3073 1573 3143 quasi
1610 3073 1781 3128 inscio
1825 3073 2009 3137 malui,
2055 3071 2150 3128 sed

551 3168 711 3238 quasi
733 3168 1006 3238 paenitens
1029 3167 1412 3222 obscuratione
1434 3167 1647 3222 narravi
1669 3179 1691 3232 ;'
1716 3167 1844 3237 quia
1872 3167 1998 3221 licet
2029 3167 2145 3221 lucc

555 3275 643 3314 me
694 3269 784 3314 tua
814 3259 944 3316 facit
990 3259 1361 3314 misericordia
1408 3259 1615 3316 utiliter
1658 3261 1821 3324 scire,
1851 3268 2030 3313 tamen
2081 3275 2149 3315 ex

553 3351 852 3421 improviso
884 3351 935 3404 in
960 3351 1126 3407 rebus
1166 3349 1304 3406 bene
1351 3351 1614 3421 expositis
1647 3350 1841 3404 iterum
1883 3349 2152 3404 dubitatio

550 3442 745 3508 oritur,
771 3452 827 3498 et
858 3452 1007 3498 tuum
1059 3444 1344 3499 tutamenti
1393 3441 1730 3498 obstaculum
1784 3441 1958 3512 ipsum
2005 3443 2150 3511 quod

550 3535 836 3590 sentiendo
864 3543 1051 3589 contra
1079 3550 1230 3590 meos
1258 3549 1475 3589 errores
1495 3532 1719 3603 opposui
1757 3532 1999 3601 indigere
2027 3549 2150 3603 per-

550 3629 748 3699 pendo.
776 3629 920 3686 Doce
967 3646 1116 3702 ergo,
1171 3630 1421 3694 Domine,
1455 3640 1690 3685 mentem
1720 3628 2067 3693 intrinsecus,
2095 3635 2152 3684 et

549 3721 606 3777 in
663 3737 726 3778 ea
789 3737 909 3793 quae
951 3722 1203 3778 docueris
1230 3721 1589 3777 haesitationis
1621 3730 1676 3776 tu
1705 3721 1860 3775 deme
1888 3728 2052 3776 aestus
2094 3719 2140 3775 τ.

552 3817 685 3873 Esto
730 3817 839 3872 dux
890 3817 1107 3872 itineris
1137 3817 1374 3880 servulo,
1401 3817 1488 3871 via
1521 3817 1672 3888 regia
1701 3831 1933 3874 erroneo
1956 3815 2145 3887 profu-

552 3922 644 3977 go,
676 3907 943 3961 medicina
982 3907 1148 3961 variis
1201 3906 1551 3978 languoribus
1597 3909 1806 3974 saucio,
1844 3909 1969 3979 quia
2003 3918 2057 3963 tu
2087 3923 2148 3964 es

551 3997 643 4050 lux
663 3997 907 4051 omnium
929 3998 1271 4064 szeculorum,
1289 3998 1514 4054 dulcedo
1552 4009 1888 4064 sanctorum,
1917 3999 2147 4055 firmitas

555 4087 921 4155 inﬁrmorum,
973 4093 1184 4146 curatio
1235 4091 1599 4162 leprosorum,
1633 4093 1746 4147 vita
1781 4100 2143 4156 mortuorum,

553 4183 818 4238 fortitudo
837 4181 1131 4251 justorum,
1179 4184 1519 4238 subditorum
1550 4183 1878 4254 exemplum,
1922 4183 2007 4237 via
2035 4196 2146 4238 cre-

554 4275 824 4340 dentium,
854 4276 1103 4346 gaudium
1155 4275 1494 4345 angelorum.
1527 4274 1630 4329 Pcr
1673 4285 1724 4329 te
1762 4274 2035 4344 principes
2061 4288 2145 4328 re-

551 4376 720 4441 gnant
753 4364 935 4439 (Prov.
965 4384 1087 4433 vni,
1126 4369 1232 4438 l5).
1271 4367 1392 4422 Tibi
1425 4366 1600 4437 angeli
1632 4366 1914 4420 famulant.
1953 4365 2028 4421 Te
2056 4381 2145 4421 ar-

549 4459 801 4531 changeli
859 4460 1130 4515 nuntiant.
1172 4457 1250 4515 Te
1276 4457 1514 4514 Virtutes
1550 4459 1800 4513 adorant.
1832 4457 1909 4514 Te
1935 4457 2143 4515 Cheru-

547 4552 660 4608 bim
684 4566 749 4606 ac
779 4550 1064 4620 Seraphim
1093 4550 1400 4606 incessabili
1435 4565 1568 4607 voce
1595 4550 1822 4606 Triuum
1851 4551 2140 4608 Dominum

543 4641 720 4710 caelis,
748 4642 1059 4699 hominibus
1108 4643 1380 4697 nuntiant.
1419 4640 1499 4697 Tu
1538 4643 1756 4713 requies
1803 4643 2142 4714 patriarcha-

546 4751 689 4790 rum.
723 4734 803 4788 Tu
851 4733 1090 4789 laudatio
1135 4732 1543 4804 prophetarum.
1578 4733 1656 4788 Tu
1681 4735 1976 4790 exsultatio
2002 4751 2142 4790 mar-

546 4838 749 4899 tyrum.
795 4826 876 4882 Tu
923 4828 1156 4898 hymnus
1189 4825 1478 4898 virginum.
1506 4825 1585 4881 Tu
1615 4827 1894 4896 praemium
1922 4825 2136 4884 confes-

545 4933 750 4978 sorum.
783 4919 864 4975 Tu
889 4935 1017 4977 vere
1057 4918 1356 4974 Sabbatum
1388 4920 1413 4961 ⁸
1436 4920 1734 4976 electorum
1770 4938 1784 4975 :
1818 4921 1946 4992 quia
1985 4931 2138 4976 tuum

543 5022 627 5070 est
655 5023 711 5068 et
739 5013 793 5068 iu
819 5021 872 5068 te
896 5023 981 5067 est
1008 5027 1238 5083 regnum
1266 5011 1547 5070 ctelorum.
1580 5014 1805 5069 Domine
1834 5015 1998 5079 Deus,
2022 5015 2138 5084 pla-

543 5112 666 5160 ceat
695 5104 790 5158 tibi
813 5103 1022 5172 eripere
1041 5111 1130 5159 me
1154 5117 1189 5158 a
1209 5099 1557 5158 damnatione
1589 5103 1911 5174 iniquissimi
1937 5106 2134 5171 hostis,

543 5203 597 5249 ct
622 5193 910 5249 restituere
937 5208 1025 5250 me
1052 5192 1154 5250 sub
1177 5193 1309 5265 jugo
1338 5201 1442 5249 tute
1466 5194 1806 5250 suavissimae
1825 5197 2132 5266 potestatis.

542 5285 692 5353 Quod
719 5279 1047 5354 si'iniquitas
1075 5300 1193 5341 mea
1223 5283 1360 5340 mihi
1413 5283 1471 5338 in
1508 5285 1611 5341 hoc
1653 5288 1835 5357 ipsum
1859 5288 2133 5355 adversat,

543 5391 630 5432 tua
660 5376 806 5451 larga
832 5377 1202 5434 misericordia
1235 5375 1412 5447 ipsam
1437 5392 1618 5435 meam
1648 5379 1988 5450 iniquitatem
2019 5381 2133 5436 dis-

541 5479 774 5542 rumpat.
831 5469 958 5528 Scio
984 5471 1151 5535 enim,
1181 5467 1432 5538 Domine,
1484 5469 1600 5528 scio
1630 5472 1757 5543 quia
1801 5480 2026 5544 paratus
2074 5488 2134 5528 es

609 5624 632 5650 τι
667 5609 787 5678 Ms.,
820 5611 1062 5670 liberare.

612 5684 680 5757 *fc‘
696 5682 825 5757 llis"
850 5687 902 5741 in
925 5685 1257 5757 adfirmante.
1285 5680 1357 5743 ad
1378 5685 1769 5757 adiumentum.

605 5753 630 5793 ά
664 5753 760 5809 Ms.
772 5797 786 5821 ,
815 5753 1032 5810 indicio.
1451 5755 1461 5768 ’

607 5825 657 5864 τί
687 5825 777 5880 tu.
791 5867 804 5888 .
833 5836 990 5880 θεῖοι

2177 3217 2224 3281 C

2262 1973 2317 2021 te
2340 1965 2514 2038 ipsum
2542 1971 2752 2039 praebes
2797 1974 2851 2030 in
2881 1977 3184 2045 prmmium.
3215 1980 3325 2036 Per
3350 1984 3488 2040 hanc
3513 1987 3692 2042 scalam
3720 1987 3792 2044 Ju-

2261 2057 2358 2151 das
2389 2059 2691 2130 descendit,
2717 2075 2770 2120 et
2799 2064 2999 2124 Paulus
3028 2081 3078 2125 te
3108 2085 3342 2130 vocante
3386 2077 3451 2132 ad
3493 2086 3544 2133 te
3588 2081 3793 2151 superius

2260 2149 2580 2208 innitentetn
2613 2158 2877 2214 ascendit.
2908 2159 3014 2216 Per
3043 2163 3185 2220 hanc
3204 2165 3378 2222 Judtei
3406 2170 3471 2224 ad
3498 2149 3659 2226 terras
3688 2174 3794 2226 dila-

2258 2242 2340 2312 psi
2378 2253 2526 2310 sunt,
2557 2254 2612 2301 et
2657 2258 2848 2319 gentes
2892 2253 2959 2307 ad
3000 2256 3197 2310 caelum
3246 2262 3510 2331 assumpti
3549 2273 3677 2317 sunt.
3719 2263 3794 2318 Per

2259 2333 2401 2390 hanc
2427 2339 2670 2405 quotidie
2700 2350 3032 2411 peccatores,
3077 2355 3129 2402 te
3161 2349 3412 2419 jubente,
3435 2353 3498 2408 ad
3537 2369 3736 2424 superna
3753 2371 3794 2410 se

2259 2428 2568 2483 mundando
2617 2435 3010 2501 conscendunt,
3064 2448 3120 2493 et
3169 2441 3237 2496 de
3293 2457 3391 2498 sua
3456 2458 3794 2514 prtesumeutes

2251 2515 2461 2586 justitia
2494 2522 2560 2575 ad
2592 2522 2802 2581 inferna
2826 2529 3122 2601 praecipitis
3162 2545 3450 2591 corruunt.
3482 2536 3585 2592 Fac
3609 2553 3697 2602 me.
3718 2540 3796 2593 Do-

2258 2611 2424 2703 mine,
2455 2615 2674 2670 utsicut
2705 2615 2810 2673 lide
2841 2620 3002 2693 hujus
3037 2625 3197 2681 scalae
3229 2629 3407 2683 merui
3436 2630 3682 2701 attingere
3701 2646 3794 2703 gra-

2257 2701 2376 2768 dus,
2402 2704 2476 2759 ita
2498 2720 2663 2776 opere
2694 2709 2925 2768 ﬁrmiter
2947 2715 3000 2770 in
3027 2717 3232 2774 eisdem
3259 2721 3472 2777 valeam
3494 2721 3678 2794 jugiter
3696 2701 3792 2795 per-

2256 2811 2499 2854 manere.
2533 2798 2611 2853 Tu
2639 2802 2782 2857 enim
2825 2819 2886 2860 es
2925 2809 3016 2877 qui
3045 2819 3334 2868 nutantem
3366 2815 3690 2879 corroboras,
3721 2816 3791 2884 qui

2257 2887 2464 2944 debiles
2491 2888 2699 2957 firmas,
2725 2895 2818 2964 qui
2855 2893 3022 2954 fortes
3062 2901 3394 2961 stabilienda
3423 2923 3654 2963 coronas.
3678 2907 3794 2962 Nun~

2254 2979 2386 3048 quid
2416 2980 2616 3040 Paulus
2647 2995 2861 3057 poterat
2885 2998 2937 3044 te
2974 2992 3181 3060 videre,
3219 2998 3328 3054 nisi
3358 3010 3412 3054 tu
3451 3017 3568 3056 eum
3592 3011 3699 3056 ante
3720 3017 3792 3056 vo-

2253 3074 2447 3130 cares?
2487 3074 2580 3132 Sic
2623 3087 2679 3133 et
2717 3080 3016 3150 Abraham,
3047 3097 3202 3156 pater
3223 3092 3414 3162 utique
3440 3095 3682 3164 gentium,
3707 3095 3794 3149 sine

2256 3172 2349 3220 tua
2374 3171 2655 3226 vocatione
2684 3189 2790 3229 non
2831 3184 2914 3231 est
2952 3193 3202 3248 egressus
3235 3200 3248 3236 :
3289 3185 3386 3240 sed
3414 3186 3548 3241 sicut
3573 3202 3599 3240 a
3629 3197 3673 3242 te
3698 3188 3791 3240 boni

2255 3265 2436 3333 operis
2459 3267 2688 3336 sumpsit
2718 3268 2954 3336 initium,
2984 3273 3058 3328 ita
3105 3284 3161 3330 et
3205 3275 3297 3333 ille
3338 3280 3650 3350 obsequendi
3685 3295 3795 3351 prmo

2255 3355 2374 3412 buit
2423 3358 2718 3416 voluntatis
2747 3362 3088 3434 obsequium.
3120 3366 3231 3425 Nec
3271 3373 3423 3427 enim
3470 3382 3666 3443 poterat
3704 3372 3792 3426 ﬁeri

2255 3457 2313 3503 ut
2345 3464 2506 3519 quem
2545 3453 2656 3506 vita
2704 3465 3043 3512 mortuorum
3086 3462 3338 3530 vocabat,
3377 3479 3522 3520 mors
3550 3465 3709 3534 iniqua
3736 3473 3793 3517 tc-

2255 3552 2442 3607 ucret;
2505 3552 2561 3598 et
2606 3559 2768 3614 quem
2818 3546 2910 3600 lux
2964 3549 3080 3620 ipsa
3129 3552 3548 3622 illuminaverat,
3603 3555 3794 3611 tenebrrc

2252 3635 2544 3691 obscurum
2574 3639 2810 3695 retinere
2839 3657 2947 3696 non
2969 3642 3240 3700 valebant.
3287 3645 3430 3704 Voca
3461 3664 3565 3714 me,
3589 3647 3792 3712 Domine,

2252 3737 2306 3784 et
2353 3730 2519 3787 dicito
2547 3732 2679 3787 mihi
2711 3754 2724 3786 ε
2755 3731 2833 3788 Tu
2880 3751 2963 3789 me
2991 3753 3203 3808 sequere
3233 3738 3422 3811 (Joan.
3461 3757 3568 3808 ut,
3597 3741 3707 3814 l9):
3753 3747 3794 3793 et

2252 3833 2539 3896 postquam
2563 3828 2867 3895 vocaveris,
2917 3837 2977 3884 ut
3014 3831 3265 3887 obediam
3320 3835 3436 3890 voci
3481 3843 3579 3890 tute
3618 3843 3667 3888 tu
3707 3831 3793 3888 cle-

2251 3934 2406 3974 mens
2433 3920 2702 3992 inspirare
2731 3922 2955 3995 dignare
2976 3925 3127 3980 cordi
3170 3942 3291 3982 meo
3327 3945 3340 3982 :
3374 3942 3666 3999 quanquam
3686 3923 3791 3980 nihil

2249 4009 2396 4064 aliud
2425 4010 2497 4065 sit
2521 4021 2611 4066 tua
2637 4013 2870 4079 vocatio,
2901 4015 3007 4070 nisi
3052 4031 3182 4073 vera
3226 4021 3519 4090 respectio.
3559 4017 3695 4073 Hanc
3718 4030 3791 4070 vo-

2249 4100 2517 4157 cationem
2553 4103 2788 4173 inquiro,
2820 4104 2963 4162 hanc
3007 4109 3408 4178 respectionem
3437 4110 3684 4174 desidero,
3720 4108 3793 4163 hu-

2243 4189 2548 4259 juscemodi
2598 4209 2788 4251 vocem
2839 4194 3143 4253 eil‘ectivam
3185 4202 3377 4258 audire
3427 4204 3634 4258 nimiter
3671 4199 3789 4254 sitio.

2249 4281 2356 4338 Sed
2383 4285 2625 4356 nunquid
2674 4302 2782 4342 non
2835 4289 3079 4345 vocasti?
3111 4294 3360 4364 nunquid
3409 4311 3514 4351 non
3568 4294 3630 4349 ad
3676 4304 3790 4348 tuam

2247 4375 2474 4446 gratiam
2499 4377 2776 4434 invitasti?
2803 4381 3044 4450 nunquid
3071 4398 3178 4438 non
3208 4385 3454 4455 quotidie
3473 4386 3621 4441 nobis
3640 4395 3789 4439 vocem

2245 4468 2549 4525 vocationis
2580 4478 2684 4526 tua:
2733 4471 2968 4528 misisti?
3012 4474 3124 4531 imo
3165 4478 3314 4532 omni
3345 4477 3500 4543 hora,
3529 4477 3663 4533 omni
3703 4488 3792 4529 mo-

2245 4567 2430 4614 mento
2473 4575 2638 4617 vocas
2683 4569 2741 4617 et
2793 4561 3045 4621 clamas:
3100 4574 3157 4622 et
3203 4581 3311 4624 non
3347 4567 3520 4624 solum
3560 4581 3652 4639 per
3687 4577 3786 4635 pro-

2245 4649 2439 4719 phetas
2464 4660 2606 4717 tuos,
2632 4666 2823 4709 verum
2846 4655 3012 4710 etiam
3040 4671 3138 4727 per
3163 4665 3217 4713 te
3253 4659 3454 4730 ipsum,
3480 4668 3537 4716 ut
3557 4673 3650 4715 uos
3672 4654 3728 4711 ad
3752 4663 3792 4707 te

2245 4757 2488 4809 vocares,
2520 4745 2738 4801 venisti.
2768 4747 2896 4802 Inde
2918 4749 3160 4818 quotidie
3180 4766 3278 4822 per
3298 4751 3642 4825 Evangelium
3671 4760 3789 4805 tuum

2243 4836 2402 4893 nobis
2425 4852 2532 4892 non
2564 4839 2902 4895 merentibus
2948 4840 3154 4898 clamas
3186 4859 3200 4898 :
3246 4842 3354 4910 Qui
3399 4845 3508 4900 sitit
3555 4843 3723 4904 veniat,
3754 4847 3792 4894 et

2243 4927 2407 4996 bibat,
2430 4940 2480 4984 et
2507 4931 2599 5003 qui
2625 4931 2810 4986 biberit
2853 4949 2919 4988 ea:
2965 4951 3104 5007 aqua
3131 4952 3290 5007 quam
3315 4954 3409 5008 ego
3452 4938 3584 4993 dabo
3604 4938 3676 5001 ei,
3711 4947 3791 4988 non

2240 5026 2376 5081 sitiet
2404 5028 2594 5082 iterum
2622 5025 2807 5098 (Joan.
2847 5043 2922 5095 tv,
2954 5029 3030 5101 7).
3060 5029 3129 5086 Et
3169 5045 3318 5099 vere,
3368 5031 3609 5097 Domine,
3638 5029 3717 5101 qui
3752 5033 3793 5079 ω

2239 5135 2371 5176 vero
2403 5120 2567 5177 corde
2591 5121 2730 5189 sitit,
2760 5123 3016 5180 haustum
3045 5126 3168 5181 vitae.
3209 5142 3316 5183 non
3365 5126 3639 5183 morientis
3682 5137 3710 5177 a
3752 5127 3792 5173 te

2241 5213 2474 5286 diguiter
2515 5216 2733 5272 sumit:
2784 5232 2886 5273 nec
2939 5217 3230 5289 aliquando
3283 5220 3436 5278 sitire
3484 5219 3625 5275 novit
3667 5212 3790 5284 cuius

2240 5321 2394 5362 mens
2424 5306 2500 5361 tui
2532 5307 2698 5364 fontis
2718 5309 2972 5380 poculum
3017 5312 3218 5367 haurit.
3257 5312 3364 5369 Sed
3410 5327 3547 5383 aqua
3578 5320 3679 5372 tua,
3707 5305 3790 5360 Do-

2241 5397 2406 5463 mine,
2443 5397 2585 5454 sicut
2614 5414 2848 5470 peccare
2872 5401 3249 5460 desinentibus
3274 5404 3440 5459 vitam
3483 5407 3704 5474 praestat.
3733 5395 3790 5450 ίῑι

2243 5487 2461 5545 adhunc
2496 5491 2855 5561 peccantibus
2903 5495 3106 5567 ignem.
3155 5511 3265 5554 non
3313 5496 3623 5568 satietatem
3657 5485 3788 5548 mini-

2316 5629 2342 5668 ⁸
2379 5625 2477 5681 Ms.
2489 5666 2505 5694 ,
2525 5625 2794 5684 sabbatus.

2310 5699 2339 5740 ιι
2364 5697 2489 5762 Ms.,
2517 5699 2802 5754 caslucine.

2317 5771 2336 5811 ί
2379 5766 2500 5834 Ms.,
2531 5769 2744 5836 grados.
