4034 6350
213 403 328 460 409

221 613 463 683 seipsum
492 618 597 660 non
622 600 934 672 refrigerat,
960 598 1056 654 sed
1079 597 1280 653 exurit.
1312 597 1532 660 Adesto,
1567 595 1816 660 Domine,

219 705 360 762 mihi
395 711 448 757 te
467 697 800 755 nescientem
832 693 986 748 sitire
1017 703 1043 731 ει
1079 709 1092 745 :
1124 699 1181 745 et
1211 689 1408 744 munda
1443 698 1502 743 ut
1529 687 1736 743 valeam
1769 695 1821 741 te

220 812 333 854 non
358 792 574 863 indigne
602 786 834 842 haurire.
870 782 1010 838 Ecce
1042 781 1182 837 Deus
1213 795 1365 835 meus
1395 777 1516 833 fons
1555 778 1656 833 iste
1677 785 1822 848 pater

222 885 468 942 omnibus
505 877 864 935 habitantibus
885 872 1179 930 Jerusalem
1206 873 1263 926 in
1297 871 1613 926 ablutionem
1642 886 1822 940 pecca-

221 990 421 1038 torum,
447 983 494 1028 et
539 981 878 1026 menstruam:
919 964 1106 1038 (Zach.
1161 979 1294 1029 xm,
1327 964 1402 1034 1).
1440 960 1544 1017 Sed
1591 960 1824 1031 qualiter

222 1082 410 1144 potum
442 1069 495 1122 in
527 1075 578 1121 te
616 1063 844 1134 accipio,
875 1060 967 1131 qui
1010 1059 1077 1114 ad
1107 1057 1253 1112 illum
1285 1057 1450 1112 animi
1497 1045 1685 1126 gressu
1715 1069 1822 1108 nou

225 1163 495 1237 prapero?
536 1161 603 1216 Et
637 1159 729 1230 qui
755 1155 942 1211 fractis
984 1153 1238 1208 cruribus
1267 1151 1495 1224 grabato
1530 1151 1822 1204 adhaerens

223 1257 532 1316 Jerusalem
561 1268 772 1325 nequeo
801 1249 1051 1313 introire,
1083 1263 1190 1319 quo
1218 1255 1380 1317 pacto
1408 1245 1474 1299 de
1501 1243 1650 1298 fonte
1672 1242 1820 1297 salu-

225 1354 333 1409 tari
365 1352 532 1423 ipsius
573 1363 658 1404 me
679 1345 871 1402 valebo
907 1344 1143 1415 potando
1173 1339 1470 1397 mundare?
1499 1337 1555 1394 Si
1583 1338 1729 1393 enim
1755 1353 1823 1392 ex

223 1442 626 1502 habitatoribus
653 1439 940 1495 existerent
988 1433 1347 1492 sanctissima!
1395 1431 1654 1494 civitatis,
1701 1445 1824 1486 cre-

224 1538 417 1594 derem
458 1547 544 1588 me
592 1527 856 1586 medelam
885 1525 1128 1596 recipere
1165 1523 1457 1580 sanitatis:
1492 1522 1619 1592 quia
1645 1532 1823 1592 portas

222 1630 342 1702 ejus
379 1624 650 1696 occuparit
684 1621 831 1677 salus
871 1630 920 1674 et
964 1633 1143 1674 muros
1186 1617 1350 1688 ipsius
1404 1615 1643 1669 laudatio
1684 1612 1821 1684 (Ita.

223 1739 315 1789 ιχ,
347 1721 426 1791 8).
457 1719 536 1774 Τιι
561 1732 711 1781 vero,
752 1715 896 1770 Deus
943 1726 1116 1777 meus,
1166 1710 1259 1781 qui
1309 1707 1668 1781 paraiyticum
1715 1721 1822 1761 non

224 1815 517 1871 habentem
545 1810 636 1881 qui
676 1823 734 1863 se
766 1807 818 1862 in
852 1804 1137 1878 piscinam,
1184 1801 1311 1858 dum
1343 1801 1556 1857 turbata
1601 1799 1820 1865 fuisset,

1695 389 2094 449 tZONFL‘SSlU.

217 525 381 579 urat.
412 513 481 570 Et
510 520 660 568 certe
687 506 934 578 quisquis
965 504 1216 576 indignus
1244 504 1371 559 huic
1417 501 1554 558 fonti
1584 501 1810 565 accedit,
1841 508 1894 564 Λ
1920 502 2296 562 mandatorum
2366 489 2583 564 tuorum
2644 509 2954 581 snperbiam
3021 511 3248 581 reﬁcere

3403 399 3506 454 410

3319 530 3332 566 :
3413 515 3510 570 sed

1904 606 2105 677 utrum
2154 600 2474 656 assiduitate
2524 600 2765 674 ejusdem
2817 601 3035 676 ligatus,
3082 619 3146 658 ac
3200 615 3222 644 ο
3280 605 3511 678 segnitia

1922 693 2270 763 prmpeditns,
2299 695 2443 764 quod
2487 695 2642 749 avide
2675 696 2832 766 cupio
2860 697 3084 769 implere
3107 698 3370 768 operibus
3415 715 3513 756 ne-

1924 798 2082 854 queo.
2109 783 2217 839 Sed
2242 785 2481 857 nnnquid
2506 786 2549 841 si
2575 796 2721 842 recte
2748 797 3093 859 cuperem,et
3119 803 3184 845 ex
3215 800 3328 846 toto
3348 792 3513 851 corde

1929 884 1978 930 te
2005 876 2056 929 iu
2094 877 2194 931 hoc
2221 875 2521 946 adiutorem
2549 893 2855 948 precarem,
2889 880 3021 935 mihi
3049 880 3373 950 adjutorium
3404 900 3512 941 non

1924 965 2147 1037 largires
2175 969 2265 1038 qui
2310 970 2470 1023 etiam
2521 985 2625 1024 non
2669 972 3012 1040 precantibus
3053 973 3372 1045 plerumque
3411 975 3508 1031 ad-

1918 1057 2068 1127 jutor
2111 1061 2336 1116 existis?
2374 1060 2623 1131 Nunquid
2672 1077 2780 1117 non
2823 1074 2876 1118 tu
2904 1080 2963 1120 es
2987 1070 3076 1134 qui
3110 1081 3216 1120 non
3255 1069 3514 1123 merenti-

1926 1150 2027 1205 bus
2057 1166 2226 1222 aquas
2250 1152 2302 1206 in
2339 1153 2555 1208 deserto
2585 1169 2650 1208 ex
2687 1164 2837 1223 petra
2884 1156 3156 1210 eduxisti?
3201 1155 3316 1211 Non
3366 1165 3421 1211 tu
3456 1173 3516 1213 es

1906 1243 2018 1315 qui
2050 1259 2245 1297 manna
2277 1244 2572 1300 fastidienti
2604 1245 2799 1316 p0pulo
2824 1246 3059 1301 dedisti?
3081 1247 3182 1314 Qui
3212 1263 3381 1318 usque
3420 1250 3516 1304 ho-

1927 1335 2015 1390 die
2049 1336 2429 1405 peccatoribus
2471 1345 2526 1391 et
2570 1336 2769 1407 iniquis
2819 1337 2988 1392 solem
3041 1349 3190 1392 tuum
3242 1341 3514 1408 producis,

1909 1426 2238 1500 imbresque
2267 1429 2468 1499 pietate
2502 1444 2607 1499 qua
2642 1428 2815 1484 aﬂlnis
2847 1446 2953 1485 non
2981 1429 3154 1486 solum
3187 1432 3516 1498 hominibus,

1929 1520 2023 1573 sed
2049 1521 2210 1574 etiam
2242 1520 2431 1576 bestiis
2461 1521 2676 1577 fundis?
2706 1521 2895 1577 Nonne
2921 1531 2972 1576 tu
2998 1537 3058 1578 es
3085 1523 3197 1594 ipse
3227 1523 3388 1588 Dens,
3427 1524 3517 1578 cui

1927 1628 2055 1668 cura
2083 1614 2168 1682 pia
2199 1622 2415 1668 exsto-at
2439 1615 2506 1668 de
2531 1615 2818 1670 omnibus?
2873 1613 3062 1672 Nonne
3091 1625 3146 1671 tu
3175 1616 3370 1671 horrea
3413 1616 3517 1670 im-

1924 1703 2138 1772 piorum
2165 1702 2464 1773 adimples?
2514 1701 2703 1759 Nonne
2750 1713 2804 1759 tu
2849 1719 3006 1775 reges
3043 1703 3312 1776 imperare
3348 1704 3519 1760 etiam

1913 1810 2115 1874 servos
2143 1796 2453 1866 permittis?
2477 1795 2668 1852 Nonne
2702 1806 2756 1852 tu
2785 1813 2846 1853 es
2886 1797 2979 1868 qui
3028 1798 3194 1852 etiam
3245 1798 3340 1852 tibi
3385 1797 3516 1854 resi-

225 1909 487 1969 mitteret,
514 1903 680 1959 verbo
709 1902 910 1957 curasti
945 1897 1134 1972 (Joan.
1168 1896 1254 1960 vl;
1289 1895 1378 1951 dic
1409 1895 1598 1959 verbo,
1634 1902 1690 1950 et
1723 1893 1822 1949 mi-
1852 1899 1899 1961 Β
1928 1889 2195 1943 stentibus
2223 1903 2483 1960 prospera
2509 1889 2738 1944 tribuis?
2760 1889 2841 1944 Tu
2868 1905 2926 1945 es
2952 1890 3213 1960 certevqui
3243 1899 3296 1946 te
3319 1904 3522 1962 negana

223 2017 408 2059 serum
437 1999 504 2054 ab
535 1995 807 2053 ulceribus
845 1993 1108 2049 mundare
1129 1991 1372 2062 dignare.
1408 1987 1685 2058 Nunquid,
1717 1979 1821 2043 Do:-

223 2094 397 2158 mine,
437 2091 644 2162 piscina
696 2087 786 2143 illa
834 2088 952 2142 sine
1005 2093 1058 2140 te
1107 2081 1372 2140 curabat?
1411 2089 1503 2135 aut
1531 2081 1733 2150 absque
1770 2090 1821 2135 te

224 2183 457 2238 virtutes
485 2181 632 2251 ipsas
679 2177 975 2234 sanitatum
1020 2171 1379 2230 ostendebat?
1413 2171 1586 2226 Absit.
1641 2169 1720 2223 Tu
1765 2185 1824 2226 es

224 2278 373 2334 enim
403 2275 550 2331 saius
568 2271 978 2335 infirmantium,
1000 2278 1166 2338 etper
1186 2275 1238 2322 te
1262 2267 1589 2336 ubicunque,
1615 2263 1704 2318 vei
1726 2281 1825 2336 per

228 2384 605 2444 quoscunque,
630 2366 842 2423 curatio
870 2373 954 2420 est
984 2362 1346 2418 infirmorum.
1377 2359 1482 2415 Sed
1502 2359 1827 2412 utostende-

229 2480 322 2520 res
346 2459 722 2518 multimodam
753 2455 1180 2526 magnitudinem
1229 2463 1401 2517 tuam,
1449 2460 1504 2506 et
1528 2449 1686 2520 juxta
1713 2466 1826 2505 me-

229 2557 338 2610 rita
374 2551 713 2624 singulorum
767 2557 820 2604 te
878 2544 1250 2602 laborantibus
1295 2544 1494 2614 largire
1537 2541 1823 2608 medelam,

227 2647 446 2717 etquod
474 2644 638 2700 variis
664 2637 1042 2697 occasionibus
1077 2637 1235 2692 nobis
1257 2635 1516 2707 pietatem
1548 2645 1694 2690 tuam
1731 2635 1827 2688 tri-

230 2743 367 2797 bues
393 2737 778 2801 etfectuosam;
809 2733 932 2789 inde
957 2731 1093 2787 alios
1115 2747 1210 2802 per
1249 2744 1308 2785 se
1332 2719 1715 2799 gradientibus
1757 2729 1827 2783 ad

228 2837 400 2892 vitam
416 2847 596 2896 curas,
626 2829 763 2885 alios
783 2828 850 2883 de
871 2843 968 2883 sua
986 2826 1157 2882 salute
1174 2824 1568 2898 negligentibus
1591 2823 1826 2893 gratuita

226 2927 587 2984 miseratione
631 2922 894 2979 emundas
938 2940 951 2976 :
999 2920 1294 2976 ostendens
1332 2917 1506 2981 nobis,
1551 2916 1826 2972 sublimis-

226 3022 371 3077 sime
392 3019 551 3082 Deus,
577 3016 705 3087 quia
729 3029 835 3070 non
857 3014 999 3069 unde
1021 3012 1370 3085 priesumptio
1399 3019 1582 3066 nostra
1601 3010 1831 3065 salutem

225 3132 288 3172 se
311 3115 548 3171 :estimat
586 3111 888 3183 adipiscere
927 3107 1153 3171 invenit,
1183 3104 1278 3160 sed
1320 3103 1461 3157 unde
1487 3102 1574 3173 pie
1599 3111 1754 3173 pater
1779 3100 1830 3154 ei

227 3206 598 3266 ministrando
625 3207 794 3274 ipsam
815 3202 1047 3258 salutem
1082 3197 1353 3267 impertis.
1384 3194 1692 3265 Impertire,
1727 3194 1832 3248 Do-

1932 1982 2076 2036 tibus
2105 1981 2388 2036 saacularia
2424 1981 2591 2036 multa
2622 1981 2837 2053 largiris
2867 2000 2880 2036 :
2913 1983 3006 2053 qui
3053 1983 3219 2037 etiam
3266 1981 3518 2053 blasphe-

1933 2084 2144 2128 mantes
2171 2083 2223 2128 te
2247 2089 2356 2128 non
2386 2073 2558 2128 solum
2585 2075 2861 2144 operibus,
2891 2083 2952 2128 ut
2977 2089 3078 2144 ego
3098 2114 3112 2139 ,
3142 2089 3326 2130 verum
3358 2075 3524 2132 etiam

1933 2180 2028 2237 ore
2051 2165 2294 2236 vipereo,
2323 2163 2472 2219 cibas
2500 2175 2664 2236 atque
2698 2175 2992 2222 sustentas.
3048 2164 3225 2237 Opere
3267 2167 3413 2222 enim
3467 2176 3522 2224 te

1912 2236 2414 2328 elementissimnm
2448 2254 2701 2326 derogat,
2734 2256 2825 2324 qui
2856 2264 2946 2310 tua
2984 2236 3253 2328 praecepta
3280 2273 3387 2314 non
3419 2257 3522 2313 i‘m-

1932 2346 2046 2416 plet
2079 2364 2091 2399 :
2122 2345 2304 2416 lingua
2329 2361 2461 2402 vero
2497 2355 2551 2402 te
2574 2357 2631 2402 et
2657 2364 2824 2420 opere
2867 2349 3115 2419 impetit,
3158 2351 3249 2420 qui
3297 2350 3529 2421 qualiter

1935 2439 2236 2493 credendus
2263 2454 2325 2493 es
2353 2437 2404 2503 δ,
2434 2440 2815 2495 subsannando
2835 2458 2942 2497 non
2964 2442 3158 2498 credit.
3184 2443 3360 2498 Etiam
3383 2447 3529 2516 quod

1937 2544 1968 2583 a
1996 2527 2384 2585 confitentibus
2408 2531 2669 2585 recensiri
2700 2530 3076 2603 blasphemum
3097 2531 3525 2599 est,Judzrorum

1939 2623 2141 2679 fetores
2188 2632 2242 2677 tu
2294 2623 2446 2679 vides
2475 2665 2490 2690 ,
2538 2639 2676 2695 quos
2706 2641 2813 2680 non
2845 2627 3070 2691 ultione,
3096 2627 3191 2682 sed
3226 2628 3525 2683 intestima—

1936 2718 2028 2773 bili
2061 2718 2299 2773 bonitate
2337 2719 2582 2788 quotidie
2608 2718 2784 2774 foves.
2815 2720 2926 2774 Aut
2975 2718 3201 2776 forsitan
3246 2719 3525 2778 fatendum

1937 2819 2043 2876 est,
2090 2819 2141 2865 te
2181 2810 2404 2866 alterius
2452 2827 2558 2866 non
2599 2799 2767 2868 istius
2811 2813 2994 2868 szcculi
3045 2813 3403 2884 conditorem,
3437 2819 3528 2874 ubi

1939 2902 2132 2973 impios
2175 2904 2472 2958 secundum
2519 2904 2664 2973 quod
2712 2915 2994 2960 merentur
3049 2904 3347 2976 judicando
3406 2923 3532 2964 cou-

1939 2997 2184 3064 demnas,
2217 3007 2270 3054 et
2314 2999 2433 3069 pios
2476 2999 2834 3071 glorificando
2891 3003 3160 3057 coronas?
3194 3002 3370 3059 Absit.
3418 3003 3531 3060 lmo

1940 3094 2103 3148 corde
2132 3109 2268 3164 puro
2297 3103 2353 3148 et
2381 3109 2477 3150 ore
2521 3094 2707 3165 patulo
2750 3095 2982 3150 firmiter
3019 3095 3385 3152 confitendum
3425 3107 3529 3158 est.

1945 3198 1998 3246 te
2019 3199 2074 3245 et
2099 3190 2255 3245 istius
2282 3199 2334 3244 et
2365 3189 2588 3245 alterius
2637 3189 2886 3260 praeclari
2945 3190 3128 3247 saeculi
3174 3191 3530 3246 conditorem.

229 3302 381 3358 mine
403 3297 738 3368 Deus,quasi
768 3295 933 3359 Deus,
962 3290 1168 3347 homini
1195 3286 1831 3356 immensurabilemgra-
1858 3277 1905 3342 (ἶ
1938 3282 2044 3339 Sed
2083 3283 2183 3338 .hic
2228 3283 2526 3338 bonitatem
2577 3298 2707 3353 erga
2757 3292 3068 3338 creaturam
3119 3282 3382 3348 ostendis,
3427 3280 3536 3338 illic

229 3391 773 3462 tiatn,etmultiplica
803 3403 929 3460 erga
959 3386 1240 3448 miserum,
1267 3383 1407 3438 sicut
1434 3380 1616 3436 omnia
1640 3387 1829 3450 potens

231 3485 669 3546 misericordiam
712 3480 1041 3537 afﬂuentem.
1100 3475 1290 3546 lrriga,
1367 3471 1618 3536 Domine,
1675 3484 1831 3540 squa-

228 3581 434 3637 lentem
467 3586 666 3632 terram
692 3587 889 3634 meam,
919 3577 978 3624 ut
1018 3568 1191 3622 imbre
1243 3573 1336 3620 tuo
1379 3562 1658 3633 irrigatam
1705 3558 1824 3614 fru-

231 3672 441 3728 ctificet
485 3667 733 3723 arborem
784 3663 1140 3718 fructuosam.
1197 3655 1441 3726 Asperge
1494 3667 1600 3716 me,
1649 3649 1827 3716 Deus,

232 3763 546 3824 dulcedinis
576 3771 680 3816 tuae
710 3773 854 3821 rore,
880 3764 933 3811 et
964 3753 1215 3824 complue
1260 3757 1498 3804 mentem
1523 3745 1831 3829 meamim-

233 3859 430 3919 bribus
470 3854 658 3928 gratia:
699 3861 823 3907 tuaz.
857 3849 1008 3918 liogo
1036 3846 1206 3910 enim,
1237 3841 1482 3914 piissime
1511 3839 1673 3902 Dens,
1703 3837 1832 3909 quia

236 3963 297 4008 tu
339 3965 428 4006 me
459 3945 669 4020 jussisti
720 3956 912 4014 rogare
947 3959 959 3994 :
1004 3948 1060 3993 et
1096 3939 1234 3992 hanc
1273 3943 1488 3989 tenuem
1536 3928 1833 3986 scintillam

235 4047 316 4101 tui
341 4042 558 4098 timoris
578 4055 646 4094 ex
676 4046 732 4093 te
761 4038 962 4091 inserta
989 4040 1071 4088 est
1096 4028 1228 4085 mihi
1259 4046 1272 4081 :
1305 4041 1467 4097 quam
1497 4033 1558 4079 ut
1588 4023 1835 4094 augendo

236 4134 586 4206 multiplices,
614 4139 670 4186 et
711 4127 1121 4198 multiplicatam
1174 4127 1442 4190 acceptos,
1481 4131 1664 4187 inlaeso
1700 4130 1836 4185 prte-

236 4227 462 4292 eordiis,
496 4233 557 4278 ut
589 4231 642 4276 tu
684 4219 852 4283 nosti,
898 4214 1147 4272 internis.
1205 4211 1341 4266 Nam
1395 4224 1522 4265 ecce
1579 4207 1837 4278 iniquitas

236 4335 356 4376 mea
411 4318 465 4372 iu
519 4322 723 4368 tantam
766 4308 1187 4366 crassitudinem
1229 4304 1256 4345 ι’
1286 4303 1458 4368 venit,
1483 4309 1542 4355 ut
1575 4301 1753 4371 ipsum
1783 4308 1836 4355 te

238 4407 462 4466 videndi
493 4405 698 4462 aditum
721 4401 852 4458 mihi
884 4397 1232 4455 concluderet
1258 4413 1272 4450 :
1301 4404 1358 4451 et
1402 4393 1458 4449 in
1502 4401 1616 4447 tam
1671 4391 1836 4447 innu-

238 4496 535 4557 merabiles
589 4495 788 4550 formas
854 4489 1153 4556 dividitur,
1201 4494 1260 4542 ut
1311 4501 1380 4541 ex
1432 4500 1539 4540 una
1583 4482 1837 4556 superbia

239 4603 424 4651 matre
457 4589 640 4647 multa:
670 4586 1004 4644 robustiores
1030 4582 1152 4638 filice
1181 4579 1424 4652 quotidie
1454 4579 1722 4635 oriantur.
1771 4578 1840 4633 Et

1932 3375 2220 3430 veritatem
2267 3372 2563 3442 iudicando
2613 3373 2902 3430 discernis.
2948 3372 3047 3428 Hic
3096 3373 3273 3443 pietas
3323 3381 3414 3426 tua
3474 3379 3536 3426 ut

1932 3474 2147 3545 dignos,
2199 3473 2276 3527 ita
2329 3472 2581 3545 indignos
2636 3481 2906 3528 sustentat
2955 3485 2970 3525 :
3027 3469 3139 3527 illic
3183 3469 3397 3543 justitia
3445 3478 3537 3526 tua

1933 3566 2124 3637 dignos
2165 3574 2415 3630 coronat,
2468 3565 2720 3635 indignos
2771 3573 2954 3618 autent
2990 3561 3136 3632 juste
3179 3564 3529 3619 condemnat.

1934 3656 2036 3712 Hic
2074 3656 2391 3727 plerumque
2421 3655 2758 3710 cruciatibus
2791 3655 2971 3725 justus
2995 3652 3207 3723 probat,
3245 3668 3382 3722 quos
3421 3652 3535 3709 illic

1933 3748 1986 3803 in
2013 3747 2330 3803 cmtestibns
2355 3745 2726 3801 mansionibus
2768 3743 3096 3800 ascribendo
3136 3753 3362 3800 coronat
3399 3761 3412 3798 :
3451 3743 3539 3799 hic

1931 3840 2095 3894 etiam
2129 3852 2272 3908 saepe
2293 3847 2509 3892 sanctos
2535 3845 2866 3900 remunerat,
2899 3844 2957 3890 ut
3011 3835 3092 3890 eis
3118 3843 3336 3906 gustum
3366 3835 3525 3892 bonae

1935 3929 2392 3985 remunerationis
2416 3927 2709 3984 ostendens
2736 3925 3117 3997 desperatione
3145 3941 3251 3982 non
3297 3924 3534 3998 frangat.

1936 4021 2005 4077 Et
2033 4034 2177 4091 smpe
2209 4020 2452 4090 iniquos,
2479 4034 2513 4074 ο
2540 4018 2684 4073 Deus
2713 4032 2883 4080 meus,
2919 4017 3006 4072 his
3031 4016 3195 4072 etiam
3240 4015 3414 4088 plagis
3455 4014 3536 4070 af-

1937 4111 2106 4183 ﬂigis;
2151 4119 2209 4167 et
2249 4125 2346 4181 per
2378 4111 2548 4181 ipsam
2573 4107 2722 4179 juste
2753 4108 2807 4163 in
2839 4107 2920 4164 eis
2944 4106 3148 4162 illatam
3185 4105 3536 4173 sententiam,

1939 4205 2075 4259 alios
2101 4218 2291 4259 eorum
2326 4201 2533 4258 similes
2574 4199 2927 4256 territicando
2965 4200 3228 4256 deterres.
3263 4197 3362 4253 Hic
3390 4197 3537 4252 enim

1939 4297 2142 4352 seritur
2167 4295 2310 4365 quod
2339 4295 2448 4349 illic
2480 4292 2722 4350 metitur.
2769 4291 2880 4348 Nec
2928 4291 3012 4348 fas
3052 4300 3136 4347 est
3177 4291 3358 4355 credi,
3391 4288 3540 4346 illum

1939 4385 2213 4443 lucifluum
2245 4383 2502 4441 saeculum
2561 4392 2853 4455 peccantes
2903 4383 3182 4454 recipere,
3227 4380 3284 4437 in
3329 4395 3439 4451 quo
3484 4389 3542 4435 tu

1939 4492 2064 4532 eum
2094 4475 2414 4533 sustinendo
2442 4476 2700 4546 dignatus
2725 4488 2786 4530 es
2813 4473 3095 4539 habitare;
3153 4486 3314 4542 quem
3361 4469 3539 4526 locum

1944 4569 2318 4627 retributionis
2361 4567 2588 4637 justitia:
2627 4581 2748 4623 esse
2791 4566 3091 4622 revolvisti.
3136 4563 3290 4632 Quod
3330 4562 3376 4619 si
3419 4563 3536 4618 haec

398 4645 800 4746 vdinumerare,
831 4694 934 4735 nec
960 4645 1307 4748 perpendere
1332 4685 1506 4744 queo;
1564 4669 1837 4741 quomodo
1866 4645 1921 4708 Ῑ)
1946 4664 2144 4725 omnia,
2170 4677 2292 4733 quae
2320 4677 2351 4716 a
2387 4676 2475 4716 me
2502 4660 2710 4732 digesta
2736 4668 2887 4725 sunt,
2917 4667 2973 4715 et
3014 4658 3120 4715 alia
3156 4656 3384 4727 majora,
3423 4671 3545 4728 qua

239 4762 539 4840 destruere
585 4773 813 4830 valebo?
850 4770 1009 4828 Certe
1055 4767 1202 4824 enim
1252 4782 1317 4823 ex
1366 4763 1620 4836 superbia
1664 4762 1843 4818 omnis

193 4912 198 4920 ι
243 4874 513 4947 iniquitas
538 4877 720 4942 captat
745 4864 1094 4938 principium,
1125 4860 1253 4932 quia
1282 4873 1443 4914 omne
1475 4855 1623 4928 quod
1657 4855 1836 4926 agitur

241 4971 460 5026 vitium-
506 4980 574 5020 ex
617 4968 933 5031 contemptu
989 4956 1372 5012 mandatorum
1423 4960 1636 5007 tuorum
1686 4949 1850 5006 habet

240 5059 560 5119 exordium.
600 5054 666 5111 Et
694 5053 816 5109 ideo
861 5051 1000 5106 bene
1045 5044 1310 5117 superbiae
1360 5041 1654 5098 ascribitur
1697 5040 1852 5112 quid-

243 5154 383 5228 quid
410 5151 480 5208 ab
503 5148 724 5206 homine
757 5139 1156 5202 contradicenti
1187 5137 1285 5192 tibi
1315 5149 1544 5208 perpere
1599 5133 1778 5205 agitur
1829 5151 1842 5187 :

245 5251 384 5323 quia
413 5247 514 5304 nisi
542 5245 636 5301 tibi
665 5239 1023 5312 omnipotenti
1052 5233 1335 5306 superbire
1370 5240 1683 5296 conaretur,
1711 5246 1848 5285 nun-

246 5360 422 5419 quam
452 5341 638 5397 illicita
663 5351 830 5410 opere
856 5343 950 5390 aut
972 5339 1152 5388 mente
1173 5335 1417 5401 patraret
1450 5343 1461 5379 :
1497 5333 1554 5379 et
1598 5324 1719 5380 ideo
1759 5338 1848 5377 su-

247 5415 461 5514 perbus
488 5444 544 5490 et
572 5446 835 5503 arrogans
868 5427 1140 5500 quomodo
1174 5423 1240 5478 ad
1279 5431 1330 5476 te
1363 5417 1625 5475 humilem
1670 5415 1852 5514 veniat

248 5508 366 5587 non
415 5527 638 5592 invenit,
691 5524 816 5596 quia
869 5529 923 5576 te
964 5517 1227 5590 superbos
1256 5529 1363 5570 non
1395 5511 1648 5584 probare,
1677 5508 1770 5563 sed
1797 5516 1852 5564 te

248 5611 532 5679 deteStare
581 5615 855 5689 cognovit.
904 5611 1098 5683 Cupio,
1127 5607 1375 5674 Domine,
1405 5601 1853 5661 contradictionis

331 5770 360 5800 ι
401 5754 524 5820 Ms.,
564 5753 723 5809 sitiri.

332 5828 364 5869 ιι
408 5825 531 5897 Mm,
554 5822 954 5897 grasitudinem.

334 5911 357 5940 ε
405 5891 532 5963 113.,
555 5891 694 5951 hanc
716 5891 956 5965 segnitia.

1950 4773 1980 4812 a
2011 4771 2098 4812 me
2118 4756 2320 4810 omissa
2350 4763 2496 4818 sunt,
2530 4752 2773 4823 quotidie
2797 4753 2850 4807 in
2879 4767 2986 4808 non
3036 4751 3371 4807 merentibus
3417 4764 3545 4822 ope-

1953 4864 2074 4914 ras;
2114 4861 2223 4914 me,
2252 4845 2368 4902 Rex
2401 4859 2614 4917 regum,
2642 4843 2900 4912 exiguum
2941 4851 2997 4898 et
3045 4856 3185 4914 pene
3231 4855 3332 4912 pro
3376 4839 3546 4897 nihilo

1952 4948 2344 5012 computaturum,
2384 4951 2554 5009 quare
2584 4951 2690 4992 non
2719 4933 2987 4990 mundas?
3036 4933 3135 4989 Hic
3193 4932 3341 4990 enim
3387 4947 3548 4988 mun-

1954 5038 2226 5095 dationem
2289 5035 2546 5106 inquiro,
2590 5032 2680 5088 hic
2727 5030 3158 5086 misericordiam
3214 5044 3410 5102 posco,
3459 5027 3548 5085 hic

1955 5131 2169 5188 veniam
2197 5139 2544 5199 peccatorum
2572 5123 2828 5195 efflagito,
2855 5124 2980 5194 quia
3015 5123 3068 5178 in
3103 5121 3315 5179 inferno
3342 5120 3546 5177 nullam

1957 5222 2353 5296 professionem
2385 5218 2789 5291 profectuosam
2844 5229 2964 5271 esse
3013 5214 3247 5271 confluo.
3296 5213 3450 5282 Quod
3501 5214 3548 5269 si

1959 5318 2188 5374 forsitan
2219 5312 2575 5384 exspectaris,
2595 5320 2654 5367 ut
2679 5310 2967 5366 extendam
2991 5309 3341 5380 pusillitatem
3372 5323 3548 5364 meam

1960 5413 2027 5468 ad
2057 5407 2483 5481 magnitudinem
2521 5413 2668 5458 tuam
2717 5401 3053 5467 intuendam,
3099 5414 3304 5472 quaeso,
3353 5398 3551 5469 largire
3597 5402 3599 5404 ’

1960 5509 2106 5563 vires
2128 5500 2380 5561 tendendi
2407 5512 2431 5540 θ
2461 5508 2516 5555 et
2537 5496 2720 5570 praabe
2748 5504 2948 5552 statum
2970 5496 3022 5552 in
3049 5492 3415 5551 anterioribus
3437 5507 3551 5548 am-

1963 5599 2189 5674 pliandi,
2216 5595 2301 5651 vel
2331 5593 2515 5666 potius
2553 5591 2608 5647 in
2634 5588 2868 5646 sublime
2889 5588 3075 5659 pedes
3101 5584 3342 5660 erigendi
3377 5601 3397 5646 :
3424 5583 3551 5657 quia

2039 5736 2067 5777 ἀ
2101 5735 2224 5798 Ms.,
2257 5742 2349 5786 est.

2046 5818 2070 5846 ο
2102 5805 2200 5860 Ms.
2213 5845 2228 5870 ,
2253 5801 2500 5858 tentandi.
