4034 6350
608 373 706 433 ιιι

1867 372 2047 428 ALVA
2058 373 2122 428 BI
2163 371 2641 429 CORDUBENSIS

3721 386 3796 448 ιιι

609 502 663 546 et
675 494 901 563 pusillus
923 504 1129 550 statiua
1141 493 1434 549 Zachaus-
1451 491 1578 547 licet
1597 505 1655 546 se
1678 489 2015 554 extenderet,
2035 499 2086 545 te
2108 490 2267 552 vi-.A
2293 490 2482 546 intimo
2512 493 2674 546 corde
2704 491 2795 546 tibi
2830 491 2881 547 in
2900 491 3045 547 omni
3068 505 3228 563 opere
3248 507 3425 564 parce,
3448 494 3595 562 Deus.
3614 499 3799 561 claman-

611 586 743 643 dere
756 587 977 644 minhne
991 588 1240 658 posset,si
1253 587 1523 660 sycomori
1535 584 1877 641 altitudinem
1893 601 1997 641 non
2011 584 2189 640 adiret

610 677 764 751 (Luc.
785 679 920 752 xix).
935 679 1002 734 Et
1016 693 1141 735 vere
1155 687 1207 734 te
1229 680 1342 749 ipse
1358 678 1534 735 oculis
1544 678 1711 744 videt,
1726 679 1817 749 qui
1836 678 2088 750 praecepti
2109 678 2188 732 al-

610 774 891 828 titudinem
917 781 1091 839 tenet,
1123 773 1215 844 qui
1242 773 1445 828 intme
1475 773 1638 828 corde
1686 773 1739 827 in
1783 772 2035 827 arborem
2066 771 2191 826 vitm

606 864 951 919 conscendet.
1004 862 1112 919 Sed
1141 864 1383 936 nunquid
1436 865 1660 920 scandet
1686 865 1753 919 ad
1781 879 2028 936 superos,
2066 876 2191 919 cum

604 958 858 1028 iniquitas
907 958 1161 1026 praecedit
1209 958 1274 1013 ad
1324 957 1581 1014 inferos?
1609 959 1764 1013 Absit
1799 978 1811 1013 :
1846 961 1979 1031 quin
2013 959 2192 1030 potius

601 1050 717 1121 ipse
759 1050 903 1105 valet
928 1065 1025 1123 per
1053 1059 1128 1118 te,
1182 1050 1273 1123 qui
1301 1066 1428 1107 vera
1467 1052 1552 1106 via
1594 1066 1675 1117 es,
1722 1052 1971 1123 gradere,
1998 1060 2053 1107 et
2091 1067 2190 1122 per

600 1151 655 1197 te
690 1143 756 1197 ad
787 1142 952 1197 vitam
981 1151 1265 1210 aeternam,
1299 1160 1420 1214 quze
1451 1152 1507 1198 tu
1552 1157 1632 1209 es,
1657 1145 2025 1199 conscendere
2053 1162 2067 1212 ;
2102 1146 2189 1200 cui

602 1245 656 1291 tu
686 1251 905 1309 gressus
940 1237 1263 1293 stabilieudo
1290 1237 1480 1309 dignas
1512 1238 1539 1277 ιι
1572 1238 1826 1309 dirigere.
1854 1237 2052 1308 Dirige,
2087 1238 2191 1291 Do.

600 1329 768 1395 mine,
799 1345 1017 1401 gressus
1042 1345 1212 1397 meos,
1249 1339 1305 1386 et
1325 1330 1395 1385 sit
1422 1330 1643 1384 lucerna
1665 1331 1889 1385 verbum
1916 1338 2064 1384 tuum
2096 1326 2207 1401 pe-'

597 1422 755 1477 dibus
793 1422 928 1477 meis
971 1420 1145 1491 (Psal.
1209 1438 1397 1488 cxvm,
1432 1422 1583 1493 l05),
1624 1433 1684 1476 ut
1712 1422 1831 1477 luce
1864 1431 1952 1476 tua
1994 1420 2189 1476 illumi-

598 1523 778 1580 natus,
808 1522 863 1567 et
885 1514 1119 1569 dexterre
1152 1522 1256 1570 tua:
1302 1514 1569 1570 tulatione
1599 1513 1863 1578 munitus,
1896 1513 2103 1568 valeam
2133 1514 2188 1570 in

580 1605 773 1673 "portis
819 1604 939 1660 lilia:
966 1616 988 1645 ο
1023 1604 1152 1661 Sion
1196 1606 1383 1662 dulces
1416 1605 1649 1677 psallere
1680 1606 1928 1677 hymnos.
1963 1604 2188 1661 Domine

597 1692 741 1750 Deus
770 1710 923 1751 meus
947 1697 1235 1752 miseratur
1258 1707 1312 1753 et
1340 1697 1669 1764 misericors,
1721 1696 1931 1768 respice
1959 1710 2044 1751 me
2100 1710 2186 1751 re-

598 1795 786 1855 spectu
853 1788 1104 1856 pietatis,
1153 1793 1207 1843 et
1262 1788 1458 1843 intuitu
1512 1789 1901 1845 misericordia:
1944 1796 2051 1844 tua:
2079 1803 2186 1860 quo

597 1877 740 1932 soles
760 1887 1078 1947 peccatores
1104 1879 1401 1949 respicere,
1432 1893 1636 1951 eosque
1658 1880 1725 1935 ad
1752 1888 1803 1935 te
1824 1894 1892 1935 ex
1926 1879 2078 1935 devia
2104 1895 2188 1936 re-

597 1987 814 2026 vocare.
852 1973 1124 2039 Miserere,
1157 1972 1405 2040 Domine,
1439 1958 1722 2040 miserere,
1753 1982 1810 2029 et
1841 1973 2056 2028 veniam
2090 1973 2187 2029 tri-

596 2064 703 2119 bue
731 2072 783 2121 te
810 2065 1008 2120 oranti.
1034 2065 1265 2133 Exaudi,
1302 2066 1549 2133 Domine,
1583 2066 1796 2131 exaudi,
1844 2074 1901 2121 et
1928 2066 2187 2136 iniquita-

597 2162 679 2210 tes
730 2172 879 2213 meas
935 2164 990 2213 tu
1036 2158 1270 2215 dimitle.
1320 2159 1629 2230 Disrumpe,
1678 2158 1923 2224 Domine,
1973 2158 2186 2214 vincula

596 2257 942 2321 peccatorum
979 2266 1245 2317 meorum,
1277 2260 1337 2306 ut
1358 2251 1660 2306 sacriticem
1693 2250 1786 2305 tibi
1814 2249 2047 2306 hostiam
2074 2250 2187 2304 lau-

598 2342 700 2398 dis.
724 2341 877 2411 Peto,
898 2343 1145 2409 Domine,
1175 2343 1392 2415 indulge
1416 2343 1566 2407 mihi,
1595 2351 1649 2398 et
1670 2352 1957 2414 peccatum
1983 2356 2181 2407 meum,

596 2437 693 2493 tibi
715 2438 990 2510 cognitum
1019 2436 1141 2503 soli,
1167 2446 1222 2492 tu
1248 2437 1385 2493 dele.
1410 2437 1569 2503 Ecce,
1596 2436 1847 2501 Domine,
1880 2436 2065 2507 labare
2098 2452 2184 2492 me

595 2531 700 2589 hoc
727 2530 947 2586 flumine
971 2529 1115 2585 volui
1138 2549 1152 2585 :
1183 2530 1277 2585 sed
1300 2531 1488 2586 sordes
1512 2546 1644 2585 mea:
1665 2537 1987 2601 permanent
2007 2536 2189 2585 vetuo-

574 2632 707 2681 ‘tate
726 2640 825 2681 sua
845 2624 1170 2691 durissimis),
1204 2633 1259 2679 et
1286 2639 1421 2695 pene
1449 2622 1593 2679 nullo
1616 2622 1643 2663 (ι
1670 2612 1895 2679 flumine
1922 2621 2185 2686 eluendae,

594 2718 699 2774 nisi
726 2716 916 2788 gratiae
955 2726 1060 2770 tum
1089 2714 1318 2771 forsitan
1362 2731 1505 2770 rore.
1552 2712 1803 2784 Nunquid
1845 2714 1935 2785 qui
1974 2710 2185 2767 Naman

594 2809 865 2882 leprosum
896 2808 1045 2880 angit
1092 2821 1117 2849 ο
1152 2807 1407 2865 Jordanis
1452 2808 1632 2864 eluisti
1679 2804 1789 2879 (IV
1818 2805 1949 2881 Reg.
1992 2814 2070 2874 v),
2101 2820 2188 2862 me

594 2916 703 2957 non
735 2901 883 2957 vales
932 2910 1023 2956 tuo
1071 2911 1278 2957 tantum
1330 2916 1581 2957 sermone
1622 2901 1851 2957 labare?
1882 2901 2075 2956 Potens
2104 2916 2183 2968 es,

595 2992 842 3061 Domine,
875 3002 929 3049 et
950 2994 1324 3051 misericordia
1361 3004 1449 3049 tua
1477 3009 1639 3064 super
1659 2996 1843 3050 omnia
1878 3008 2041 3065 opera
2072 3005 2181 3049 tua.

595 3083 692 3141 Dic
719 3086 872 3150 mihi,
899 3087 1126 3142 Domine
1150 3076 1165 3142 ἐ
1191 3085 1414 3151 Lazare,
1438 3087 1551 3140 veni
1572 3085 1718 3157 [oras
1754 3085 1933 3157 (Joan.
1960 3102 2038 3157 ut,
2067 3085 2180 3159 45),

592 3185 647 3235 et
671 3178 855 3234 statim
880 3176 1010 3233 licet
1030 3178 1224 3249 ligatus
1248 3178 1486 3248 jaceam,
1513 3176 1642 3233 licet
1681 3176 2017 3248 putrefactus
2047 3195 2184 3251 qna-

2298 593 2425 639 tem.
2458 583 2648 647 Parce,
2684 584 2848 651 Deus,
2888 599 3073 655 parce,
3103 595 3157 641 et
3184 586 3390 642 scelera
3414 602 3526 645 mea
3552 597 3602 645 tu
3624 593 3725 663 pius
3741 596 3798 653 di.

2297 678 2471 733 mitte.
2506 676 2747 761 lndulge,
2780 677 3202 735 clementissime
3235 677 3396 744 Deus,
3425 687 3478 735 et
3503 680 3627 736 mala
3652 696 3796 742 meatu

2297 770 2610 826 misericors
2640 779 2807 842 terge.
2839 767 3089 836 Peccavi,
3126 769 3366 843 Domine,
3410 774 3630 842 peccavi,
3660 787 3705 831 et
3727 778 3799 835 ini-

2295 863 2530 933 quitates
2554 876 2704 917 meas
2733 878 2835 934 ego
2857 877 3093 933 agnosco
3129 859 3298 935 (Psal.
3333 864 3408 933 ι).
3437 862 3577 931 Peto,
3605 846 3798 936 Domine,

2295 958 2511 1014 remitte
2531 956 2685 1022 mihi,
2712 966 2767 1012 et
2795 956 3029 1028 hyssopo
3054 955 3202 1011 verbi
3235 954 3313 1010 tui
3338 954 3607 1012 vulnerosa
3641 960 3801 1016 viscera

2294 1067 2413 1107 mea
2434 1066 2678 1124 asperge.
2702 1049 2963 1113 Subveni,
2989 1047 3232 1107 Domine.
3258 1048 3467 1117 perdito
3489 1063 3633 1119 vago,
3653 1059 3699 1105 et
3715 1068 3803 1121 pro-

2294 1144 2440 1216 fugo,
2481 1153 2537 1200 et
2575 1153 2666 1199 tuo
2693 1158 2815 1199 eum
2859 1150 3046 1198 sancto
3090 1155 3317 1196 munere
3344 1141 3803 1213 przesidiomtquia

2294 1240 2465 1294 nostri
2490 1236 2839 1294 milleformes
2868 1236 3041 1313 hostis
3070 1236 3176 1291 mei
3202 1230 3447 1300 insidias,
3476 1244 3528 1291 et
3545 1236 3805 1317 multiplices

2294 1330 2622 1393 illusionum,
2652 1332 2917 1401 perducas
2948 1344 3035 1383 me
3074 1328 3137 1382 ad
3171 1336 3247 1392 te,
3275 1327 3365 1399 qui
3392 1344 3513 1381 vera
3544 1329 3799 1385 tutatioes:

2293 1440 2399 1479 non
2431 1424 2708 1494 disjungas
2736 1440 2747 1476 :
2772 1421 2959 1490 eteius
2984 1422 3201 1476 fraudes
3227 1422 3423 1475 invicta
3450 1416 3802 1491 potentiaelide,

2293 1520 2382 1590 qui
2410 1519 2556 1574 vales
2586 1517 2844 1589 quidquid
2868 1517 3019 1587 cupis
3047 1515 3290 1587 implere.
3326 1514 3471 1569 Tolle
3496 1529 3592 1578 uie,
3614 1515 3801 1576 Domine.

2292 1612 2447 1678 mihi,
2484 1621 2539 1666 et
2570 1611 2735 1669 redde
2776 1624 2860 1664 me
2891 1609 3025 1676 tibi;
3065 1608 3193 1663 tolle
3219 1606 3419 1662 malum
3462 1620 3646 1671 meum,
3675 1608 3805 1662 utbo-

2293 1724 2419 1762 num
2444 1706 2715 1779 perfrnam
2744 1715 2889 1760 tuum
2914 1722 2926 1757 :
2959 1703 3082 1758 tolle
3108 1719 3195 1769 rue
3221 1718 3249 1757 a
3279 1718 3388 1767 me,
3407 1709 3463 1756 et
3486 1701 3671 1757 colloca
3693 1699 3804 1771 juxta

2293 1809 2368 1867 te,
2398 1809 2453 1855 et
2481 1799 2634 1868 cujus
2659 1798 2774 1861 vult
2800 1813 2990 1852 manus
3013 1806 3209 1875 pugnet
3238 1804 3365 1850 tunc
3391 1802 3570 1850 contra
3598 1806 3670 1875 me
3696 1790 3801 1864 (Job.

2216 1886 2265 1948 B
2294 1910 2427 1960 xvu,
2462 1894 2538 1966 3).
2570 1892 2719 1948 Tolle
2747 1892 2966 1971 pr0pria
3019 1874 3159 1955 inea,
3211 1890 3345 1943 vitio
3374 1902 3489 1942 meo
3513 1889 3809 1971 οοιιάξπηι

2288 2001 2401 2058 prae
2449 1966 2781 2055 benignitate
2833 1992 2924 2037 tua
2966 1980 3239 2038 confecta.
3291 1979 3438 2033 Tolle
3466 1974 3597 2048 quod
3622 1966 3804 2032 ‘e‘x'meo
3895 1966 3903 1975 ’

2290 2078 2481 2139 habeo,
2507 2084 2561 2130 et
2584 2074 2772 2131 confer
2802 2075 2944 2147 quod
2968 2090 2997 2128 a
3031 2082 3083 2129 te
3107 2070 3530 2144 lacrymabiliter
3552 2077 3676 2138 pcto.
3700 2067 3807 2121 Exue

2290 2185 2378 2225 me
2409 2170 2565 2233 meis,
2599 2176 2654 2222 et
2675 2166 2867 2221 induar
2895 2166 3018 2219 tuis.
3056 2163 3245 2218 Exime
3273 2172 3443 2217 totum
3483 2176 3562 2215 me
3599 2175 3626 2213 a
3656 2172 3739 2222 me,
3768 2167 3806 2210 ut

2292 2270 2435 2318 totus
2472 2261 2726 2315 restituar
2757 2258 2850 2312 tibi
2886 2272 2900 2311 :
2934 2266 2991 2311 ut
3017 2257 3145 2311 dum
3189 2254 3361 2310 hostis
3390 2267 3535 2307 mens
3576 2259 3653 2304 tua
3686 2250 3728 2303 in
3749 2265 3808 2303 me

2288 2372 2396 2412 aere
2424 2354 2442 2393 τ
2474 2353 2690 2417 viderit,
2723 2352 2892 2423 magis
2943 2349 3123 2421 fugam
3173 2347 3400 2420 pedibus
3441 2345 3806 2415 imperet,quam

2291 2465 2377 2503 me
2418 2447 2686 2513 insectare
2731 2443 2967 2515 festinet.
3012 2442 3174 2504 Ecce,
3206 2439 3451 2500 Domine,
3481 2435 3616 2491 credi
3640 2436 3683 2499 ⁸,
3706 2443 3749 2487 et
3772 2440 3811 2484 tu

2290 2542 2422 2598 mihi
2462 2555 2619 2612 posse
2653 2538 2866 2594 dedisti.
2926 2534 3178 2606 Nunquid
3222 2532 3342 2588 dixi
3377 2530 3629 2587 millenam
3653 2534 3810 2597 partem

2289 2650 2357 2690 ex
2390 2632 2545 2687 malis
2575 2632 2730 2695 meis,
2754 2638 2849 2684 aut
2887 2626 3153 2700 explicavi
3184 2641 3259 2681 ex
3291 2623 3581 2679 sceleribus
3602 2619 3716 2687 meis
3736 2616 3811 2670 nisi

2291 2724 2609 2797 particulam
2642 2731 2859 2778 tenuem
2889 2721 2912 2775 ?
2937 2706 3055 2789 Dixi
3086 2718 3232 2772 enim
3270 2731 3376 2771 non
3403 2721 3646 2784 quantum
3670 2706 3808 2767 debui,

2290 2819 2384 2875 sed
2418 2825 2679 2891 quantum
2713 2823 2768 2868 tu
2800 2813 2931 2868 mihi
2962 2812 3140 2867 dicere
3186 2805 3505 2880 permisisti,
3534 2811 3584 2858 et
3608 2808 3809 2873 quantum

2291 2910 2576 2965 dicendum
2598 2905 2831 2976 iussisti.
2862 2903 2999 2960 Jube
3024 2913 3105 2967 tu,
3154 2900 3408 2963 Domine,
3451 2904 3704 2966 acceptam
3727 2903 3811 2958 qua!

2291 3004 2433 3058 dicta
2473 3011 2621 3063 sunt,
2648 3006 2703 3054 et
2743 2998 2939 3051 lascire
2983 2996 3010 3036 ιι
3043 2993 3267 3050 servulo
3313 3001 3531 3061 qumque
3567 2992 3613 3040 te
3634 2983 3810 3038 donante

2290 3092 2498 3165 digesta
2526 3100 2672 3145 sunt.
2700 3087 2765 3163 Et
2794 3086 2936 3141 sicut
2963 3100 3029 3141 ex
3060 3098 3146 3138 me
3174 3096 3268 3138 me
3291 3078 3566 3135 tremulum
3589 3075 3731 3137 rides,
3754 3070 3813 3124 ni-

2291 3184 2475 3253 hilque
2522 3182 2624 3236 nisi
2669 3194 2736 3234 ex
2768 3189 2817 3234 te
2857 3185 3282 3250 praesumentem
3324 3170 3628 3246 cognoscis;
3668 3165 3731 3220 ita
3754 3176 3812 3216 me

592 3271 1006 3341 triduanusjam
1030 3270 1250 3339 feteam,
1276 3272 1344 3328 ad
1366 3288 1556 3329 vocem
1580 3282 1754 3340 tuam,
1778 3280 1831 3329 et
1853 3272 2180 3341 solutionem

2290 3276 2376 3346 pie
2390 3274 2570 3345 opifex
2594 3283 2763 3328 totum
2787 3270 3037 3331 defende,
3061 3268 3187 3338 quia
3214 3281 3311 3321 me
3339 3274 3503 3320 totum
3534 3268 3683 3317 totum
3699 3269 3811 3311 eont-

591 3366 889 3423 etodorem
927 3381 1047 3422 cum
1099 3367 1207 3422 vita
1249 3367 1457 3438 pariter
1504 3366 1739 3439 capiam.
1774 3366 1958 3422 Linire
1999 3369 2187 3426 oculos

592 3461 777 3517 cordis
808 3460 936 3525 mei,
967 3459 1215 3526 Domine,
1252 3458 1366 3516 luto
1396 3458 1491 3515 illo
1541 3475 1651 3531 quo
1699 3459 1829 3515 caeci
1878 3460 2187 3530 corporales

592 3554 778 3629 oculos
809 3552 1018 3609 iliinisti
1063 3553 1244 3625 (Joan.
1275 3570 1353 3621 ix,
1387 3553 1470 3627 6),
1503 3561 1563 3608 ut
1591 3554 1733 3609 sicut
1760 3553 1850 3610 ille
1881 3554 2182 3626 corporali-

587 3655 674 3703 ter
701 3648 882 3703 hnnen
914 3647 1119 3721 meruit
1146 3650 1409 3720 recipere,
1437 3648 1513 3703 ita
1541 3657 1595 3703 et
1623 3662 1723 3719 ego
1757 3647 2071 3704 mentaliter
2105 3647 2186 3702 lu-

586 3755 705 3799 cem
730 3755 876 3796 tuam
904 3754 1118 3796 merear
1139 3739 1439 3812 perfruere.
1466 3740 1607 3797 Vere
1627 3740 1794 3805 enim,
1822 3738 2066 3801 Domine,
2098 3753 2186 3795 sa-

585 3834 696 3890 llba
737 3834 1029 3897 illuminas,
1084 3847 1221 3904 quos
1262 3834 1439 3904 gratia
1490 3840 1582 3887 tua
1630 3830 1890 3886 illustras.
1934 3831 2091 3899 Quod
2139 3831 2183 3887 si

574 3938 675 3993 tne
724 3940 831 3981 non
858 3925 1078 3996 dignum
1128 3923 1233 3980 levi
1288 3923 1651 3980 medicamine
1695 3924 1869 3989 vides,
1917 3933 1973 3978 et
2018 3923 2182 3992 ferro,

588 4018 699 4075 imo
726 4019 991 4085 cauterio,
1020 4017 1385 4079 mandandum
1413 4019 1716 4090 cognoscis,
1766 4033 1963 4073 exerce
1992 4018 2043 4072 in
2069 4033 2187 4087 ser-

582 4123 713 4164 vum
751 4110 994 4165 cauterio
1022 4108 1373 4176 medicinam,
1399 4109 1487 4164 cui
1517 4109 1692 4164 hostis
1724 4124 1977 4181 magnam
2002 4109 2182 4163 infixit

585 4199 805 4275 plagam
839 4217 851 4253 :
876 4208 931 4255 et
969 4200 1349 4270 quoquomodo
1378 4199 1493 4281 ipse
1547 4200 1682 4255 velis
1709 4215 1837 4255 cura
1868 4198 2136 4255 dolentem
2166 4216 2180 4267 ;

586 4299 799 4347 tantum
829 4308 896 4353 ne
922 4291 1147 4363 abjicias
1189 4300 1243 4348 te
1275 4292 1431 4348 ﬁrmo
1468 4292 1632 4369 corde
1670 4293 2008 4373 credentem,
2030 4304 2091 4367 et
2112 4308 2182 4349 ex

661 4439 688 4478 φ
729 4426 854 4493 Ms.,
884 4424 1142 4486 lucem.

656 4496 684 4537 ιι
709 4496 823 4573 line
842 4507 949 4573 est,
970 4498 1229 4573 digqqris.

656 4577 678 4640 ἦ
712 4569 841 4640 _Ms.,
870 4570 1003 4640 ﬁlia.

649 4637 680 4685 tl
708 4638 831 4706 Ms.,
858 4637 1057 4696 nullus.

656 4718 683 4752 ο
708 4709 851 4784 Lege
877 4713 1050 4784 aquis.

2294 3366 2414 3420 misi
2448 3384 2460 3418 :
2495 3373 2553 3418 ut
2595 3366 2734 3418 sicut
2766 3377 2795 3416 a
2831 3371 2883 3416 te
2913 3360 3188 3422 conditus,
3238 3365 3443 3427 tuoque
3478 3365 3677 3408 munere
3715 3346 3813 3401 rita-

2294 3457 2396 3513 lem
2426 3456 2569 3511 hunc
2599 3455 2754 3526 capio
2777 3454 2985 3517 flatum,
3010 3463 3064 3506 et
3083 3467 3111 3505 a
3145 3460 3196 3505 te
3228 3458 3380 3505 totus
3411 3447 3594 3508 existo,
3616 3449 3813 3507 totusque

2292 3552 2551 3615 subsisto,
2576 3560 2739 3620 atque
2760 3563 2859 3620 per
2888 3558 2937 3603 te
2963 3556 3105 3602 totus
3132 3545 3449 3613 redemptus
3477 3542 3528 3596 in
3549 3535 3721 3594 mundo
3740 3532 3814 3586 isto

2292 3646 2505 3702 mortali
2544 3645 2665 3699 rivo
2692 3661 2706 3709 ;
2738 3645 2810 3698 ita
2850 3651 2995 3696 totus
3027 3656 3059 3695 a
3107 3649 3159 3695 te
3190 3639 3242 3693 in
3286 3638 3461 3692 futuro
3486 3642 3752 3705 possessus,
3775 3632 3813 3679 et

2288 3740 2513 3814 perenni
2544 3736 2913 3793 dominatione
2951 3744 3043 3789 tua
3092 3732 3227 3789 satis
3287 3731 3439 3787 suati
3468 3728 3707 3814 addictus,
3734 3730 3815 3773 uto-

2292 3812 2413 3897 rear
2436 3841 2487 3888 te
2513 3832 2748 3886 donante
2775 3838 2864 3882 tua
2907 3827 3072 3890 dona,
3098 3840 3218 3896 quae
3244 3826 3258 3865 ί
3306 3838 3397 3877 nec
3419 3818 3591 3876 oculus
3610 3812 3814 3897 ridicae:

2289 3924 2436 3979 auris
2476 3921 2695 3986 audivit,
2745 3934 2837 3973 nec
2886 3918 2940 3972 in
2988 3933 3079 3970 cor
3125 3915 3360 3969 hominis
3404 3908 3621 3966 ascendit
3660 3901 3701 3975 (Ι
3723 3896 3812 3952 Cor.

2290 4032 2438 4077 xxxx,
2471 4014 2549 4084 9),
2576 4012 2854 4084 percipere
2890 4028 2902 4065 :
2940 4019 3100 4079 teque
3128 4023 3226 4078 pro
3269 4004 3416 4060 omni
3447 4010 3652 4057 munere
3671 4000 3812 4045 verum

2290 4110 2586 4168 Sabbatum
2605 4105 2904 4179 perit-uere.
2928 4104 3004 4159 Te
3026 4109 3347 4175 praestante,
3371 4095 3458 4168 qui
3484 4104 3660 4164 regnas
3681 4084 3815 4140 tritius

2288 4212 2344 4259 et
2381 4218 2520 4258 unus
2561 4178 2657 4272 per
2696 4213 2973 4269 nunquam
3024 4193 3258 4250 finienda
3301 4189 3492 4248 saecula
3532 4178 3811 4241 saeculorum-

2286 4295 2452 4355 Finit.

2364 4431 2381 4472 ί
2414 4430 2476 4486 F.
2498 4432 2715 4487 limere.

2361 4504 2386 4542 ⁸
2416 4500 2477 4556 F.
2506 4500 2705 4555 credidi

2358 4572 2388 4610 ιι
2420 4571 2483 4627 F.
2511 4570 2724 4640 largire.

2210 4630 2265 4693 D
2365 4647 2384 4686 ί
2416 4642 2541 4710 Ms.,
2568 4630 2745 4713 quam.

864 4860 941 4875 ’θ
1040 4860 1060 4877 ’
1498 4860 1507 4867 “
1617 4860 2250 5069 “INCIPIT
2330 4860 2747 5067 LIBER
2958 4860 2963 4865 ’

862 5214 2466 5360 EPISTOLABUM
2679 5108 3635 5353 ALVARI.

650 5666 869 5723 Aurelio
918 5666 1105 5723 Flavio
1156 5611 1590 5721 losum-Paulus
1635 5662 1913 5720 Annus.

654 5757 705 5813 l.
732 5757 907 5823 Nosti,
940 5757 1012 5811 mi
1038 5755 1410 5823 dilectissime,
1440 5754 1679 5813 fomitem
1707 5752 2013 5815 dulcedinis
2036 5752 2172 5809 cha-

653 5884 682 5915 ι
709 5869 836 5934 ηε..
860 5888 980 5935 σιω.

2276 5572 2493 5627 ritatem
2539 5568 2797 5633 existere,
2827 5576 2884 5623 et
2930 5566 3232 5633 amicorum
3279 5558 3547 5629 veracium

2281 5677 2461 5718 veram
2496 5659 2834 5716 dilectionem
2886 5672 3024 5712 esse.
3076 5655 3153 5712 Ea
3175 5654 3322 5711 enim
3351 5664 3479 5713 vera
3504 5656 3587 5709 ,est
3627 5627 3813 5717 dicen“

2280 5755 2589 5820 concordia,
2620 5762 2675 5808 et
2701 5753 2935 5824 gratuita
2954 5750 3173 5806 dilectio
3207 5738 3626 5819 comprobanda,
3646 5728 3816 5817 ςυψυ
