4034 6350
165 417 275 481 M8

1633 403 2014 479 ﬁscum.

3335 426 3438 485 ιιι

166 550 280 601 non
311 548 501 593 rerum
521 533 764 593 hbilium
787 536 1066 609 coniungit
1102 537 1419 604 necessitas,
1464 536 1558 593 sed
1604 544 1761 592 reter-
1788 535 1837 599 Α
1866 538 2028 593 etiam
2060 537 2417 610 adprobemus
2451 552 2494 597 ο.
2524 538 2828 603 Profundos
2872 542 3016 599 enim
3046 541 3443 619 et‘reconditos

171 629 379 693 nulium
409 630 579 688 nectit
602 631 947 702 prstiterunt
977 637 1169 703 sponte
1205 630 1508 705 benignitas
1541 649 1556 685 :
1594 644 1758 703 quam

170 731 492 785 stricturum
535 722 936 795 Soriptnrurnm
975 724 1154 781 edulia
1211 726 1383 781 sociat
1410 738 1460 791 ι,
1500 732 1559 781 et
1609 716 1767 780 amor

176 816 377 875 divinat
406 815 780 888 intelligentia
825 816 1102 873 individuo
1143 816 1289 888 ligat.
1332 817 1457 874 Haec
1499 826 1583 873 est
1634 831 1763 873 vera

179 911 447 976 charitas.
487 925 609 983 qua
643 926 831 968 essum
864 927 971 968 non
998 914 1168 979 novit,
1201 927 1321 986 quae
1369 914 1512 969 inter
1533 913 1767 984 morige-

181 1022 274 1062 ros
321 1013 533 1061 tantum
566 1005 808 1063 eiariiice
843 1006 1031 1078 fulget,
1061 1023 1184 1079 qua
1234 1007 1376 1063 iiniri
1407 1022 1532 1062 cum
1569 1004 1767 1061 smeuio

180 1099 379 1165 nescit,
418 1113 540 1168 quat
583 1100 751 1154 etiam
802 1108 925 1171 post
978 1100 1260 1156 interitum
1308 1099 1496 1155 mundi
1536 1096 1767 1153 auctiori

179 1189 388 1247 lumine
417 1191 766 1247 inenarrabili
800 1190 1087 1263 splendore
1126 1190 1397 1248 clarescit.
1431 1190 1604 1259 Quam
1652 1187 1770 1245 dul-

180 1285 396 1343 cedinis
448 1286 775 1342 ineifabilem
804 1286 1057 1358 gloriam,
1101 1295 1155 1342 et
1198 1298 1338 1359 pene
1378 1300 1408 1341 a
1449 1285 1771 1341 mortalibus

182 1391 294 1432 non
319 1387 525 1447 quanta
555 1387 639 1433 est
662 1379 962 1450 opinatam,
995 1386 1262 1451 optemus,
1298 1378 1769 1442 reverendissime,

182 1472 332 1528 omni
357 1472 477 1529 nisu
502 1472 791 1527 conatibus
816 1470 1018 1526 nostris
1058 1470 1407 1541 amplectere,
1439 1478 1495 1525 et
1520 1484 1616 1539 per
1645 1469 1775 1523 cha-

187 1564 375 1623 ritatis
394 1565 446 1619 in
476 1575 741 1636 utrosque
770 1572 1145 1636 augmentum,
1177 1572 1440 1635 quantum
1473 1561 1628 1617 nobis
1653 1575 1776 1632 pos-

185 1674 248 1715 se
292 1668 402 1726 est,
431 1664 671 1716 nostram
700 1658 932 1714 edicere.
980 1655 1162 1713 Credo
1195 1658 1360 1720 enim,
1404 1654 1477 1711 mi
1506 1653 1778 1710 sublimis-

186 1752 345 1814 simo,
379 1751 525 1821 quod
560 1751 855 1822 primordia
880 1750 1138 1805 amicitia:
1168 1758 1371 1805 nostrae
1404 1764 1512 1803 non
1550 1763 1581 1801 a
1617 1745 1778 1802 rebus

189 1844 415 1899 caducis
428 1843 659 1913 sumpsit
682 1842 985 1910 exordium,
1016 1843 1110 1898 sed
1138 1842 1167 1883 ιι
1193 1857 1223 1896 a
1240 1842 1403 1897 rebus
1415 1838 1634 1895 aeternis
1660 1852 1775 1893 caa—

188 1940 269 2011 pit
304 1939 542 2017 initium.
576 1936 729 1996 Unde
755 1946 1116 2011 opportunum
1139 1946 1245 2004 est,
1275 1925 1334 1992 ut
1370 1935 1437 1991 ad
1462 1950 1584 1992 eum
1615 1933 1776 1989 linem

193 2034 381 2088 tendat
418 2033 679 2089 mentium
713 2043 1024 2088 nostrarum
1057 2031 1307 2098 intentio,
1334 2045 1443 2103 quo
1468 2044 1499 2085 a
1527 2028 1780 2100 primitus

192 2124 447 2180 inchoata
471 2126 585 2203 ipsa
617 2123 720 2181 fuit
758 2124 1006 2193 dilectio;
1031 2136 1092 2185 ut
1118 2124 1170 2183 iu
1206 2123 1437 2196 amplius
1461 2120 1777 2184 crescendo,

191 2216 420 2287 perenni
468 2231 691 2281 munere
722 2227 905 2285 nostra
954 2216 1155 2285 (litetur
1198 2214 1433 2281 alisalis.
1479 2214 1555 2270 De
1582 2222 1781 2271 caetero

197 2308 483 2366 charitatis
523 2310 823 2379 dulcedinis
862 2319 1054 2381 vestra!
1080 2320 1326 2379 eoactus,
1354 2317 1411 2375 et
1447 2308 1673 2366 scientia
1701 2307 1782 2363 in-

192 2401 468 2460 iustrioris
515 2404 681 2471 animi
741 2404 906 2473 vestri
968 2402 1299 2481 compulsus,
1343 2417 1466 2481 mus
1502 2401 1783 2467 vobiscum

193 2498 361 2554 verbo
384 2508 540 2555 tenus
566 2500 860 2572 disputavi,
898 2514 1067 2579 penes
1087 2513 1177 2567 me
1203 2498 1261 2555 in
1290 2511 1611 2571 magnorum
1637 2495 1782 2551 viro.—

194 2608 315 2648 rum
339 2592 612 2649 volumina
630 2592 926 2667 desquisivi
951 2610 965 2651 :
996 2600 1052 2647 et
1072 2606 1192 2663 quae
1220 2593 1286 2646 de
1315 2591 1400 2653 his
1421 2591 1664 2651 invenire
1690 2603 1786 2659 ροφ

194 2683 295 2751 tui,
329 2698 491 2753 manu
518 2684 739 2761 propria
765 2683 880 2761 ipse
926 2683 980 2747 in
1011 2683 1297 2753 procinctu
1320 2681 1642 2753 conscripsi.
1678 2678 1784 2736 Ve.-

194 2782 372 2829 strum
399 2783 503 2837 est,
529 2788 562 2839 ρ
585 2772 989 2843 inlustrissime,
1023 2782 1118 2839 aut
1140 2774 1194 2829 in
1218 2774 1324 2831 mei
1356 2788 1548 2831 sensus
1568 2781 1786 2835 senten-

198 2865 427 2927 tentiam
464 2865 690 2937 pedibus
723 2866 971 2933 introire,
1010 2874 1105 2922 aut
1150 2881 1276 2921 cum
1322 2865 1520 2925 talibus
1565 2865 1789 2937 dignum

188 2960 455 3041 protinus
493 2974 765 3030 respuere.
800 2957 856 3015 Si
896 2958 1041 3025 enim
1095 2959 1237 3030 quod
1277 2958 1387 3017 dixi
1432 2974 1542 3027 nan
1595 2957 1790 3017 videtis

194 3052 559 3129 sequendum,
589 3068 710 3119 cum
756 3054 839 3111 his
865 3051 1053 3125 procul
1080 3052 1244 3109 dubio
1290 3068 1521 3125 quorum
1572 3059 1791 3113 secutus

198 3158 321 3198 sum
351 3144 595 3229 dignum,
633 3142 893 3214 judicatis
935 3145 1123 3214 utique
1156 3145 1541 3216 respuendum.
1596 3142 1792 3198 Patere
1809 3154 1837 3181 '-

202 3252 288 3294 me
315 3252 416 3293 oro
447 3252 634 3295 errare
673 3254 796 3295 cum
829 3238 1028 3305 talibus
1054 3238 1242 3305 libere,
1286 3240 1377 3311 qui
1401 3237 1547 3305 nulla
1589 3237 1793 3294 veritas

203 3331 336 3401 citra
371 3333 601 3389 istorum
629 3300 954 3399 ﬁrmata-cst
981 3348 1163 3407 opere,
1199 3296 1320 3393 nisi.
1346 3298 1576 3403 forsitan
1613 3339 1795 3389 vestra
1820 3296 1870 3364 θ

205 3423 564 3492 subtilissima
601 3433 656 3491 et
710 3424 984 3493 acerrima
1035 3422 1304 3491 discussit)
1362 3422 1470 3491 alio
1521 3423 1626 3489 imo
1674 3420 1798 3483 illos

206 3515 415 3571 dixisse
470 3517 785 3593 probaverit
838 3516 1002 3585 modo
1038 3534 1052 3570 :
1085 3516 1228 3587 quod
1273 3516 1319 3585 si
1372 3528 1702 3585 “ignorem,
1742 3520 1798 3569 et

208 3618 392 3679 ³Ρθ¹⁵ῑθ
421 3623 521 3679 De?
546 3609 748 3681 .SCl‘iPla
774 3616 953 3677 vestra
985 3620 1006 3647 ο
1041 3609 1366 3683 probavero.
1400 3606 1549 3671 illim
1581 3605 1797 3665 veniam

208 3699 461 3753 celeriter
488 3700 792 3770 postulabo,
829 3699 1080 3769 Paratior
1117 3699 1261 3763 enim
1288 3714 1409 3763 sum
1442 3712 1569 3759 vera
1594 3710 1799 3769 cognat-

210 3808 384 3862 scere,
418 3811 583 3865 quam
620 3794 754 3863 falsa
786 3793 1101 3855 defendere.

275 3888 334 3947 2.
373 3888 452 3943 Ae
504 3890 738 3961 primum
786 3890 852 3945 de
881 3904 946 3949 eo
976 3888 1121 3960 quod
1168 3887 1301 3955 dixi,
1347 3896 1568 3944 sanctos
1592 3894 1648 3947 et
1672 3901 1802 3957 apo-

211 3979 436 4047 stolicos
477 3981 624 4037 viros
652 3997 757 4037 non
785 3982 1076 4045 verborum
1108 3979 1595 4051 compositionibus
1616 3979 1804 4045 deser-

212 4073 353 4137 vire,
385 4073 480 4141 sed
509 4090 767 4135 sensuum
792 4075 1024 4135 veritate
1044 4074 1281 4152 gaudere
1315 4093 1326 4127 :
1355 4090 1458 4128 nec
1502 4089 1600 4144 per
1628 4082 1801 4129 artem

212 4162 431 4230 Donati,
478 4164 571 4220 sed
604 4180 700 4236 per
728 4165 1127 4237 simplicitatem
1156 4180 1377 4222 currere
1407 4165 1640 4233 Christi;
1677 4164 1804 4235 quid

212 4256 340 4313 inde
383 4256 443 4311 Β.
475 4255 838 4332 Hierdnymus
858 4259 1079 4324 dixerit,
1110 4259 1241 4330 quid
1265 4258 1523 4325 senserit,
1544 4257 1684 4331 quid
1704 4271 1807 4313 suo

212 4364 341 4404 orsu
366 4348 526 4417 nobis
550 4348 827 4417 indideril,
857 4351 1044 4417 audire
1068 4358 1248 4409 vestra
1276 4351 1548 4421 patienter
1567 4349 1807 4417 cleanen-

218 4443 292 4497 tia
340 4440 533 4509 iubeat
564 4459 577 4496 :
614 4442 739 4497 etsi
770 4442 931 4498 aliter
982 4442 1325 4497 sentiendum
1380 4450 1481 4504 est,
1535 4441 1808 4496 disserere

216 4537 377 4592 "Oili-8
424 4551 531 4591 non
554 4538 756 4610 pigeat.
790 4536 850 4591 in
877 4537 1014 4592 libro
1043 4537 1188 4591 enim
1224 4535 1427 4591 acalcie
1454 4533 1483 4575 ἀ
1525 4534 1810 4607 consigna-

1863 646 2055 687 sensus
2090 631 2270 703 lingua
2302 647 2405 688 non
2429 634 2686 713 esplicat.
2711 632 2918 690 Etcum
2944 635 3059 707 ipse
3088 635 3286 691 sentiat
3315 634 3443 707 quid

1864 722 2136 794 loquatur,
2167 722 2218 778 in
2246 722 2450 780 alienas
2471 739 2630 789 aures
2659 740 2795 797 puro
2822 740 2927 781 non
2950 735 3126 799 potest
3149 724 3447 785 transferre

1864 810 2139 874 sermone;
2178 836 2197 871 ι
2233 816 2367 872 item
2414 817 2478 872 ad
2523 810 2741 883 Galatas
2790 818 2946 877 idem'
2992 820 3183 893 doctor
3228 835 3241 873 :
3292 840 3309 871 ι
3345 817 3446 897 Qui

1865 920 2056 993 pntant
2079 911 2305 981 Paulum
2320 912 2475 984 juxta
2506 911 2885 977 humilitatem,
2918 922 2973 985 et
3002 930 3107 969 non
3134 929 3263 970 vere
3285 914 3451 969 dixis-

1868 1018 1926 1059 se
1959 1021 1972 1058 :
2004 1002 2070 1058 Et
2108 1005 2154 1060 si
2182 1006 2454 1076 imperitus
2479 1020 2737 1081 sermone,
2767 1023 2871 1062 non
2896 1017 3069 1069 autem
3095 1005 3334 1072 scientia,
3358 1007 3453 1065 tle-

1868 1095 2091 1152 fendant
2144 1096 2303 1167 hujus
2348 1097 2453 1153 loci
2501 1097 2967 1169 consequentiam.
3007 1098 3200 1155 Debuit
3238 1097 3454 1171 quidem

1871 1190 2169 1246 secundum
2193 1191 2437 1245 ordinem
2462 1189 2647 1247 dicere
2682 1207 2693 1245 :
2736 1188 2839 1246 Vos
2863 1192 2955 1264 qui
2977 1189 3277 1263 spirituales
3308 1191 3449 1257 estis,

1873 1285 2163 1358 componite
2210 1283 2513 1355 hujusmodi
2543 1285 2598 1341 in
2625 1285 2814 1359 spiritu
2859 1284 3297 1355 mansuetudinis,
3335 1298 3459 1339 cou-

1872 1379 2163 1433 siderantes
2196 1380 2551 1452 vosmetipsos,
2585 1396 2649 1434 ne
2677 1389 2724 1435 et
2753 1397 2840 1435 vos
2889 1379 3159 1434 teutcmini
3182 1378 3325 1450 (Gal.
3360 1378 3456 1449 vt),

1876 1481 1932 1527 et
1956 1487 2060 1527 non
2089 1471 2280 1543 plurali
2309 1471 2509 1529 inferre
2547 1488 2776 1529 numero
2802 1473 3158 1547 singularem.
3202 1472 3462 1528 Hebrmus

1877 1562 2045 1639 igitur
2069 1580 2132 1620 ex
2161 1564 2422 1631 ilebrtcis,
2449 1573 2502 1621 et
2531 1565 2621 1638 qui
2646 1574 2792 1621 esset
2818 1566 2869 1620 in
2896 1565 3188 1621 vernaculo
3214 1580 3464 1621 sermone

1881 1662 2248 1729 doctissimus,
2285 1662 2582 1735 profundos
2628 1678 2821 1719 sensus
2850 1662 3023 1718 aliena
3067 1661 3248 1735 lingua
3283 1651 3464 1738 expri-

1881 1772 2031 1813 mere
2059 1772 2165 1812 non
2198 1756 2430 1823 valebat,
2458 1770 2556 1811 nec
2585 1755 2812 1812 curabat
2840 1769 3168 1828 magnopere
3193 1754 3259 1809 de
3286 1751 3468 1808 verbis

1882 1865 2006 1907 cum
2028 1866 2247 1907 sensum
2278 1850 2502 1906 haberet
2529 1850 2582 1905 in
2626 1857 2763 1905 tuto.
2801 1867 2821 1903 ι

1949 1943 2003 1998 '5.
2037 1940 2171 1999 Item
2201 1944 2267 2000 de
2298 1942 2388 1997 illo
2429 1943 2572 2014 quod
2595 1944 2797 1998 acriter
2828 1941 3086 2007 refutavi,
3117 1950 3166 1997 et
3192 1954 3332 2013 pene
3363 1953 3471 1997 non

1881 2048 2037 2107 azquo
2062 2033 2243 2088 animo
2270 2048 2365 2088 vos
2391 2034 2661 2089 dicentem
2681 2032 2886 2099 audivi,
2911 2032 3037 2103 quid
3068 2032 3191 2085 inde
3214 2031 3470 2091 doctores

1883 2140 2127 2193 censere,
2158 2125 2246 2180 hic
2272 2125 2508 2180 breviter
2559 2126 2851 2183 identidem
2897 2124 3171 2189 adnotavi.
3220 2123 3472 2189 Vestrum

1884 2219 2095 2275 esthoc
2116 2219 2279 2274 etiam
2303 2219 2510 2275 utiliter
2535 2220 2822 2289 trutinare,
2844 2225 2899 2285 et
2938 2219 3017 2274 sic
3041 2216 3275 2273 infirmis
3300 2216 3475 2269 libere

1886 2311 2147 2366 trutinata
2181 2309 2201 2350 ί
2230 2310 2495 2395 proferre.
2528 2310 2727 2367 Beatus
2776 2310 3109 2389 Augustinus
3166 2310 3218 2364 in
3272 2306 3478 2363 tricesi-

1887 2401 1959 2457 mi
2005 2402 2219 2473 septimi
2266 2401 2459 2474 psalmi
2492 2400 2833 2475 expositione
2878 2402 2942 2454 ad
2970 2400 3146 2456 locum
3178 2399 3256 2453 sic
3297 2396 3425 2451 dicit
3462 2415 3473 2450 :

1894 2510 1913 2543 ι
1948 2490 2187 2560 Domine,
2207 2493 2369 2560 Deus,
2388 2510 2551 2559 meus,
2576 2509 2637 2547 ne
2658 2493 2855 2563 dicesse
2868 2492 2937 2546 ris
2953 2508 2983 2544 a
3010 2508 3106 2545 me.
3125 2488 3182 2545 Si
3200 2507 3229 2543 a
3251 2501 3482 2558 corpore

1890 2601 1995 2642 non
2023 2587 2266 2657 recessit,
2302 2587 2527 2642 recessit
2558 2602 2589 2641 a
2620 2585 2835 2656 capite?
2854 2583 3019 2655 Cujus
3044 2599 3175 2657 ergo
3207 2596 3308 2636 vox
3334 2590 3475 2647 erat,

1891 2680 1993 2735 nisi
2022 2680 2181 2767 primi
2208 2680 2479 2736 hominis?
2502 2680 2578 2735 Ex
2610 2679 2698 2734 illo
2726 2680 2869 2733 enim
2893 2693 2952 2741 se
2975 2675 3266 2732 ostendens
3294 2687 3478 2727 veram

1891 2788 2112 2839 carnem
2139 2782 2380 2845 portare,
2431 2772 2608 2826 dixit:
2642 2770 2804 2835 Deus,
2839 2769 2980 2824 Deus
3007 2784 3174 2835 meus,
3202 2782 3366 2839 quare
3405 2781 3485 2823 me

1884 2866 2262 2949 dereliquisti?
2287 2863 2458 2933 (Psal.
2502 2863 2638 2940 XXI.)
2664 2862 2780 2917 Non
2807 2861 2955 2916 illum
2991 2859 3194 2915 dimisit
3229 2855 3391 2932 Deus.
3427 2854 3487 2912 Si

1898 2965 1950 3011 te
1975 2973 2080 3025 non
2121 2955 2340 3011 dimittit
2364 2954 2675 3011 credentem
2718 2953 2772 3007 in
2805 2967 2884 3021 se,
2912 2948 3191 3006 Christum
3214 2946 3489 3019 dimiteret

1894 3049 2056 3104 Pater
2086 3058 2140 3104 et
2165 3047 2334 3104 Filius
2356 3055 2409 3103 et
2430 3045 2663 3120 Spiritus
2686 3043 2945 3102 sanctus?
2980 3042 3084 3098 Sed
3112 3055 3402 3115 personam
3435 3038 3487 3091 in

1898 3157 1956 3198 se
1988 3142 2466 3212 transiiguraverat
2500 3138 2701 3211 prioris
2731 3138 2985 3197 hominis.
3014 3134 3250 3205 Scimus,
3279 3133 3491 3203 dicente

1897 3232 2175 3302 Apostolo,
2204 3233 2329 3305 quia
2361 3241 2516 3287 vetus
2546 3231 2708 3286 homo
2748 3229 3043 3286 crucifixus
3077 3238 3159 3285 est
3186 3225 3335 3283 cruci
3365 3241 3489 3281 cum

1902 3326 1993 3383 illo
2023 3325 2201 3398 (Rom.
2229 3326 2327 3393 vr).
2352 3323 2468 3379 Non
2497 3333 2678 3393 autem
2712 3338 3024 3379 careremus
3062 3328 3345 3385 vetustate,
3388 3317 3492 3374 nisi

1901 3408 2000 3478 nos
2021 3420 2363 3497 cruciﬁgeret
2413 3420 2467 3474 in
2498 3418 2835 3487 inﬁrmitate.
2869 3415 2949 3483 Ad
2982 3417 3084 3472 hoc
3115 3415 3284 3481 venit,
3314 3422 3371 3467 ut
3403 3426 3491 3468 re-

1902 3528 2166 3585 novemnr
2188 3512 2240 3567 in
2274 3512 2398 3580 illo;
2423 3512 2548 3584 quia
2576 3511 2932 3580 desiderando
2954 3524 3077 3564 eum
3105 3516 3160 3563 et
3187 3505 3490 3578 passionem

1868 3603 2020 3685 -ejus
2059 3606 2085 3645 ³
2116 3619 2462 3659 renovamur.
2494 3603 2637 3675 Ergo
2679 3618 2783 3657 vox
2815 3610 2933 3655 erat
2986 3598 3340 3660 inﬁrmitatis,
3387 3610 3489 3650 vox

1902 3710 2022 3756 erat
2049 3709 2258 3775 nostra,
2288 3714 2395 3770 qua
2425 3699 2626 3757 dictum
2659 3705 2742 3752 est
2770 3713 2781 3748 τ
2820 3695 2996 3765 Quare
3026 3710 3105 3748 me
3131 3688 3495 3762 dereliquisti?

1904 3792 2032 3849 inde
2056 3790 2126 3848 ibi
2156 3791 2359 3847 dictum
2382 3798 2489 3859 est,
2521 3788 2673 3844 verba
2716 3787 3027 3843 delictorum
3064 3799 3299 3839 meorum
3325 3798 3343 3851 ;
3373 3790 3492 3837 tan-

1906 3900 2069 3959 quam
2108 3883 2351 3939 dicereth
2382 3901 2394 3938 :
2428 3882 2506 3937 Ex
2536 3896 2766 3963 persona
2795 3878 3101 3968 peccatoris
3130 3878 3179 3931 in
3206 3892 3289 3930 me
3319 3886 3494 3928 trans-

1908 3974 2135 4050 ﬁgurata
2168 3982 2310 4031 sunt.
2347 3992 2365 4025 ι

1977 4066 2033 4122 4.
2072 4067 2204 4123 item
2255 4066 2445 4121 beatus
2491 4062 2809 4121 Ambrosius
2852 4061 2904 4115 in
2945 4059 3079 4115 libro
3128 4072 3268 4112 nono
3308 4064 3496 4111 contra

1910 4160 2097 4216 Arium
2139 4158 2205 4214 de
2236 4156 2612 4212 lncarnatione
2660 4151 2875 4207 Domini
2923 4152 3203 4223 disputans
3233 4166 3245 4203 :
3276 4167 3293 4199 ι
3335 4148 3350 4188 ί
3382 4144 3497 4203 Non

1912 4257 2197 4333 capiantur
2234 4251 2376 4329 quod
2419 4250 2605 4305 audit:
2667 4246 2843 4327 Quare
2876 4262 2956 4301 me
2989 4242 3345 4316 dereliquisti;
3404 4237 3498 4294 sed

1912 4350 2214 4422 intelligunt
2250 4345 2261 4397 i
2320 4342 2461 4431 quod
2491 4341 2786 4399 secundum
2819 4353 3039 4395 carnem
3083 4339 3184 4393 ista
3214 4336 3497 4403 dicantur,

1912 4457 2033 4523 quae
2077 4440 2235 4511 longe
2285 4427 2693 4508 a'plenitudine
2732 4429 3039 4486 Divinitatis
3083 4428 3259 4482 aliena
3291 4427 3315 4465 ιι
3350 4430 3497 4477 sunt.

1912 4519 2101 4588 Aliena
2135 4538 2259 4585 sunt
2299 4529 2448 4583 enim
2494 4542 2523 4580 a
2577 4525 2685 4578 Deo
2714 4523 2876 4576 verba
2922 4520 2941 4559 ι
2982 4519 3304 4579 delictorum
3353 4530 3502 4569 meo-

212 4635 414 4683 tusest
434 4628 488 4681 in
514 4603 751 4698 Epistula
773 4628 839 4683 ad
868 4626 1220 4683 Colossenses
1251 4641 1265 4681 :
1296 4647 1313 4679 ι
1350 4626 1482 4682 Illud
1508 4603 1803 4693 enimiait,
1836 4665 1887 4726 υ
1915 4641 2033 4679 rum
2062 4636 2134 4687 ιη,
2160 4623 2286 4691 quia
2330 4619 2505 4673 aliena
2550 4625 2676 4670 sunt
2718 4622 2773 4668 et
2817 4613 3012 4667 delicta
3057 4610 3364 4726 verborum.
3399 4603 3507 4659 Sed

212 4721 364 4791 quod
389 4720 586 4776 crebro
611 4721 846 4776 diximus
874 4739 887 4774 :
925 4718 994 4774 Et
1018 4720 1064 4775 si
1104 4720 1376 4791 imperitus
1417 4734 1676 4785 sermone,
1706 4736 1809 4773 non

216 4823 398 4869 autem
428 4813 646 4869 scientia
679 4814 763 4886 (il
793 4813 919 4869 Cor.
965 4813 1066 4886 ιι),
1112 4827 1451 4885 nequaquam
1478 4811 1706 4868 Paulum
1746 4812 1813 4867 de

218 4906 550 4971 humilitate,
604 4907 701 4962 sed
751 4907 820 4961 de
871 4906 1218 4963 conscientia:
1288 4905 1522 4961 veritate
1588 4903 1813 4972 dixisse,

250 5044 694 5169 inungi-auem”
734 5043 963 5123 pluralia
1006 5049 1209 5109 neutra
1248 5043 1418 5109 milia
1458 5043 1547 5100 hic
1574 5041 1815 5115 ϐθυάθηί

221 5131 508 5188 singulari.

303 5191 329 5227 ι’
359 5187 459 5259 iis,
487 5198 535 5243 et
559 5202 656 5259 pro
684 5198 781 5253 set,
809 5201 903 5243 seu
928 5188 1042 5243 sed.

303 5274 324 5297 υ
362 5258 485 5321 his.
513 5258 603 5328 per
625 5260 833 5329 scriptis
859 5260 1061 5321 uestris.

300 5330 325 5367 ιι
358 5326 519 5400 ιρεᾳί
538 5326 762 5400 Algasiie
787 5345 807 5383 .°
834 5331 995 5387 verba
1027 5329 1171 5389 enim
1222 5326 1309 5384 illa
1339 5342 1462 5400 quae
1487 5336 1816 5400 sequuntur,

225 5398 454 5471 scripsit
479 5398 703 5471 Hieron.
726 5401 870 5471 scpis.
905 5402 1027 5466 151,
1055 5401 1126 5463 ad
1168 5398 1465 5470 Algasiam,
1492 5407 1691 5468 quwst.
1726 5398 1813 5463 l0,

220 5475 323 5529 ubi
351 5470 591 5537 Apes-teli
606 5472 673 5527 ad
701 5470 1070 5535 Colossenses,
1095 5488 1143 5537 ρ.
1169 5487 1227 5537 ιι,
1260 5470 1584 5527 sententiam
1608 5485 1819 5527 memo-

229 5553 321 5599 rat
349 5562 362 5597 :
399 5541 567 5614 Nemo
610 5559 695 5609 ros
725 5552 952 5614 suepret,
997 5553 1137 5614 etc,
1154 5550 1208 5614 et
1246 5541 1454 5614 statim,
1483 5556 1604 5614 qua
1636 5550 1822 5614 noster

225 5618 428 5680 relerl,
451 5612 724 5686 subiungit
754 5611 828 5669 Si
856 5616 1048 5681 doctor
1075 5632 1090 5668 ;
1114 5612 1281 5679 Illud,
1316 5615 1460 5679 αμοά
1486 5611 1666 5671 ουτω-ο
1686 5611 1824 5668 dimi.

228 5695 515 5822 “afﬁgi,
574 5755 931 5827 adprofemus.
992 5753 1211 5811 Hieron.
1264 5756 1419 5820 ibid.,
1482 5754 1637 5809 etiam
1685 5769 1825 5808 nunc

230 5829 612 5881 approbemus.

230 5844 612 5903 apprecamur.

316 5901 336 5941 ί
377 5898 505 5968 Ἀθη
532 5902 858 5956 tritunare...
890 5899 1164 5953 tritunata.

1920 4714 2174 4786 quoniam
2204 4710 2399 4767 delicta
2445 4708 2620 4763 aliena
2671 4705 2883 4774 suscepi
2918 4714 2976 4769 ιι,
3008 4703 3171 4755 etiam
3204 4700 3508 4753 debitorum

1922 4806 2221 4861 alienorum
2252 4801 2417 4857 verba
2456 4797 2690 4868 suscepi,
2734 4804 2790 4849 ul
2816 4792 3129 4849 dei-elicitum
3162 4806 3246 4845 me
3272 4805 3301 4844 a
3349 4788 3510 4845 Patre

1924 4900 2034 4954 Deo
2063 4911 2183 4953 esse
2204 4894 2405 4959 dicam,
2438 4891 2528 4969 qui
2553 4888 2693 4962 apud
2726 4888 2891 4943 Deum
2925 4900 3139 4969 semper
3162 4898 3300 4937 sum.
3340 4902 3357 4933 ι

1999 5035 2024 5076 ⁸
2060 5031 2214 5103 Apud
2234 5030 2372 5100 Aug.
2396 5025 2711 5099 superpsoi.
2728 5037 2936 5087 xxxvii,
2952 5022 3005 5083 in
3020 5021 3148 5086 line,
3165 5017 3511 5077 additumni—

1924 5105 2309 5245 ιωῖιάΐθεὶιιιυε
2339 5171 2587 5245 ibidequ
2620 5166 2893 5245 Τοηιαπα
2933 5166 3125 5245 ἀίξθνίί
3153 5174 3171 5216 ί
3204 5161 3331 5219 um
3354 5160 3510 5245 “rga

1926 5266 1991 5303 ex
2038 5230 2281 5317 persona.
2304 5242 2588 5315 peccatoris
2626 5241 2679 5293 in
2707 5230 2789 5291 me
2827 5237 3206 5305 transﬁgurata
3231 5246 3351 5289 sunt
3387 5249 3403 5285 :
3434 5230 3512 5286 Ne

1927 5318 2432 5376 discesserisame.
2792 5380 2802 5384 _
2860 5379 2874 5384 _
3193 5376 3219 5384 __
3274 5374 3304 5384 η

2006 5373 2033 5433 ίί
2060 5389 2186 5445 Haec
2204 5388 2347 5458 apud
2370 5384 2621 5439 Ambros.
2640 5380 2740 5437 iib.
2772 5380 2837 5435 de
2857 5379 3091 5444 lnearn.,
3117 5396 3164 5433 ο.
3186 5376 3242 5433 5.
3273 5374 3379 5433 Sed
3404 5373 3508 5447 ibi.

1928 5463 2015 5535 qui
2046 5460 2214 5514 audit.
3258 5498 3263 5501 _

2001 5531 2015 5611 ξ
2058 5530 2283 5611 ibidem.
2300 5526 2577 5611 intelligat.

2004 5607 2029 5643 ιι
2058 5602 2180 5665 Ms.,
2210 5601 2392 5654 alieni.
3166 5620 3171 5625 -

2006 5674 2023 5713 ι
2062 5659 2183 5738 Ms,
2236 5670 2304 5725 ad
2353 5672 2523 5731 verba,
2577 5669 2715 5723 i'ortc
2743 5682 2842 5737 per
2874 5667 2917 5739 ,ὁ
2950 5666 3138 5724 Betim.
3178 5659 3510 5721 mulierum

1932 5761 2102 5806 more.
2133 5741 2479 5814 signiﬁcavit.
2668 5813 2673 5814 γ
2880 5759 2886 5764 ·
3032 5760 3035 5761 ν
3118 5758 3179 5789 ,ν
3255 5755 3257 5758 ⁴

2001 5826 2039 5849 ³
2072 5817 2127 5871 In
2154 5813 2423 5871 Ambrosii
2458 5822 2605 5869 textu
2631 5813 2786 5867 abest
2808 5822 3064 5869 uicorum.

2002 5900 2030 5939 ιι
2065 5887 2189 5954 Νι..
2219 5886 2449 5955 suscepit
2472 5900 2490 5937 ε
2550 5882 2741 5943 melius
2758 5882 2818 5937 in
2844 5879 3052 5943 Arnim,
3072 5876 3298 5953 κακᾷ.
