4034 6350
639 363 749 424 415

708 474 843 533 Item
864 474 1057 548 ipsein
1079 474 1219 534 libro
1237 473 1468 545 septimo
1490 482 1613 530 cata
1637 473 1842 531 Lucam
1869 492 1883 531 :
1914 494 1933 528 ι
1960 475 2104 549 Ergo
2125 494 2228 536 nec

638 582 742 643 ego
777 566 1095 624 erubescam
1154 563 1313 620 t‘ateri
1362 552 1508 636 quod
1563 562 1816 622 Christus
1859 582 1969 624 non
2011 569 2232 628 erubuit

637 678 834 735 magna
858 674 990 717 voce
1028 658 1299 722 conﬁteri,
1329 657 1413 713 vel
1438 658 1663 717 evidens
1704 659 2074 718 manifestatio
2099 678 2231 719 con-

638 754 889 812 testantis
935 752 1029 808 Dei
1077 751 1439 807 secessionem
1496 750 1800 809 divinitatis
1851 763 1907 811 et
1953 758 2225 829 corporis.

637 860 665 891 ι
692 846 792 904 Hic
817 845 962 903 enim
1003 843 1171 900 habes
1203 861 1215 897 :
1262 842 1521 900 Clamavit
1568 845 1725 902 Iesus
1755 864 1873 903 voce
1907 866 2099 921 magna
2145 851 2228 905 di-

634 957 756 997 cens
807 954 825 993 :
868 936 1032 1002 Deus,
1088 935 1232 993 Deus
1285 954 1456 1004 meus,
1515 954 1679 1010 quare
1726 956 1809 994 me
1869 940 2230 1013 dereliquisti?

635 1031 832 1104 (Marc.
867 1034 984 1103 xv.)
1033 1030 1301 1087 Clamavit
1345 1032 1510 1086 homo
1537 1032 1841 1090 divinitatis
1883 1036 2227 1105 separatione

633 1121 952 1178 moriturus.
1004 1119 1139 1177 Nam
1199 1122 1609 1179 cum’divinitis
1653 1123 1822 1180 libera
1871 1127 2064 1181 mortis
2116 1127 2226 1193 sit,

631 1216 820 1287 utique
848 1231 997 1272 mors
1039 1231 1160 1272 esse
1192 1232 1298 1271 non
1339 1224 1570 1287 poterat,
1605 1216 1710 1272 nisi
1739 1218 1850 1272 vita
1891 1217 2224 1288 discederet,

628 1307 759 1379 quia
787 1307 895 1362 vita
921 1306 1177 1363 divinitas
1194 1314 1298 1362 est.
1331 1305 1447 1362 Hoc
1477 1307 1681 1363 dictum
1712 1306 1785 1364 ita
1823 1308 2222 1379 accipiendum,

631 1413 737 1454 non
769 1400 895 1470 quia
922 1396 1230 1454 humanitas
1254 1398 1559 1469 passionem
1589 1398 1853 1455 terebat.»

700 1490 757 1546 5.
785 1489 916 1548 Item
949 1507 1015 1546 ex
1046 1490 1186 1546 libro
1215 1490 1365 1546 Beati
1394 1500 1585 1547 contra
1614 1491 1939 1563 Elipandum
1978 1512 1991 1549 :
2031 1513 2050 1547 ι
2086 1494 2223 1552 Cum

630 1582 797 1639 dicit:
826 1582 929 1650 Qui
958 1598 1041 1638 me
1069 1584 1233 1649 misit,
1262 1600 1463 1638 mecum
1484 1595 1583 1651 est,
1608 1601 1703 1640 nec
1729 1602 1812 1641 me
1830 1586 2127 1661 dereliquit.
2157 1589 2227 1645 Et

631 1674 737 1731 alio
761 1673 922 1730 loco:
954 1674 1120 1742 Deus,
1157 1674 1296 1731 Deus
1348 1693 1517 1743 meus,
1546 1695 1709 1750 quare
1733 1696 1815 1734 me
1856 1680 2180 1755 dereliquisti
2199 1684 2226 1739 ?

629 1767 748 1839 ipse
774 1783 914 1824 unus
959 1778 1082 1826 est:
1117 1768 1171 1824 in
1216 1769 1406 1826 ambas
1459 1780 1701 1828 naturas'
1731 1789 1814 1828 me
1839 1782 1894 1827 et
1941 1791 2020 1830 me
2066 1775 2218 1832 dicit.

629 1857 767 1915 Num
799 1875 922 1916 cum
951 1859 1085 1915 dicit
1113 1875 1130 1915 :
1161 1858 1275 1915 Nec
1301 1877 1384 1915 me
1408 1860 1706 1935 dereliquit,
1737 1863 1916 1920 divina
1949 1874 2053 1921 est.
2082 1863 2219 1922 Cum

628 1959 809 2008 autem
841 1952 970 2008 dicit
995 1969 1009 2007 :
1034 1950 1123 2007 Me
1143 1951 1488 2024 dereliquisti,
1515 1952 1751 2009 humana
1778 1963 1881 2010 est.
1906 1955 2046 2024 Quia
2073 1955 2220 2014 Deus

629 2044 903 2102 hominem
939 2030 1271 2117 susceperat,
1312 2055 1369 2101 et
1407 2046 1523 2116 ipse
1567 2047 1733 2103 homo
1782 2049 1922 2104 mori
1955 2049 2217 2119 habebat,

625 2145 684 2196 et
709 2136 963 2194 divinitas
986 2152 1107 2208 quae
1136 2137 1247 2192 vita
1273 2145 1414 2204 erat,
1445 2137 1601 2194 exsul
1646 2150 1768 2194 erat
1795 2153 1826 2194 a
1850 2149 2061 2209 morte;
2096 2140 2219 2197 ideo

626 2245 724 2305 per
746 2239 976 2287 mortem
997 2230 1177 2288 crucis
1205 2231 1593 2303 relinquendus
1617 2241 1738 2288 erat
1758 2248 1930 2304 usque
1950 2235 2020 2291 ad
2047 2250 2222 2292 resur-

628 2324 924 2382 rectionem
955 2324 1145 2396 ipsiusl.
1180 2323 1298 2379 Non
1335 2324 1480 2395 quod
1506 2324 1765 2381 divinitas
1791 2325 2074 2397 reliquerit
2099 2342 2221 2383 car-

627 2431 751 2474 nem
788 2432 968 2485 suam,
996 2416 1093 2473 scd
1127 2416 1271 2487 quod
1304 2431 1411 2473 non
1441 2418 1705 2473 moritura
1734 2426 1856 2474 erat
1894 2433 2021 2475 cum
2054 2433 2222 2477 carne

623 2524 741 2566 sua.
768 2507 906 2577 Quia
931 2508 1011 2564 sic
1038 2508 1093 2564 in
1140 2507 1390 2578 sepulcro
1435 2522 1658 2563 carnem
1689 2524 1843 2565 suam
1868 2524 2222 2566 eommauen-

621 2600 692 2658 do
732 2615 841 2656 non
890 2599 919 2641 ιι
966 2599 1230 2666 deseruit,
1262 2601 1403 2657 sicut
1432 2600 1484 2656 in
1531 2609 1690 2657 utero
1722 2601 1967 2674 Virginis
2016 2618 2221 2659 conua-

622 2694 823 2753 seendo
865 2693 1135 2750 formavit.
1176 2693 1328 2750 Fidei
1358 2709 1489 2767 ergo
1520 2705 1722 2750 nostra:
1742 2694 1822 2750 sic
1848 2694 2125 2761 convenit,
2158 2705 2221 2752 ut

516 2837 526 2848 .
621 2787 786 2845 homo
833 2786 977 2843 ﬁlius
1001 2787 1149 2844 dicat
1181 2803 1194 2841 :
1226 2786 1407 2853 Quare
1450 2805 1534 2843 me
1583 2788 1907 2860 dereliquisti
1932 2788 2046 2843 ?Et
2078 2788 2220 2846 Deus

630 2877 822 2943 Filius,
850 2878 942 2948 qui
974 2893 1099 2934 cum
1126 2876 1291 2933 Patre
1312 2878 1537 2948 aqualis
1561 2888 1664 2944 est,
1690 2879 1868 2935 dicat:
1887 2877 1993 2946 Qui
2012 2895 2096 2934 me
2121 2880 2220 2935 mi-

625 2971 694 3025 sit
724 2985 927 3024 mecum
963 2979 1065 3035 est,
1100 2985 1194 3024 nec
1222 2985 1306 3023 me
1330 2969 1632 3041 dereliquit.
1664 2970 1875 3026 Etcum
1895 2985 1963 3026 ex
1989 2981 2220 3043 utroque

623 3074 764 3115 unus
779 3059 852 3115 sit
871 3058 1032 3124 illius,
1055 3059 1357 3116 cavendum
1380 3068 1486 3125 est,
1512 3074 1582 3114 ne
1603 3059 1800 3131 aliquis
1826 3061 1974 3117 dicat
2001 3079 2015 3115 :
2041 3061 2216 3118 Homo

621 3160 707 3207 est
732 3159 1003 3217 mortuus,
1033 3160 1090 3206 et
1115 3150 1284 3206 Deum
1311 3166 1437 3206 eum
1466 3151 1750 3207 excitavit.
1777 3151 1892 3209 Hoc
1925 3152 2001 3208 illi
2029 3154 2219 3211 dicunt

622 3243 716 3314 qui
752 3243 1047 3299 secundum
1072 3258 1293 3300 carnem
1316 3258 1441 3299 eum
1467 3245 1768 3315 praedicant
1808 3245 2122 3317 adoptivum
2159 3256 2217 3304 et

622 3337 918 3393 secundum
966 3337 1302 3394 divinitatem
1330 3338 1666 3409 proprium.»

692 3428 747 3486 6.
762 3427 895 3485 Item
911 3441 1132 3488 sanctus
1158 3429 1473 3505 Fulgentius
1499 3431 1553 3488 in
1581 3431 1722 3489 libro
1737 3433 1804 3490 ad
1825 3432 2216 3493 Petrum‘dire-

620 3529 710 3579 eto
736 3539 749 3576 :
788 3541 808 3575 ς
840 3521 921 3578 Ex
941 3530 1117 3591 utero,
1149 3524 1347 3596 inquit,
1376 3524 1568 3580 matris
1611 3523 1753 3581 idem
1781 3526 1924 3583 Deus
1951 3526 2113 3582 homo
2136 3526 2218 3583 fa-

619 3617 948 3682 ctus‘exivit,
976 3626 1032 3673 et
1060 3618 1115 3674 in
1137 3633 1300 3674 cruce
1336 3616 1479 3674 idem
1525 3617 1670 3674 Deus
1697 3619 1862 3675 homo
1897 3619 2075 3675 factus
2120 3599 2237 3691 pe:

619 3711 804 3785 pendit
840 3730 853 3766 :
896 3721 954 3767 et
978 3711 1032 3767 in
1060 3711 1310 3783 sepulcro
1341 3711 1482 3767 idem
1515 3710 1658 3768 Deus
1703 3711 1865 3767 homo
1916 3710 2095 3768 factus
2133 3713 2219 3784 ja-

619 3804 733 3861 cnit
763 3818 779 3858 :
810 3804 957 3860 etab
985 3803 1174 3860 inferis
1205 3804 1345 3860 idem
1376 3803 1518 3861 Deus
1543 3804 1705 3861 homo
1729 3803 1910 3861 factus
1938 3805 2028 3861 die
2056 3806 2213 3862 tertia

619 3897 923 3954 resurrexit
962 3895 1101 3953 :sed
1152 3897 1206 3952 in
1238 3897 1488 3970 sepulcro
1525 3900 1824 3955 secundum
1864 3915 2081 3956 carnem
2126 3916 2212 3957 so-

619 3987 727 4043 Iam
748 3988 888 4044 idem
930 3988 1074 4045 Deus
1110 3988 1317 4060 jacuit:
1344 3999 1401 4045 et
1450 3990 1505 4045 in
1551 3989 1822 4046 infernum
1858 4002 1882 4032 α
1912 3993 2213 4049 secundum

619 4079 791 4137 solam
833 4081 1069 4137 animam
1097 4082 1396 4149 descendit,
1422 4097 1530 4154 qtta
1551 4081 1621 4139 de
1665 4081 1855 4140 inferis
1878 4084 1947 4139 ad
1986 4099 2213 4141 carnem

619 4169 709 4228 die
738 4172 897 4228 tertio
924 4180 1250 4240 revertente,
1282 4173 1425 4229 idem
1457 4174 1600 4231 Deus
1630 4175 1928 4231 secundum
1965 4191 2210 4245 carnem,

621 4280 727 4339 qua
750 4265 805 4321 in
830 4262 1286 4337 sepulcrojacuit,
1319 4267 1622 4322 resurrexit
1653 4284 1667 4321 :
1706 4278 1762 4324 et
1790 4267 2213 4341 quadragesimo

619 4364 742 4427 post
765 4356 1217 4413 resurrectionem
1242 4354 1331 4413 die
1356 4355 1498 4413 idem
1541 4356 1686 4414 Deus
1732 4357 1897 4439 homo
1927 4355 2105 4415 lactus
2155 4359 2213 4415 in

619 4450 815 4506 caelum
841 4448 1161 4515 ascendens,
1194 4448 1247 4504 in
1277 4448 1500 4505 dextera
1533 4447 1630 4506 Dei
1664 4450 1880 4516 sedens,
1914 4448 2042 4506 inde
2065 4450 2119 4506 in
2151 4448 2213 4507 tl-

618 4557 744 4599 nem
794 4540 975 4599 steculi
1016 4542 1086 4599 ad
1109 4541 1434 4615 iudicandos
1456 4540 1608 4599 vivos
1654 4549 1711 4599 et
1745 4550 1991 4600 mortuos
2020 4551 2214 4600 ventu-

619 4652 731 4693 I'lIS.
764 4655 784 4690 ι

688 4727 741 4784 7.
773 4728 904 4785 Item
930 4729 1181 4802 superius
1226 4736 1569 4801 nuncupatus
1613 4727 1937 4786 Libauensis
1969 4729 2213 4786 Beatus:

624 4840 643 4872 ι
679 4818 831 4890 Quod
859 4822 905 4879 si
932 4823 1205 4880 discutere
1227 4821 1482 4884 volueris.
1510 4830 1567 4877 et
1600 4821 1872 4878 rationem
1914 4821 1981 4879 de
2026 4823 2138 4879 Deo
2158 4829 2216 4878 et

621 4913 839 4971 homine
851 4914 1029 4973 facere
1043 4914 1475 4989 praesumpseris,
1490 4914 1749 4970 continuo
1762 4914 1815 4970 in
1829 4913 2080 4985 laqueum
2097 4902 2218 4986 per-

619 5003 840 5064 ditionis
854 5008 1211 5080 immergeris.
1236 5007 1355 5065 Non
1369 5006 1401 5051 (ι
1421 5022 1554 5082 ergo
1573 5006 1839 5065 debemus
1859 5010 2041 5066 dicere
2056 5009 2209 5069 illum

691 5151 720 5215 9
747 5139 901 5215 Apud
929 5141 1181 5215 Ambros.
1218 5157 1384 5215 super
1422 5142 1629 5200 Lucam
1670 5143 1766 5201 lib.
1798 5160 1857 5211 κ,
1884 5150 1941 5201 ες
1965 5143 2039 5200 24
2072 5164 2085 5201 :
2117 5145 2208 5204 Sic

620 5212 762 5269 enim
800 5212 959 5268 habes
991 5213 1135 5270 alibi.

691 5282 720 5325 δ
744 5284 903 5340 Deest
932 5300 1034 5339 non
1064 5287 1115 5341 in
1136 5287 1465 5344 editionibus
1497 5305 1510 5343 :
1543 5286 1638 5343 sed
1663 5285 1935 5344 defectum
1958 5287 2025 5342 ad
2052 5303 2209 5345 oram

657 5355 830 5427 aginas
855 5365 1210 5428 pmnotatum
1243 5359 1484 5443 invenies
1511 5369 1657 5443 tonio
1678 5357 1763 5417 ιν.
1835 5370 1940 5415 art.
1972 5374 2036 5427 tt,
2066 5358 2206 5417 Bibl.

618 5370 865 5485 ἴδιαι-απυδ.
898 5427 1001 5485 col.
1029 5428 1158 5485 523.
1184 5431 1314 5485 edit.
1345 5428 1430 5485 4ο.
1471 5428 1647 5485 Paris.
1674 5373 1834 5485 1δεῖ

668 5427 867 5494 atrum,
898 5427 1001 5485 col.
1029 5428 1158 5495 525,
1184 5430 1314 5487 edit.
1345 5428 1430 5496 4ο,
1471 5428 1647 5486 Paris.
1674 5427 1834 5486 162$.

693 5508 717 5576 ξ
752 5497 873 5576 bis,
902 5499 957 5555 in
978 5501 1206 5573 inferno.
1232 5500 1482 5576 Fulgent.
1516 5500 1595 5557 De
1616 5498 1750 5557 Fide
1773 5500 1844 5557 ad
1868 5499 2047 5570 Petr.,
2073 5517 2123 5559 c.
2149 5502 2209 5571 2,

615 5567 679 5627 in
694 5568 977 5628 infernum.

613 5676 619 5685 -
688 5639 720 5683 ⁸
740 5639 1039 5719 Editiones,
1060 5660 1156 5702 nos
1179 5662 1322 5719 ergo.

693 5723 719 5757 ο
746 5712 1004 5779 Ms.,'qui.

696 5782 724 5862 ξ
750 5783 832 5862 εδ
856 5782 950 5843 lib.
984 5803 1029 5853 t,
1054 5785 1422 5862 Beaticontra
1446 5788 1792 5862 Elipandum.

693 5854 724 5898 ⁸
758 5856 819 5912 Id
837 5865 926 5916 est
946 5873 1054 5913 non
1084 5857 1244 5915 locati
1283 5867 1428 5915 motu
1445 5899 1464 5929 ,
1491 5854 1554 5916 ut
1579 5861 1781 5919 dicitur
1803 5861 1860 5918 in
1882 5860 2029 5919 libro
2070 5862 2214 5934 apud

1924 363 2180 453 ALVARI
2221 364 2709 427 CORDUBENSIS

3296 408 3322 436 \

3764 393 3838 453 iis

2255 483 2307 546 Α
2333 480 2530 549 Deum,
2554 491 2611 540 et
2634 485 2800 542 istum
2824 486 3100 546 hominem
3127 506 3142 544 :
3168 503 3334 549 unum
3363 494 3607 558 habemus
3622 500 3681 560 'et
3694 508 3835 571 adora.

2334 591 2457 631 mus
2491 591 2613 632 cum
2637 576 2800 635 Patre
2819 589 2877 635 et
2900 578 3109 651 Spiritu
3132 596 3322 643 sancto
3342 588 3504 646 Deum
3542 608 3557 648 :
3583 610 3675 653 non
3704 606 3834 663 nnmi.

2330 684 2480 734 nem,
2510 679 2760 740 quartam
2795 672 3200 733 introducentes
3221 694 3523 750 personam,
3550 688 3836 765 sedcumipsa

2332 776 2499 816 carne
2522 764 2739 833 propria
2769 781 2934 820 unum
2965 767 3252 826 adoremus
3291 772 3557 833 Christum
3592 779 3752 842 Filium
3771 764 3836 847 Dei

2332 854 2503 911 Deum
2545 854 2701 925 juxta
2733 859 2995 930 Ephesini
3035 864 3250 921 concilii
3278 883 3425 933 verte
3462 871 3574 930 fidei
3609 876 3835 941 documen-

2331 955 2465 1011 tum,
2498 952 2640 1020 quod
2668 963 2692 991 ο
2728 953 2807 1008 ait
2840 973 2851 1008 :
2885 953 3155 1013 Cavemus
3174 968 3355 1016 autem
3379 963 3444 1018 de
3461 963 3660 1026 Christo
3677 972 3833 1033 dicere:

2331 1041 2560 1137 Propter
2587 1045 2962 1104 adsumentem
3012 1050 3180 1107 adoro
3220 1055 3575 1128 adsumptum,
3598 1072 3649 1117 et
3676 1078 3837 1137 propter

2330 1132 2658 1193 invisiltilem
2688 1138 2856 1196 adoro
2876 1141 3167 1200 visibilem.
3198 1144 3534 1206 Horrendum
3573 1132 3691 1210 vero
3721 1132 3837 1231 super

2328 1227 2434 1284 hoc
2462 1230 2625 1287 etiam
2655 1232 2782 1288 illud
2813 1233 3030 1292 dicere:
3061 1236 3111 1294 ls
3135 1241 3226 1310 qui
3275 1253 3555 1315 susceptus
3575 1258 3651 1304 est
3672 1227 3837 1311 conten

2329 1320 2421 1391 qui
2452 1323 2692 1394 suscepit
2713 1339 2819 1379 non
2844 1339 3187 1400 nuncupatur
3213 1330 3376 1388 Deus.
3399 1333 3496 1402 Qui
3519 1338 3650 1394 enim
3678 1341 3837 1398 haecdi-

2328 1410 2427 1479 cit,
2459 1413 2653 1470 dividit
2690 1417 2886 1474 iterum
2937 1419 2991 1474 in
3037 1421 3176 1479 duos
3199 1423 3436 1482 christos
3470 1443 3586 1484 eum
3625 1433 3703 1502 qui
3742 1452 3837 1491 unus

2328 1516 2435 1573 est,
2460 1507 2738 1564 hominem
2772 1525 3020 1568 seorsum
3044 1513 3097 1569 in
3120 1528 3355 1586 partem,
3388 1528 3443 1575 et
3470 1521 3625 1577 Deum
3652 1524 3839 1583 similiter

2324 1596 2383 1655 in
2428 1608 2583 1669 parte
2610 1602 2971 1661 constituens.
3004 1605 3298 1665 Evidenter
3324 1611 3466 1667 enim
3485 1613 3694 1687 denegat
3714 1620 3839 1676 uniu-

2328 1702 2462 1761 tem,
2487 1697 2785 1753 secundutn
2808 1714 2971 1770 quam
3005 1716 3114 1759 non
3147 1701 3293 1760 alter
3310 1721 3432 1762 eum
3457 1706 3618 1765 altero
3638 1712 3835 1769 condon-

2327 1794 2440 1852 tur,
2470 1795 2565 1843 aut
2587 1802 2937 1861 nuncupatur
2958 1834 2973 1856 ,
3000 1794 3095 1850 sed
3127 1809 3269 1851 unus
3308 1796 3614 1871 intelligitur
3652 1799 3838 1859 Christus

2249 1852 2298 1915 Β
2324 1876 2504 1945 Jesus,
2525 1879 2698 1937 Filius
2723 1852 2815 1938 Dei
2845 1885 3180 1957 uuigenitus,
3207 1902 3318 1945 una
3359 1852 3606 1949 servitute
3627 1907 3731 1948 cum
3753 1909 3838 1963 pro.

2321 1972 2638 2051 pria,carne
2672 1979 3018 2045 venerandus
3069 1977 3118 2035 ί.
3148 2000 3169 2034 ι

2384 2108 2439 2165 8.
2453 2109 2585 2166 Item
2599 2112 2971 2169 sanctissimus
2982 2114 3325 2187 Augustinus
3348 2134 3364 2174 :
3397 2140 3416 2173 ‹
3435 2121 3572 2178 Idem
3588 2123 3677 2180 sibi
3702 2134 3837 2183 auctor

2321 2214 2378 2263 et
2397 2221 2532 2277 opus
2557 2216 2660 2263 est.
2689 2207 2825 2276 Quia
2849 2208 2980 2266 fecit
3004 2226 3223 2269 carnem
3257 2215 3310 2271 in
3348 2225 3499 2273 utero
3524 2216 3748 2290 Virginis,
3769 2220 3835 2276 ad-

2322 2305 2407 2353 est
2434 2306 2624 2354 auctor
2652 2301 2854 2370 operis.
2905 2300 3045 2368 Quia
3098 2303 3214 2375 ipse
3248 2306 3303 2362 in
3332 2307 3434 2364 hac
3469 2310 3609 2366 nasci
3649 2311 3838 2383 dignatus

2321 2399 2425 2456 est,
2454 2391 2610 2448 adest
2633 2408 2769 2463 opus
2784 2395 3044 2463 auctoris,
3062 2398 3156 2469 qui
3181 2407 3244 2453 ut
3267 2399 3474 2457 inlocali
3498 2411 3632 2457 motu
3653 2404 3675 2443 ε
3689 2403 3743 2457 ad
3755 2419 3835 2458 ma-

2322 2491 2462 2539 trem
2491 2485 2743 2551 vcniens,
2774 2484 3032 2544 inell'ahili
3060 2491 3309 2560 potentia
3357 2501 3565 2549 uterum
3603 2495 3761 2551 matris
3779 2494 3835 2565 gi-

2322 2574 2568 2641 gnendus
2604 2576 2848 2648 implevit
2898 2588 3001 2635 :et
3063 2582 3208 2652 quod
3269 2593 3436 2640 totum
3471 2595 3550 2642 est
3590 2586 3835 2643 substantia

2321 2667 2657 2739 plenitudine
2685 2686 2792 2727 non
2818 2673 3071 2743 privavit.
3100 2675 3180 2731 Ita
3210 2692 3349 2750 ergo
3373 2694 3478 2735 uno
3520 2689 3666 2752 atque
3696 2679 3834 2736 eodem

2321 2770 2568 2833 tempore
2594 2771 2740 2820 totus
2764 2764 2818 2819 in
2874 2765 3113 2837 inferno,
3148 2777 3301 2826 totus
3333 2773 3386 2828 in
3435 2772 3566 2830 caelo
3602 2792 3616 2829 :
3648 2773 3735 2829 illic
3767 2788 3833 2845 pa-

2322 2852 2460 2908 tiens
2495 2850 2746 2922 iniuriam
2777 2857 2980 2923 carnis,
3013 2858 3103 2913 hic
3150 2876 3264 2916 non
3312 2863 3608 2934 relinquens
3664 2863 3832 2935 gleriam

2321 2944 2557 3002 deitatis.
2588 2945 2719 3002 Erat
2745 2947 2980 3021 denique
3010 2951 3151 3022 apud
3184 2952 3392 3011 inferos
3414 2955 3710 3011 resurrectio
3734 2968 3832 3009 mor-
3870 3002 3875 3009 .

2322 3047 2560 3106 tuorum,
2586 3050 2707 3098 erat
2730 3058 2897 3115 super
2920 3043 3088 3102 ctelos
3115 3046 3226 3102 vita
3254 3049 3545 3105 viventium
3577 3064 3718 3104 :vere
3733 3061 3833 3102 rnor-

2322 3139 2465 3198 tuns,
2505 3147 2634 3190 vere
2654 3133 2831 3199 vivus,
2866 3135 2920 3190 in
2951 3151 3059 3207 quo
3084 3147 3139 3193 et
3182 3150 3419 3196 mortem
3458 3141 3702 3212 susceptio
3733 3153 3833 3193 mor-

2244 3222 2291 3290 C
2324 3223 2550 3280 talitatis
2578 3226 2807 3298 accepit,
2841 3236 2896 3283 et
2919 3229 3086 3284 vitam
3102 3229 3412 3288 divinitatis
3432 3242 3627 3289 servata
3649 3247 3734 3286 non
3753 3244 3835 3299 per-

2322 3317 2475 3374 didit.
2505 3318 2562 3374 In
2591 3334 2701 3390 quo
2723 3320 2848 3376 dum
2875 3321 3152 3379 humilitas
3197 3327 3450 3396 patienti,
3489 3324 3682 3383 facienti
3712 3322 3834 3378 virtus

2321 3410 2642 3479 ascribitur;
2662 3412 2802 3469 idem
2823 3412 3078 3472 Christus
3098 3431 3209 3473 uno
3236 3428 3406 3491 atque
3427 3422 3603 3477 eodem
3634 3427 3830 3487 tempore.

2320 3517 2431 3558 uno
2464 3513 2627 3573 atque
2645 3505 2837 3562 eodem
2859 3522 3049 3578 opere.
3089 3524 3211 3565 cum
3238 3513 3451 3582 patitur
3490 3509 3724 3573 infirmus,
3747 3518 3832 3560 cum

2322 3591 2452 3649 facit
2488 3597 2836 3668 omnipotens
2867 3600 3093 3656 docetur
3117 3602 3145 3642 ιι
3180 3617 3195 3657 :
3239 3623 3263 3658 ι
3296 3604 3396 3673 Qui
3435 3615 3666 3674 utrasque
3694 3611 3831 3671 operi-

2319 3684 2495 3742 tiones
2516 3686 2599 3742 vel
2630 3688 2932 3745 voluntates
2958 3706 3150 3749 sensus
3173 3701 3341 3765 atque
3367 3695 3645 3767 sapientius
3670 3700 3745 3745 aut
3763 3702 3829 3744 na-

2320 3782 2471 3831 turas
2506 3776 2804 3836 divinitatis
2824 3795 2889 3837 ac
2906 3778 3264 3841 humanitatis
3287 3784 3587 3842 inconfusas
3607 3792 3654 3839 et
3670 3782 3827 3849 insepa-

2319 3868 2537 3935 rabiles,
2563 3871 2616 3925 in
2646 3872 2870 3928 unitatis
2896 3890 2992 3930 sua
3016 3892 3249 3947 persona
3288 3880 3361 3935 ita
3384 3880 3565 3938 univit.
3583 3886 3634 3932 ut
3655 3874 3827 3931 invicem

2320 3962 2388 4017 ab
2409 3962 2672 4021 alterutro
2692 3965 2870 4023 divelli
2903 3984 3007 4024 non
3030 3971 3261 4041 possint,
3292 3975 3430 4029 sicut
3456 3968 3751 4029 admirabilis
3778 3967 3831 4019 iu-

2318 4053 2437 4124 quit
2461 4052 2712 4126 Cyrillus.
2744 4056 2995 4131 Undique
3020 4062 3186 4134 igitur
3213 4064 3550 4122 iuconl‘usum
3574 4074 3715 4134 atque
3730 4056 3828 4115 indi-

2317 4147 2494 4204 visum
2523 4150 2686 4208 celeri
2713 4167 2845 4211 voce
2869 4155 3136 4214 instanter
3158 4160 3484 4231 proferimus
3507 4175 3659 4217 unum
3682 4163 3828 4214 sancti

2319 4237 2603 4299 Trinitatis
2626 4254 2680 4300 et
2716 4254 2839 4316 post
2870 4246 3301 4310 incarnationem
3345 4254 3617 4311 Dominum
3644 4256 3830 4307 nostrum

2316 4326 2501 4388 Iesum
2535 4333 2817 4394 Christum
2858 4354 3049 4397 verum
3087 4342 3260 4402 Deum
3302 4355 3543 4404 nostrum
3580 4342 3820 4402 credentes.

2387 4464 2441 4522 9.
2471 4465 2605 4524 Item
2645 4469 2759 4540 jam
2792 4471 2970 4530 dictus
3002 4476 3254 4549 egregius
3313 4479 3505 4537 doctor
3538 4472 3829 4550 Fulgentius:

2238 4594 2293 4657 Β
2323 4573 2343 4607 ι
2387 4554 2479 4613 Sic
2506 4558 2655 4615 enim
2700 4561 2754 4617 in
2800 4563 3008 4621 unitate
3053 4582 3304 4639 persona:
3338 4580 3583 4627 naturam
3611 4573 3831 4630 utram‘lne

2232 4647 2284 4657 ’⁷
2318 4647 2569 4709 Christus
2623 4653 2905 4725 conjunxit
2961 4658 3408 4720 indissolubiliter
3457 4674 3512 4720 et
3551 4660 3705 4719 univit
3729 4653 3831 4712 utin

2319 4758 2425 4799 una
2448 4761 2681 4816 persona
2705 4750 2968 4824 unigeniti
2996 4753 3090 4812 Dei
3123 4772 3225 4814 nec
3246 4756 3504 4816 divinitas
3540 4758 3602 4813 ab
3637 4745 3830 4811 humani-

2317 4847 2431 4895 tate
2461 4854 2583 4907 sua,
2607 4858 2708 4900 nec
2750 4844 3061 4905 humanitas
3081 4867 3112 4906 a
3140 4865 3238 4907 sua
3268 4852 3441 4923 possit
3486 4848 3739 4908 divinitate
3771 4853 3829 4897 se-

2308 4930 2486 5006 jnugi.
2511 4933 2904 4996 lndissolubilis
2925 4941 3127 5013 quippe
3153 4942 3296 5001 facta
3323 4954 3407 5001 est
3432 4942 3587 5001 Verbi
3628 4949 3677 4996 et
3696 4929 3831 4993 carnis

2300 5019 2510 5095 'unitio,
2526 5027 2744 5098 quando
2774 5030 3012 5090 Verbum
3044 5037 3061 5077 i
3092 5034 3295 5093 factum
3323 5046 3408 5094 est
3431 5050 3575 5102 caro,
3600 5033 3649 5089 in
3673 5020 3831 5101 (ιιιοεὶο

2311 5157 2670 5238 Augustinum
2700 5177 2830 5218 mox
2850 5163 3108 5238 Acitando,
3143 5181 3209 5223 ex
3236 5181 3344 5238 quo
3367 5161 3612 5220 nonnulla
3637 5149 3831 5238 emcnda-

2308 5230 2529 5309 V'ini_IIS._
2574 5230 3165 5309 nempegiguendus...
3194 5230 3576 5309 plenitudine...
3616 5235 3829 5309 serrula;-

2310 5289 2551 5372 patienti,
2579 5289 2929 5373 facie'ntifu'bi
2941 5289 2947 5290 ί
2961 5289 3062 5363 ὧδέ
3078 5289 3348 5380 argutia;
3363 5289 3546 5380 "uana
3569 5322 3580 5359 :
3607 5289 3830 5374 ριεηὶιιάί-

2311 5388 2503 5451 ηεζηχ.
2529 5386 2863 5451 servatam...
2889 5379 3206 5451 patientis...
3236 5379 3499 5451 facientis.

2385 5444 2413 5485 ιι
2444 5443 2612 5523 Paulo
2665 5445 2828 5523 latius
2881 5436 3209 5523 apud‘Aug.
3236 5436 3385 5505 'htec
3426 5445 3595 5523 verba
3623 5436 3828 5523 inadibil-

2475 5515 2595 5591 _vut
2624 5519 2828 5591 noviss.
2861 5505 2991 5575 ed'it.
3032 5505 3230 5588 Pari§.,
3264 5536 3383 5590 cap.
3417 5518 3483 5575 tt
3523 5514 3638 5591 libri
3674 5505 3829 5591 ροιιιτε

2317 5586 2577 5668 Felician.
2609 5590 2890 5668 Arianum,
2924 5606 2992 5649 ex
3026 5607 3135 5662 quo
3178 5580 3401 5668 seruata,
3434 5585 3638 5668 patienti
3666 5580 3829 5668 laf‘ff'

2317 5659 2589 5741 restituta,
2630 5642 2890 5717 ιώίὦέῗ
2909 5642 3401 5729 εἰῗυᾶἷαήίῑίεῐῠὸῐζ
3427 5642 3676 5732 mea;
3705 5656 3752 5703 ει
3770 5642 3829 5714 [α-

2317 5738 2521 5785 σὶυηηε.

2394 5802 2411 5843 ί
2446 5799 2569 5868 Ms.,
2599 5801 2770 5859 verba.
