4034 6350
159 433 273 489 417
1646 416 2036 480 ΕΡΙδΤΟΙιΕ.
3363 403 3470 461 418

160 543 477 617 permansit
508 540 774 597 naturalis
799 539 1001 605 unitas,
1051 545 1112 593 ut
1161 548 1340 592 tamen
1377 533 1640 590 naturalis
1665 548 1767 590 nec
1793 537 1849 598 Α
1876 531 2050 587 rando
2089 527 2272 584 taliter
2313 524 2448 582 dicit
2476 541 2489 579 :
2528 542 2548 575 ι
2581 523 2700 595 Ipse
2723 521 2959 579 Verbum
2985 517 3162 574 Patris
3187 529 3284 590 per
3309 531 3470 590 quem

164 607 342 693 dividi
375 648 476 690 nec
508 632 763 690 confundi
793 640 977 702 posset
999 628 1323 703 proprietas.
1358 650 1378 684 ι
1875 621 2116 678 condidit
2163 617 2359 675 sazcula
2411 615 2594 681 Pater,
2633 613 2724 686 qui
2775 620 2963 684 postea
3007 625 3106 703 pro
3134 607 3302 703 nobis
3323 607 3472 664 siluit

242 727 336 785 10.
366 725 502 782 Item
525 733 748 780 sanctus
767 698 1143 779 Athanasius:
1175 742 1194 774 ι
1227 716 1564 782 Confitentur
1591 726 1767 798 ipsum
1874 721 2002 769 ante
2027 711 2288 784 judicem.
2311 708 2378 764 ad
2418 715 2674 765 aeternam
2707 701 3203 759 remunerationem
3230 698 3284 754 in
3323 707 3472 755 sorte

161 837 295 879 esse
322 819 518 876 Filium
543 817 635 874 Dei
666 826 721 874 et
745 818 912 873 Deum
937 815 1232 873 secundum
1276 815 1559 886 Spiritum,
1601 790 1656 876 ἐι
1709 819 1772 876 η.
1875 811 2188 862 sanctorum
2241 798 2614 856 coronandum
2658 797 2956 853 exsuscitet
2996 806 3044 848 ι.
3098 790 3192 848 Illa
3249 790 3472 847 dextera

163 913 309 971 lium
339 910 578 968 hominis
597 909 892 966 secundum
917 922 1168 974 carnem;
1209 924 1317 964 non
1342 909 1494 966 ~duas
1523 920 1769 977 naturas,

1894 911 1998 968 jute
2027 894 2224 952 caelum
2272 891 2403 948 fecit
2440 900 2496 947 et
2550 898 2772 954 terram,
2801 896 2855 944 et
2880 897 3003 958 post
3030 901 3062 941 a
3107 883 3281 940 Pilato
3331 879 3472 940 male

165 1023 342 1065 unam
391 1003 723 1061 adorandam
744 1013 800 1058 et
836 1002 1062 1059 alteram
1104 1019 1210 1060 non
1261 1004 1616 1067 adorandam.
1672 1006 1771 1061 sed

1897 991 2113 1046 udicata
2142 987 2375 1044 vinculis
2395 995 2478 1043 est
2499 985 2680 1042 vincta
2697 1025 2712 1047 ,
2752 983 2866 1053 ipsa
2893 996 2991 1037 vos
3019 989 3262 1051 tempore
3281 974 3474 1046 iudicii

166 1118 341 1160 unam
361 1108 614 1156 naturam
645 1095 809 1153 Verbi
833 1096 1190 1161 incarnatam,
1212 1107 1270 1153 et
1291 1097 1620 1154 adorandam
1645 1113 1770 1152 cum

1898 1101 1931 1138 n
1955 1089 2247 1153 conspectu
2287 1088 2600 1136 sanctorum
2623 1074 2872 1147 amplexu
2910 1071 3131 1144 proprio
3161 1069 3351 1138 jubeat
3381 1080 3475 1124 co-

163 1193 396 1268 propria
420 1191 538 1262 ejus
565 1204 731 1246 carne
755 1205 858 1244 una
885 1191 1234 1247 veneratione
1265 1209 1278 1246 ε
1311 1207 1488 1262 neque
1528 1191 1664 1248 duos
1708 1191 1770 1247 ﬁ-
1874 1173 2077 1248 pulari.
2108 1172 2203 1228 Illa
2232 1170 2402 1227 facies
2422 1184 2584 1241 quam
2623 1175 2746 1238 post
2771 1164 3051 1222 meridiem
3078 1160 3304 1218 colonus
3327 1158 3354 1200 δ
3379 1172 3478 1230 ρας

167 1251 300 1349 iios',
332 1251 565 1339 alterum
589 1279 807 1351 quidem
833 1279 1029 1336 Filium
1058 1281 1152 1337 Dei
1197 1251 1414 1337 verum.
1439 1290 1496 1338 et
1532 1282 1770 1337 adoran-

1894 1265 2044 1321 ἐιιίἰεί
2068 1262 2213 1321 ferre
2249 1278 2355 1318 non
2392 1261 2670 1318 sustinens
2697 1258 2852 1329 fugit,
2893 1265 2950 1312 et
2978 1265 3100 1328 post
3131 1268 3230 1325 pro
3262 1251 3405 1308 illius
3423 1257 3479 1307 et

167 1346 328 1442 dum,
362 1346 746 1432 alterum-vero
774 1376 840 1431 de
861 1375 1026 1432 Maria
1046 1374 1254 1446 virgine
1276 1390 1382 1430 non
1414 1374 1769 1441 adorandum,
1876 1358 2063 1429 ειίνρίε
2101 1357 2220 1429 eius
2253 1353 2684 1446 ιτεηεετεδείρηθ
2712 1350 2885 1446 simis
2931 1349 3000 1404 ab
3028 1346 3481 1446 i““d§lif’“§_5°"

167 1468 268 1524 sed
303 1469 479 1540 gratia
503 1469 595 1525 Dei
630 1470 796 1525 filium
835 1468 1036 1524 factum
1065 1466 1209 1523 sicut
1234 1464 1415 1521 caeteri
1443 1464 1710 1520 homines.
1747 1483 1766 1516 ι

1894 1449 2057 1505 lidata
2097 1458 2216 1515 est,
2253 1448 2369 1518 ipsa
2399 1445 2554 1502 vobis
2579 1445 2705 1500 dum
2744 1443 2798 1498 in
2831 1442 2952 1513 igue
2993 1438 3204 1496 venerit
3233 1435 3482 1540 judicare
3540 1507 3545 1513 Ι

243 1526 338 1615 ut
378 1559 512 1618 [rem
539 1576 603 1616 ex
635 1561 865 1617 concilio
896 1559 1167 1630 Ephesino
1202 1577 1214 1612 ε
1265 1576 1284 1609 ι
1323 1557 1381 1612 Si
1421 1557 1544 1628 quis
1576 1557 1775 1611 audeat
1877 1542 2156 1606 sarculum,
2186 1541 2240 1596 in
2265 1537 2674 1611 tranquillitatis
2694 1545 2750 1592 et
2769 1535 2920 1607 pacis
2943 1535 3123 1605 specie
3148 1545 3270 1587 sese
3289 1526 3480 1598 jubeat

167 1649 360 1707 dicere
388 1652 665 1708 hominem
697 1651 1061 1722 Theophoron,
1095 1650 1274 1713 idest,
1302 1647 1467 1702 Deum
1497 1647 1770 1716 ferentem,
1877 1639 2280 1694 demonstrare.
2319 1656 2338 1689 υ

169 1759 241 1800 ac
259 1763 368 1802 non
395 1747 575 1818 potius
595 1746 764 1801 Deum
787 1720 1057 1800 veraciter
1079 1742 1277 1799 dixerit
1295 1751 1553 1811 tanquam
1578 1741 1772 1795 Filium
1951 1732 2040 1788 M.
2084 1732 2226 1788 Ecce
2253 1746 2374 1802 qua:
2412 1730 2478 1786 de
2511 1729 2760 1814 utrisque
2802 1723 3195 1818 quaestionibus
3239 1720 3482 1818 disputa-

166 1851 272 1908 per
306 1811 555 1892 naturam
608 1837 904 1893 secundum
936 1833 1077 1906 quod
1110 1833 1344 1889 Verbum
1391 1847 1520 1888 caro
1570 1830 1774 1886 factum
1879 1839 1994 1884 tum
2052 1825 2232 1881 inveni
2265 1823 2596 1896 pedetentim
2644 1811 2973 1892 'conscripsi.
3017 1815 3133 1873 Non
3166 1811 3481 1871 melioribus

171 1939 282 1994 est,
318 1941 377 1986 et
422 1929 842 1986 communicavit
870 1927 1122 1983 similiter
1160 1936 1220 1980 ut
1251 1940 1350 1980 nos
1382 1923 1532 1980 carni
1560 1933 1615 1980 et
1646 1939 1774 1979 san-
1805 1917 1854 1979 B
1882 1917 2266 1992 przejudicans,
2306 1917 2402 1973 sed
2448 1916 2722 1987 exquisita
2765 1928 3063 1986 exponens.
3095 1908 3345 1965 Vestrum
3397 1911 3484 1962 est

171 2021 356 2092 gnini,
415 2022 705 2076 anathema
764 2019 854 2075 sit.
909 2018 966 2074 Si
1003 2020 1124 2089 quis
1166 2018 1298 2073 dicit
1348 2017 1516 2072 Deum
1549 2032 1670 2072 esse
1700 2015 1784 2071 vel

173 2111 467 2166 Dominum
499 2111 701 2168 Christi
736 2111 829 2166 Dei
862 2111 1041 2166 Patris
1075 2109 1336 2175 Verbum,
1372 2117 1428 2164 et
1459 2125 1564 2164 non
1610 2107 1783 2178 magis

174 2203 432 2258 eumdem
463 2203 638 2274 ipsum
667 2202 956 2258 confitetur
989 2191 1346 2257 Deum‘simul
1393 2208 1450 2255 et
1479 2199 1778 2259 hominem,

174 2302 467 2364 propterea
513 2293 658 2363 quod
692 2291 927 2348 Verbum
958 2308 1087 2347 caro
1118 2289 1324 2346 factum
1368 2298 1451 2345 est
1484 2289 1781 2345 secundum

175 2382 515 2456 Scripturas,
573 2385 862 2440 anathema
917 2385 1008 2439 sit.
1062 2383 1120 2439 Si
1160 2383 1282 2454 quis
1312 2383 1460 2439 velut
1505 2383 1778 2438 hominem

173 2478 361 2536 Jesum
402 2480 773 2551 operationem
816 2478 910 2535 Dei
958 2477 1120 2534 Verbi
1164 2478 1297 2534 dicit
1351 2476 1683 2547 adjunctum,
1725 2488 1782 2533 et

180 2569 457 2642 Unigeniti
499 2570 726 2642 gloriam
761 2579 1014 2640 tanquam
1045 2569 1200 2624 alteri
1241 2577 1438 2638 praeter
1471 2569 1644 2639 ipsum
1667 2569 1781 2623 exi-

176 2663 340 2719 stenti
396 2661 610 2726 tribuit,
657 2662 943 2716 anathema
984 2660 1072 2716 sit.
1114 2658 1172 2714 Si
1203 2659 1323 2729 quis
1353 2673 1458 2714 non
1486 2659 1780 2714 confitetur

174 2771 400 2814 carnem
433 2755 645 2810 Domini
681 2754 1086 2810 vivificatricem
1121 2768 1260 2813 esse.
1305 2762 1359 2807 et
1387 2752 1660 2824 propriam
1691 2753 1775 2822 ip-

175 2849 296 2905 sius
339 2847 500 2902 Verbi
531 2846 626 2901 Dei
657 2845 854 2910 Patris,
897 2845 992 2902 sed
1035 2843 1182 2900 velut
1208 2842 1432 2899 alterius
1461 2850 1660 2913 praeter
1698 2841 1778 2912 ip-

176 2954 303 2995 sum
338 2941 612 3010 conjuncti
661 2940 836 2996 eidem
875 2956 971 3010 per
999 2939 1336 3010 dignitatem,
1383 2946 1477 2992 aut
1514 2935 1666 3006 quasi
1695 2933 1777 2990 di-

175 3031 364 3086 vinam
415 3031 804 3088 habitationem
852 3031 1124 3097 habentis,
1181 3046 1247 3086 ac
1291 3045 1397 3085 non
1446 3029 1658 3100 potius,
1715 3038 1776 3083 ut

179 3121 443 3188 diximus,
491 3123 898 3180 vivificalricem
928 3140 1071 3189 esse,
1101 3123 1226 3194 quia
1255 3122 1400 3178 facta
1433 3131 1516 3178 est
1556 3121 1774 3194 propria

179 3211 342 3271 Verbi
376 3225 572 3272 cuncta
603 3215 880 3272 viviticare
908 3215 1172 3281 valentis,
1207 3214 1491 3270 anathema
1521 3213 1610 3268 sit.
1644 3233 1663 3267 ι

1887 2021 2030 2068 totas
2073 2011 2371 2068 sententias
2395 2026 2425 2065 a
2451 2025 2537 2066 me
2569 2009 2660 2064 bic
2697 2007 2903 2080 positas
2929 2003 3214 2068 ventilare,
3241 2010 3298 2056 et
3324 1995 3482 2056 dein-

1887 2119 2014 2175 ceps
2041 2103 2096 2158 in
2132 2103 2222 2158 illo
2248 2103 2466 2173 penitus
2495 2101 2760 2156 ventilare
2787 2111 2810 2138 ε
2837 2110 3033 2167 meque
3068 2111 3172 2151 non
3216 2105 3480 2165 praesunt-

1880 2207 2098 2270 ptorem
2128 2205 2404 2266 reputare,
2429 2194 2524 2250 sed
2547 2193 2836 2249 amabilem
2856 2199 2912 2247 et
2945 2189 3201 2246 dilectum
3224 2186 3293 2242 ab
3322 2183 3483 2241 hodie

1887 2290 2120 2362 amplius
2147 2289 2432 2346 exlimare.
2467 2285 2632 2343 Finit.

1995 2559 2125 2602 ιτειι
2161 2558 2286 2598 ΑιιΑ
2319 2555 2580 2598 ειηετοιλ
2614 2553 2800 2595 JOANNI
2832 2550 3082 2593 SPALENSI
3115 2548 3368 2590 DIBBCTA.

1956 2664 2178 2721 Aurelio
2208 2661 2394 2719 Flavio
2429 2659 2618 2717 losum
2652 2657 2854 2712 Paulus
2882 2654 3159 2711 ALVARUS.

1957 2761 2008 2814 l.
2038 2759 2310 2814 Hactenus
2337 2755 2634 2811 amicorum
2666 2766 2817 2807 more
2847 2745 3241 2817 conscripsi,et
3265 2751 3328 2799 ut
3357 2740 3486 2799 soli~

1885 2860 1998 2908 tum
2029 2859 2113 2906 est
2138 2849 2350 2906 dilectis
2369 2846 2396 2886 ά
2423 2844 2708 2902 charitatis
2743 2841 2924 2911 jaeula
2953 2839 3096 2895 misi.
3131 2835 3327 2892 Verum
3358 2832 3484 2906 quia

1883 2944 2210 3014 rescriptum
2257 2938 2561 2996 dulcedinis
2594 2944 2791 2992 vestrze
2839 2949 2949 2989 non
3005 2929 3211 3000 accepi,
3262 2928 3388 2984 ideo
3431 2936 3490 2981 et

1884 3051 2029 3091 nunc
2086 3041 2313 3091 conatus
2364 3046 2482 3086 sum
2547 3029 2787 3085 scribere
2843 3025 3021 3080 dure:
3065 3021 3291 3078 forsitan
3338 3016 3486 3074 vale-

1882 3132 2020 3188 bunt
2068 3131 2364 3201 impetrare
2395 3127 2554 3182 minae
2584 3125 2728 3196 quod
2775 3138 2931 3178 amor
2978 3135 3087 3178 non
3125 3118 3295 3175 valuit
3343 3115 3484 3173 obti-

1883 3238 2033 3280 nere.
2062 3222 2161 3279 Die
2185 3222 2341 3287 mihi,
2377 3237 2412 3276 ο
2435 3219 2717 3276 hominum
2750 3231 2888 3288 quos
2915 3229 3046 3270 arva
3075 3211 3301 3286 protulit
3332 3211 3492 3268 inbu-

251 3309 340 3364 η·
385 3308 520 3364 uel"
543 3309 731 3365 bemus
755 3308 1113 3380 Hieronymus
1144 3323 1158 3362 τ
1189 3325 1208 3359 ι
1246 3306 1528 3376 Ωυοῐηοίίο
1557 3306 1776 3377 (lumen!
1806 3300 1852 3364 C
1884 3331 2066 3382 mane,
2092 3331 2191 3372 cur
2217 3314 2486 3371 cbaritate
2513 3312 2920 3382 Scripturarum
2945 3309 3246 3364 radicatam
3283 3320 3488 3367 amore.

183 3401 230 3457 is
261 3401 354 3472 qui
398 3401 698 3457 secundum
745 3416 966 3457 carnem
999 3400 1174 3456 factus
1219 3399 1416 3456 dicitur
1460 3415 1528 3454 ex
1572 3399 1777 3454 semine

185 3495 350 3551 David
388 3495 560 3550 Filius
595 3494 688 3549 Dei
725 3495 796 3548 sit
818 3493 978 3550 Jesus
1002 3509 1070 3549 ex
1105 3493 1503 3548 resurrectione
1537 3500 1778 3547 mortuo«

184 3606 300 3646 rum
329 3587 514 3661 (Rom.
545 3588 611 3660 ι),
642 3585 856 3643 difﬁcile
884 3602 989 3642 non
1019 3598 1102 3642 est
1135 3587 1415 3642 advertere
1440 3585 1489 3641 ei
1520 3585 1609 3654 qui
1641 3585 1779 3655 lege—

187 3679 407 3737 ritillud
451 3679 598 3751 quod
626 3679 884 3749 scriptum
909 3687 992 3732 est
1028 3695 1041 3731 :
1085 3676 1309 3731 Decebat
1359 3677 1496 3730 enim
1532 3692 1650 3728 eum
1690 3690 1782 3745 per

184 3789 334 3845 quem
367 3771 571 3835 omnia,
596 3781 642 3825 et
667 3771 723 3824 in
746 3785 846 3840 quo
871 3770 1067 3832 omnia,
1093 3767 1287 3821 multos
1308 3767 1446 3836 ﬁlios
1476 3767 1528 3820 in
1557 3765 1782 3837 gloriam

184 3865 538 3918 adducentem
574 3872 840 3916 auctorem
888 3861 1076 3915 salutis
1122 3875 1303 3914 eorum
1351 3876 1442 3928 per
1485 3859 1783 3931 passio-nem

185 3953 548 4010 consummari
572 3951 756 4022 (Hebr.
781 3951 862 4023 ll).
886 3949 1035 4006 Finis
1050 3960 1229 4005 autem
1255 3950 1562 4023 passionum
1583 3948 1785 4004 Christi

185 4044 526 4102 resurrectio
558 4057 662 4109 esr,
713 4052 768 4099 et
817 4044 942 4114 quia
985 4043 1436 4099 resurrectionem
1479 4016 1628 4096 itltra
1666 4041 1787 4110 jant

187 4154 294 4192 non
332 4135 585 4200 moritur,
620 4151 711 4190 nec
744 4150 883 4188 mors
915 4133 994 4186 illi
1031 4133 1172 4186 ultra
1217 4131 1575 4186 dominabitur
1605 4131 1784 4202 (liam.

187 4227 283 4298 vr).
318 4226 392 4282 Et
420 4227 618 4280 iterum
657 4223 857 4280 dicitur
889 4241 902 4276 :
950 4224 1088 4291 Quia
1117 4222 1222 4278 etsi
1269 4222 1588 4294 agnovimus
1633 4218 1790 4274 Chri-

188 4327 334 4376 stum
361 4317 660 4373 secundum
688 4331 931 4379 carnem,
954 4315 1047 4371 sed
1082 4331 1227 4370 nunc
1237 4314 1350 4384 jam
1375 4330 1480 4369 non
1505 4313 1785 4379 novimus;

189 4410 314 4466 ideo
343 4424 509 4464 omne
534 4408 678 4479 quod
706 4416 790 4462 est
835 4407 891 4462 in
936 4405 1174 4471 Christo,
1207 4406 1321 4477 jam
1371 4404 1538 4460 Filius
1565 4403 1789 4458 Dci‘est.

189 4501 482 4572 QuOmodo
510 4512 690 4558 autem
720 4501 788 4555 ad
827 4515 950 4556 eum
975 4500 1064 4570 qui
1085 4499 1256 4554 Filius
1283 4499 1376 4553 Dei
1399 4507 1483 4553 est
1513 4498 1566 4552 in
1594 4498 1794 4552 virtute

190 4595 507 4651 destinatus
533 4593 1078 4659 referatur,coarctat
1101 4591 1508 4664 intelligentiam
1533 4601 1790 4656 vestram,

190 4690 298 4745 nisi
316 4688 464 4760 quod
496 4705 592 4760 per
610 4687 1037 4744 indissolubilem
1066 4663 1328 4744 unitatem
1354 4685 1513 4740 Verbi
1539 4696 1593 4742 et
1614 4687 1795 4742 carnis
1823 4663 1872 4723 υ

193 4781 383 4836 omnia
415 4797 535 4852 qua:
561 4781 744 4836 carnis
777 4788 902 4836 sunt
933 4781 1279 4836 ascrihuutur
1307 4789 1360 4834 et
1387 4778 1587 4844 Verbo,
1631 4795 1792 4851 quam

193 4885 254 4931 et
279 4889 404 4944 qua!
431 4873 591 4930 Verbi
620 4883 747 4928 sunt
768 4873 1132 4944 przedicantur
1157 4873 1210 4928 in
1240 4889 1424 4929 carne.
1455 4870 1638 4927 Jesum
1669 4887 1796 4927 vero

196 4978 256 5024 et
283 4967 565 5024 Christum
587 4959 644 5022 et
670 4966 958 5022 Dominum
998 4965 1300 5021 invenimus
1327 4981 1469 5034 stupe
1499 4965 1566 5018 ad
1593 4972 1798 5019 utram-

195 5076 309 5134 que
361 5071 615 5115 naturam
655 5059 868 5124 referri,
907 5069 967 5113 ιιι
1010 5069 1094 5114 est
1145 5058 1274 5112 illud
1306 5076 1319 5112 :
1351 5055 1498 5111 Unus
1542 5057 1798 5112 Dominus

196 5153 364 5210 Iesus
395 5151 635 5209 Christus
665 5170 756 5224 per
777 5169 929 5225 quem
960 5151 1137 5206 omnia
1174 5149 1225 5221 (I
1249 5147 1374 5205 Cor.
1402 5151 1544 5220 vttt).
1599 5150 1666 5205 Et
1703 5151 1804 5205 ite-

201 5261 332 5303 rum
360 5263 375 5298 :
410 5243 470 5301 Si
493 5246 630 5300 enim
651 5244 1000 5314 agnovissent,
1025 5258 1293 5312 nunquam
1315 5241 1600 5297 Dominum
1621 5240 1804 5313 gloria:

201 5339 594 5408 cruciﬁxissent
630 5336 681 5406 (Ι
702 5336 827 5392 Cor.
856 5337 941 5410 tt).
974 5356 992 5390 ι
1655 5322 1658 5324 ⁷

285 5429 378 5486 15.
417 5429 573 5487 Unde
597 5438 653 5486 et
673 5438 862 5485 noster
887 5444 1032 5484 nunc
1056 5428 1246 5486 doctor
1275 5425 1590 5483 Vincentius
1614 5426 1804 5497 implo-
1829 5453 1832 5456 ~

286 5625 314 5655 ι
341 5609 602 5685 Legerem
630 5609 968 5685 _coronandos
1015 5627 1102 5664 vos
1152 5609 1365 5685 suscitet
1397 5620 1560 5664 :cum
1608 5603 1807 5678 populo

207 5681 457 5754 namque
497 5683 849 5753 loquitur,,ut
873 5697 938 5737 ex
969 5681 1320 5754 sequentibus
1345 5687 1590 5752 apparet.

291 5756 322 5796 δ
350 5751 478 5822 315.,
498 5751 653 5826 quem
683 5763 795 5825 post
818 5751 1088 5809 meridiem
1119 5751 1340 5808 colonis.

293 5837 318 5867 ο
356 5826 474 5882 Vox
510 5826 671 5882 dubia
700 5826 754 5881 in
786 5839 890 5882 ms.

287 5896 321 5940 ⁸
349 5896 477 5965 κε..
509 5899 746 5954 dilectus.

1881 3409 2100 3480 pigritia
2157 3407 2390 3478 quadam
2446 3420 2554 3460 non
2605 3403 2820 3459 dubitas
2851 3402 3126 3464 dissuere;
3184 3407 3241 3452 ct
3293 3397 3494 3469 episto-

1885 3502 1990 3557 lam
2021 3502 2190 3563 illam,
2215 3516 2376 3571 quam
2405 3498 2599 3554 beatus
2619 3495 2909 3566 Apostolus
2941 3495 2993 3549 in
3025 3491 3191 3549 corda
3219 3490 3492 3547 Christia-

1883 3610 2082 3652 norum
2113 3591 2280 3648 refert
2325 3591 2587 3660 scriptam
2607 3630 2620 3651 ,
2664 3603 2772 3642 non
2804 3585 3002 3640 metuis
3031 3581 3295 3637 eradere?
3343 3578 3486 3634 Vere

1885 3702 1916 3744 e
1957 3686 2108 3742 silice
2135 3685 2345 3740 excissa
2378 3697 2534 3752 geres
2583 3678 2904 3751 praecordia,
2942 3685 2997 3732 et
3023 3675 3281 3736 hircauo,
3326 3671 3485 3744 tigri-

1887 3792 2026 3834 nove
2053 3789 2075 3817 ε
2116 3777 2256 3832 lacte
2300 3774 2530 3830 nutrita.
2563 3771 2684 3828 Jam
2719 3779 2772 3826 te
2802 3786 2908 3825 non
2951 3767 3132 3823 verbis
3166 3764 3493 3828 devaccaho,

1889 3871 1985 3927 sed
2018 3871 2282 3934 fustibus;
2309 3883 2412 3923 nec
2436 3863 2722 3923 sententiis
2750 3879 2847 3936 per
2870 3871 3037 3918 artem
3066 3859 3256 3916 Donati
3279 3857 3489 3929 politis,

1889 3964 1984 4018 sed
2031 3961 2254 4018 nodosis
2281 3959 2300 3998 ί
2339 3959 2595 4014 arborum
2629 3957 2838 4012 truncis
2871 3973 2882 4008 :
2919 3965 2979 4009 ut
3006 3952 3092 4008 vel
3135 3947 3494 4007 ltesus'nobis

1891 4063 2136 4112 armatus
2176 4067 2460 4118 occurras,
2508 4049 2601 4120 qui
2647 4057 2864 4120 optatus
2905 4045 3052 4102 nulla
3090 4044 3210 4100 laeta
3249 4040 3496 4098 convivia

1889 4162 2071 4219 paras.
2109 4145 2178 4201 Et
2219 4160 2289 4200 ne
2333 4143 2507 4199 levem
2545 4151 2726 4197 meum
2776 4137 3195 4194 insurrectionis
3241 4133 3498 4205 dispicias

1893 4253 2134 4302 cursum,
2168 4245 2219 4292 te
2260 4236 2373 4307 jam
2425 4243 2597 4290 totum
2628 4248 2726 4303 per
2753 4232 3082 4286 acerrimum
3114 4227 3310 4282 laniem
3353 4239 3499 4279 mor-

1895 4349 2040 4388 sum.
2087 4331 2199 4387 Cur
2244 4338 2391 4384 tanta
2436 4326 2765 4384 auctoritate
2807 4323 3007 4380 mentis
3053 4318 3407 4381 distenderis,
3441 4324 3499 4371 ut

1895 4423 2123 4478 fratrem
2159 4421 2267 4476 tuis
2298 4434 2494 4474 renuas
2523 4418 2760 4474 invisere
2803 4411 3067 4484 scriptis?
3108 4409 3220 4464 Cur
3263 4405 3498 4461 elatione

1896 4514 2009 4570 Deo
2038 4513 2124 4569 vel
2167 4511 2424 4568 Ecclesiae
2451 4508 2785 4565 exsecranda
2817 4509 2842 4546 ε
2885 4503 3071 4558 fratris
3114 4499 3348 4570 despicis
3387 4497 3499 4552 elo-

1898 4608 2025 4678 quia
2072 4604 2283 4676 parva?
2333 4603 2438 4659 Pro
2480 4611 2533 4656 te
2577 4601 2694 4656 solo
2736 4597 3030 4654 crucifixus
3076 4602 3160 4648 est
3206 4590 3532 4646 Christus?‘

1902 4697 2022 4752 Tibi
2074 4696 2176 4750 soli
2215 4695 2268 4750 in
2314 4693 2680 4748 ministrando
2711 4688 3032 4760 obsequitur
3069 4681 3346 4738 mundus?
3391 4679 3500 4736 Cur

1899 4790 1993 4862 qui
2031 4804 2140 4844 uno
2181 4799 2360 4842 tecum
2393 4786 2705 4855 redemptus
2736 4791 2820 4836 est
2855 4781 3030 4852 pretio
3056 4775 3369 4848 dedignaris
3409 4773 3499 4828 illo

1904 4891 1996 4936 tuo
2045 4879 2296 4936 lucidiori
2343 4878 2515 4933 foveri
2557 4874 2873 4946 reciproco?
2917 4872 3078 4927 Pater
3127 4883 3225 4939 per
3263 4865 3498 4939 Moyscm

1902 4974 2143 5044 quinque
2168 4969 2425 5042 epistolas
2447 4971 2475 5010 ιι
2506 4968 2708 5026 Iuda-is
2735 4966 2924 5030 mittit,
2957 4978 3054 5034 per
3080 4976 3215 5032 quas
3234 4959 3502 5014 amicitias

1905 5080 2026 5120 cum
2056 5078 2247 5118 eorum
2281 5061 2600 5133 parentibus
2637 5059 2837 5132 ligatus
2862 5056 3190 5112 verbotenus
3212 5059 3420 5115 narrat,
3449 5056 3504 5105 et

1909 5158 1976 5213 ad
2019 5157 2236 5214 easdem
2277 5154 2680 5212 conservandae
2722 5151 2922 5223 regulis
2963 5147 3288 5220 quibusdam
3333 5142 3502 5200 infor-

1908 5264 2041 5309 mat.
2089 5251 2338 5310 Christus
2375 5249 2650 5322 Abgarum
2685 5242 3014 5317 reciprocari
3048 5240 3206 5314 quasi
3235 5239 3378 5296 Deus
3407 5237 3504 5294 ho-

1909 5348 2109 5403 minem
2151 5362 2254 5401 non
2301 5344 2594 5416 dedignat:
2625 5350 2682 5398 et
2709 5347 2933 5396 sanctus
2962 5335 3202 5408 Spiritus
3239 5346 3340 5404 per
3374 5343 3504 5400 apo-

1910 5439 2080 5496 stolos
2117 5438 2372 5495 omnibus
2401 5435 2653 5508 gentibus
2693 5421 3094 5490 informa'trices
3128 5440 3309 5483 rerum
3336 5419 3504 5480 desti-

1989 5631 2014 5661 σ
2055 5616 2180 5682 Ms.,
2211 5616 2450 5670 ircanum
2474 5613 2804 5687 tigrinttmw.

1992 5691 2012 5730 ί
2054 5689 2148 5744 Ms.
2163 5727 2178 5754 ,
2206 5687 2462 5742 nodociis.

1993 5765 2016 5802 ⁸
2059 5760 2181 5823 Ms.,
2211 5758 2532 5813 exacranda.

1989 5834 2013 5873 ιτ
2057 5831 2113 5888 Id
2140 5839 2224 5888 est
2253 5828 2673 5886 Pentateuchon.
