4034 6350
636 345 744 404 419

1887 313 2146 408 Amant
2189 350 2670 412 connunnnsrs

3757 371 3831 426 4ὶο

637 477 802 522 nans.
837 463 1083 518 homines
1114 477 1220 518 non
1251 470 1468 518 recusat
1499 480 1510 517 ;
1557 471 1610 519 et
1657 471 1812 519 estne
1841 463 2036 534 aliquis
2083 473 2234 522 tanta
2268 467 2314 529 Α
2342 451 2518 530 verte,
2549 465 2634 520 vel
2663 463 3013 536 blasphemiae
3042 465 3198 523 nobis
3221 483 3526 540 responsum
3553 451 3709 533 redde.
3749 481 3830 539 Erit

638 558 782 612 tabe
810 555 1026 612 inﬂatus
1071 555 1366 627 superbiae,
1410 557 1501 627 qui
1543 572 1810 613 conservo
1857 574 1957 614 suo
2005 569 2240 628 nequeat

635 649 928 705 verbaliter
953 663 979 691 ι
1019 649 1385 719 respondere?
1436 648 1493 705 Si
1545 651 1596 706 in
1629 650 1810 721 aliquo
1837 650 2136 708 oﬂ'ensione
2179 666 2240 708 es

633 753 847 810 passus,
859 755 962 794 cur
973 753 1073 794 nec
1091 739 1264 810 ipsum
1279 740 1642 811 epistolariter
1657 758 1719 798 es
1734 743 2078 812 prosecutus?
2091 742 2238 798 Nun-

633 831 762 901 quid
792 831 942 886 deest
968 831 1064 886 tibi
1084 833 1363 888 rhetorum
1393 832 1568 889 faceta
1589 833 1860 898 facundia,
1893 835 2236 890 autdialecti-

630 931 818 978 eorum
835 937 996 992 quam
1015 938 1116 994 ego
1129 924 1254 978 novi
1277 925 1485 994 spineta
1503 934 1748 982 contorta
1761 926 1783 979 ?
1796 924 1897 982 Ubi
1917 935 1998 980 est
2013 926 2236 982 liberale

631 1012 759 1068 illud
787 1013 1062 1085 ingenium
1102 1015 1255 1084 quasi
1287 1026 1464 1072 tecum
1505 1017 1851 1088 congcnitum
1889 1017 2233 1074 litterarum?

626 1105 962 1163 Exciderunt
1000 1109 1094 1164 tibi
1119 1109 1566 1181 philosophorum
1594 1119 1967 1200 praeceptanet
1991 1129 2021 1168 a
2051 1122 2232 1170 mente

625 1188 809 1268 elapsa
840 1209 923 1254 est
951 1209 1030 1256 tot
1061 1210 1318 1272 tantaque
1346 1203 1546 1260 artium
1575 1219 1697 1275 quae
1723 1213 1774 1259 te
1801 1188 2040 1261 excoluit
2065 1206 2228 1262 disci-

623 1290 795 1361 plina,
828 1301 888 1347 ut
919 1304 1020 1350 nec
1042 1292 1214 1350 iratus
1243 1293 1387 1350 forte
1413 1295 1596 1351 valeas
1625 1306 1946 1366 conceptum
1973 1296 2228 1375 intrinse-

623 1395 720 1437 cus
773 1381 1012 1454 levigare
1059 1382 1346 1440 furorem?
1391 1386 1496 1441 Aut
1551 1387 1804 1442 manibus
1850 1396 1945 1442 aut
1997 1387 2226 1459 pedibus

621 1475 1103 1530 contradicendum
1131 1485 1217 1532 est
1245 1477 1485 1534 inimico.
1518 1478 1576 1534 Si
1606 1488 1664 1534 ut
1691 1481 1928 1536 amicum
1958 1496 2045 1536 me
2064 1481 2222 1550 colis,

621 1565 760 1620 mala
791 1582 955 1623 aurea
978 1567 1006 1608 ι)
1037 1568 1215 1624 mitte.
1271 1570 1330 1624 Si
1360 1571 1736 1626 adversarium
1764 1573 1988 1643 probas,
2027 1577 2222 1632 stricto

620 1673 708 1715 me
731 1667 857 1728 pete
882 1674 1166 1716 mucrone.
1217 1659 1355 1716 Nam
1381 1677 1510 1719 ecce
1538 1663 1633 1718 tibi
1661 1679 1823 1719 manu
1850 1666 1974 1721 forti
2011 1676 2063 1722 et
2094 1669 2220 1724 totis

618 1748 826 1804 viribus
865 1758 1084 1806 contum
1131 1751 1318 1824 inﬁgo.
1365 1752 1474 1808 Aut
1519 1754 1573 1809 in
1623 1755 1937 1812 defensione
1973 1775 2218 1831 prarpara

2319 558 2470 613 mihi
2521 559 2725 629 grande
2767 557 3051 626 solatium,
3102 559 3147 614 si
3184 558 3265 615 vel
3295 561 3416 617 irati
3445 563 3594 620 animi
3631 569 3830 632 redditum

2340 647 2504 702 fuerit
2519 649 2864 720 rescriptum.
2889 647 3028 720 Opto
3049 663 3145 721 pcr
3173 659 3224 705 te
3246 651 3488 708 decorem
3509 651 3676 714 domus
3693 673 3832 722 vestra

2337 737 2606 806 salutare,
2640 749 2695 795 et
2722 739 3159 811 glossomitarum
3191 743 3340 800 illum
3361 787 3376 812 ,
3407 745 3491 802 vel
3509 750 3828 820 eprimerides‘

2336 831 2572 888 directos
2620 831 2840 889 habere.
2890 831 3111 891 Patrem
3159 848 3400 893 nostrum
3439 856 3736 901 communem
3766 846 3830 905 do-

2335 943 2483 982 mum
2509 929 2534 968 8
2574 927 2838 984 Joannem
2868 929 3093 985 salutari
3123 941 3396 1004 exspecto,
3428 949 3716 1010 omnemque
3740 956 3830 1015 cog-

2334 1018 2607 1075 nationem
2637 1028 2882 1076 nostram
2904 1018 2932 1060 ιι
2961 1019 3078 1078 vice
3102 1030 3289 1078 nostra
3319 1024 3571 1082 osculato.

3078 1155 3168 1212 ιιι.

2331 1283 2530 1324 more”
2568 1282 2830 1324 nrtsrout
2867 1283 3083 1326 manus
3118 1281 3398 1327 saltuum
3424 1285 3617 1330 smne
3640 1277 3814 1334 animi

2395 1380 2616 1438 Aurelio
2652 1381 2858 1452 Flavio,
2904 1384 3129 1442 Amano
3158 1385 3479 1458 inlustrique
3511 1388 3648 1456 viro,
3675 1391 3827 1447 minimi

2325 1475 2549 1532 Joanms
2578 1477 2879 1549 suggessio.

2396 1569 2446 1624 l.
2487 1569 2531 1625 Ο
2557 1587 2751 1644 magne
2790 1571 3042 1640 domine,
3071 1579 3128 1628 et
3152 1574 3475 1644 sapientium
3506 1573 3752 1631 multorum
3773 1593 3829 1632 sa-

2321 1663 2680 1734 pientissime,
2709 1681 2830 1722 sera
2861 1675 2946 1723 est
2978 1668 3295 1740 responsio,
3329 1677 3383 1723 et
3413 1661 3555 1724 tarde
3596 1669 3706 1724 mihi
3743 1685 3830 1725 con-

2322 1773 2476 1814 cessa
2525 1759 2859 1814 rescribendi
2912 1760 3079 1831 optio,
3131 1761 3260 1830 quia
3306 1763 3322 1802 ί
3370 1759 3584 1832 piaculis
3631 1759 3740 1816 meis
3772 1762 3828 1817 in-

618 1839 888 1910 clypeum,
922 1851 1016 1897 aut
1051 1845 1210 1900 terris
1242 1845 1548 1901 membrum
1582 1847 1754 1919 dcjice
1783 1852 2126 1911 semivivum.
2154 1855 2222 1912 Ει
2249 1839 2296 1900 Β
2324 1852 2645 1922 gruentibus
2690 1853 2986 1907 insurrexit
3028 1851 3269 1908 amictio.
3315 1853 3467 1910 Nunc
3506 1863 3691 1918 autem,
3733 1864 3772 1909 et
3801 1854 3830 1908 si

617 1931 810 1987 sicaut
827 1943 1046 2002 captum
1077 1935 1308 1992 medicis
1335 1937 1475 1992 dabo
1503 1941 1828 2006 curandum,
1857 1951 1950 1997 aut
1973 1943 2217 2002 functum

615 2024 792 2080 telluri
822 2027 1045 2082 reddam
1076 2031 1432 2086 humandum.
1477 2031 1630 2098 Quod
1659 2034 1704 2088 si
1744 2050 1846 2091 nec
1870 2036 1966 2090 tali
1995 2037 2220 2096 vulnere

614 2119 834 2174 saucius
858 2135 1250 2193 expergescere
1272 2124 1530 2192 volueris,
1548 2134 1602 2181 et
1625 2127 2035 2201 Pithagoricum
2059 2132 2219 2189 silen-

613 2209 749 2265 tium
781 2213 1014 2282 amplius
1049 2216 1306 2281 tenueris,
1357 2233 1457 2274 nec
1487 2236 1516 2273 a
1553 2231 1731 2292 empto
1765 2224 2044 2294 proposito
2072 2237 2094 2265 ο
2130 2242 2216 2283 re-

610 2305 807 2360 cedere
841 2307 1106 2373 volueris,
1153 2310 1264 2380 jam
1309 2319 1359 2366 te
1403 2313 1769 2370 insensibilem
1801 2317 1975 2373 dicam
2019 2321 2211 2374 metal-

608 2393 740 2460 lum,
765 2397 857 2466 qui
885 2413 985 2453 uec
1017 2398 1243 2455 vulnera
1274 2401 1458 2458 inﬁcta
1488 2403 1516 2443 ά
1542 2406 1734 2474 sentis,
1760 2423 1860 2464 nec
1884 2409 2214 2482 palpationis

608 2495 759 2544 tactu
791 2490 1086 2547 mollescis.

681 2581 735 2635 2.
773 2580 1029 2638 Reddunt
1068 2595 1356 2641 montuosa
1384 2586 1605 2643 vallium
1649 2604 1922 2658 concava,
1963 2601 2019 2649 et
2056 2609 2211 2651 saxo-

609 2688 728 2726 rum
757 2682 938 2729 erecla
964 2675 1275 2745 pinnacula,
1308 2693 1497 2735 vocem
1521 2681 1576 2737 in
1609 2697 1667 2738 se
1692 2681 1936 2740 ﬂexuoso
1964 2688 2210 2760 margine

604 2763 791 2830 missa,
823 2774 879 2819 et
917 2765 1036 2822 sine
1074 2776 1256 2824 mente
1279 2785 1354 2826 ms
1382 2771 1622 2829 tinniens
1647 2785 1669 2813 ο
1705 2775 1798 2830 dat
1834 2778 2033 2854 mirum
2065 2781 2207 2858 auria

601 2856 705 2914 bus
747 2857 1065 2923 delectabile
1113 2875 1354 2918 sonum:
1399 2865 1479 2921 sic
1525 2865 1683 2922 inlisa
1728 2869 2015 2926 arboribus
2059 2873 2204 2927 ascia

603 2946 699 3004 dat
744 2964 928 3005 vocem
958 2952 1172 3023 qualem
1226 2955 1301 3009 illi
1331 2956 1478 3013 dedit
1517 2967 1745 3026 natura,
1794 2970 1848 3016 et
1886 2962 2208 3035 plerumque

604 3038 847 3097 calculus
900 3041 1091 3099 inlisus
1136 3045 1298 3117 lapidi
1340 3063 1465 3102 cum
1511 3049 1635 3121 igne
1677 3051 1843 3107 mittit
1885 3053 2201 3112 clamorem.

602 3129 852 3202 Nihilque
893 3146 1133 3192 creatum
1178 3140 1423 3206 exstitit,
1456 3142 1598 3212 quod
1624 3141 1782 3211 juxta
1807 3133 1911 3201 sibi
1942 3148 2200 3205 traditum

2327 1953 2546 1998 centum
2575 1944 2830 2010 tristitiis,
2855 1953 3073 2001 centum
3103 1946 3250 2002 curis
3283 1947 3514 2014 attritus,
3542 1953 3650 2018 post
3673 1947 3829 2018 longum

2321 2036 2464 2092 serie
2495 2045 2706 2107 tempus
2727 2037 2874 2091 velut
2903 2038 2970 2092 ab
3001 2038 3297 2109 improviso
3323 2038 3544 2108 soporis,
3573 2043 3626 2092 ut
3650 2037 3708 2091 ita
3729 2037 3831 2091 dixe-

2319 2127 2448 2194 rim,
2477 2128 2772 2198 gravedine
2805 2128 3120 2195 suscitatus,
3153 2129 3461 2202 dependere
3489 2127 3708 2184 desidero
3731 2127 3829 2181 salu-

2319 2220 2541 2276 tationis
2571 2220 2916 2292 obsequium,
2946 2231 3002 2277 et
3025 2221 3210 2278 cordis
3236 2233 3291 2278 et
3319 2221 3557 2293 corporis
3589 2221 3831 2276 humiliatus

2316 2320 2610 2368 assensum
2643 2332 2655 2368 :
2703 2314 3011 2386 imprecans
3050 2314 3407 2372 serenitatem
3463 2325 3560 2371 tua:
3601 2312 3832 2369 dulcedinis

2316 2407 2669 2477 sapientiam,
2702 2416 2759 2461 ut
2794 2408 3124 2478 peculiarem
3171 2410 3441 2476 amicum,
3489 2423 3635 2479 quem
3671 2422 3755 2462 non
3785 2420 3829 2460 et

2314 2499 2572 2568 dapibus,
2604 2514 2778 2570 neque
2810 2517 2877 2555 ex
2909 2501 3310 2573 temporalibus
3352 2501 3511 2558 rebus
3547 2496 3747 2556 habuisti
3769 2513 3830 2553 su-

2313 2599 2558 2661 sceptum
2611 2606 3034 2662 usquequaque,
3075 2602 3130 2648 et
3172 2607 3348 2666 usque
3406 2594 3456 2648 in
3496 2591 3642 2648 ﬁnem
3683 2589 3830 2647 habere

2305 2684 2499 2756 jubeas
2529 2687 2985 2742 commendatum.
3025 2687 3163 2744 Nam
3197 2704 3301 2761 ego
3329 2688 3452 2760 (scit
3477 2685 3559 2742 ille
3595 2679 3675 2758 qui
3699 2684 3829 2740 cordis

2312 2777 2416 2830 mei
2449 2791 2650 2832 arcana
2698 2779 3010 2848 cognoscit,
3058 2788 3115 2834 et
3159 2789 3357 2836 cuncta
3398 2778 3544 2850 prius
3571 2792 3712 2848 quam
3732 2773 3826 2828 liam

2311 2867 2505 2940 novit),
2534 2869 2682 2940 gravi
2711 2869 2895 2926 dolore
2930 2871 3256 2938 discrucior,
3297 2871 3440 2944 quod
3468 2869 3701 2926 demenso
3727 2876 3826 2922 tem-

2309 2974 2439 3028 pore
2488 2970 2595 3016 tam
2641 2961 2884 3032 prolixo,
2918 2961 3001 3016 vel
3029 2964 3188 3019 modo
3224 2980 3333 3020 non
3364 2979 3571 3020 mereor
3588 2961 3743 3017 videre
3760 2973 3824 3013 ve.

2257 3057 2279 3113 ἠ
2308 3060 2480 3107 strum
2523 3053 2823 3124 jucundum
2865 3064 2920 3110 et
2947 3055 3328 3114 delectabilem
3357 3057 3587 3122 vultum,
3619 3045 3672 3108 ut
3692 3048 3825 3106 vobis-

2310 3159 2434 3198 cum
2460 3144 2667 3215 pariter
2695 3161 2894 3202 arcana
2925 3147 3033 3204 mei
3061 3147 3246 3206 cordis
3276 3151 3608 3213 trutinarem,
3635 3154 3682 3203 et
3708 3139 3829 3199 tristi

604 3221 886 3290 ordinem,
934 3223 1102 3280 Deum
1153 3242 1260 3282 non
1319 3243 1416 3283 sua
1465 3235 1845 3300 prosecutione
1889 3236 2194 3294 conlaudct.
2226 3219 2272 3284 ο
2306 3239 2406 3294 tias
2450 3239 2557 3295 alte
2605 3242 2851 3298 conditas
2894 3259 2959 3300 ex
3005 3245 3204 3301 vestris
3245 3246 3512 3303 melliﬂuis
3550 3243 3767 3303 aﬂ‘atibus
3790 3239 3826 3294 in

600 3311 844 3372 Garrula:
879 3317 1158 3374 dulciticos
1183 3330 1427 3392 pangunt
1464 3334 1686 3393 gutture
1713 3325 1901 3382 melos.
1951 3327 2197 3397 Quadru-

598 3407 762 3479 pedes
797 3409 932 3464 rictu
965 3426 1064 3466 suo
1094 3410 1414 3482 barrituque
1457 3412 1692 3482 inﬁrmi,
1737 3425 1793 3472 et
1836 3419 2094 3477 distincte
2133 3438 2198 3479 ac

597 3502 747 3556 varie
777 3501 1042 3572 lingosum
1063 3503 1302 3573 palatum
1329 3502 1632 3577 infringunt
1655 3509 1931 3582 eloquium
1959 3531 1972 3568 :
1995 3523 2051 3569 et
2071 3514 2196 3571 licet

595 3605 703 3646 non
735 3591 1124 3662 intelligibilcm
1155 3595 1331 3663 nobis,
1361 3597 1465 3654 sibi
1505 3607 1684 3655 tamen
1723 3614 2046 3661 consuetum
2078 3599 2196 3663 red-

595 3681 731 3736 dunt
753 3683 1006 3738 ollicium.
1040 3681 1212 3742 llabct
1235 3697 1288 3743 et
1312 3705 1408 3744 sua
1440 3691 1600 3748 sibila
1623 3707 1869 3765 serpens,
1893 3707 1949 3752 et
1976 3711 2196 3771 reptans

593 3773 648 3828 in
684 3776 899 3845 gurgite
945 3777 1110 3848 piscis
1137 3780 1436 3851 stridendo,
1477 3801 1696 3856 aequora
1729 3799 1899 3844 secat.
1953 3790 2196 3848 Murmur

590 3865 784 3920 undosi
815 3868 981 3923 maris
1009 3884 1106 3939 per
1132 3880 1323 3944 stagna
1351 3874 1666 3934 saltuositer
1700 3879 1926 3937 ridendo
1952 3899 2192 3955 congau-

592 3957 684 4012 det
710 3974 722 4010 :
761 3968 815 4012 et
841 3960 915 4014 nil
945 3963 998 4016 in
1029 3966 1228 4019 nmndo
1255 3977 1501 4024 creatum
1536 3971 1707 4039 venit,
1739 3969 1886 4044 quod
1910 3991 2016 4031 non
2044 3987 2192 4034 motu

596 4062 694 4101 suo
724 4045 1003 4119 affectum,
1036 4062 1091 4107 ut
1135 4053 1209 4109 illi
1242 4059 1492 4116 sortitum
1521 4072 1624 4130 est,
1659 4065 1937 4135 qualitatis
1975 4069 2190 4125 enodet.

595 4137 756 4196 Solus
807 4151 862 4196 tu
910 4145 1159 4202 inventus
1201 4164 1262 4205 es
1311 4150 1365 4206 in
1405 4155 1554 4208 omni
1600 4157 1731 4211 orbe
1764 4159 2100 4216 rationabilis
2139 4171 2194 4218 et

591 4231 818 4291 immitis
847 4253 858 4289 :
889 4238 980 4307 qui
1009 4256 1108 4296 nec
1121 4256 1246 4297 cum
1268 4245 1680 4303 rationabilibus
1693 4253 2059 4308 sententiatim
2079 4270 2193 4310 vcr-

586 4326 656 4382 ba
683 4331 974 4400 producis;
1013 4350 1115 4390 nec
1147 4352 1268 4392 cum
1307 4340 1515 4395 ratione
1539 4345 1850 4400 carentibus
1877 4347 2190 4417 mugitando

587 4433 721 4474 sono
752 4421 963 4491 inlidis;
998 4441 1100 4481 nec
1127 4443 1251 4482 cum
1285 4430 1693 4489 insensibilihus
1729 4439 2014 4495 sentiendo
2052 4441 2188 4498 leni-

585 4512 679 4566 ris.
715 4512 868 4570 Unde
893 4518 1018 4586 quia
1043 4517 1327 4590 hucusque
1349 4522 1692 4581 dilectionem
1722 4529 1942 4586 noluisti
1967 4533 2186 4604 scriptis

584 4600 798 4671 fovere,
828 4607 950 4662 data
986 4609 1078 4665 tibi
1107 4621 1190 4667 est
1217 4615 1447 4671 materia
1475 4617 1751 4676 dissuendi
1771 4663 1788 4689 ,
1830 4624 1876 4681 si
1899 4625 1985 4682 vel
2010 4600 2183 4686 iratus

583 4695 841 4752 malueris
872 4716 971 4755 nos
1000 4713 1186 4759 contra
1217 4714 1425 4763 tonare.

654 4790 708 4844 5.
752 4790 884 4857 Quae
929 4795 1113 4851 animo
1149 4799 1420 4858 charitate
1458 4799 1618 4874 pleno
1658 4809 1992 4880 conscripsi,
2039 4823 2094 4868 et
2128 4815 2180 4872 in

583 4880 781 4952 quibus
826 4887 1129 4946 territando
1155 4894 1303 4949 visus
1345 4911 1464 4951 sum
1511 4907 1688 4956 tecum
1733 4901 1941 4973 jocare,
1969 4908 2182 4977 procul

581 4969 848 5047 longeque
877 4978 1100 5049 rejecta,
1132 4986 1199 5039 ad
1226 4987 1549 5047 charitatem
1577 4969 1858 5066 antiquam
1892 4969 2021 5071 rogo
2045 5018 2178 5057 con-

654 5121 682 5180 ?
724 5110 821 5167 Ms.
834 5156 847 5180 ,
887 5114 1040 5172 Verbi
1062 5121 1226 5178 aliter.

655 5179 682 5221 l‘
721 5179 845 5250 Ms.,
880 5189 1051 5244 malas
1081 5209 1291 5252 aureas.

659 5263 679 5337 ξ
724 5252 848 5337 ἐξιεῖ,
881 5273 1091 5337 accepto
1114 5273 1399 5337 preposito.

653 5317 680 5409 ξ
720 5317 911 5409 Melius
939 5317 1126 5409 forsan,

659 5399 683 5431 θ
715 5391 846 5461 ‘Ms.,
879 5404 1180 5462 estinniens.

659 5463 805 5566 :‘Exl
819 5479 1107 5541 postremis
1126 5483 1367 5566 cpistolgr
1394 5487 1774 5566 subsequentis
1792 5495 1970 5549 verbis
1995 5496 2174 5566 legen-

582 5535 707 5628 dum
752 5535 1221 5628 g'l_éssenta_tttiit__'_et
1252 5535 1622 5628 ephemerideis.
1675 5562 1786 5620 Sub
1817 5581 1948 5628 voce
1990 5535 2171 5623 mntem

580 5604 977 5691 illtimilibrum
1008 5604 1640 5691 intclligcfseunliiliturii.

662 5678 692 5751 β
724 5680 842 5751 Msa.
875 5703 1147 5744 commune
1170 5678 1383 5751 (Ϊοὴιιιη.

652 5749 684 5828 ξ
720 5750 842 5828 ᾖξε..
872 5760 1114 5827 omnique
1145 5768 1441 5822 carinationi
1469 5785 1678 5828 nostris.

659 5823 673 5864 ί
719 5821 841 5892 ΜΒ..
877 5845 992 5894 que,

2300 3332 2540 3389 laetitiam
2573 3345 2967 3393 converterem.
2996 3337 3130 3394 Nam
3152 3355 3280 3412 ego,
3303 3342 3546 3398 Christus
3576 3339 3720 3400 novit,
3739 3342 3829 3389 ante

2298 3433 2505 3496 septem
2535 3425 2888 3486 hebdomadas:
2919 3433 3179 3488 monades
3209 3433 3222 3483 i
3263 3434 3540 3490 serenitati
3567 3442 3734 3488 vestrae
3752 3427 3829 3481 dis-

2297 3531 2587 3587 posueram
2641 3521 2964 3589 rescribere,
2996 3525 3040 3579 si
3090 3525 3530 3582 circumvallatus
3553 3519 3829 3580 multitudine

2297 3611 2510 3680 peccati
2541 3628 2649 3668 non
2675 3612 2901 3680 fuissem
2922 3657 2937 3682 ,
2967 3627 3024 3672 et
3056 3618 3428 3688 squalidarum
3469 3615 3826 3692 negotiationum

2297 3719 2384 3758 me
2415 3705 2590 3776 ipsum
2619 3724 2727 3764 non
2754 3711 3156 3781 propinassem.
3189 3713 3299 3770 Sed
3329 3725 3385 3771 et
3419 3715 3547 3770 alias
3570 3712 3744 3768 nullum
3767 3717 3825 3761 ta-

2296 3795 2401 3852 lem
2423 3799 2742 3868 portitorem
2768 3803 2983 3872 nequivi
3010 3805 3286 3872 invenire;
3308 3822 3407 3878 per
3427 3821 3580 3877 quem
3601 3799 3824 3860 confestim

2296 3888 2484 3961 gloriae
2505 3901 2700 3948 vestrm
2730 3896 2997 3964 potuerim
3030 3898 3364 3954 describere.

2363 3986 2418 4039 2.
2460 3981 2745 4045 Posﬁemo
2777 3991 2993 4047 volente
3022 4010 3108 4050 me
3140 3994 3374 4052 minimo
3403 3996 3696 4052 subvectum
3715 3985 3826 4044 navi-

2295 4077 2412 4148 gio,
2443 4082 2722 4150 tranquilli
2772 4083 2973 4140 littoris
3019 4086 3349 4159 instringere
3373 4090 3422 4155 ιι,
3470 4098 3522 4144 et
3554 4085 3715 4157 parvis
3744 4079 3827 4133 ldo

2295 4167 2612 4227 Latinorum
2643 4176 2852 4245 stagnis
2878 4179 3169 4246 pisciculos
3198 4180 3399 4251 legere,
3433 4182 3486 4236 in
3507 4180 3679 4242 altum,
3701 4170 3828 4230 subli-

2295 4261 2537 4318 missime
2559 4265 2799 4335 domine,
2826 4267 3011 4327 laxare
3037 4271 3151 4327 vela
3183 4275 3484 4344 contpellis,
3511 4273 3682 4329 relicto
3703 4277 3826 4338 opem

2292 4359 2439 4428 quod
2481 4360 2710 4417 minimo
2741 4363 2794 4417 in
2825 4379 2926 4418 usu
2961 4366 3264 4434 habebam,
3309 4378 3367 4423 ut
3409 4367 3599 4423 suades
3623 4365 3682 4419 de
3705 4360 3826 4416 rebus

2292 4452 2505 4522 magnis
2540 4457 2934 4527 antistropham
2960 4464 2999 4488 "
3025 4458 3280 4524 facerem,
3316 4461 3368 4516 in
3395 4461 3587 4531 quibus
3604 4471 3708 4528 ego,
3731 4453 3824 4506 dum

2293 4553 2531 4601 sectator
2561 4547 2637 4601 tui
2669 4547 2822 4604 fuero
2847 4565 3041 4606 sensus
3066 4562 3114 4615 η,
3149 4551 3201 4606 in
3233 4561 3344 4607 tam
3378 4551 3689 4623 profundum
3714 4542 3825 4616 pela-

2288 4653 2388 4709 gus
2435 4639 2675 4705 auferor,
2721 4651 2782 4698 ut
2827 4653 3004 4699 metus
3041 4644 3231 4717 ingens
3271 4647 3343 4702 sit
3385 4646 3510 4701 illuc
3548 4638 3824 4714 ingredi,"

2290 4733 2661 4803 magnitudine
2691 4751 2897 4804 rerum,
2926 4739 3263 4794 immanitate
3290 4741 3564 4809 opprimar
3588 4733 3820 4791 undarumo

2291 4821 2427 4878 Tum
2455 4826 2650 4882 deinde
2681 4845 2781 4884 nec
2809 4829 2936 4884 illud
2966 4832 3227 4898 intueris,
3254 4832 3400 4903 quod
3426 4831 3598 4888 tenuis
3628 4823 3740 4881 mihi
3761 4824 3822 4875 est

2289 4918 2515 4988 spiritus
2541 4920 2608 4974 ad
2637 4920 2965 4991 implendam
2999 4932 3144 4978 tuam
3173 4925 3515 4996 magniﬁcam
3541 4917 3729 4977 dicendi
3757 4922 3820 4964 tu-

2288 5011 2431 5068 bam.
2478 5013 2586 5070 Sed
2615 5030 2721 5070 non
2752 5026 2837 5071 est
2861 5017 2965 5073 mei
2998 5019 3232 5074 dictandi
3276 5020 3516 5091 ingenii,
3563 5015 3648 5072 sed
3696 5019 3744 5064 ιη
3779 5015 3820 5059 ω

2360 5147 2388 5226 l
2404 5139 2544 5226 his,
2571 5151 2859 5226 ebdomade
2890 5157 3219 5210 monomade.
3257 5155 3318 5209 D.
3355 5143 3816 5226 Thomas_'_l‘am3_i9y

2283 5237 2336 5290 p.
2359 5220 2456 5276 ΞΗ
2489 5222 2542 5277 in
2570 5222 2805 5294 Luitpr.,
2829 5227 2956 5280 citat
2985 5226 3220 5281 hebdade
3249 5226 3574 5282 mon’ommte.
3594 5223 3692 5292 Ego
3713 5220 3815 5269 utin

2285 5302 2434 5370 textu
2460 5296 2672 5370 restitui
2713 5298 2994 5370 legendum
3038 5314 3267 5362 censeo;
3294 5299 3347 5370 id
3379 5307 3461 5351 est
3499 5307 3616 5352 ante
3651 5297 3815 5370 senui?“

2282 5363 2683 5450 hebdomadam
2718 5363 2954 5450 unitates
2981 5385 2993 5423 :
3021 5370 3110 5450 diu
3140 5371 3280 5425 enim
3314 5369 3478 5450 fuisse
3503 5363 3816 5450 procrastitti:

2284 5439 2762 5521 ""P."e,sc"ilm{!“.
2790 5450 2843 5495 et
2869 5439 3113 5521 epistola:
3144 5437 3816 5521 praecedentiargumentum

2280 5516 2334 5561 et.
2361 5507 2447 5562 hic
2479 5509 2528 5562 in
2565 5507 2799 5565 medium
2833 5507 3007 5566 allatae
3043 5507 3220 5568 music
3249 5511 3377 5567 satis
3403 5511 3662 5564 evincunt.

2355 5579 2380 5654 ξι
2419 5583 2671 5654 {humare
2693 5585 2987 5654 attingere?

2360 5649 2373 5688 ¹
2420 5650 2610 5723 Melius
2636 5649 2841 5723 partior.

2351 5734 2388 5762 ιιι
2422 5722 2485 5796 id
2513 5733 2594 5777 est
2626 5722 2955 5796 reciprocam
2986 5729 3412 5785 conversionem.

2353 5804 2379 5831 ιι
2420 5793 2543 5856 Ms,
2585 5793 2810 5862 sensum,
2842 5806 2895 5853 et
2922 5800 3200 5870 pelagum.-
