4034 6350
253 284 352 342 491

1698 297 2080 358 Εριδτοιηε.

3435 319 3544 379 422

253 403 462 468 credis,
488 403 717 474 quibam
743 403 938 477 exigis,
962 409 1204 464 muneris
1229 407 1460 466 fortasse
1483 412 1668 468 divini.
1704 414 1840 470 Pro-
1873 423 1920 483 Α
1953 414 2166 470 rabolas
2213 425 2268 470 et
2314 418 2604 474 obscurum
2647 435 2973 490 sermonem,
3009 423 3152 480 dicta
3184 428 3543 500 sapientium,

253 507 377 570 pter
395 498 542 568 quod
564 497 921 570 deprecantes
941 500 1092 570 prius
1115 500 1284 556 Deum
1307 503 1396 572 qui
1419 504 1564 559 docet
1586 506 1850 562 hominem

251 594 568 659 scientiam,
625 604 673 648 et
725 596 820 665 qui
863 594 954 650 dat
1009 595 1269 668 Spiritum
1317 598 1526 653 verbum
1583 601 1852 670 sapientia:

253 685 434 756 (Paul.
475 688 654 760 1cm),
690 690 782 760 qui
807 688 1088 746 inluminat
1112 708 1316 746 omnem
1355 693 1620 747 hominem
1648 695 1852 748 venien-

250 790 356 835 tem
376 781 432 834 in
461 782 602 836 hunc
623 776 877 837 mundum
906 781 1088 852 (Joan.
1123 783 1194 854 ι),
1224 793 1284 839 ut
1311 784 1507 856 dignos
1534 801 1631 841 nos
1667 785 1849 842 facere

251 870 512 943 dignun
554 885 676 942 quae
721 872 884 945 digna
928 882 1056 928 sunt
1085 875 1422 941 rescribere,
1443 884 1502 931 et
1537 891 1657 946 quae
1687 877 1848 932 dubia

257 972 388 1020 sunt
411 963 673 1035 effugere.

315 1056 376 1113 5.
419 1055 498 1112 Ac
517 1057 756 1126 primum
787 1057 855 1112 de
883 1072 948 1113 eo
987 1058 1132 1128 quod
1163 1059 1450 1126 uotuistis,
1498 1059 1846 1117 beatissimos

245 1163 300 1208 et
327 1152 673 1227 apostolicos
709 1153 858 1209 viros
903 1169 1011 1209 non
1040 1155 1330 1210 verborum
1359 1156 1845 1226 compositionibus

244 1244 543 1307 deservire,
566 1258 744 1313 neque
767 1259 865 1314 per
877 1255 1049 1299 artem
1066 1258 1091 1286 ιι
1108 1245 1388 1302 liberalem
1411 1247 1624 1313 Donati,
1642 1247 1735 1302 sed
1749 1263 1845 1317 per

243 1333 649 1406 simplicitatem
679 1347 902 1390 currere
927 1335 1164 1391 Christi:
1194 1337 1323 1406 quid
1353 1337 1478 1391 inde
1507 1338 1697 1393 beatus
1718 1336 1842 1392 Hie—

243 1429 508 1501 ronymus
532 1429 765 1484 senserit
795 1429 1280 1485 animadvertimus
1307 1447 1319 1482 :
1349 1446 1474 1484 nam
1504 1429 1571 1484 de
1613 1446 1723 1501 quo
1766 1431 1842 1485 ait
1876 1477 1880 1480 .

238 1520 572 1591 Apostolus:
602 1519 723 1575 Etsi
773 1520 1044 1590 imperitus
1091 1537 1347 1586 sermone,
1391 1521 1482 1575 sed
1525 1539 1627 1576 non
1673 1523 1841 1577 scien—

239 1614 316 1667 tia
348 1613 436 1684 (II
467 1612 591 1668 Cor.
620 1614 730 1684 x1);
763 1629 872 1667 non
909 1629 1123 1684 semper
1156 1615 1437 1684 imperitus
1471 1614 1592 1668 fuit.
1628 1615 1839 1670 Etenim

235 1721 363 1761 eum
395 1706 655 1775 primam,
681 1716 740 1759 ut
763 1706 1108 1761 beatissimus
1133 1705 1499 1779 Hieronymus
1534 1707 1732 1774 refert,
1771 1707 1838 1762 ad

1953 516 2006 561 et
2033 507 2321 580 aenigmata
2344 550 2357 573 ,
2385 526 2504 581 qum
2531 512 2753 583 prOprie
2781 511 3189 572 dialecticorum
3228 527 3282 574 et
3309 521 3546 592 philoso-

1952 598 2183 668 phorum
2215 609 2358 655 sunt.
2390 599 2498 656 Sed
2528 613 2582 657 et
2611 600 2812 660 Paulus
2839 606 3113 676 apostolus
3145 607 3488 679 Epimenides
3511 615 3537 656 ά

1951 698 2123 758 ρουιεε
2146 690 2346 746 abusus
2376 689 2642 748 versiculo
2667 703 2769 750 est.
2805 695 2944 764 Quid
2974 714 3101 769 ergo
3133 701 3358 768 mirum,
3401 705 3444 760 si
3489 715 3545 762 et

1950 797 2050 852 ego
2082 783 2403 854 sapientiam
2439 795 2660 856 prepter
2691 787 2887 856 eloquii
2922 799 3259 845 venustatem
3290 801 3345 848 et
3373 811 3544 852 mem-

1949 868 2166 925 brorum
2184 871 2643 942 pulchritudinem
2669 875 2733 930 de
2757 877 2946 932 ancilla
2969 888 3129 950 atque
3145 883 3355 954 captiva
3371 885 3543 944 lsrae—

1948 957 2094 1013 litant
2127 959 2306 1016 facere
2330 955 2525 1034 cupio?
2549 962 2821 1022 iuvencus
2849 968 3132 1040 presbyter
3159 972 3258 1027 sub
3278 973 3543 1034 Constan-

1947 1051 2063 1106 tino
2094 1053 2382 1109 historiam
2424 1053 2638 1111 Domini
2671 1046 2968 1116 Salvatoris
3008 1065 3256 1120 versibus
3298 1069 3541 1138 explica-

1945 1144 2021 1198 vit
2049 1162 2060 1197 :
2087 1162 2185 1199 nec
2230 1147 2512 1216 pertimuit
2560 1145 2841 1218 Evangelii
2893 1162 3214 1223 potestatem
3254 1159 3353 1216 sub
3383 1163 3540 1221 metri

1945 1234 2117 1306 legem
2154 1253 2338 1292 coram
2372 1249 2394 1277 ε
2422 1255 2488 1294 ex
2514 1239 2730 1312 scriptis
2757 1242 2870 1298 suis
2903 1252 2958 1299 et
2999 1244 3142 1302 vires
3183 1249 3541 1312 manifestata:

1944 1337 2092 1391 sunt,
2121 1338 2174 1382 et
2213 1328 2531 1386 voluntates.
2574 1350 2593 1382 ›

2013 1419 2065 1474 4.
2108 1419 2390 1493 Origenes,
2423 1423 2510 1478 ille
2535 1425 2840 1495 praecipuus
2869 1426 3082 1496 doctor,
3115 1429 3168 1484 in
3199 1427 3556 1490 eoinmenta-'

1944 1511 2040 1566 riis
2061 1514 2173 1567 suis
2203 1513 2276 1568 ita
2299 1513 2555 1570 disseruit
2583 1534 2596 1569 :
2656 1536 2673 1568 ι
2709 1517 2777 1572 Et
2810 1519 3106 1590 prophetia:
3137 1523 3257 1580 vale
3295 1531 3481 1581 annosc
3515 1523 3534 1566 τ

1943 1604 2113 1658 sacris
2149 1605 2338 1660 inserti
2387 1613 2514 1660 sunt
2571 1607 2958 1676 voluminibus,
3014 1623 3217 1682 quanto
3245 1617 3416 1687 magis
3470 1608 3538 1672 ab
3622 1622 3626 1624 ⁷

1941 1696 2025 1751 his
2059 1698 2150 1768 qui
2181 1698 2502 1756 habitabant
2530 1709 2658 1756 tunc
2685 1703 2739 1756 in
2772 1701 3212 1774 MeSOpotamium
3242 1709 3402 1762 etiam
3434 1709 3537 1766 hoc

234 1793 553 1850 Corinthios
589 1795 849 1850 scriberet
877 1795 1206 1866 Epistolam;
1237 1807 1352 1850 erat
1379 1797 1596 1867 quidem
1637 1799 1691 1852 in
1721 1813 1836 1852 ma.
1866 1793 1914 1854 B
1943 1788 2246 1863 habuerunt
2273 1791 2416 1861 quod
2443 1792 2680 1848 oriretur
2703 1794 2853 1849 stella
2885 1811 2947 1850 ex
2971 1797 3136 1853 Jarob
3167 1797 3355 1870 (Nam.
3387 1806 3535 1868 xxiv,

233 1888 358 1960 guis
386 1888 747 1959 profectibus,
777 1889 980 1960 aliquid
1013 1899 1191 1945 tamen
1217 1891 1282 1947 de
1311 1907 1370 1947 se
1393 1891 1538 1952 velut
1567 1894 1834 1948 nutabun-

231 1983 340 2037 dus
362 1983 656 2053 eloquitur,
691 1999 816 2038 cum
854 1984 984 2038 dicit
1017 2002 1028 2038 :
1063 1983 1276 2038 Macero
1307 2002 1495 2056 corpus
1533 2002 1741 2052 meum,
1782 1996 1832 2041 et

230 2076 470 2130 servituti
498 2076 740 2146 subjicio,
771 2093 833 2132 ne
862 2077 997 2147 forte
1026 2094 1142 2132 cum
1170 2078 1290 2132 aliis
1312 2080 1703 2149 pra'dicaverim
1724 2081 1831 2152 ipse

229 2169 483 2236 reprobus
509 2169 747 2224 inveniar
783 2169 835 2240 (1
859 2168 983 2224 Cor.
1011 2175 1108 2240 ix).
1144 2168 1250 2225 Sed
1283 2179 1338 2225 et
1365 2172 1432 2224 ad
1459 2169 1830 2242 Philippenses

228 2261 502 2328 scribens,
518 2263 776 2332 quiddam
802 2262 854 2316 in
876 2279 934 2336 se
955 2263 1134 2318 minus
1159 2264 1333 2320 adhuc
1355 2280 1475 2320 esse
1498 2264 1641 2320 illius
1665 2282 1827 2336 quam

227 2365 418 2426 postea
466 2366 749 2412 assecutus
777 2365 860 2410 est
885 2343 1254 2425 perfectionis,
1287 2357 1553 2422 ostendit,
1597 2373 1719 2412 cum
1747 2357 1827 2412 di-

223 2454 339 2508 cit:
373 2449 712 2522 Conformari
741 2469 793 2504 se
819 2450 973 2504 morti
1001 2450 1219 2514 Christi,
1253 2451 1297 2503 si
1328 2467 1429 2522 quo
1463 2451 1616 2504 modo
1638 2467 1824 2504 occurs

223 2554 308 2598 rat
333 2546 387 2599 in
423 2544 856 2599 resurrectionem
885 2558 1002 2612 qua:
1031 2551 1106 2595 est
1138 2559 1169 2594 a
1198 2542 1418 2595 mortuis
1449 2540 1670 2612 (Philip.
1714 2543 1819 2611 In).

223 2635 340 2690 Non
373 2637 519 2691 enim
547 2636 752 2691 diceret
778 2637 824 2688 si
852 2651 954 2705 quo
983 2633 1159 2697 modo,
1188 2633 1233 2688 si
1263 2633 1310 2688 ei
1335 2634 1448 2703 jam
1483 2644 1608 2688 tunc
1633 2649 1718 2689 res
1739 2635 1822 2688 in-

221 2727 471 2781 dubitata
501 2729 801 2782 videretur.
835 2725 941 2780 Sed
987 2733 1042 2780 et
1082 2725 1135 2778 in
1183 2726 1638 2794 consequentibus
1676 2726 1820 2797 ejus-

218 2823 348 2876 dem
372 2817 624 2892 Epistolza
654 2822 770 2876 hare
797 2820 986 2875 eadem
1019 2818 1049 2859 δ
1075 2818 1312 2874 ostendit
1338 2833 1460 2873 cum
1494 2818 1625 2873 dicit
1650 2836 1663 2872 :
1694 2817 1820 2874 Non

214 2914 362 2985 quod
394 2914 519 2982 jam
561 2924 872 2968 consecutus
898 2913 998 2966 sim
1018 2952 1033 2978 ,
1061 2921 1152 2966 aut
1179 2911 1439 2981 perfectus
1463 2912 1562 2964 sim
1590 2925 1606 2964 :
1633 2928 1820 2982 sequor

216 3016 417 3070 autent,
444 3015 500 3059 ut
523 3004 956 3076 comprehendam
979 3004 1037 3065 in
1068 3020 1170 3074 quo
1197 3013 1244 3057 et
1270 3003 1670 3073 comprehensus
1701 3019 1817 3058 sum

217 3115 248 3151 a
287 3096 519 3153 Christo.
552 3095 792 3161 Fratres,
816 3109 911 3166 ego
945 3113 1026 3150 me
1059 3096 1167 3166 ipse
1201 3095 1434 3149 nondum
1476 3096 1703 3150 arbitror
1723 3114 1816 3166 ap-

1945 1879 2054 1950 i7),
2097 1890 2152 1936 ct
2186 1879 2433 1954 surgeret
2461 1885 2622 1942 homo
2650 1887 2714 1942 de
2743 1887 2943 1942 lsraei?
2985 1889 3110 1946 Haec
3138 1893 3335 1962 scripta
3369 1893 3537 1950 habe-

1935 1971 2072 2026 bant
2121 1971 2261 2046 Magi
2291 1977 2432 2044 apud
2481 1979 2839 2048 semetipsos:
2879 1989 2932 2034 et
2966 1981 3086 2036 ideo
3116 1985 3332 2052 quando
3376 1987 3537 2041 natus

1934 2076 2016 2122 est
2045 2066 2202 2123 Jesus
2230 2079 2568 2139 agnoverunt
2599 2072 2831 2138 stellam,
2865 2084 2919 2128 et
2941 2075 3328 2132 intellexerunt
3355 2079 3531 2134 adim-

1932 2163 2064 2234 pleri
2087 2164 2446 2234 prophetiam,
2477 2165 2649 2234 magis
2681 2166 2781 2236 ipsi
2802 2184 2962 2237 quam
2985 2171 3412 2239 populuslsrael,
3442 2173 3534 2243 qui

1931 2267 2244 2312 sanctorum
2291 2259 2679 2329 prophetarum
2713 2260 2875 2316 verba
2902 2266 3246 2335 contempsit.
3295 2265 3374 2319 Illi
3402 2281 3533 2338 ergo

1929 2364 1994 2403 ex
2032 2351 2135 2405 hoc
2165 2359 2369 2404 tantum
2400 2365 2519 2421 quae
2547 2349 2766 2406 Balaam
2799 2353 2998 2424 scripta
3032 2353 3343 2424 reliquerat,
3370 2369 3533 2428 agno-

1929 2451 2142 2496 scentes
2199 2442 2393 2498 adesse
2445 2452 2677 2514 tempus,
2728 2455 3035 2512 venerunt;
3087 2455 3141 2502 ‘et
3194 2447 3532 2516 requirentes

1928 2547 2052 2586 eum
2099 2531 2482 2600 adoraverunt,
2537 2543 2676 2588 etut
2715 2533 2873 2589 fidem
2921 2544 3072 2590 suam
3124 2543 3374 2606 magnam
3403 2545 3524 2593 esse

1924 2623 2280 2690 declararent,
2315 2625 2599 2695 parvulum
2628 2644 2855 2698 puerum
2885 2629 3037 2697 quasi
3067 2644 3248 2702 regem
3280 2634 3527 2692 venerati

1923 2723 2070 2770 sunt.
2107 2735 2124 2767 ι
2159 2713 2513 2772 Beatissimus
2540 2732 2668 2772 vero
2710 2717 3043 2790 Augustinus
3074 2721 3164 2776 ubi
3191 2734 3382 2777 contra
3417 2728 3529 2782 tres

1922 2808 2158 2865 haereses
2176 2809 2514 2865 1mirabiliter
2571 2813 2823 2866 tractavit
2855 2809 2901 2878 3,
2955 2812 3020 2868 de
3052 2811 3323 2872 Mercurio
3352 2815 3523 2872 dicit:

1925 2918 1944 2952 i
1979 2885 2300 2967 Mercurius,
2333 2901 2528 2972 inquit,
2562 2900 2702 2957 filius
2732 2901 3003 2958 benedicti
3057 2901 3150 2960 Dei
3180 2913 3341 2976 atque
3372 2907 3526 2964 bona!

1918 2995 2235 3061 voluntatis,
2267 2993 2421 3063 cujus
2449 3011 2644 3050 nomen
2677 3009 2781 3050 non
2812 3006 2990 3067 potest
3017 2999 3255 3054 hmnano
3286 3013 3382 3054 ore
3400 3010 3529 3056 nar-

1918 3089 2048 3146 rari.
2085 3108 2104 3140 ι
2144 3087 2213 3143 Ει
2250 3088 2448 3142 iterum
2479 3105 2492 3142 :
2532 3108 2550 3140 ι
2588 3088 2704 3144 Est.
2754 3089 3092 3156 QuisHilius
3124 3092 3520 3165 inenarrabilis,

217 3189 560 3258 prehendisse
605 3188 796 3259 (Ibid,
831 3186 920 3251 η,
967 3187 1078 3257 15).
1108 3186 1260 3254 Quod
1314 3187 1359 3242 si
1409 3187 1499 3257 qui
1549 3189 1815 3245 arbitram
1843 3177 1887 3240 C
1921 3194 2099 3234 sermo
2117 3179 2393 3248 sapientiae
2410 3178 2694 3235 Christush
2722 3181 2974 3238 Sanctus.
3004 3183 3190 3239 Nonne
3219 3181 3370 3259 [hoc]
3397 3198 3479 3244 est
3508 3205 3520 3241 :

215 3279 711 3348 perbamilitatem
751 3279 954 3334 dictum
973 3319 988 3343 ,
1014 3279 1238 3334 videant
1267 3278 1320 3332 in
1353 3281 1814 3360 consequentibus

213 3387 378 3443 quam
408 3382 431 3412 ο
463 3388 657 3442 magna
685 3373 750 3427 de
775 3371 1108 3443 profectibus
1141 3373 1253 3427 suis
1275 3383 1562 3439 memorat,
1589 3391 1710 3430 cum
1735 3376 1814 3430 di-

213 3464 285 3520 cit
316 3483 327 3518 :
355 3462 538 3519 Unam
579 3474 775 3530 autem,
805 3475 852 3518 et
889 3465 1101 3531 quidem
1141 3480 1259 3534 qua:
1306 3473 1444 3519 retro
1484 3474 1605 3519 sunt
1635 3465 1814 3520 oblivi-

214 3570 385 3620 seens,
413 3565 462 3610 et
481 3555 554 3609 ad
583 3572 644 3610 ea
667 3572 786 3625 qua?
809 3556 864 3608 in
886 3565 1008 3609 ante
1037 3563 1156 3609 sunt
1186 3572 1267 3609 me
1295 3556 1598 3622 extendens,
1622 3574 1811 3611 secun-

211 3647 336 3700 dum
362 3647 689 3717 propositum
713 3655 923 3717 sequor,
957 3646 1026 3699 ad
1053 3645 1284 3714 palmam
1313 3662 1553 3714 superate
1581 3647 1810 3701 vocatio-

210 3737 500 3792 πίευείίπ
528 3738 737 3793 Christo
765 3736 1108 3808 Jesu(lbid.,
1161 3737 1247 3802 15,
1305 3737 1418 3808 M).
1462 3737 1528 3792 Et
1554 3749 1674 3808 post
1697 3739 1813 3795 haec

212 3829 348 3884 dicit
373 3846 386 3882 :
417 3828 727 3898 Quicunque
767 3846 889 3899 ergo
929 3828 1144 3898 perfecti
1173 3845 1376 3895 stunus,
1401 3835 1497 3882 hoc
1525 3831 1810 3886 sentiamus

219 3920 413 3988 (lbid.,
451 3920 538 3991 l5)
573 3939 586 3975 :
621 3921 675 3974 in
704 3937 812 3991 quo
866 3921 1104 3974 ostendit
1157 3919 1577 3989 duplicentesse
1636 3921 1809 3991 perfe-

207 4012 449 4067 ctionem
482 4028 496 4065 :
525 4025 688 4066 unam
717 4025 836 4080 quae
867 4019 952 4066 est
976 4011 1029 4064 in
1059 4009 1364 4079 expletione
1397 4010 1688 4076 virtutum;
1720 4027 1806 4068 se-

205 4105 445 4160 cundam
487 4120 651 4174 quam
689 4103 822 4159 dicit
855 4103 1000 4174 quod
1027 4103 1190 4157 etiam
1221 4102 1291 4157 sit
1318 4103 1612 4173 perfectus.
1655 4102 1805 4159 Nun-

205 4196 336 4266 quid
368 4203 426 4249 et
467 4193 663 4264 peritia
711 4210 818 4248 non
847 4202 928 4248 est
967 4193 1033 4248 de
1067 4193 1398 4247 virtutibus?
1427 4202 1482 4248 et
1510 4195 1648 4259 alia,
1683 4211 1804 4250 cum

202 4286 278 4340 ita
308 4285 436 4356 quis
478 4284 720 4355 prolicit,
748 4293 808 4338 ut
835 4283 1085 4338 decidere
1129 4298 1237 4336 non
1284 4283 1474 4352 possit.
1525 4283 1805 4351 Quomodo

199 4379 350 4435 enim
388 4393 495 4434 non
517 4393 616 4449 per
647 4386 821 4432 artem
853 4375 1127 4431 liberalem
1151 4374 1426 4445 sequenda
1455 4385 1582 4431 sunt
1617 4377 1802 4444 verba,

200 4490 327 4531 cum
361 4475 557 4529 beatus
585 4473 946 4542 Hieronymus
985 4471 1051 4525 ad
1100 4485 1352 4542 magnum
1404 4468 1691 4525 Oratorem
1727 4472 1799 4525 ita

1919 3269 1986 3324 In
2013 3271 2270 3341 principio
2308 3271 2420 3325 erat
2454 3269 2677 3326 Verbum
2709 3273 2890 3344 (Joan.
2925 3269 3011 3345 1)?
3049 3297 3068 3328 ι
3103 3276 3362 3350 Origenes
3388 3280 3515 3335 item

1921 3366 1973 3420 in
2008 3363 2514 3421 NENTATEOFAS
2546 3369 2560 3407 ί
2595 3385 2611 3415 α
2657 3365 2792 3422 Ecce
2826 3371 3003 3423 vocavi
3023 3373 3331 3426 nominatim
3360 3371 3519 3428 Bese-

1915 3455 2049 3510 lehel
2085 3456 2253 3525 ﬁlium
2293 3453 2408 3521 Uri,
2439 3457 2540 3526 ﬁlii
2573 3456 2690 3512 Hor
2718 3475 2784 3513 ea:
2833 3459 2972 3514 tribu
3015 3461 3183 3528 Jutla,
3231 3473 3279 3517 et
3334 3464 3522 3535 repleri

1915 3565 2032 3602 eum
2074 3549 2263 3619 spiritu
2309 3550 2486 3604 divino
2517 3551 2812 3620 sapientitc,
2844 3563 2890 3606 et
2937 3553 3252 3620 intellectus,
3286 3569 3332 3610 ct
3363 3557 3523 3612 disci-

1913 3640 2091 3710 plinte,
2131 3651 2186 3695 ut
2216 3643 2270 3696 in
2297 3643 2439 3697 omni
2464 3659 2616 3713 opere
2638 3643 2916 3713 intelligat,
2941 3655 2988 3699 et
3010 3646 3075 3700 sit
3105 3649 3421 3705 architectus
3447 3651 3519 3705 ad

1914 3733 2236 3799 operandam
2265 3742 2560 3802 argentum,
2613 3744 2662 3786 et
2700 3749 2914 3800 aurum,
2959 3745 3007 3789 et
3033 3753 3124 3802 a’s,
3155 3748 3202 3791 et
3229 3738 3403 3810 lapide
3433 3758 3517 3796 re-

1913 3823 2153 3892 pletionis
2184 3835 2230 3878 et
2263 3826 2439 3879 omnia
2493 3841 2648 3896 opera
2677 3825 2937 3895 fabrilia:
2974 3839 3021 3882 et
3053 3830 3107 3883 in
3139 3827 3280 3902 ligno
3307 3843 3365 3886 ut
3394 3852 3517 3905 ope-

1913 3929 2057 3974 retur
2082 3921 2367 3976 serundum
2399 3920 2576 3975 omnia
2605 3935 2762 3990 opera
2814 3921 2884 3974 ad
2934 3939 3085 3994 quem
3109 3941 3201 3995 ego
3227 3925 3347 3981 dedi
3373 3945 3512 3984 eum.

1913 4011 2019 4066 Sed
2061 4010 2217 4066 Eliab
2247 4011 2418 4081 ﬁlium
2469 4009 2701 4066 Asis-mat
2733 4029 2798 4067 ea:
2845 4014 2983 4068 tribu
3022 4015 3182 4072 Dan:
3215 4028 3262 4072 et
3293 4019 3414 4074 dedi
3461 4022 3517 4078 in

1911 4120 2001 4157 cor
2053 4104 2193 4158 omni
2224 4105 2468 4175 prudenti
2496 4103 2835 4172 intellectum,
2873 4117 2928 4179 ut
2968 4107 3170 4175 faciant
3195 4111 3368 4165 omnia
3397 4129 3515 4182 quae

1911 4195 2158 4249 constitui
2186 4196 2280 4248 tibi
2310 4193 2507 4265 (Exod.
2548 4211 2734 4260 xxxtv,
2781 4195 2922 4264 2-6).
2968 4193 3263 4255 Considera
3291 4217 3421 4274 ergo
3446 4220 3512 4260 ex

1909 4287 1994 4343 his
2041 4288 2293 4343 omnibus
2321 4289 2591 4358 quomodo
2626 4303 2656 4342 a
2689 4287 2918 4346 Domino
2967 4291 3234 4361 sapientia
3281 4291 3509 4363 fabrilis,

1910 4381 2026 4436 sive
2057 4381 2108 4434 in
2139 4396 2293 4446 auro,
2321 4381 2435 4436 sive
2473 4381 2525 4434 in
2560 4389 2800 4452 argento,
2832 4381 2946 4437 sive
2971 4373 3029 4436 in
3058 4382 3160 4437 alia
3188 4391 3511 4458 quacunque

1909 4472 2153 4532 materia,
2199 4472 2282 4526 vel
2335 4472 2499 4526 etiam
2550 4473 2770 4528 textrini
2799 4474 3061 4544 sapientia
3088 4493 3100 4529 :
3132 4485 3186 4530 et
3214 4477 3336 4532 vide
3365 4467 3507 4547 quod

199 4565 451 4622 scribens
480 4561 672 4618 dicatil
706 4579 719 4616 :
746 4581 764 4611 ι
796 4561 928 4628 Quis
956 4560 1099 4615 enim
1129 4560 1334 4613 nesciat
1357 4568 1412 4614 et
1435 4561 1485 4612 in
1507 4555 1705 4630 Moyse,
1736 4576 1798 4615 ac
1829 4544 1880 4603 D
1905 4580 1934 4618 a
1978 4563 2101 4633 jure
2150 4565 2254 4619 dici
2301 4565 2366 4619 de
2419 4566 2502 4620 his
2545 4566 2797 4621 omnibus
2841 4576 3057 4636 potest,
3113 4569 3255 4638 quod
3312 4544 3504 4628 horum

199 4661 592 4732 prophetarum
647 4656 1039 4718 voluminibus,
1107 4655 1351 4724 qutedam
1402 4665 1676 4725 assumpta
1731 4656 1796 4711 de

199 4752 488 4823 gentilium
534 4749 690 4806 libris
722 4764 738 4803 :
770 4758 826 4804 et
878 4747 1134 4802 Salomon
1185 4747 1519 4818 philosophis
1565 4747 1690 4819 Tyri
1742 4757 1797 4803 et

201 4844 550 4914 proposuisse
583 4840 839 4898 nonnulla
887 4847 942 4895 et
1001 4839 1179 4910 aliqua
1223 4840 1605 4908 respondisse?
1646 4838 1794 4894 Unde

199 4947 254 4994 et
282 4938 338 4992 in
373 4936 598 4992 exordio
623 4936 1041 4992 Proverbiorum
1076 4942 1408 4997 commouet,
1440 4942 1497 4988 ut
1533 4933 1792 5006 intelliga-

199 5048 323 5088 mus
351 5045 636 5088 sermones
674 5030 975 5101 prudentiae
997 5069 1010 5092 ,
1046 5028 1317 5083 versutias
1349 5028 1675 5094 verborum,
1709 5044 1799 5098 pa-

273 5159 298 5187 ι
343 5145 470 5211 513.,
499 5155 700 5216 partem
723 5141 990 5198 liberalem
1026 5140 1244 5195 Donati.

271 5218 297 5257 δ
325 5216 452 5281 Ms.,
480 5217 680 5271 eodem.

271 5301 296 5328 ο
329 5287 459 5353 Ms.,
486 5305 666 5358 quum.
843 5347 846 5358 ί

267 5358 294 5399 ει
328 5351 679 5432 Epimenides
729 5357 781 5411 in
832 5351 1006 5425 Opere
1049 5357 1170 5432 napi
1223 5361 1496 5432 χρησμῶν.
1554 5352 1795 5432 Apostoli

193 5426 390 5488 autem
403 5445 468 5484 ex
499 5443 564 5484 eo
589 5429 910 5499 desumptus
939 5426 1379 5499 versiculus'ille'
1413 5434 1534 5480 est:
1574 5426 1790 5478 Creten-

192 5521 278 5558 ses
309 5517 512 5573 semper
546 5497 821 5573 mendaces
849 5515 874 5573 ;_
900 5499 967 5552 ad
995 5499 1102 5573 Tit.
1131 5497 1290 5573 1,12.

270 5585 296 5613 ο
327 5567 506 5629 Locus
553 5572 774 5626 mutilus
833 5570 910 5624 sic
962 5569 1295 5640 explendas:
1361 5567 1470 5623 Nec
1527 5567 1794 5640 pertimuit

197 5645 473 5718 Evangelii
503 5641 954 5718 majes_tatem_sul_i
980 5637 1132 5718 metri
1158 5640 1294 5711 leges
1328 5641 1550 5694 mittere.
1586 5637 1662 5691 De
1692 5653 1798 5718 ca;-

196 5719 331 5776 teris
353 5711 444 5772 'vel
481 5711 709 5769 mortuis
764 5711 847 5767 vel
901 5711 1206 5767 viventibus
1247 5721 1440 5767 taceo:
1470 5726 1694 5782 quorum
1742 5711 1796 5761 in

196 5790 406 5860 scriptis
459 5787 565 5840 suis
614 5795 658 5838 et
715 5785 844 5839 vires
877 5782 1171 5854 manifesta?
1201 5793 1354 5849 sunt,
1389 5794 1434 5836 et
1486 5781 1792 5835 voluntates.

1903 4656 2129 4711 scientia
2159 4657 2226 4711 ab
2252 4656 2468 4712 excelso
2498 4657 2588 4712 sit.
2626 4677 2645 4708 ›
2680 4656 2755 4711 De
2788 4658 2959 4714 tribus
2989 4675 3115 4714 vero
3146 4661 3326 4730 pueris
3355 4662 3505 4715 idcné-

1903 4749 2066 4804 tidem
2120 4749 2234 4817 ipse
2286 4748 2460 4804 dicit:
2519 4769 2536 4799 ς
2570 4747 2716 4816 Quos
2771 4765 2964 4819 pueros
3008 4750 3504 4808 Nabuchodonosor

1901 4841 2076 4896 tribus
2107 4842 2261 4896 annis
2304 4842 2356 4895 in
2381 4851 2497 4896 arte
2526 4843 2879 4915 grammatica
2909 4846 3153 4913 posuerit
3181 4862 3194 4898 :
3232 4845 3386 4900 Dedit
3427 4840 3500 4901 eis

1900 4931 2157 4988 Dominus
2180 4933 2493 5003 sapientiam
2531 4944 2579 4987 et
2608 4933 2948 5002 intellectum,
3000 4946 3048 4988 et
3076 4936 3407 5005 prudentiam
3446 4935 3500 4995 ut

1905 5024 2046 5077 omni
2067 5035 2178 5079 arte
2204 5026 2595 5095 grammatica;
2637 5035 2684 5078 et
2715 5024 2904 5079 Daniel
2936 5026 3250 5082 intellectum
3282 5028 3421 5082 dedit
3445 5023 3501 5083 in

1904 5136 2267 5208 Hieronymus
2296 5137 2454 5207 epist.
2489 5136 2577 5199 84,
2608 5136 2672 5191 ad
2690 5151 2844 5208 inag.
2880 5137 3030 5208 Orat,
3065 5125 3221 5194 Rom.

1980 5207 1998 5246 ί
2029 5205 2228 5263 Locum
2255 5205 2342 5263 sic
2366 5209 2590 5262 restituo
2616 5205 2978 5278 :HProphctia'
3007 5207 3229 5263 Balaam
3266 5228 3296 5263 a
3327 5207 3490 5265 Mare.

1905 5279 1983 5332 Ex
2010 5278 2158 5349 Orig.
2193 5279 2391 5334 llomil.
2421 5279 2522 5334 150
2550 5279 2602 5332 ἱη
2636 5277 2795 5332 Nutu.

1979 5353 2002 5390 8
2032 5351 2088 5405 in
2120 5351 2299 5406 Tract.
2333 5361 2521 5405 contra
2543 5351 2782 5421 quinque
2812 5349 3064 5414 haereses,
3094 5367 3213 5421 cap.
3246 5352 3296 5406 ξ.

1971 5429 1994 5466 b
2025 5423 2355 5480 Benedictini
2399 5422 2597 5492 Congr.
2645 5420 2702 5476 S.
2733 5420 2942 5476 Mauri:
2982 5420 3214 5487 sanctus,
3260 5433 3489 5486 sanctus,

1901 5499 2101 5568 absque
2143 5510 2272 5550 voce
2300 5493 2559 5568 Christus.

1980 5563 2257 5622 i'Evstant
2286 5564 2450 5626 verba
2478 5563 2590 5618 haec
2623 5564 2762 5635 apud
2789 5563 3295 5635 Origei‘tem‘homil.
3345 5563 3405 5635 [8
3439 5563 3488 5617 in

1901 5635 2261 5695 Numerorum
2296 5636 2533 5692 librum:
2565 5631 2699 5692 voce
2740 5631 2917 5688 anteiit
2954 5632 3040 5689 illi;
3091 5631 3321 5688 barbara
3354 5632 3488 5689 forte

1904 5710 2153 5767 homilias
2177 5707 2232 5764 in
2265 5705 2655 5762 Pentateurhon
2695 5705 3010 5776 designavit.
