4034 6350
523 375 636 448 tas

1791 389 2049 446 ALVARI
2087 381 2572 445 CORDUBENSIS

3307 315 3328 342 /

3707 379 3832 434 42L

523 508 666 563 omni
690 507 860 570 verba,
887 516 934 560 et
957 505 1164 567 virtute,
1196 511 1244 556 et
1269 501 1483 556 somniis
1510 520 1527 559 :
1563 510 1610 557 et
1633 513 1744 558 erat
1768 504 1910 576 apud
1937 519 2108 575 regem
2135 506 2189 566 Α
2214 499 2353 554 dona
2395 511 2611 567 semper
2637 503 2698 549 ut
2739 493 2926 551 volunt
2957 494 3161 552 habere
3191 510 3300 553 non
3344 501 3600 567 possunt.
3631 493 3732 552 Sed
3769 504 3836 552 et

523 601 579 655 in
608 599 751 654 omni
779 597 949 660 verba,
987 608 1037 650 et
1059 594 1359 666 prudentia,
1392 601 1439 648 et
1470 593 1770 665 disciplina.
1803 594 1870 648 In
1897 594 2114 667 quibus-

523 707 726 763 cunque
757 689 992 764 quiesieit
1033 687 1097 742 ab
1128 687 1204 742 eis
1243 702 1334 742 rex
1353 728 1368 754 ,
1412 687 1605 743 invenit
1635 704 1722 742 eos
1751 685 1970 757 decuplo
1994 704 2113 744 am-

523 778 681 848 plius,
723 795 880 851 quam
904 787 1052 834 erant
1078 777 1348 848 sophistae,
1401 787 1450 833 et
1489 777 1802 850 philosophi,
1828 779 1918 848 qui
1965 788 2115 833 erant

521 871 580 924 in
603 871 743 926 omni
775 886 928 940 regno
957 869 1070 940 ejus
1098 869 1262 941 (Dan.
1311 869 1375 941 ι).
1425 869 1552 926 Haec
1580 870 1796 942 quidem
1835 869 1887 924 in
1932 885 2118 925 exem-

521 959 762 1032 plaribus
790 957 1138 1030 Septuaginta
1161 972 1189 1002 ι
1217 975 1348 1016 vero
1373 960 1674 1026 codicibus,
1720 960 1922 1032 aliquid
1953 960 2116 1016 etiam

521 1052 897 1108 vehementius
947 1053 1145 1125 reperi,
1178 1054 1378 1124 quibus
1417 1053 1667 1124 quamvis
1714 1069 1820 1110 non
1877 1063 2115 1119 utamur,

521 1150 703 1199 tamen
733 1145 1061 1218 agnoscendi
1087 1146 1258 1218 gratia
1287 1146 1530 1201 dicemus
1550 1145 1714 1200 etiam
1760 1145 1834 1200 ibi
1860 1145 2004 1216 quod
2043 1145 2119 1200 le-

520 1236 738 1309 gimus:
791 1237 969 1304 Dedit,
1019 1237 1217 1309 inquit,
1257 1238 1332 1292 eis
1376 1237 1519 1293 Deus
1552 1236 1872 1292 intellectunt
1903 1247 1950 1292 et
1987 1255 2117 1308 pru-

519 1327 756 1386 dentiam
805 1331 861 1385 in
897 1331 1038 1386 omni
1084 1331 1430 1401 grammatica
1476 1330 1732 1400 sapientia
1762 1343 1781 1380 :
1831 1339 1879 1384 et
1930 1328 2121 1384 Daniel

519 1421 775 1477 intellexit
797 1423 826 1464 δ
861 1423 918 1479 in
943 1424 1084 1478 omni
1109 1425 1304 1481 visione
1323 1433 1371 1478 et
1401 1424 1636 1478 somniis.
1662 1423 1729 1477 Et
1757 1430 1877 1491 post
1903 1437 2071 1492 pauca
2103 1437 2117 1473 :

520 1512 834 1581 Astilerunt,
873 1515 1066 1585 inquit,
1089 1517 1144 1571 in
1167 1527 1442 1587 conspectu
1467 1517 1624 1586 regis,
1648 1524 1696 1567 et
1725 1515 1779 1568 in
1803 1516 1942 1567 omni
1968 1512 2120 1567 verba

519 1609 830 1679 sapientiai,
870 1608 924 1663 in
961 1626 1063 1680 quo
1103 1608 1341 1679 quaesivit
1387 1607 1450 1661 ab
1506 1608 1581 1662 eis
1624 1623 1745 1667 rex,
1799 1605 1990 1660 invenit
2035 1620 2121 1658 eos

519 1698 738 1769 decuplo
772 1715 928 1770 super
959 1697 1134 1754 omnes
1162 1701 1514 1753 incantatores
1562 1709 1609 1751 et
1645 1713 1825 1767 magos
1855 1697 1943 1766 qui
1973 1705 2121 1750 erant

517 1790 575 1844 in
605 1792 747 1844 omni
783 1807 940 1862 regno
964 1791 1100 1861 ejus.
1133 1791 1211 1846 Ex
1242 1790 1327 1845 his
1370 1805 1499 1860 ergo
1521 1789 1774 1844 omnibus
1821 1795 2003 1858 potest
2035 1788 2119 1841 in-

2218 591 2347 648 illud
2376 593 2521 662 quod
2547 591 2600 645 in
2624 587 2866 661 Epistola
2897 587 3094 646 Paulus
3120 590 3188 645 ad
3212 588 3786 660 Hebneos-scripserit
3811 609 3828 644 :

2216 682 2285 738 In
2322 683 2518 738 semine
2553 693 2662 748 tuo,
2697 681 2836 753 quod
2873 691 2949 737 est
2974 679 3214 737 Christus
3255 679 3402 753 (Gal.
3439 679 3678 748 111,16).
3709 697 3834 738 non

2217 775 2518 830 secundum
2548 772 2825 830 liberalem
2857 782 3051 839 artem,
3081 774 3226 831 sicut
3259 773 3459 839 dicitis,
3489 773 3782 844 scripserit
3813 791 3829 839 ;

2217 879 2277 922 ut
2306 883 2452 933 reor,
2493 884 2594 942 per
2619 866 2931 938 allegoriam
2958 867 3183 940 protulit
3207 884 3221 920 :
3245 854 3372 938 quia
3400 866 3453 921 in
3484 865 3656 936 ipsius
3679 863 3836 921 Can-

2219 960 2312 1016 tici
2348 960 2578 1016 Abrahae
2622 959 2792 1015 titulis
2845 958 2926 1014 sic
2973 959 3288 1014 adnotatum
3341 964 3466 1013 est:
3511 954 3837 1012 Benedictio

2219 1067 2326 1124 qua
2354 1052 2629 1110 benedixit
2658 1053 2799 1109 Deus
2824 1051 3055 1107 Abrahae
3100 1052 3153 1106 in
3195 1049 3621 1122 repromissione
3659 1048 3837 1103 semi-

2221 1145 2306 1201 nis
2333 1143 2471 1216 ejus,
2502 1144 2595 1216 qui
2622 1153 2706 1200 est
2734 1143 3008 1207 Christus,»
3033 1151 3090 1198 et
3116 1143 3358 1214 gentium
3384 1141 3693 1198 vocatione.
3745 1137 3833 1195 [bi

2221 1239 2365 1293 enim
2413 1238 2644 1310 positum
2693 1245 2822 1292 est:
2869 1235 3235 1308 Multiplicabo
3285 1252 3460 1290 semen
3494 1247 3642 1288 tuum
3687 1232 3838 1289 sicut

2222 1329 2400 1385 stellas
2441 1330 2576 1394 caeli,
2616 1341 2663 1384 et
2692 1329 2828 1385 velut
2875 1346 3036 1384 arena
3080 1345 3198 1400 qua:
3232 1337 3308 1383 est
3339 1329 3395 1382 in
3436 1327 3609 1381 littore
3657 1327 3835 1382 maris

2224 1417 2376 1492 (Cen.
2405 1438 2544 1487 XXII,
2572 1421 2682 1495 l7).
2727 1420 2961 1492 Tropice
2994 1429 3048 1476 et
3085 1419 3432 1493 hyperbolice
3459 1419 3671 1476 locutus
3694 1431 3791 1474 est
3818 1435 3834 1472 :

2223 1512 2346 1582 quis
2392 1514 2536 1568 enim
2589 1529 2695 1568 non
2750 1513 2952 1579 videat,
3013 1510 3158 1582 quod
3203 1511 3275 1568 sit
3324 1508 3840 1581 incomparabiliter

2223 1603 2454 1673 amplius
2477 1617 2655 1658 arenae
2686 1618 2962 1667 numerus,
3017 1617 3179 1672 quam
3226 1616 3346 1658 esse
3391 1601 3670 1656 hominum
3709 1613 3840 1653 om-

2224 1697 2373 1750 nium
2425 1698 2493 1751 ab
2550 1696 2666 1767 ipso
2718 1695 2892 1750 Adam
2943 1709 3116 1765 usque
3163 1694 3230 1748 ad
3273 1693 3560 1749 terminum
3612 1689 3838 1753 saeculi.

2224 1800 2428 1860 quanto
2457 1791 2630 1862 magis
2681 1789 2857 1845 solum
2907 1803 3093 1845 semen
3131 1787 3410 1844 Abrahae?
3454 1792 3584 1855 Quae
3632 1785 3841 1858 utique

518 1884 994 1956 telligi,quomodo
1009 1895 1063 1940 et
1086 1885 1304 1939 Balaam
1330 1885 1530 1939 dixerit
1553 1884 1619 1938 de
1639 1882 1964 1952 semetipso:
1986 1880 2119 1948 Quis
2149 1884 2196 1944 Β
2228 1883 2433 1952 tropica
2458 1891 2565 1946 est,
2615 1898 2719 1937 non
2747 1883 2984 1953 propria.

517 1976 658 2033 sciat
708 1977 991 2032 scientiam
1041 1976 1352 2032 Allissimi?
1406 1975 1630 2038 scilicet,
1683 1983 1742 2029 ut
1792 1972 2122 2044 intelligatur

517 2066 662 2139 quod
713 2067 865 2138 origo
921 2065 1083 2123 totius
1131 2067 1373 2122 scientia:
1413 2067 1483 2121 ab
1533 2065 1651 2136 ipso
1697 2065 1926 2136 cmperit
1957 2079 2119 2119 exor-

517 2156 686 2214 dium.
732 2178 751 2212 ι

586 2249 640 2306 5.
691 2249 1080 2307 Sauctissimus
1129 2250 1483 2323 Augustinus,
1541 2249 1803 2322 Hipponre
1837 2247 2121 2320 Regiensis

516 2344 823 2416 episc0pus,
857 2345 946 2400 ubi
969 2346 1036 2400 de
1064 2345 1238 2400 tribus
1261 2345 1617 2418 Sanguisugis
1645 2345 1996 2417 singulariter
2020 2351 2122 2396 tra-

516 2437 704 2502 ctavit,
736 2436 812 2492 ita
843 2437 1141 2494 disseruit:
1178 2437 1355 2503 Scire,
1390 2439 1585 2510 inquit,
1619 2438 1876 2494 Salomon
1915 2437 2123 2507 sapien-

517 2525 672 2589 tiam,
721 2534 775 2582 et
821 2527 1185 2600 disciplinam,
1239 2538 1294 2583 et
1343 2527 1643 2598 intelligere
1688 2543 1970 2584 sermones
1997 2543 2123 2596 pru-

515 2617 736 2684 dentize,
767 2634 833 2674 ac
863 2620 1143 2692 percipere
1188 2621 1459 2676 versutias
1488 2621 1804 2685 verborum,
1846 2630 1901 2676 et
1925 2620 2123 2675 intellio

515 2727 642 2784 gere
665 2711 933 2780 justitiam
976 2729 1196 2779 veram,
1245 2714 1619 2786 judiciumque
1649 2714 1896 2785 diligere,
1944 2722 2004 2769 ut
2034 2715 2124 2769 det

515 2803 898 2861 innocentibus
939 2806 1220 2871 astutiam,
1251 2822 1421 2876 puero
1460 2816 1642 2862 autem
1667 2807 1871 2878 juniori
1903 2821 2121 2862 sensum

513 2906 571 2956 et
600 2899 1005 2968 cogitationem.
1036 2899 1132 2955 His
1159 2901 1304 2954 enim
1327 2901 1549 2965 auditis,
1582 2901 1800 2970 sapiens
1827 2900 2124 2970 sapientior

514 2989 624 3046 erit
649 3006 663 3042 :
701 2990 793 3060 qui
824 3000 1004 3045 autem
1032 2991 1295 3062 intelliget
1319 2991 1608 3061 parabolas
1636 3001 1801 3060 atque
1823 2992 2121 3046 obscurum

516 3095 847 3148 sermonem,
896 3082 1039 3137 dicta
1094 3083 1442 3153 sapientium,
1492 3092 1547 3137 et
1589 3083 1878 3154 aenigmata
1910 3097 2117 3138 eorum.

518 3170 626 3227 Sed
649 3173 772 3242 quis
802 3172 1037 3243 sapiens,
1069 3183 1124 3229 et
1154 3175 1277 3243 quis
1322 3173 1585 3244 prudens,
1618 3174 1736 3229 inec
1763 3174 1880 3229 sine
1929 3174 2120 3244 spiritu

2299 1974 2351 2029 6.
2393 1974 2526 2028 Illud
2556 1989 2721 2044 porro
2747 1975 2889 2044 quod
2931 1974 3134 2029 acriter
3179 1972 3421 2028 refutare
3450 1971 3601 2028 vobis
3643 1970 3842 2027 visum

2224 2073 2328 2131 est,
2362 2074 2418 2120 et
2441 2079 2581 2135 pene
2623 2080 2728 2119 non
2759 2079 2914 2134 aequo
2957 2065 3138 2119 animo
3163 2065 3430 2119 dicentem
3458 2063 3664 2126 audire,
3706 2072 3738 2102 ο
3787 2070 3844 2115 et

2225 2159 2354 2231 quid
2383 2175 2414 2213 a
2447 2159 2762 2214 beatissimo
2793 2159 3094 2229 Augustino
3138 2159 3191 2212 in
3237 2157 3575 2228 expeditione
3619 2154 3846 2211 Psalmi

2223 2251 2486 2306 tricesimi
2511 2250 2730 2320 septimi
2760 2250 3016 2315 senserit,
3063 2247 3312 2320 legimus.
3368 2247 3508 2320 Ergo
3548 2261 3655 2301 vox
3711 2254 3849 2300 erat

2225 2345 2581 2410 inﬁrmitatis,
2615 2359 2719 2399 vox
2741 2351 2862 2398 erat
2885 2351 3074 2398 nostra
3097 2357 3202 2412 qua
3236 2340 3264 2381 ά
3294 2341 3496 2396 dictum
3516 2348 3600 2393 est
3629 2357 3642 2392 :
3676 2337 3849 2405 Qua-

2224 2457 2279 2496 re
2320 2457 2399 2493 me
2439 2437 2811 2509 dereliquisti?
2843 2435 3061 2509 (Matth.
3093 2451 3263 2498 xxvii,
3297 2434 3414 2503 46.)
3455 2432 3591 2500 Quid
3618 2433 3688 2487 de
3737 2433 3852 2487 hoc

2227 2531 2576 2588 beatissimus
2603 2531 2966 2602 Hieronymus
2986 2528 3288 2599 scripserit,
3311 2527 3438 2597 quid
3464 2525 3616 2581 nobis
3643 2535 3853 2580 custo-

2228 2628 2483 2684 diendum
2511 2624 2816 2689 tradiderit,
2843 2625 2985 2678 inter
3000 2633 3196 2678 cietera
3219 2621 3431 2676 cuidam
3454 2619 3530 2674 sic
3551 2618 3848 2673 instituit:

2226 2719 2401 2774 Corde
2424 2718 2562 2772 enim
2590 2717 2821 2772 creditur
2844 2716 2912 2770 ad
2929 2715 3212 2786 justitiam,
3237 2713 3344 2767 oris
3371 2721 3543 2765 autent
3562 2710 3853 2778 confessio

2226 2813 2284 2881 [it
2317 2813 2385 2866 ad
2406 2811 2630 2868 saiutem
2659 2809 2837 2882 (Rom.
2884 2824 2939 2875 x,
2973 2807 3082 2878 lO).
3117 2805 3288 2860 Filius
3317 2804 3413 2858 Dei
3439 2819 3540 2858 non
3568 2810 3656 2858 est
3686 2801 3854 2856 [ilius

2227 2905 2463 2960 hominis
2492 2923 2505 2958 :
2541 2902 2708 2958 Filius
2738 2901 2832 2955 Dei
2855 2909 2960 2963 est,
2986 2913 3092 2952 non
3123 2905 3206 2952 est
3235 2895 3376 2951 (ilius
3409 2893 3658 2949 hominis.
3709 2891 3853 2948 Uni-

2228 2999 2445 3069 genitus
2477 2995 2573 3050 Dei
2602 3003 2688 3051 est
2717 3012 2728 3047 :
2756 2993 2848 3063 qui
2876 3007 3007 3046 vero
3035 2989 3178 3045 tilius
3207 2987 3443 3044 hominis
3469 2993 3570 3050 est,
3618 2985 3848 3055 primo-

2229 3092 2443 3163 genitus
2473 3099 2576 3155 est,
2623 3096 2678 3144 et
2709 3095 2932 3159 propter
2970 3092 3343 3154 susceptorem
3375 3094 3528 3136 suum
3575 3077 3850 3147 unigeni-

2229 3194 2342 3239 tum
2375 3185 2566 3247 Dcum,
2598 3191 2653 3238 et
2698 3179 3090 3252 primogenitus
3119 3177 3352 3238 dicitur,
3384 3173 3507 3244 quia
3552 3172 3603 3225 in
3636 3185 3708 3224 eo
3766 3180 3853 3226 est

515 3264 614 3323 Dei
670 3266 872 3339 liquide
901 3268 1373 3340 comprehendat?
1429 3267 1555 3324 Haec
1585 3277 1712 3322 sunt
1735 3282 1855 3336 qua:
1901 3266 2121 3322 investi-

2231 3276 2564 3346 unigenitus.
2599 3251 2846 3343 Denique
2892 3251 2959 3327 de
3006 3267 3368 3341 primogenita
3409 3261 3710 3335 Apostolus
3770 3263 3855 3318 sic

517 3373 648 3431 gare
681 3368 736 3414 et
787 3361 1270 3431 comprehendere,
1329 3369 1385 3416 et
1433 3361 1591 3432 plene
1643 3376 1804 3416 nosse
1847 3359 2122 3430 jubemus.

516 3451 810 3522 Gregorius
837 3470 971 3525 papa
1006 3455 1168 3511 Urbis
1198 3455 1544 3510 beatissimus
1569 3455 1621 3509 in
1665 3453 1806 3509 libro
1844 3454 2009 3510 tertio
2040 3469 2127 3509 se-

516 3543 752 3598 cundum
806 3542 1046 3598 litteram
1092 3544 1159 3599 de
1213 3544 1380 3599 Petro
1413 3543 1678 3614 apostolo,
1723 3543 1813 3598 ubi
1849 3542 2124 3599 Simonem

517 3633 734 3705 arguit:
789 3633 1024 3690 Pecunia
1056 3644 1148 3688 tua
1194 3645 1360 3690 tecum
1411 3636 1477 3689 sit
1505 3636 1560 3690 in
1605 3634 1947 3706 perditionem
1983 3635 2121 3706 (Act.

516 3738 634 3787 vni,
661 3724 753 3792 ΞΟ)
788 3742 802 3778 :
843 3725 935 3797 qui
965 3725 1110 3781 enim
1149 3743 1254 3780 non
1301 3726 1381 3781 ait
1426 3736 1522 3790 est,
1568 3725 1662 3781 sed
1695 3728 1796 3790 sit,
1840 3742 1946 3779 nnn
1981 3726 2125 3779 indi-

517 3814 698 3870 cativo
731 3817 910 3882 modo,
943 3817 1039 3873 sed
1087 3818 1329 3888 Optativo
1379 3833 1439 3872 se
1482 3818 1600 3873 haec
1627 3818 1826 3873 dixisse
1871 3817 2122 3885 signavit.

517 3903 656 3981 Hinc
691 3905 835 3960 Eltas
860 3909 1066 3963 duobus
1095 3908 1579 3979 quinquagenariis
1604 3909 1670 3962 ad
1697 3923 1754 3962 se
1786 3907 2126 3962 venientibus

518 3997 696 4052 dixit:
729 3996 783 4052 Si
814 3999 968 4052 homo
1000 4000 1096 4054 Dei
1127 4019 1265 4065 sum,
1303 4001 1585 4056 descendat
1629 4002 1763 4072 ignis
1791 4001 1855 4054 de
1889 4001 2035 4065 cazlo,
2063 3985 2127 4054 iet

519 4098 792 4142 consumat
816 4105 902 4142 vos
921 4087 1030 4159 (IV
1055 4089 1181 4160 Reg.
1201 4093 1260 4162 l).
1287 4091 1421 4147 Vide
1436 4092 1560 4162 quia
1591 4091 1693 4146 hac
1721 4101 1838 4145 arte
1854 4093 2125 4144 utebatur.

521 4176 687 4232 Multa
711 4177 929 4246 quidem
961 4189 1119 4234 erant
1149 4181 1214 4234 de
1264 4182 1350 4237 his
1396 4183 1561 4238 rebus
1589 4182 1896 4237 testimonia
1924 4181 2132 4236 descri-

518 4270 678 4326 bere:
731 4269 826 4325 sed
852 4286 918 4326 ne
958 4271 1120 4327 nimis
1167 4273 1508 4330 fastidiosum
1553 4276 1788 4346 sapienti
1829 4275 2126 4343 videretur,

519 4382 685 4441 parva
709 4382 774 4422 ex
806 4367 991 4424 multis
1033 4367 1306 4424 sulliciant
1333 4369 1526 4424 doctis.
1561 4369 1667 4426 Sed
1698 4379 1753 4425 et
1788 4370 1991 4440 aliqua,
2017 4387 2130 4427 me-

519 4459 640 4533 ipso
670 4471 921 4526 vocante,
968 4471 1244 4530 utcunque
1268 4462 1558 4518 aseriham.
1583 4464 1878 4535 Apostolici
1915 4474 1971 4519 et
2000 4481 2127 4519 san-

520 4550 716 4606 tissimi
756 4550 900 4616 viri,
933 4566 1033 4606 nec
1072 4567 1289 4624 semper
1331 4553 1646 4624 sophistice,
1695 4569 1794 4608 nec
1817 4555 2132 4623 frequenter

2232 3369 2349 3422 ait:
2386 3365 2775 3436 Primogenitus
2800 3365 2853 3417 in
2882 3361 3060 3417 multis
3091 3360 3344 3430 fratribus
3381 3355 3552 3430 (Rom.
3575 3371 3700 3418 vus.
3749 3355 3853 3425 ‘39)

2229 3458 2321 3528 qui
2347 3457 2399 3512 in
2437 3465 2560 3510 eum
2589 3454 2962 3510 crediderunt.
3009 3450 3123 3505 Non
3152 3465 3281 3521 ergo
3321 3456 3514 3503 natura
3559 3445 3851 3516 unigeniti

2229 3557 2312 3604 est
2353 3547 2768 3619 primOgenitus,
2816 3546 2912 3602 sed
2949 3553 3174 3615 propter
3203 3543 3519 3598 societatem
3562 3539 3852 3610 unigeniti

2229 3643 2324 3698 Dei
2368 3641 2677 3712 unigenitus
2720 3649 2824 3694 est.
2875 3636 3227 3707 Primogeniti
3273 3645 3454 3690 autem
3498 3641 3692 3688 natura
3759 3639 3852 3687 est

2228 3733 2621 3806 primogenitus
2665 3746 2772 3788 non
2823 3745 2988 3785 causa
3039 3727 3348 3791 societatis,
3378 3725 3505 3798 quia
3555 3721 3752 3777 nullus
3781 3737 3851 3778 ex

2230 3829 2459 3882 mortuis
2491 3824 2790 3880 resurrexit
2818 3825 2886 3878 ad
2912 3821 3403 3881 immortalitatem,
3427 3817 3529 3872 nisi
3566 3815 3688 3886 ipse
3713 3816 3848 3886 pri-

2231 3937 2352 3976 mus
2380 3931 2431 3976 et
2469 3918 2771 3988 exemplum
2803 3932 2901 3986 per
2941 3914 3396 3971 resurrectionem
3441 3908 3697 3965 omnibus
3753 3923 3851 3964 se-

2231 4015 2525 4084 quentibus
2563 4012 2751 4068 edidit.
2793 4010 2861 4066 Et
2897 4010 3018 4065 ideo
3059 4005 3350 4078 Apostolus
3393 4003 3524 4060 dicit
3556 4020 3570 4056 :
3604 4000 3715 4068 Qui
3770 4012 3851 4057 est

2231 4106 2606 4177 primogenitus
2626 4121 2691 4159 ex
2718 4105 2940 4158 mortuis
2975 4099 3175 4172 (Colos.
3208 4115 3249 4163 ι,
3294 4097 3406 4167 18).
3439 4095 3581 4150 Idem
3631 4094 3847 4149 iterum

2232 4199 2298 4253 ad
2329 4198 2602 4254 Romanos
2632 4215 2646 4251 :
2680 4193 2748 4250 Ut
2769 4196 2834 4248 sit
2859 4195 2968 4265 ipse
3007 4191 3380 4264 primogenitae
3409 4190 3464 4243 in
3502 4185 3682 4240 ntultis
3722 4186 3851 4257 {ra-

2234 4293 2421 4347 tribus.
2455 4291 2521 4346 Et
2558 4291 2685 4361 quia
2720 4286 3032 4359 unigenitus
3059 4294 3114 4340 et
3153 4281 3547 4355 primogenitus
3589 4277 3710 4333 dum
3749 4293 3851 4333 na-

2237 4397 2371 4442 tura:
2415 4392 2567 4446 sunt,
2613 4381 2796 4436 divina
2847 4389 2903 4434 et
2949 4379 3204 4434 humana.
3253 4373 3388 4429 Nam
3438 4382 3493 4426 et
3542 4371 3851 4427 diversitas

2233 4480 2430 4534 harum
2479 4485 2798 4532 naturarum
2848 4475 2901 4529 in
2947 4473 3250 4528 elocutione
3281 4468 3696 4540 Evangeliorum
3751 4482 3851 4523 os-

2236 4573 2497 4627 tenditur.
2535 4569 2687 4624 Fidei
2726 4577 2926 4623 noslra:
2950 4566 3114 4638 igitur
3141 4581 3246 4619 non
3299 4562 3553 4620 convenit
3578 4571 3638 4615 ut
3672 4556 3851 4616 Jesus

521 4645 606 4700 lac
643 4654 827 4716 potum
883 4645 1150 4701 dederunt
1180 4663 1194 4700 :
1244 4663 1346 4702 nec
1397 4649 1590 4703 crebro
1639 4647 1868 4701 solidum
1920 4647 2122 4702 cibum.
2155 4641 2208 4700 D
2235 4664 2490 4720 Christus
2517 4663 2834 4724 mentiatur,
2868 4660 2994 4732 quia
3024 4661 3137 4731 ipse
3165 4669 3249 4714 ρει
3277 4658 3504 4712 vernas,
3536 4655 3671 4711 Cum
3698 4669 3850 4726 ergo

501 4732 637 4788 .Non
665 4735 955 4805 aliquoties
981 4735 1246 4805 simplicia
1270 4778 1285 4802 ,
1317 4753 1422 4792 non
1469 4736 1559 4791 ditt
1607 4737 1879 4801 sublimia,
1933 4739 2026 4792 sed
2071 4747 2131 4792 ut

525 4822 764 4895 Spiritus
794 4827 954 4882 dabat
993 4827 1208 4897 eloquia
1240 4845 1254 4894 ;
1287 4829 1429 4884 unde
1457 4838 1512 4883 et
1541 4829 1827 4885 Psalmista
1857 4848 1868 4883 :
1899 4830 2128 4885 Audiam

523 4920 649 4989 quid
675 4919 921 4990 loquatur
939 4923 995 4977 in
1019 4940 1100 4978 me
1123 4923 1382 4978 Dominus
1417 4925 1557 4980 Deus
1585 4923 1758 4995 (Psal.
1801 4943 2018 4990 Lxmv,
2049 4927 2127 4995 9).

526 5011 662 5068 Vide
715 5016 847 5084 quid
897 5026 1118 5074 sanctus
1151 5015 1448 5090 Gregorius
1494 5035 1632 5090 papa
1669 5019 1831 5075 Urbis
1861 5020 1990 5075 dicit
2022 5038 2034 5072 :
2073 5019 2126 5074 In

527 5107 740 5162 cunctis
782 5124 1018 5178 namque
1049 5109 1296 5165 fidelibus
1338 5109 1575 5181 Spiritus
1602 5112 1770 5175 venit,
1803 5113 1898 5166 sed
1929 5112 1981 5166 in
2009 5111 2126 5167 solo

527 5192 824 5251 Mediatore
861 5208 1185 5266 permanet,
1226 5199 1319 5269 qui
1370 5200 1490 5269 ejus
1545 5201 1932 5256 humanitatem
1984 5218 2123 5256 nun-

529 5299 694 5356 quam
727 5285 982 5350 deseruit,
1020 5288 1085 5342 de
1113 5287 1267 5358 cujus
1297 5289 1578 5346 divinitate
1628 5293 1911 5360 processit.
1950 5291 2008 5346 ln
2038 5292 2128 5348 illo

529 5376 699 5450 igitur
745 5389 1050 5451 permanet,
1103 5383 1194 5452 qui
1225 5393 1280 5440 et
1321 5385 1470 5440 solus
1497 5394 1554 5439 et
1585 5386 1764 5442 omnia
1793 5401 2008 5457 semper
2036 5404 2130 5455 po-

527 5475 676 5540 test;
711 5486 836 5528 nam
865 5469 1052 5530 ﬁdeles
1079 5475 1171 5546 qui
1198 5475 1344 5532 hunc
1369 5477 1665 5549 accipiunt,
1691 5494 1815 5534 cum
1846 5479 2127 5552 signorum

602 5641 629 5674 ι
657 5631 1150 5710 Truncataverba,
1208 5635 1293 5710 sic
1324 5652 1401 5710 ex
1439 5635 1672 5710 Origene
1706 5638 1913 5710 rhomil.
1947 5638 2038 5702 22,
2073 5639 2128 5694 in

531 5702 690 5780 Nam.
713 5705 980 5780 explenda
1006 5724 1020 5761 ε
1053 5705 1180 5780 Παῖς
1205 5707 1417 5777 quidem
1435 5702 1898 5780 ineicemplaribus
1920 5721 2131 5780 septua-

530 5777 676 5849 ginta
706 5777 1044 5849 interpretum
1079 5777 1339 5833 habentur
1371 5792 1389 5833 :
1419 5780 1476 5836 in
1520 5777 1864 5837 Hebraeorum
1897 5777 2014 5837 vero
2043 5797 2131 5837 co-

531 5845 738 5905 dicibus
766 5845 992 5920 aliquid,
1019 5857 1125 5906 etc.

2233 4759 2308 4814 ita
2341 4759 2431 4821 sit,
2469 4756 2583 4826 ipse
2610 4755 2676 4810 de
2701 4770 2760 4810 se
2786 4754 2919 4809 dicit
2949 4772 2962 4808 :
2991 4753 3095 4819 Qui
3119 4769 3197 4806 me
3221 4753 3361 4806 misit
3391 4766 3593 4805 merum
3609 4758 3706 4809 est,
3744 4765 3849 4804 nec

2233 4865 2314 4903 me
2355 4846 2630 4919 dereliquit
2675 4845 2858 4916 (Joan.
2909 4860 3036 4908 vm,
3076 4843 3168 4914 29)
3200 4860 3213 4896 :
3245 4842 3429 4897 etalio
3461 4841 3626 4896 loco:
3665 4838 3846 4906 Deus,

2233 4939 2376 4995 Deus
2405 4958 2573 5006 meus,
2599 4957 2762 5010 quare
2788 4955 2870 4992 me
2888 4936 3247 5008 dereliquisti?
3276 4933 3490 5006 (Matth.
3517 4948 3692 4996 xxvtt,
3711 4931 3847 5006 ‘6.)

2235 5029 2370 5096 Quia
2402 5031 2542 5086 Deus
2572 5031 2845 5086 hominem
2880 5036 3212 5097 susceperat,
3238 5037 3292 5083 et
3323 5041 3419 5098 per
3445 5035 3677 5080 mortem
3706 5040 3848 5081 cru-

2232 5125 2312 5194 cis
2333 5125 2720 5196 relinquendus
2743 5133 2909 5180 erata
2931 5124 3039 5179 Deo
3059 5137 3229 5193 usque
3250 5123 3316 5178 ad
3338 5121 3845 5177 resurrectionem:

2236 5217 2358 5272 lidei
2399 5232 2528 5284 ergo
2571 5227 2772 5272 nostra:
2818 5218 2898 5272 sic
2947 5216 3224 5281 convenit,
3272 5223 3332 5270 ut
3379 5215 3545 5270 homo
3575 5215 3723 5270 dicat
3773 5214 3847 5269 ad

2233 5307 2402 5363 Deum
2432 5323 2612 5362 suum.
2663 5307 2842 5374 Quare
2868 5325 2948 5362 me
2988 5307 3312 5378 dereliquisti
3330 5307 3355 5360 .7
3381 5305 3706 5377 Uuigenitus
3738 5321 3849 5359 au-

2235 5408 2342 5456 tem
2374 5400 2516 5456 Dens
2551 5400 2640 5470 qui
2693 5399 3074 5470 inseparabilis
3112 5407 3196 5454 est
3243 5413 3274 5454 a
3309 5397 3466 5453 Patre
3494 5396 3680 5452 dicat:
3728 5394 3847 5461 Qui

2234 5508 2316 5546 me
2339 5493 2480 5546 misit
2507 5508 2710 5547 mecum
2756 5502 2850 5559 est,
2877 5509 2968 5548 nec
3010 5507 3094 5547 me
3127 5490 3425 5562 dereliquit.
3458 5489 3700 5546 Sanctus
3723 5487 3846 5543 Au-

2307 5649 2335 5691 ὶν
2361 5649 2485 5714 Ms.,
2517 5651 3052 5708 danielo....somnls.
3105 5655 3110 5662 “

2309 5733 2330 5794 ῗ
2361 5721 2502 5794 _\[ide
2530 5739 2692 5794 supra
2722 5724 2883 5794 epist.
2919 5725 2976 5789 ί,
3007 5740 3064 5780 n.
3090 5726 3142 5781 5.

2305 5790 2332 5832 ἀ
2361 5791 2485 5861 Ms.,
2512 5790 2657 5866 quia.
