4034 6350
204 345 318 402 425

1672 337 2052 397 EPISTOLAE.

3390 340 3496 397 426

192 462 459 540 gustinus
497 470 687 518 contra
709 459 1056 516 Priscilianos
1097 473 1111 513 :
1153 457 1339 529 Neque
1381 456 1529 513 enim
1574 452 1663 509 illa
1711 470 1801 509 su-
1831 458 1883 520 Α
1908 452 2079 508 nostri
2106 467 2212 507 non
2236 464 2481 518 carnem,
2506 451 2602 509 sed
2641 451 2738 507 Dei
2762 449 3000 508 Verbum
3047 453 3210 509 unius
3240 453 3498 510 substan-

196 555 489 625 sceptione
545 553 779 609 alterum
836 566 1026 607 eorum
1086 551 1141 605 in
1194 550 1421 604 alterum
1477 562 1802 604 conversum

197 655 372 719 atque
397 654 662 700 mutatum
692 653 775 700 est
804 661 816 698 :
851 658 953 699 nec
977 642 1241 698 Divinitas
1261 642 1458 712 quippe
1479 640 1534 695 in
1556 649 1803 696 creatura

195 746 416 793 mutata
462 745 576 802 est,
630 744 691 790 ut
740 735 1030 790 desisteret
1078 748 1201 788 esse
1249 740 1544 788 creatura:
1588 745 1712 785 nam
1756 729 1804 784 si

194 829 512 886 substantia
538 826 773 883 hominis
803 827 857 881 in
903 825 1196 879 Divinitate
1237 837 1499 879 conversa
1528 830 1611 877 est
1631 863 1645 887 ,
1676 835 1807 892 aug-

192 922 474 977 mentavit
510 918 729 989 aliquod
777 916 1106 972 Divinitatis.
1150 914 1259 971 Sed
1296 914 1439 971 absit
1468 924 1528 969 ut
1549 928 1806 984 augmen-

191 1019 316 1067 tum
360 1011 591 1084 recipiat
628 1008 916 1066 inell'abilis
955 1008 1252 1080 plenitudo.
1283 1006 1463 1063 Manet
1496 1022 1626 1078 ergo
1661 1015 1807 1061 utra-

192 1117 307 1173 que
340 1102 465 1157 Filii
496 1110 690 1157 natura
721 1109 776 1157 et
802 1117 907 1154 una
929 1114 1183 1169 persona.
1211 1098 1409 1154 Beatus
1436 1097 1545 1153 Leo
1586 1105 1801 1167 aposto-

192 1196 322 1252 lica:
350 1196 499 1251 sedis
522 1195 749 1250 antistes
784 1194 852 1249 ad
892 1192 1208 1248 Flavianum
1254 1191 1807 1261 Constantinopolita-

192 1306 333 1345 num
360 1307 374 1343 :
400 1290 467 1345 Et
492 1289 634 1345 sicut
661 1285 834 1343 forma
867 1286 1009 1342 servi
1043 1286 1137 1342 Dei
1168 1286 1400 1341 formam
1429 1300 1535 1340 non
1579 1283 1801 1349 ademit,

193 1368 278 1438 ita
310 1381 488 1438 forma
531 1383 625 1437 Dei
656 1381 801 1437 servi
840 1379 1076 1435 formam
1125 1396 1233 1435 non
1265 1379 1480 1434 minuit.
1526 1377 1595 1433 Et
1643 1376 1805 1449 paulo

189 1484 325 1546 post
349 1493 364 1528 :
398 1475 466 1529 Et
487 1474 629 1530 sicut
650 1474 888 1530 Verbum
916 1474 985 1528 ab
1012 1471 1322 1543 aequalitate
1348 1479 1589 1541 paternae
1620 1468 1806 1540 gloria:

190 1586 310 1625 non
362 1569 608 1634 recedit,
655 1568 729 1622 ita
780 1582 908 1622 caro
951 1577 1205 1621 naturam
1237 1565 1406 1620 nostri
1442 1563 1657 1636 generis
1696 1577 1804 1617 non

192 1661 445 1731 reliquit.
475 1660 607 1716 Item
643 1659 1003 1729 Hieronymus
1030 1658 1084 1712 in
1112 1655 1533 1713 Commentariis
1561 1655 1804 1724 Evange-

191 1751 399 1807 liorum
424 1751 723 1805 secundum
745 1748 1055 1803 Mattliteum
1077 1767 1089 1802 :
1111 1748 1257 1802 Dixit
1282 1747 1541 1801 Dominus
1575 1745 1801 1799 Domino

1905 546 1992 601 tite
2021 559 2144 599 cum
2188 543 2350 599 Patre
2396 559 2516 600 esse
2544 544 2835 600 dixerunt:
2886 541 3125 600 Verbum
3162 545 3381 616 quidem
3428 561 3498 603 ex

1902 646 2127 711 paterna
2174 638 2506 707 processisse
2551 637 2879 705 substantia,
2926 652 3145 694 carnem
3198 646 3381 694 autem
3424 654 3497 695 ex

1904 729 2127 801 Virgine
2148 743 2268 784 esse
2294 729 2529 783 confessi
2557 738 2702 783 sunt.
2742 748 2762 781 ι
3530 798 3535 801 Α

1975 823 2028 878 7.
2066 822 2133 877 Et
2155 822 2282 893 quia
2308 823 2465 878 nobis
2492 822 2731 879 scribere
2752 824 3046 894 prcevidisti
3073 825 3215 895 quod
3238 826 3292 881 in
3320 826 3501 898 Ephe-

1904 913 2025 969 sina
2054 914 2261 987 synodo
2287 914 2614 978 continetur,
2642 915 2731 970 ubi
2754 915 2821 970 ad
2851 914 3029 971 locum
3055 918 3134 972 sic
3162 918 3495 975 adnotatur:

1906 1005 1966 1061 Si
1996 1007 2119 1077 quis
2144 1006 2433 1062 confitetur
2473 1022 2692 1062 carnem
2722 1007 2817 1063 Dei
2848 1008 3258 1065 vivificatricem
3288 1026 3408 1067 esse
3442 1020 3501 1068 et

1903 1099 2178 1170 propriam
2209 1099 2378 1169 ipsius
2414 1100 2578 1155 Verbi
2617 1100 2713 1155 Dei
2742 1100 2945 1168 Patris,
2972 1104 3066 1158 sed
3097 1104 3247 1159 velut
3273 1103 3499 1162 alterius

1904 1199 2105 1258 praeter
2150 1192 2325 1262 ipsum
2356 1190 2629 1261 conjuncti
2669 1192 2847 1248 eidem
2895 1208 2991 1263 per
3023 1196 3362 1267 dignitatem,
3406 1208 3502 1254 aut

1906 1281 2061 1350 quasi
2086 1282 2327 1337 divinam
2357 1282 2748 1339 habitationem
2776 1283 3048 1352 habentis,
3094 1302 3158 1342 ac
3188 1302 3295 1342 non
3319 1290 3500 1361 potius

1904 1381 1964 1428 ut
2006 1374 2260 1441 diximus,
2308 1373 2717 1431 vivificatricem
2762 1390 2920 1441 esse,
2977 1377 3265 1433 anathema
3313 1380 3406 1434 sit.
3438 1379 3497 1435 Si

1905 1470 2051 1524 enim
2078 1470 2211 1526 dicis
2246 1470 2373 1540 quia
2408 1471 2625 1541 propria
2671 1479 2756 1526 est
2796 1470 2893 1525 Dei
2924 1471 3125 1538 Patris,
3152 1473 3297 1543 quod
3324 1474 3499 1529 sancti

1904 1563 2097 1621 Patres
2126 1565 2349 1622 minime
2377 1566 2539 1621 credo
2576 1576 2636 1620 ut
2672 1566 2744 1620 ita
2775 1565 3046 1633 dixerint,
3074 1581 3206 1637 ergo
3238 1565 3502 1621 Sabellia-

1905 1672 2032 1712 nam
2074 1658 2325 1713 haeresim
2362 1670 2579 1715 secutus
2608 1658 2901 1725 videberis,
2934 1660 3024 1729 qui
3054 1660 3191 1715 dicis
3214 1660 3340 1730 quia
3374 1674 3501 1729 pro-

1903 1750 2023 1820 pria
2046 1760 2127 1809 est
2149 1767 2276 1807 caro
2304 1751 2402 1806 Dei
2427 1751 2629 1819 Patris,
2660 1762 2715 1807 et
2736 1753 2931 1808 iterum
2957 1754 3174 1824 propria
3202 1762 3285 1809 est
3311 1751 3495 1808 Verbi.

191 1862 336 1910 meo.
364 1843 487 1899 εεάε
515 1861 547 1897 α
570 1843 771 1897 dextris
798 1842 947 1907 ηιείδ,
976 1842 1144 1895 donec
1179 1856 1374 1911 ροηαιη
1404 1839 1644 1893 inimicos
1680 1847 1799 1894 ωσι
1828 1837 1876 1899 Β
1904 1843 2059 1910 Quod
2112 1853 2303 1900 sancta
2342 1845 2581 1916 synodus
2627 1846 2900 1916 Ephesina
2952 1846 3176 1901 minime
3230 1847 3495 1902 decrevit.

191 1937 488 1994 scabellum
518 1937 705 2007 pedum
734 1946 945 1990 tuorum
991 1933 1164 2004 (l’sal.
1211 1950 1324 1998 CIX,
1357 1934 1409 2004 l)
1437 1950 1450 1986 :
1484 1933 1685 1987 dictum
1712 1939 1798 1986 υδι

192 2032 303 2087 hoc
332 2047 439 2085 non
470 2030 766 2085 secundum
790 2030 841 2084 id
869 2029 1013 2100 quod
1043 2027 1110 2083 de
1137 2042 1202 2082 eo
1227 2034 1389 2081 natus
1415 2037 1497 2079 est
1521 2024 1573 2079 id
1604 2023 1795 2090 David,

191 2132 255 2179 et
289 2137 316 2165 ι
348 2123 646 2179 secundum
674 2122 728 2177 id
773 2122 917 2191 quod
945 2135 1013 2176 ex
1042 2119 1205 2175 Patre
1237 2128 1396 2173 natus
1423 2132 1637 2188 semper
1671 2115 1795 2181 fuit,

190 2215 543 2285 praeveniens
565 2228 689 2269 eum
719 2213 833 2283 ipse
862 2227 974 2267 suae
1000 2212 1182 2267 carnis
1202 2210 1439 2265 Patrem.
1468 2208 1602 2264 Item
1625 2208 1795 2263 sancti

192 2307 487 2362 Athanasii
530 2306 913 2362 Alexandrina:
956 2306 1108 2361 urbis
1148 2304 1295 2359 sedis
1341 2302 1579 2373 episcopi
1618 2300 1800 2356 sancti

192 2410 253 2459 et
282 2401 651 2466 confessoris,
699 2400 767 2455 ad
795 2399 1102 2470 Epictetum
1133 2397 1544 2454 Corinthiorum
1589 2395 1800 2465 episco-

190 2511 326 2566 pum
365 2513 379 2547 :
423 2492 706 2561 Quomodo
751 2502 934 2547 autem
976 2489 1059 2545 vel
1098 2490 1351 2544 dubitare
1388 2488 1504 2542 ausi
1543 2495 1670 2542 sunt
1706 2484 1799 2555 qui

190 2588 461 2642 dicuntur
487 2584 801 2649 Christiani,
832 2583 935 2638 nisi
967 2581 1229 2637 Dominus
1251 2581 1342 2650 qui
1368 2595 1435 2635 ex
1462 2579 1629 2633 Maria
1673 2592 1800 2647 pro-

189 2681 368 2737 cessit
395 2678 566 2734 Filius
606 2677 825 2749 quidem
866 2674 1172 2731 substantia
1211 2681 1266 2728 et
1313 2679 1511 2726 natura
1552 2669 1650 2724 Dei
1689 2676 1794 2724 est.

190 2774 353 2844 Quod
383 2780 565 2828 autem
588 2769 884 2826 secundum
909 2781 1152 2833 carnem,
1176 2780 1244 2821 ex
1266 2763 1471 2819 semine
1494 2760 1665 2816 David
1692 2767 1792 2822 est,

188 2877 251 2924 et
301 2877 473 2923 carne
518 2872 723 2919 sanctae
765 2860 1125 2916 MarizeJtem
1164 2858 1219 2913 in
1262 2857 1402 2913 libro
1448 2854 1623 2909 sancti
1662 2852 1796 2905 Am-

187 2959 375 3017 brosii
406 2966 461 3012 et
500 2954 829 3012 "confessoris
868 2950 1289 3008 Mediolanensis
1326 2946 1581 3003 Ecclesiae
1602 2985 1617 3011 ,
1650 2943 1798 3013 quod

190 3050 351 3107 misit
395 3048 462 3102 ad
504 3048 890 3118 imperatorem
932 3043 1256 3099 Gratianum
1294 3041 1452 3117 inter
1497 3045 1693 3094 etetera
1741 3036 1796 3091 in

191 3140 342 3198 libro
374 3138 651 3195 secundo:
685 3154 705 3188 ί
741 3135 870 3190 Inde
898 3132 1030 3189 illud
1067 3130 1213 3204 quod
1238 3130 1439 3186 lectum
1469 3136 1575 3193 est,
1613 3124 1798 3180 Domi-

192 3250 330 3292 num
356 3230 662 3301 majestatis
689 3229 1010 3286 crucifixum
1036 3242 1158 3283 esse
1179 3226 1209 3266 ιι
1235 3223 1290 3297 (Ι
1327 3223 1453 3279 Cor.
1486 3239 1548 3288 ιι,
1571 3220 1651 3294 2),
1699 3236 1798 3290 pu-
1824 3210 1872 3276 C

193 3337 403 3392 temus,
431 3324 529 3379 sed
565 3322 691 3393 quia
726 3320 868 3376 idem
899 3319 1042 3374 Deus
1078 3318 1223 3372 idem
1254 3316 1417 3371 homo
1456 3328 1555 3384 per
1600 3310 1797 3366 divini-

194 3427 373 3474 tatem
403 3415 570 3480 Deus,
598 3429 696 3485 per
723 3411 1121 3482 susceptionem
1150 3407 1330 3465 carnis
1357 3409 1519 3463 homo
1548 3406 1798 3462 Christus

195 3508 361 3566 Jesus
409 3506 672 3562 Dominus
721 3503 1023 3576 majestatis
1071 3502 1271 3558 dicitur
1316 3499 1631 3556 crucifixus.
1663 3517 1682 3551 ι
1731 3498 1799 3554 Ει

195 3609 321 3674 post
350 3613 526 3670 pauca
555 3615 568 3653 :
607 3617 627 3649 ι
666 3594 976 3659 Servemus,
1025 3594 1233 3665 inquit,
1266 3592 1674 3649 distinctionem
1705 3592 1798 3646 Di-

197 3689 450 3746 vinitatis
499 3696 556 3743 et
598 3687 800 3743 carnis.
844 3685 995 3742 Unus
1046 3686 1101 3740 in
1150 3693 1381 3753 utroque
1416 3682 1656 3753 loquitur
1698 3681 1798 3738 Dei

197 3764 396 3846 Filius,
425 3781 554 3852 quia
580 3780 635 3835 in
657 3780 847 3835 eadem
873 3786 1103 3848 utraque
1133 3784 1329 3831 natura
1354 3783 1458 3830 est.
1490 3774 1559 3829 Et
1578 3774 1625 3828 si
1652 3773 1795 3827 idem

197 3876 468 3948 loquitur,
511 3888 620 3929 non
660 3889 769 3928 uno
807 3886 1023 3943 semper
1052 3869 1293 3941 loquitur
1324 3868 1483 3924 modo
1514 3886 1529 3923 :
1576 3868 1797 3924 intende

198 3970 257 4026 in
301 3984 370 4024 eo
399 3982 544 4022 nunc
586 3965 814 4037 gloriam
866 3964 983 4029 Dei,
1029 3978 1175 4018 nunc
1216 3962 1452 4016 hominis
1493 3960 1821 4032 passiones.‘

197 4062 372 4133 Quasi
398 4061 541 4116 Deus
568 4059 809 4131 loquitur
833 4074 954 4129 que
989 4064 1115 4113 sunt
1152 4056 1355 4121 divina,
1396 4055 1522 4126 quia
1560 4054 1797 4111 Verbum

198 4168 288 4214 est
312 4176 326 4211 :
359 4155 513 4227 quasi
542 4156 706 4210 homo
734 4152 867 4209 dicit
892 4168 1014 4223 qua;
1036 4151 1430 4207 sunthumana
1449 4190 1463 4213 ,
1497 4149 1622 4220 quia
1649 4148 1703 4204 in
1732 4163 1797 4204 ea

201 4251 509 4308 substantia
533 4250 876 4321 loquebatur.
908 4246 1040 4303 Item
1064 4246 1309 4317 ejusdem
1350 4244 1403 4299 in
1434 4244 1574 4300 libro
1614 4242 1799 4299 Incar-

201 4345 445 4401 nationis
483 4342 701 4399 Domini
732 4349 920 4398 contra
956 4340 1370 4412 Apollinaristas
1401 4356 1415 4394 :
1451 4356 1470 4391 ‹
1515 4338 1624 4394 Sed
1670 4339 1799 4394 dum

201 4439 306 4495 hos
331 4435 732 4508 redarguimus,
756 4443 1040 4506 emergunt
1058 4432 1171 4499 alii,
1200 4432 1292 4502 qui
1323 4446 1543 4487 carnem
1581 4428 1799 4486 Domini

202 4533 399 4588 dicunt
447 4540 505 4586 et
548 4529 898 4585 Divinitatem
943 4527 1106 4582 unius
1144 4534 1372 4581 naturae.
1423 4525 1554 4591 Qum
1584 4530 1795 4577 tantum

204 4621 553 4694 sacrilegium
584 4618 797 4675 inferna
844 4617 1207 4674 vomuerunt?
1256 4615 1378 4673 Jam
1408 4614 1802 4671 tolerabiliores

203 4722 336 4769 sunt
362 4711 578 4777 Ariani,
609 4724 839 4781 quorum
883 4724 981 4779 per
1018 4708 1155 4763 istos
1191 4707 1360 4762 robur
1396 4705 1636 4777 perfidia:
1675 4703 1806 4760 ado-

204 4806 388 4870 lescit,
440 4816 502 4859 ut
548 4804 754 4876 majore
793 4802 1139 4858 contentione
1184 4809 1433 4857 asserant
1479 4800 1698 4855 Patrem
1747 4804 1803 4852 et

201 4900 408 4957 Filium
438 4906 493 4954 et
521 4897 783 4970 Spiritum
808 4903 1051 4953 sanctum
1078 4894 1239 4950 unius
1265 4909 1374 4950 non
1403 4909 1524 4950 esse
1546 4892 1799 4948 Substan-

205 4995 296 5049 tia:
318 5003 373 5060 ο,
399 4990 528 5062 quia
553 4989 1030 5061 isti‘Divinitatem
1064 4986 1277 5042 Domini
1306 4994 1362 5042 et
1406 5000 1626 5041 carnem
1672 4983 1803 5039 sub-

204 5085 428 5143 stantia:
474 5083 636 5138 unius
680 5082 862 5137 dicere
908 5086 1255 5135 tentaverunt
1293 5096 1307 5131 :
1357 5096 1377 5129 ι
1419 5077 1556 5133 Item
1602 5075 1745 5133 infra
1788 5093 1803 5131 :

211 5199 231 5232 ι
271 5178 345 5233 Et
368 5177 426 5232 hi
455 5176 588 5230 mihi
618 5173 933 5244 frequenter
950 5170 1155 5227 Nieami
1176 5169 1394 5226 concilii
1426 5185 1485 5225 se
1511 5178 1807 5225 tractatum

207 5283 404 5329 tenere
446 5274 898 5325 commemorant.
949 5264 1061 5322 Sed
1089 5264 1148 5320 in
1197 5262 1292 5319 illo
1333 5271 1571 5320 tractatu
1617 5263 1811 5322 Patres

284 5420 311 5448 ι
344 5404 620 5472 Corrupta
649 5402 817 5458 verba
843 5419 856 5455 :
906 5400 986 5457 sic
1012 5398 1625 5472 autemdemendanda:
1651 5398 1707 5452 id
1734 5406 1810 5472 est

205 5480 275 5533 de
295 5475 488 5539 David,
508 5469 599 5529 sed
618 5472 1069 5539 secundum,etc.,
1093 5487 1161 5527 ex
1192 5470 1523 5542 Hieronymo
1544 5469 1637 5523 lib.
1669 5485 1723 5523 tv
1750 5471 1804 5524 in

206 5548 432 5611 Matth,
464 5559 584 5615 cap.
614 5559 730 5600 xxn
755 5584 771 5609 ,
810 5544 880 5598 44
900 5584 915 5610 ,
951 5545 1042 5599 ubi
1090 5544 1267 5615 inquit
1300 5560 1333 5615 εξ
1354 5540 1614 5615 Dominus
1645 5542 1807 5612 igitur

209 5618 390 5676 David
421 5612 653 5678 vocatur,
679 5632 780 5670 non
803 5615 1087 5685 secundum
1117 5612 1179 5669 id
1195 5613 1334 5685 quod
1356 5612 1420 5667 de
1443 5629 1502 5685 eo
1528 5622 1681 5668 natus
1706 5622 1805 5678 est,

204 5692 304 5747 sed
328 5690 490 5760 juxta
520 5686 573 5740 id
605 5687 743 5760 quod
774 5694 929 5741 natus
956 5702 1021 5741 ex
1056 5683 1219 5741 Patre
1245 5700 1448 5757 semper
1469 5683 1591 5755 fuit,
1612 5700 1809 5757 prtere-

208 5764 366 5820 niens
394 5763 567 5830 ipsum
591 5759 774 5830 carnis
811 5772 922 5812 sua:
948 5767 1171 5830 patrem.

287 5833 318 5875 ιι
356 5825 564 5890 Désunt
587 5828 677 5885 hic
700 5844 821 5899 quae
847 5825 989 5899 apud
1014 5827 1362 5887 Ambrosium
1382 5833 1603 5886 exstant
1624 5825 1716 5884 lib.
1739 5841 1805 5894 ιι,

544 5927 821 5988 Paeon.
860 5921 1088 5985 CXXI.

1900 1938 2112 1993 Etenim
2147 1938 2288 1992 inter
2310 1946 2504 1992 caetera
2528 1946 2711 1994 noster
2734 1936 3077 2005 Vincentius,
3100 1938 3258 2000 dicis,
3282 1937 3498 1993 cuidam

1901 2030 2195 2101 implorans
2237 2029 2417 2085 taliter
2461 2030 2591 2085 dicit
2622 2050 2634 2084 :
2669 2030 2759 2084 Illa
2795 2030 2962 2086 facies
2986 2045 3149 2100 quam
3174 2039 3297 2099 post
3334 2030 3500 2085 meri-

1901 2122 2045 2177 diem
2066 2121 2290 2178 colonus
2316 2122 2554 2193 paradisi
2584 2121 2727 2177 ferre
2768 2124 3047 2178 sustinens
3081 2121 3260 2193 fugiit,
3292 2132 3346 2176 et
3376 2125 3501 2193 post

1899 2232 2001 2288 pro
2029 2215 2173 2272 illius
2192 2224 2248 2271 et
2268 2216 2455 2286 stirpis
2474 2215 2593 2287 ejus
2616 2217 3056 2286 transgressione
3084 2215 3257 2287 sputis
3280 2215 3349 2269 ab
3381 2214 3505 2269 infi-

1902 2307 2113 2362 delibus
2148 2306 2421 2363 sordidata
2459 2315 2564 2373 est,
2612 2307 2686 2361 ita
2718 2307 2871 2361 vobis
2905 2307 3032 2361 dum
3055 2305 3111 2360 in
3135 2306 3260 2376 igne
3289 2304 3504 2360 venerit

1895 2399 2143 2469 judicare
2190 2399 2467 2467 saeculum,
2518 2400 2571 2455 in
2616 2398 3025 2471 tranquillitatis
3065 2407 3119 2455 et
3147 2398 3296 2469 pacis
3323 2398 3504 2467 specie

1902 2510 2023 2551 sese
2043 2494 2234 2566 jubeat
2257 2496 2653 2551 demonstrare.
2687 2494 2822 2550 Vide
2845 2511 2912 2550 ne
2939 2495 3277 2551 contrarium
3311 2494 3498 2548 videa-

1902 2594 1992 2641 tur
2014 2586 2156 2657 quod
2195 2602 2358 2658 supra
2384 2603 2416 2642 a
2442 2587 2647 2643 sanctis
2673 2586 2925 2642 Patribus
2962 2588 3250 2657 probatum
3286 2594 3391 2641 est.
3440 2582 3501 2639 Si

1902 2678 1995 2733 illa
2037 2679 2238 2745 facies,
2270 2694 2430 2748 quam
2477 2677 2701 2733 colonus
2743 2676 2968 2748 paridisi
3019 2677 3206 2749 fugiit,
3255 2674 3500 2746 subjecta

1902 2781 2152 2826 creatura
2201 2768 2333 2837 fuit,
2381 2778 2436 2825 et
2475 2776 2728 2825 creatura
2773 2783 3078 2840 corporea;
3125 2767 3221 2823 sed
3270 2781 3378 2823 non
3432 2767 3500 2823 de

1903 2860 2109 2916 semine
2138 2860 2306 2914 David
2338 2867 2465 2915 nata
2488 2899 2503 2926 ,
2534 2860 2630 2916 sed
2666 2858 2905 2915 nondum
2951 2857 3207 2915 divinitas
3234 2871 3301 2913 ex
3329 2857 3501 2926 stirpe

1902 2951 2073 3008 David
2103 2959 2422 3022 corporata,
2469 2950 2565 3007 sed
2606 2951 2845 3006 nondum
2875 2950 2930 3004 in
2960 2957 3205 3020 tempore
3243 2956 3391 3003 nata.
3432 2945 3505 3002 Et

1902 3044 2033 3116 quid
2056 3043 2398 3099 sentiendum
2425 3051 2511 3098 est
2531 3042 2597 3097 de
2624 3058 2691 3097 eo
2718 3041 2863 3113 quod
2885 3039 3177 3111 Apostolus
3204 3039 3355 3103 dicit,
3371 3037 3498 3108 quia

1904 3137 2078 3208 {actus
2117 3146 2192 3191 est
2237 3153 2303 3191 ea:
2330 3137 2527 3191 semine
2567 3135 2741 3190 David
2786 3135 3072 3190 secundum
3113 3150 3324 3188 carnem
3348 3174 3363 3201 ,
3410 3132 3502 3204 qui

1902 3230 2306 3301 prwdestiuatus
2326 3239 2400 3283 est
2419 3227 2595 3282 Filius
2614 3227 2709 3282 Dei
2723 3226 2901 3299 (Rom.
2922 3244 2958 3292 ι,
2977 3227 3055 3299 5).
3075 3227 3501 3283 Ρι-ωάεειὶιιιιιιιι*

1904 3324 2072 3391 enim,
2088 3324 2165 3379 uti
2177 3322 2469 3394 praeclarus
2482 3321 2717 3393 Hierony
2727 3336 2846 3377 mus
2860 3321 3011 3388 dicit,
3028 3320 3120 3392 qui
3138 3322 3377 3377 nondum
3391 3329 3496 3376 est.

1840 3462 1853 3468 -
1902 3416 1971 3472 Et
2001 3416 2131 3487 quid
2159 3417 2531 3472 arbitrandum
2558 3424 2643 3471 est
2666 3418 2733 3471 de
2756 3415 2938 3469 anima
2964 3413 3124 3481 Jesu,
3155 3415 3223 3470 de
3247 3431 3354 3485 qua
3386 3415 3499 3469 ait:

1904 3509 2093 3566 Tristis
2124 3520 2200 3567 est
2235 3512 2414 3565 anima
2439 3526 2555 3564 mea
2580 3525 2740 3580 usque
2760 3508 2830 3563 ad
2852 3519 3070 3563 mortem
3095 3507 3315 3581 (Matth.
3347 3522 3498 3571 xxvr,

1882 3588 2029 3674 '58);
2074 3611 2131 3658 et
2159 3604 2225 3658 de
2250 3617 2400 3674 qua:
2432 3601 2752 3655 Potestatem
2795 3600 2961 3653 habeo
2998 3598 3226 3671 ponendi
3264 3598 3499 3652 animam

1901 3710 2072 3748 meam
2098 3690 2280 3765 (Joan.
2304 3690 2499 3760 x,18);
2526 3698 2582 3744 et
2606 3690 2737 3745 item
2766 3707 2779 3741 :
2805 3689 2997 3743 Anima
3024 3704 3140 3742 mea
3181 3687 3392 3742 turbata
3423 3698 3501 3743 est

1902 3801 2066 3857 usque
2092 3785 2161 3838 ad
2180 3792 2399 3838 mortem
2427 3779 2612 3853 (Joan.
2643 3795 2743 3846 xtl,
2769 3779 2889 3851 27),
2913 3794 3034 3849 qua:
3058 3794 3165 3834 non
3194 3779 3261 3834 de
3290 3779 3500 3834 semine

1902 3877 2074 3933 David
2103 3876 2401 3932 descendit.
2429 3873 2684 3946 Nunquid
2707 3880 2763 3928 et
2790 3873 2904 3944 ipsa
2936 3871 3118 3928 anima
3143 3872 3196 3927 in
3221 3871 3339 3943 ipsa
3364 3872 3505 3928 facie

1897 3969 2013 4042 jam
2049 3979 2173 4026 tunc
2198 3968 2375 4040 posita
2410 3969 2565 4024 erat?
2592 3968 2873 4036 Quomodo
2899 3982 3029 4039 ergo
3060 3967 3303 4024 dicemus
3335 3981 3499 4023 verus

1903 4063 2049 4121 Deus
2073 4072 2129 4120 et
2157 4078 2319 4119 verus
2345 4062 2527 4129 homo,
2559 4070 2615 4117 et
2645 4078 2676 4117 a
2707 4069 2881 4116 matre
2904 4071 3064 4117 natus
3092 4070 3359 4134 tempore,
3390 4048 3499 4118 sed

1903 4157 2267 4229 sempiternus
2298 4172 2331 4211 a
2369 4154 2551 4211 Patre.
2592 4153 2661 4210 Et
2690 4172 2703 4209 :
2731 4154 2909 4211 Induit
2956 4170 3209 4220 carnem,
3259 4154 3354 4211 sed
3392 4170 3499 4211 non

1904 4250 2055 4306 exuit
2079 4248 2456 4319 maiestatem;
2485 4263 2672 4305 veram
2695 4263 2917 4306 carnem
2946 4264 3014 4305 ex
3034 4250 3298 4307 maternis
3322 4249 3500 4306 visce-

1905 4344 2058 4401 ribus
2081 4353 2291 4401 tantum
2316 4343 2433 4399 sine
2459 4350 2702 4413 peccato.

1974 4435 2030 4494 8.
2062 4434 2215 4503 Quod
2254 4449 2353 4490 nos
2392 4434 2632 4503 graviter
2678 4434 2893 4491 molesti
2932 4436 3064 4491 estis
3085 4475 3101 4499 ,
3131 4443 3188 4491 et
3215 4436 3359 4507 quod
3387 4449 3497 4490 non

1906 4535 2120 4581 tantum
2144 4524 2343 4596 pugnis
2373 4532 2429 4581 et
2448 4525 2717 4592 calcibus,
2759 4527 2854 4581 sed
2879 4526 3062 4582 crudis
3087 4526 3327 4582 travibus
3355 4525 3498 4581 mul-

1908 4626 2027 4675 tare
2050 4617 2293 4689 jussistis
2315 4633 2414 4688 pro
2439 4618 2652 4673 tardato
2677 4619 2962 4689 reciproco
2979 4662 2993 4684 ,
3018 4628 3074 4675 et
3100 4619 3304 4674 codicis
3332 4618 3501 4673 vestri

1907 4712 2275 4776 transmissu,
2328 4711 2502 4765 fateor
2551 4726 2639 4766 me
2688 4726 2795 4767 non
2845 4712 3192 4768 mediocriter
3236 4719 3497 4767 erratum.

1910 4802 2137 4859 Meliora
2166 4812 2287 4858 sunt
2316 4803 2529 4857 verbera
2553 4802 2726 4870 fidelis
2756 4804 2915 4859 amici
2937 4844 2951 4868 ,
2993 4821 3151 4875 quam
3187 4801 3369 4858 oscula
3398 4801 3502 4872 fal—

1909 4895 2072 4952 lentia
2094 4893 2481 4968 inimici(Prov
2519 4913 2691 4963 xxvn,
2707 4896 2783 4970 6).
2809 4896 3066 4968 Legimus
3086 4897 3227 4967 apud
3247 4897 3501 4966 antiquos

1910 4987 2282 5058 philosophos,
2311 5002 2434 5041 eum
2456 4987 2845 5057 discipulorum
2870 4986 3263 5043 Antisthenes‘l
3292 4986 3496 5043 nullum

1910 5080 2203 5152 reciperet,
2228 5089 2282 5134 et
2307 5089 2749 5151 perseverantem
2777 5080 3067 5152 Diogenem
3091 5095 3370 5136 removere
3392 5096 3502 5136 non

1910 5181 2115 5244 posset,
2147 5172 2355 5227 clavam
2383 5173 2619 5229 minatus
2640 5180 2746 5239 est,
2786 5173 2889 5228 nisi
2915 5172 3118 5239 abiret;
3147 5173 3235 5230 cui
3254 5172 3345 5229 ille
3373 5175 3504 5229 sub-

1905 5264 2105 5338 jecisse
2134 5265 2333 5322 dicitur
2356 5273 2539 5336 caput,
2571 5273 2735 5337 atque
2764 5263 2971 5322 dixisse
2999 5282 3014 5321 :
3045 5263 3237 5322 Nullus
3260 5264 3507 5321 tam‘du-

1915 5403 1983 5458 ad
2011 5401 2352 5465 Gratianum,
2384 5417 2506 5473 cap.
2554 5402 2589 5456 4
2622 5421 2635 5457 :
2676 5401 2960 5475 Dominum
2999 5403 3290 5475 majestatis
3334 5406 3508 5459 cruci-

1909 5475 2077 5545 ﬁxum
2112 5490 2257 5541 esse,
2289 5492 2395 5531 non
2442 5475 2596 5545 quasi
2628 5475 2686 5529 in
2728 5474 3007 5545 majestate
3051 5474 3152 5531 sua
3189 5474 3508 5546 cruciﬁxum

1907 5555 2167 5616 putemus,
2193 5554 2300 5602 etc.

1983 5628 2005 5655 ο
2026 5616 2165 5689 Ms.,
2191 5617 2581 5672 substantiam:
2608 5618 2703 5674 sed
2731 5620 2783 5673 in
2814 5618 3090 5678 Ambrosii
3119 5626 3297 5689 textu,
3318 5632 3440 5689 cap.
3471 5618 3507 5673 6

1909 5688 2035 5744 libri
2064 5689 2129 5743 de
2150 5689 2549 5757 Incaruatione,
2579 5689 2908 5749 substantia.
3190 5684 3196 5691 ’

1978 5758 2008 5801 τι
2033 5757 2160 5829 Ms.,
2190 5760 2548 5818 Antistitenes.

3075 5919 3159 5988 ﬂ-
