4034 6350
540 288 646 344 ιη

1798 283 2054 343 ALVARI
2092 285 2569 346 CORDUBENSIS

3711 295 3804 353 ηε

543 417 638 457 rus
670 399 897 457 baculus
923 406 1007 456 est
1037 399 1129 472 qui
1164 415 1251 455 me
1276 413 1306 454 a
1335 407 1428 455 tuo
1459 399 1635 470 possit
1673 398 1934 470 obsequio
1967 415 2123 472 sepa—
2148 409 2202 469 Α
2226 402 2532 457 testimonia
2564 402 2609 457 si
2649 400 2803 474 cupis
2829 416 3098 477 concerpe
3133 423 3145 460 :
3174 404 3341 472 mihi,
3381 414 3444 464 ut
3467 409 3656 477 credo,
3683 412 3807 469 nihil

542 510 686 552 rare.
716 495 782 549 Et
807 509 908 566 ego
933 509 1053 548 cum
1080 508 1145 548 eo
1172 491 1378 547 dicam:
1407 488 1593 544 Nullus
1622 499 1732 545 tam
1755 491 1922 545 durus
1944 506 2125 546 sermo

541 600 662 641 esse
692 593 891 656 potest,
924 573 1132 653 qui'me
1158 597 1189 636 a
1222 588 1403 635 vestra
1442 580 1739 645 cbaritate,
1780 595 1813 634 a
1836 588 2126 651 vestraque

542 662 826 731 dulcedine
847 675 1014 744 possit
1040 673 1396 742 disrumpere.

611 770 664 825 9.
690 768 765 823 De
795 769 955 822 trium
980 781 1109 820 vero
1134 765 1450 823 ancillarum
1477 774 1781 820 vestrarum
1803 764 2125 836 migratione

541 876 606 914 ex
635 876 732 915 ore
764 860 931 928 patris
962 858 1264 912 communis
1290 856 1468 910 audivi
1508 857 1715 923 integre
1749 874 1761 910 :
1795 854 1973 908 Nolite
1998 870 2120 908 con-

538 951 760 1015 tristari,
775 951 907 1003 sicut
923 960 969 1003 et
984 950 1157 1003 crrteri
1175 949 1263 1019 qui
1288 965 1426 1017 spem
1444 965 1546 1002 non
1567 947 1754 1001 habent
1774 946 1828 1016 (I
1845 945 2022 1000 'Iltess.
2045 961 2118 1010 IV,

541 1044 647 1115 12).
685 1043 940 1097 Dominus
966 1042 1130 1107 dedit,
1159 1041 1409 1095 Dominus
1436 1040 1674 1103 abstulit,
1707 1042 1771 1094 sit
1804 1055 1989 1092 nomen
2016 1037 2123 1091 Do-

534 1134 663 1187 mini
699 1134 1023 1187 benedictum
1056 1135 1110 1186 in
1155 1131 1349 1186 srecula
1392 1131 1512 1199 (Job
1552 1147 1605 1195 ι,
1636 1130 1748 1201 21).
1773 1128 1998 1199 Oportet
2024 1142 2122 1183 nos

533 1241 631 1295 per
655 1224 851 1279 multas
877 1224 1255 1279 tribulationes
1278 1223 1464 1277 venire
1486 1222 1551 1276 ad
1578 1222 1874 1285 Christum,
1892 1221 2121 1274 Domino

532 1316 748 1372 dicente
778 1334 792 1371 :
822 1315 1056 1370 Mundus
1103 1314 1379 1386 gaudebit,
1414 1331 1503 1368 vos
1544 1324 1718 1366 autem
1760 1310 2117 1376 tristabimini,

532 1410 622 1464 sed
652 1410 867 1463 tristitia
893 1420 1059 1463 vestra
1086 1419 1309 1464 vertetur
1334 1409 1388 1462 in
1410 1406 1660 1478 gaudium
1677 1404 1859 1477 (Joan.
1876 1404 2117 1475 xv1,20).

461 1543 464 1547 .
533 1498 837 1558 Mereainur
863 1510 1038 1555 tecum
1079 1501 1352 1556 coadunes
1391 1500 1533 1555 otius
1564 1499 1740 1553 sistetl
1779 1512 2117 1553 communes.

458 1593 463 1598 ’
534 1592 785 1649 Salutare
828 1608 1100 1664 praesumo
1128 1609 1225 1651 per
1251 1607 1314 1647 os
1339 1600 1580 1647 vestrum
1612 1607 1827 1645 onmem
1866 1590 2117 1647 decorem
2173 1664 2181 1673 _

446 1748 450 1751 γ
531 1689 724 1742 domus
754 1696 968 1742 vestrae.
1019 1685 1229 1742 Salutat
1274 1702 1369 1740 vos
1418 1686 1613 1741 domna
1657 1684 1944 1740 Froisinda
1991 1700 2112 1740 cum

2233 508 2423 547 eorum
2486 493 2913 565 interrogatione
2969 498 3215 569 infligens
3267 500 3470 566 damni,
3532 504 3663 574 quia
3709 519 3809 561 non

2230 583 2456 639 aliorum
2485 594 2672 639 contra
2698 600 2785 640 me
2819 586 3103 644 dimicatus
3130 604 3190 645 es
3214 592 3402 657 armis,
3432 608 3598 664 quam
3629 609 3809 652 eorum

2230 677 2429 747 quibus
2451 688 2791 750 expugnatus
2820 694 2882 736 es
2908 681 3046 737 telis.
3080 683 3149 738 Et
3178 685 3305 740 dum
3335 687 3471 743 mihi
3503 689 3810 760 testificent,

2230 767 2434 838 tibique
2474 770 2693 837 iterum,
2720 781 2778 825 ut
2804 781 2991 843 putas,
3042 775 3358 849 suffragium
3395 788 3687 850 praestent,
3712 801 3809 841 non

2228 866 2361 930 puto
2394 868 2453 914 ut
2481 860 2733 931 cuiquam
2756 862 3001 945 videatur
3027 866 3300 934 prudenti,
3331 868 3389 924 in
3414 883 3481 926 eo
3503 872 3653 940 quod
3684 875 3811 931 nihil

2226 958 2508 1021 praestant,
2535 965 2657 1005 esse
2682 952 3003 1020 mendaces,
3032 962 3089 1009 et
3124 955 3179 1010 in
3209 972 3276 1012 eo
3314 960 3458 1027 quod
3488 961 3587 1016 tibi
3612 962 3811 1031 favent,

2225 1055 2347 1096 esse
2368 1056 2607 1098 veraces.
2632 1041 2746 1098 Nisi
2770 1042 2997 1099 forsitan
3028 1048 3326 1104 sententias
3351 1064 3540 1105 eorum
3562 1052 3621 1107 in
3644 1053 3811 1111 rixam

2226 1133 2420 1199 mittis,
2457 1140 2513 1187 et
2545 1136 2823 1190 contraria
2852 1151 2947 1193 eos
2971 1138 3074 1193 sibi
3098 1139 3301 1196 dixisse
3329 1144 3651 1201 contendis:
3675 1150 3811 1216 quod

2225 1227 2270 1283 si
2308 1227 2492 1282 taliter
2531 1229 2718 1298 utique
2754 1231 2943 1297 sentis,
2974 1246 3004 1285 a
3033 1233 3298 1289 catholica
3341 1250 3475 1306 pace
3518 1247 3813 1310 nostraque

2223 1318 2499 1375 dissentis.
2546 1319 2613 1375 Et
2658 1321 2774 1376 haec
2817 1322 2893 1377 ita
2940 1322 3189 1394 digerere
3232 1324 3375 1381 volui
3424 1327 3479 1382 in
3523 1329 3807 1401 principio,

2222 1413 2379 1484 quasi
2428 1427 2524 1469 eas
2562 1412 2676 1484 jam
2737 1422 2928 1471 contra
2977 1432 3068 1473 me
3120 1416 3262 1474 forte
3310 1421 3712 1490 exprobrarent
3757 1425 3808 1480 in

2221 1504 2424 1575 przelio.

2293 1598 2350 1653 5.
2389 1597 2461 1652 At
2485 1612 2609 1653 cum
2637 1607 2850 1655 constet
2883 1601 2938 1655 in
2972 1601 3246 1672 plerisque
3279 1618 3386 1659 non
3422 1603 3545 1661 loco
3570 1620 3811 1678 congrue

2219 1690 2432 1760 posite;
2474 1689 2618 1761 quod
2650 1690 2668 1731 ί
2703 1691 2837 1746 mibi
2863 1690 3051 1759 obest,
3088 1694 3133 1748 si
3162 1694 3329 1750 totius
3353 1711 3542 1752 eorum
3572 1697 3811 1756 instruas

532 1778 659 1834 ﬁliis
698 1780 832 1845 suis,
863 1779 982 1834 sani
1016 1787 1071 1834 et
1103 1778 1432 1844 incolumes,
1475 1786 1530 1831 et
1572 1776 1737 1832 tritici
1771 1776 2115 1833 multitudine
2144 1796 2196 1858 Β
2225 1780 2418 1846 aciem,
2449 1780 2577 1836 dum
2607 1779 2866 1847 aliorum,
2897 1797 3005 1837 non
3033 1798 3242 1851 meam,
3275 1785 3510 1842 destruis
3538 1786 3811 1843 classem?

529 1870 842 1940 locupletes.
873 1869 1057 1925 Direxi
1083 1869 1236 1925 vobis
1260 1869 1409 1924 illum
1424 1868 1453 1909 ι»
1475 1867 1857 1939 glossematum
1879 1877 1933 1922 et
1955 1869 2120 1939 ephe-

528 1962 793 2026 meridas,
823 1961 1197 2017 indesinenter
1224 1961 1429 2032 gratias
1471 1959 1732 2015 referens.
1776 1958 1985 2014 Mcrear
2027 1972 2122 2012 ve-

526 2064 695 2112 stram
720 2056 1015 2128 jucundam
1046 2055 1294 2127 accipere
1321 2053 1601 2126 scriptam.
1629 2052 1798 2108 Finit.

1275 2188 1364 2245 IV.

524 2301 653 2342 ιτεκ
690 2299 953 2342 εριετοιλ
988 2298 1183 2339 ALVARI
1228 2296 1448 2348 JOANNI,
1484 2296 1574 2339 CUI
1613 2294 1783 2336 SUPRA
1805 2318 1821 2345 ,
1859 2292 2112 2333 DIRECTA.

595 2420 812 2477 Aurelio
836 2419 1026 2475 Flavio
1054 2418 1244 2475 lorum
1269 2415 1472 2472 Paulus
1490 2413 1764 2469 Anvanus.

593 2516 642 2569 l.
679 2514 915 2585 Engloge
967 2512 1207 2584 cmperie
1253 2519 1452 2565 vestra:
1499 2515 1773 2563 sumentes
1796 2503 2034 2560 eufrasia
2061 2513 2110 2568 ο,

518 2608 629 2663 imo
659 2607 891 2678 encrgiae
920 2613 1303 2676 percurrentes
1328 2601 1586 2672 epitonia,
1603 2598 1840 2669 jucunda
1863 2596 2005 2651 facta
2027 2603 2113 2648 est

518 2701 723 2765 anima,
754 2699 882 2753 dum
918 2696 1001 2752 vel
1030 2710 1152 2753 sere
1181 2694 1360 2750 dilecti
1391 2692 1592 2749 meruit
1617 2704 1943 2762 cognoscere
1963 2702 2113 2743 com-

514 2794 698 2849 moda.
743 2791 894 2847 Unde
937 2790 1063 2861 quia
1110 2787 1321 2859 prolixa
1369 2785 1621 2841 facundia
1651 2793 1927 2839 oratorum
1959 2795 2111 2836 more

514 2883 837 2941 rethoricari
861 2891 945 2937 est
966 2882 1105 2946 visa,
1132 2890 1187 2936 et
1208 2888 1397 2935 contra
1421 2876 1703 2933 tenuitatis
1728 2883 1928 2929 nostra:
1953 2871 2112 2927 insci-

515 2977 590 3031 tia
615 2990 811 3049 magna
834 2974 861 3014 ἀ
885 2974 1170 3030 doctorum
1193 2986 1324 3027 usus
1358 2985 1418 3024 es
1441 2968 1684 3032 ﬂumina,
1725 2981 1794 3020 ne
1829 2965 2108 3035 iperbato-

514 3069 654 3127 nicis
682 3079 706 3107 ε
735 3067 950 3123 casibus
981 3065 1241 3130 serviam,
1264 3072 1319 3117 et
1343 3075 1463 3131 quae
1484 3060 1643 3130 cupio
1664 3074 1771 3114 non
1795 3056 2105 3127 expediam,

2226 1872 2308 1928 Ex
2338 1881 2526 1929 sancto
2557 1874 2700 1929 enim
2739 1873 3068 1947 Hieronymo
3095 1877 3274 1948 aliqua
3305 1879 3437 1934 mihi
3463 1877 3511 1945 i,
3542 1890 3600 1936 et
3621 1896 3692 1935 ex
3716 1896 3809 1937 θος

2224 1965 2347 2021 dem
2395 1967 2582 2022 itidem
2632 1964 2785 2038 ipsai
2835 1968 3034 2040 recepi.
3095 1968 3202 2025 Sed
3249 1972 3491 2042 nunquid
3539 1974 3644 2029 sibi
3696 1973 3815 2045 ipse

2223 2061 2500 2116 contraria
2528 2061 2742 2128 docuit,
2783 2069 2876 2116 aut
2904 2061 3050 2117 aliud
3078 2062 3196 2129 hic,
3238 2063 3383 2119 aliud
3420 2064 3494 2119 ibi
3532 2066 3691 2136 quasi
3726 2068 3812 2123 sui

2222 2150 2422 2206 oblitus
2448 2150 2759 2221 proferret?
2797 2150 2949 2218 Quod
2980 2152 3026 2207 si
3052 2149 3211 2219 fecit,
3252 2168 3359 2229 non
3390 2163 3582 2210 contra
3610 2171 3702 2211 me
3728 2155 3812 2211 fa-

2222 2244 2419 2298 cundia
2451 2254 2542 2299 tua
2572 2244 2813 2312 tonavit,
2860 2245 2952 2300 sed
2982 2254 3171 2302 contra
3198 2261 3321 2302 eum
3359 2247 3475 2319 ipsa
3510 2248 3631 2315 ejus
3665 2249 3813 2307 dicta

2222 2337 2482 2407 surgevit.
2529 2337 2666 2393 Audi
2703 2353 2855 2409 ergo,
2887 2338 2969 2393 vir
2993 2339 3436 2410 prudentissime,
3465 2350 3523 2398 et
3550 2342 3816 2400 Romana

2221 2428 2516 2485 dialectica:
2542 2439 2723 2499 caput,
2748 2445 2855 2485 non
2882 2430 2986 2486 hoc
3010 2446 3162 2486 more
3179 2429 3206 2470 ιι
3232 2447 3360 2488 usos
3384 2432 3550 2488 fuisse
3572 2435 3814 2505 priores,

2219 2535 2322 2575 nec
2347 2529 2561 2575 nostros
2587 2536 2686 2590 per
2701 2511 3253 2611 hagcontmrietates
3277 2520 3614 2580 discursasse
3637 2524 3814 2595 majo-

2217 2625 2325 2666 res.
2366 2609 2525 2666 Prius
2552 2611 2696 2666 enim
2726 2609 3092 2666 extenuabant
3117 2609 3359 2680 objecta,
3396 2620 3455 2667 et
3481 2614 3562 2669 sic
3588 2613 3813 2673 demum

2216 2701 2539 2771 satagebant
2560 2701 2879 2756 asscrtionis
2903 2716 3014 2757 sua:
3038 2700 3255 2758 firmare
3283 2713 3614 2759 commenta.
3654 2703 3735 2760 Ac
3762 2705 3811 2761 si

2216 2792 2443 2848 forsitan
2473 2791 2767 2864 placuisset
2795 2792 2946 2863 prius
2978 2792 3194 2849 firmare
3223 2793 3441 2865 propria
3460 2834 3475 2860 ,
3516 2793 3697 2850 denuo
3725 2805 3811 2851 ta-

2212 2897 2337 2938 men
2367 2882 2665 2938 adversarii
2696 2883 3047 2938 destruebant
3075 2885 3341 2955 opposita,
3367 2882 3467 2942 nec
3494 2884 3811 2944 nullatenus

2211 2991 2276 3032 ea
2303 2976 2627 3031 omittebant
2653 2974 2839 3032 illmsa.

2281 3069 2337 3127 4.
2382 3068 2489 3125 Sed
2518 3085 2663 3125 nunc
2692 3070 2759 3125 ad
2785 3070 3123 3143 propositum
3152 3064 3515 3139 revertamur,
3551 3072 3810 3146 ipsasque

516 3161 609 3218 sed
643 3158 944 3224 involvam;
972 3157 1214 3214 breviter
1233 3170 1296 3210 ac
1322 3152 1597 3208 succincte
1619 3150 1951 3207 defensionis
1973 3161 2109 3202 mea:
2134 3162 2183 3226 ο
2214 3168 2357 3216 totas
2380 3159 2679 3215 sententias
2700 3159 3013 3232 singillatim
3036 3160 3316 3216 rimemus.
3346 3150 3443 3217 ‘Ais
3464 3162 3643 3218 enim:
3670 3162 3809 3219 Nam

512 3256 724 3312 ordiam
755 3252 937 3307 telam.

585 3349 641 3404 2.
676 3343 1043 3402 Praetermitto
1072 3340 1218 3397 enim
1240 3336 1654 3395 demulcationis
1680 3333 1985 3390 disertioris
2015 3345 2107 3386 vc-

514 3452 642 3500 strae
671 3439 1039 3515 praeconium,
1086 3450 1194 3505 quo
1239 3441 1402 3505 caput
1435 3445 1617 3486 meum
1662 3441 1872 3499 ungens
1915 3424 2109 3480 niteris

513 3535 781 3593 mellitum
832 3531 965 3588 mihi
1011 3528 1253 3602 inﬂigere
1304 3526 1561 3599 gladium.
1610 3522 1679 3577 Et
1726 3535 1797 3576 ne
1840 3532 2107 3575 onerosus

514 3626 684 3683 multa
731 3623 961 3680 dicendo
1011 3620 1140 3676 ﬁam
1184 3615 1527 3689 legentibus,
1577 3627 1643 3668 ea
1691 3616 1901 3666 tantum
1949 3622 2107 3664 meus

513 3731 694 3773 sermo
717 3714 847 3770 licet
865 3711 1107 3784 segniter
1130 3717 1328 3773 tcxcat,
1355 3721 1476 3777 quae
1501 3703 1800 3760 sententias
1820 3701 2106 3758 doctorum

512 3823 544 3864 a
596 3816 648 3863 te
689 3807 985 3878 prudenter
1011 3803 1248 3874 digestas
1275 3799 1409 3855 mihi
1448 3804 1845 3852 consentaneas
1875 3794 2104 3859 doceat,

512 3916 616 3957 nec
641 3898 981 3954 adversarius
1010 3910 1076 3950 eo
1108 3894 1291 3949 animo
1316 3906 1425 3961 quo
1456 3888 1611 3960 cupis
1645 3885 1912 3943 ostendat.
1942 3886 2021 3940 Ac
2049 3883 2104 3938 in

516 3991 742 4065 primis,
773 3990 849 4044 mi
887 3986 1105 4052 dilecte,
1137 3986 1242 4039 hoc
1273 3995 1590 4053 responsum
1636 3978 1862 4042 habeto,
1895 3983 2109 4031 sentcn-

514 4084 728 4155 tiasque
764 4082 1047 4138 doctorum
1080 4094 1112 4134 a
1146 4093 1233 4133 me
1270 4072 1363 4131 tibi
1405 4074 1671 4139 directas,
1713 4082 1744 4124 a
1784 4079 1836 4125 te
1873 4068 2109 4139 integer-

513 4179 685 4234 rimas
726 4181 1080 4231 conservatas
1123 4177 1431 4234 memento,
1470 4180 1571 4221 nec
1616 4179 1786 4235 usque
1814 4176 1958 4217 nunc
2001 4159 2108 4215 alio

516 4271 689 4325 dictas
732 4284 761 4321 a
807 4274 862 4323 te
905 4274 1139 4321 ostensa:
1183 4268 1313 4317 sunt
1341 4258 1534 4325 modo;
1575 4255 1671 4312 sed
1719 4255 1794 4309 ita
1841 4261 1903 4308 ut
1944 4267 1974 4307 a
2018 4264 2109 4307 me

517 4359 769 4432 cognitae,
801 4366 857 4412 et
888 4356 1009 4422 tibi,
1055 4350 1506 4409 reverendissime
1526 4389 1541 4414 ,
1589 4346 1891 4411 destinatas,
1923 4344 2110 4399 hacte-

515 4466 619 4507 nus
647 4450 822 4505 tenori
860 4446 1105 4503 serviunt
1130 4459 1248 4500 suo.
1284 4441 1451 4496 Miror
1476 4455 1606 4495 vero
1634 4438 1653 4477 ί
1689 4450 1975 4493 censuram
2015 4449 2109 4490 ve-

2213 3252 2282 3307 de
2308 3266 2415 3321 quo
2445 3252 2522 3306 ait
2550 3250 2880 3322 Apostolus:
2914 3250 2983 3305 Et
3019 3252 3065 3305 si
3104 3252 3374 3322 imperitus
3403 3248 3677 3321 sermone,
3719 3255 3809 3310 sed

2212 3360 2317 3400 non
2342 3345 2561 3399 scientia
2590 3343 2675 3416 (ll
2703 3342 2827 3399 Cor.
2856 3360 2943 3411 ιι,
2985 3344 3072 3417 6),
3119 3359 3229 3399 non
3274 3359 3490 3416 semper
3520 3345 3812 3418 imperitus

2209 3434 2333 3493 fuit.
2372 3436 2513 3493 Ecce
2540 3437 2585 3492 si
2614 3450 2719 3491 non
2749 3451 2984 3507 semper,
3006 3435 3193 3492 saltim”
3208 3435 3294 3491 vel
3318 3435 3610 3507 aliquando
3634 3438 3813 3510 impe-

2211 3529 2378 3585 ritum
2410 3527 2679 3594 afﬁrmas;
2704 3538 2758 3584 et
2784 3536 2968 3582 utrum
2995 3527 3051 3582 in
3074 3541 3349 3594 sermone,
3374 3541 3442 3582 an
3471 3527 3525 3582 in
3550 3526 3810 3597 scientia,

2210 3635 2321 3677 non
2370 3618 2550 3676 lucide
2596 3635 2830 3675 narras:
2882 3619 2988 3674 nisi
3032 3619 3156 3690 quis
3197 3619 3290 3674 ille
3338 3618 3546 3690 peritus
3597 3620 3811 3676 dictum

2209 3721 2364 3768 tuum
2402 3719 2572 3766 totum
2602 3719 2920 3782 percurrat,
2950 3718 3006 3765 et
3033 3710 3192 3782 plane
3223 3720 3278 3766 te
3312 3726 3436 3766 eum
3478 3710 3533 3765 in
3573 3711 3811 3768 scientia

2210 3801 2523 3871 imperitum
2552 3801 2758 3857 dixisse
2795 3809 3108 3872 cognoscat.
3158 3799 3312 3867 Quod
3351 3799 3444 3857 ille
3477 3800 3545 3858 de
3581 3816 3642 3857 se
3681 3819 3812 3875 pro-

2210 3893 2360 3948 tinus
2397 3900 2559 3962 negat
2597 3892 2866 3946 dicendo:
2905 3890 3029 3947 Etsi
3064 3891 3336 3964 imperitus
3374 3908 3651 3961 sermone,
3706 3910 3811 3950 non

2210 3994 2388 4039 tamen
2414 3983 2654 4039 scientia.
2690 3982 2829 4038 Dum
2860 3996 2918 4039 se
2948 3998 3056 4037 non
3086 3983 3313 4039 scientia
3342 3983 3681 4056 imperitum,
3714 3986 3810 4043 sed

2211 4090 2467 4132 sermone
2493 4075 2667 4141 dicat,
2707 4076 2829 4146 quis
2863 4083 3012 4130 tanta
3041 4074 3370 4131 hebetudine
3396 4091 3691 4147 possessus
3715 4093 3810 4133 au-

2210 4169 2337 4225 deat
2373 4183 2406 4225 e
2442 4168 2720 4223 contrario
2757 4166 3029 4223 allirmare
3065 4180 3188 4223 eum
3225 4184 3334 4224 non
3371 4182 3661 4237 sermone,
3713 4169 3809 4227 sed

2211 4260 2442 4315 scientia
2473 4259 2784 4331 imperitum
2815 4257 3023 4313 fuisse?

2282 4350 2337 4406 5.
2379 4349 2526 4406 Dicis
2554 4350 2698 4405 enim
2723 4363 2738 4403 :
2769 4348 2900 4404 Erat
2919 4357 3104 4405 tamen
3125 4349 3182 4404 in
3206 4348 3419 4421 magnis
3442 4347 3807 4421 profectibus,

2213 4451 2270 4501 et
2299 4443 2517 4515 aliquod
2559 4444 2614 4499 in
2655 4457 2715 4499 se
2752 4442 2895 4499 velut
2942 4443 3292 4499 nutabundus
3332 4442 3633 4515 eloquitur,
3680 4461 3806 4501 cum

516 4553 687 4602 stram
722 4540 1001 4604 eximiam,
1030 4547 1085 4593 et
1117 4535 1419 4591 mirabilem
1464 4531 1599 4586 mihi
1639 4530 1777 4586 bene
1805 4535 1989 4583 notam
2023 4525 2106 4581 in-
2130 4522 2345 4590 D.dicit
2369 4553 2382 4589 :
2413 4533 2627 4589 Macero
2651 4550 2841 4604 corpus
2864 4549 3060 4600 meum,
3082 4546 3131 4590 et
3155 4535 3210 4591 in
3231 4535 3532 4614 servitutem
3556 4538 3807 4608 subjicio,

521 4637 805 4701 dustriam,
824 4649 923 4688 cur
937 4647 1044 4687 non
1069 4630 1182 4699 ipsa
1208 4625 1515 4683 testimonia
1536 4622 1794 4677 limatiori
1819 4619 2105 4676 intentioni

526 4729 745 4791 timasti,
775 4739 947 4796 eaque
970 4722 1234 4793 majorum
1264 4717 1485 4774 solertia
1516 4716 1864 4788 indagatione
1886 4722 2106 4769 strenua

538 4824 624 4879 ilio
660 4822 821 4876 modo
845 4818 1056 4890 digesta
1091 4817 1117 4856 ε
1146 4811 1383 4884 probasti
1416 4829 1429 4865 :
1463 4809 1569 4865 nisi
1606 4809 1834 4864 forsitan
1864 4808 2007 4879 quod
2035 4807 2108 4863 ibi

516 4912 661 4969 aliud
708 4910 1037 4981 intelligeres
1066 4905 1280 4962 elucere
1327 4903 1446 4968 tibi,
1486 4900 1704 4973 penitus
1749 4915 1858 4956 non
1901 4897 2105 4954 vidisti.

518 5002 674 5061 Unde
719 5003 848 5075 quia
899 5002 1236 5056 intemerata:
1282 5003 1522 5063 manent,
1552 5010 1583 5050 a
1632 5004 1685 5051 te
1730 5009 2005 5064 nunquam
2051 4992 2110 5047 in

519 5095 685 5152 alium
701 5093 829 5148 visa:
850 5101 978 5147 sunt
992 5104 1208 5146 sensum
1232 5088 1463 5154 deflecti,
1482 5103 1628 5143 nunc
1647 5085 1819 5143 millia
1841 5083 2111 5141 milliumh

593 5262 618 5293 ι
650 5248 712 5306 F.
742 5249 946 5304 sistere.

594 5322 622 5362 δ
653 5320 838 5384 Illum,
870 5318 924 5373 id
953 5323 1039 5372 est
1060 5314 1286 5380 biblum,
1315 5313 1401 5369 vel
1434 5312 1655 5368 librum.

592 5403 616 5432 ο
653 5383 901 5462 Engtoeu:
923 5388 1199 5462 empeirite
1222 5395 1406 5462 uestris
1442 5394 1703 5440 sumentes
1731 5383 2074 5462 “phasiana
2091 5422 2109 5449 ,

523 5467 632 5541 hoc
655 5455 760 5541 est:
788 5455 1058 5541 dulciﬂu'aa
1090 5457 1287 5541 peritis?
1312 5467 1497 5541 restire
1523 5455 1897 5541 sumentesxin
1926 5455 2109 5541 'mani-

525 5537 643 5596 bus)
685 5524 1051 5604 elaquentium.
1091 5524 1307 5604 'Grrecis
1347 5524 1614 5604 ἐγγλιξᾳσω
1661 5538 1748 5582 est
1774 5524 2109 5604 indulcqro,

526 5596 860 5728 inlcediuem
888 5602 1083 5728 alliga);
1107 5600 1344 5674 ἅμπειρὶα
1380 5596 1573 5667 peritia
1594 5636 1610 5663 ,
1655 5598 1959 5668 prudentia.
1990 5596 2108 5652 Nic.

575 5690 651 5728 nt.
711 5718 718 5727 ι
748 5692 823 5728 VI.
855 5693 909 5727 11.
1049 5711 1062 5724 ο

526 5680 651 5731 Ant.
687 5677 718 5728 Ι.
748 5692 823 5731 Vl.
855 5693 909 5727 ιι.
940 5676 1062 5728 190.

597 5748 621 5786 δ
656 5748 763 5813 Leg
788 5715 1080 5798 "inscitiam
1105 5740 1375 5810 magnis...
1399 5738 1722 5809 ﬂuminibus.

2211 4642 2276 4681 ne
2301 4625 2436 4697 forte
2459 4626 2582 4680 aliis
2608 4626 2905 4697 prn'dicans
2932 4625 3041 4696 ipse
3064 4626 3312 4695 reprobus
3336 4626 3578 4681 inveniar
3597 4627 3654 4701 (I
3678 4627 3806 4683 Cor.

2211 4717 2426 4790 tx,27),
2473 4726 2528 4773 et
2571 4718 2789 4789 quidem
2832 4718 2949 4774 haec
2990 4718 3364 4775 beatissimum
3409 4718 3808 4795 Hieronymum

2211 4811 2416 4868 dixisse
2445 4810 2800 4884 cognovimus
2824 4829 2836 4865 :
2872 4811 2967 4866 sed
2996 4810 3131 4865 nihil
3155 4811 3222 4865 ad
3250 4819 3491 4882 emptum
3522 4814 3806 4884 negotium

2211 4902 2317 4958 hoc
2340 4902 2615 4973 pertinere
2645 4902 2958 4974 probamus.
2989 4902 3122 4956 Dum
3144 4903 3290 4958 enim
3319 4902 3448 4959 dicit
3483 4921 3497 4958 :
3531 4904 3666 4961 Erat
3690 4907 3810 4978 qui-

2215 4992 2339 5049 dem
2364 4994 2418 5048 in
2444 4996 2653 5065 magnis
2674 4992 3030 5065 profectibus,
3051 4991 3289 5049 ostendit
3310 5008 3435 5049 eum
3462 4994 3602 5050 nihil
3628 4997 3809 5054 minus

2215 5085 2473 5142 habuisse
2490 5085 2861 5157 perfectionis.
2892 5085 2961 5142 Et
2984 5084 3112 5142 dum
3137 5082 3381 5143 addidit:
3407 5085 3617 5145 Tamen
3638 5088 3810 5146 veluti

2286 5241 2688 5367 minus:
2720 5243 2892 5317 “re
2933 5241 3209 5316 ἰυεεδεων
3238 5242 3407 5304 ’πίω
3428 5248 3807 5322 πηνα*

2395 5330 2465 5378 s.,
2498 5330 2682 5369 vestro.

2287 5384 2457 5455 3515.,
2483 5386 2729 5455 digestas.

2284 5454 2316 5496 ιι
2343 5455 2437 5523 Μ.,
2466 5454 2755 5511 mitiorum.

2287 5528 2306 5598 ι
2341 5527 2394 5598 tu
2424 5536 2528 5589 est,
2555 5526 2703 5598 quid.

2286 5596 2300 5669 ξ
2340 5596 2463 5669 bis,
2490 5596 2686 5669 migi...
2712 5598 2841 5653 issu.

2285 5667 2312 5708 ι
2339 5667 2467 5735 bis,
2492 5667 2631 5725 hunc
2658 5683 2879 5725 morem.
