4034 6350
218 321 337 378 ‘29

1677 289 2047 364 ti'rts'roma.
2672 338 2701 345 ρ

3386 307 3491 365 ὁδί)

220 432 579 491 nutabundus
605 431 893 503 eloquitur,
923 445 1032 486 non
1058 429 1147 485 hic
1176 429 1242 485 de
1270 426 1542 499 imperitia
1560 466 1575 492 ,
1616 424 1713 479 sed
1748 424 1813 478 de
1840 424 1891 483 A
1919 429 2023 474 tem
2049 420 2203 491 juxta
2232 429 2283 477 te
2308 422 2531 489 Donati,
2558 437 2663 479 non
2709 430 2762 480 te
2802 424 2983 494 pudet,
3032 423 3240 490 dilecte,
3269 431 3380 480 tam
3409 426 3491 480 in-

220 526 536 584 humilitate
579 523 880 598 digeritur:
929 522 1055 594 quia
1105 520 1275 576 sancti
1321 528 1375 575 et
1418 519 1642 590 perfecti
1676 518 1810 585 viri,

221 618 332 674 etsi
381 617 450 671 ad
497 632 766 671 summam
805 617 1061 669 virtutem
1114 612 1442 682 proficiunt,
1493 626 1552 665 se
1600 624 1815 680 semper

222 707 463 764 necdum
493 706 921 777 apprehendisse
951 704 1279 774 conquirunt
1304 715 1354 756 ιι.
1404 701 1503 756 llic
1540 701 1684 755 enim
1723 700 1813 756 ubi

221 800 284 856 in
312 798 563 854 conﬂictu
593 810 676 855 est
703 798 925 870 positus,
954 796 1105 867 quasi
1138 796 1392 851 dubitans
1416 793 1482 849 de
1508 809 1564 847 se
1591 793 1707 863 ipso
1733 800 1816 848 est

222 893 497 948 elocutus.
548 889 694 945 Nihil
740 890 886 945 enim
930 890 1020 945 hic
1064 896 1159 943 aut
1194 889 1260 942 de
1302 886 1566 951 scientia,
1612 892 1703 939 aut
1748 884 1815 941 de

220 982 520 1037 verborum
544 982 725 1051 posuit
749 979 1053 1050 disciplina,
1082 979 1178 1033 sed
1203 985 1413 1031 tantum
1440 990 1662 1045 operum
1693 989 1818 1029 suo-

224 1088 348 1129 rum
387 1071 611 1143 digessit
649 1071 966 1126 certamina.
1024 1069 1175 1126 Unde
1213 1074 1268 1122 et
1305 1066 1550 1122 addidit:
1603 1064 1816 1120 Μαθενο

225 1179 420 1232 corpus
450 1178 622 1215 meum
656 1170 703 1215 et
740 1163 795 1215 in
829 1161 1127 1216 servitutem
1156 1159 1399 1230 subjicio,
1440 1175 1503 1211 ne
1532 1157 1667 1228 forte
1695 1156 1816 1210 aliis

222 1255 528 1325 priedicans
556 1254 665 1324 ipse
688 1255 936 1325 reprobus
960 1253 1170 1325 eﬁiciar.
1197 1251 1434 1306 Macerat
1458 1250 1600 1305 enim
1623 1261 1818 1319 corpus

223 1359 389 1398 suum
426 1359 523 1414 per
564 1344 654 1398 illa
686 1357 820 1419 quin
870 1344 923 1397 in
973 1342 1078 1398 alia
1129 1342 1368 1411 Epistula
1419 1340 1816 1409 triumphorum

223 1448 453 1488 suorum
482 1433 685 1487 enodat
718 1441 917 1502 tropzra
937 1473 951 1498 ,
988 1449 1081 1502 per
1108 1432 1387 1501 infamiam
1425 1440 1471 1484 et
1510 1430 1698 1484 bonam
1728 1428 1815 1497 fa-

221 1539 397 1588 niam,
443 1540 535 1593 per
572 1521 794 1593 gloriam
841 1533 887 1577 et
932 1522 1310 1594 ignobilitatem
1341 1520 1424 1593 (II
1463 1519 1584 1575 Cor.
1613 1536 1696 1585 γι,
1734 1517 1815 1589 8),

225 1615 492 1686 perqueh
526 1615 616 1669 illa
657 1614 837 1670 omnia
878 1629 997 1685 qua:
1038 1615 1092 1668 in
1127 1613 1367 1684 ieiuniis,
1414 1621 1469 1667 et
1500 1611 1717 1683 vigiliis,
1761 1610 1815 1665 in
1850 1683 1864 1697 .

223 1707 509 1778 periculis,
542 1708 596 1762 in
623 1706 862 1773 damnis,
892 1708 945 1761 in
984 1706 1177 1778 plagis,
1208 1705 1293 1760 vel
1323 1704 1534 1760 caeteris
1562 1704 1811 1758 innume-

224 1798 499 1854 rabilibus
524 1799 721 1868 quibus
749 1798 998 1854 subditus
1023 1806 1109 1853 est
1133 1797 1451 1867 disciplinis.

300 1888 354 1943 8.
394 1888 531 1957 Quid
574 1889 661 1943 hic
695 1891 762 1945 ad
801 1905 865 1945 ea
899 1904 1019 1960 qua:
1054 1889 1196 1943 inter
1231 1903 1329 1942 nos
1368 1895 1488 1942 acta
1522 1896 1650 1942 sunt
1680 1900 1813 1940 con-

222 1998 447 2054 gruum,
476 1981 607 2053 quid
639 1982 736 2037 tibi
764 1991 1209 2047 consentaneum,
1230 1978 1427 2049 quidve
1454 1979 1586 2033 mihi
1616 1978 1815 2033 ibidem

221 2084 410 2131 exstat
443 2076 816 2131 adversarium
864 2075 1022 2147 plane
1063 2089 1168 2130 non
1208 2072 1400 2139 video,
1442 2086 1545 2126 nec
1582 2070 1817 2140 aliquem

219 2168 415 2223 videre
441 2169 738 2239 perpendo.
787 2166 993 2236 Adjicis
1021 2166 1075 2221 iu
1103 2164 1560 2235 consequentibus
1589 2163 1773 2218 dicens
1799 2177 1814 2217 :

220 2259 293 2316 Et
339 2261 409 2314 ad
454 2258 829 2331 Pliilippeuses
866 2259 1111 2315 scribens
1150 2257 1405 2327 quiddam
1446 2257 1501 2311 in
1540 2270 1599 2310 se
1638 2255 1817 2310 minus

221 2349 405 2405 adhuc
433 2364 555 2405 esse
585 2364 747 2420 quam
779 2358 963 2418 postea
1004 2356 1285 2402 assecutus
1312 2354 1397 2401 est
1422 2344 1816 2416 perfectionem

218 2442 485 2498 ostendit.
535 2441 677 2497 Ecce
711 2451 767 2497 et
796 2443 885 2497 hic
918 2440 1115 2496 iterum
1145 2440 1523 2511 imperfectum
1552 2441 1815 2511 prmdicas

218 2542 389 2604 atque
416 2533 732 2599 confirmas,
758 2534 913 2603 quasi
938 2533 1228 2604 nobiscum
1248 2533 1314 2587 de
1342 2531 1674 2602 perfectione
1699 2530 1816 2599 ejus

218 2638 314 2682 aut
354 2627 422 2682 de
463 2626 870 2698 imper-lectione
909 2599 1236 2682 contendas?
1285 2599 1403 2680 Nisi
1438 2624 1578 2680 forte
1612 2625 1813 2680 nullam

216 2716 614 2789 perfectionem
661 2716 865 2772 sanctis
905 2716 1037 2771 viris
1084 2716 1220 2770 citra
1266 2714 1635 2786 grammaticae
1679 2714 1815 2769 artis

216 2806 450 2863 scientia
478 2814 653 2877 putas.
689 2805 783 2860 Ait
805 2806 951 2860 enim
983 2823 996 2859 :
1027 2803 1369 2860 Conformari
1396 2818 1455 2858 so
1480 2803 1641 2857 morti
1662 2801 1819 2857 Citri-

217 2900 314 2963 sti,
342 2898 391 2953 si
419 2913 525 2969 quo
554 2897 716 2952 modo
742 2905 997 2953 occurrat
1026 2896 1079 2951 in
1111 2895 1562 2951 resurrectionem
1589 2910 1710 2965 quae
1733 2901 1818 2949 est

215 3005 249 3045 a
281 2989 518 3045 mortuis
546 2986 770 3061 (Philip.
803 3004 888 3055 ιιι,
920 2987 1009 3055 lt),
1039 2986 1152 3060 Η).
1185 2984 1302 3042 Non
1332 2985 1475 3040 enim
1502 2985 1740 3049 diceret,
1768 2984 1815 3038 si

216 3098 324 3152 quo
358 3083 536 3147 modo,
576 3083 622 3137 si
659 3082 709 3137 ei
742 3081 856 3153 jam
898 3089 1012 3136 tum
1052 3094 1142 3135 res
1178 3077 1482 3132 indubitata
1513 3076 1809 3131 videretur.

1914 512 2151 567 ﬁrmiora
2180 515 2318 584 parti
2352 522 2454 570 tua:
2484 517 2792 572 testimonia
2821 517 2923 581 uti,
2948 525 3166 588 tamque
3193 518 3300 574 alio
3326 532 3491 590 opere

1914 605 2263 675 congruentia
2285 606 2418 660 huic
2445 615 2643 661 nostra:
2669 608 2953 663 assertioui
2980 610 3210 678 aptare?

1985 696 2037 752 7.
2078 695 2333 767 Sequitur
2358 698 2410 752 in
2437 700 2666 768 epistola
2696 709 2786 755 tua
2813 719 2825 756 :
2856 703 3007 769 Quod
3035 704 3079 757 si
3106 704 3197 773 qui
3223 704 3494 762 arbitrant

1913 803 2015 858 per
2042 788 2399 844 humilitatem
2436 789 2663 857 dictum,
2696 792 2909 847 videant
2950 794 3004 849 in
3041 795 3497 866 consequentibus

1914 896 2075 953 quam
2099 898 2288 953 magna
2312 883 2378 937 de
2398 881 2729 954 profectibus
2751 886 2863 941 suis
2885 896 3170 952 memorat,
3186 904 3307 943 cum
3330 888 3493 943 dicit:

1916 972 2000 1027 Ea
2024 973 2230 1045 quidem
2256 990 2373 1042 quia
2401 985 2537 1028 retro
2562 984 2683 1029 sunt
2711 976 3035 1042 obliviscens,
3061 978 3131 1032 ad
3154 995 3213 1033 ea
3237 995 3355 1049 qua:
3378 989 3500 1033 ante

1916 1075 2037 1119 sunt
2068 1081 2148 1120 me
2174 1064 2473 1129 extendens,
2515 1064 2801 1121 secundum
2826 1070 3151 1138 propositum
3178 1085 3385 1140 sequor.
3429 1068 3498 1124 ad

1915 1153 2145 1225 palmam
2169 1171 2404 1225 supernae
2431 1156 2713 1211 uocationis
2738 1156 2831 1210 Dei
2856 1158 2911 1211 in
2933 1156 3143 1212 Christo
3163 1157 3292 1213 Jesu
3310 1158 3502 1231 (Ibid.,

1917 1247 2008 1312 15,
2049 1246 2160 1317 ii).
2194 1246 2386 1302 Nescio
2412 1248 2499 1303 hic
2532 1258 2720 1303 contra
2754 1265 2917 1319 quem
2955 1249 3200 1314 dimicas,
3231 1265 3502 1321 quemque

1917 1336 2079 1407 hujus
2101 1338 2383 1393 sententia“:
2405 1338 2599 1393 ancilia
2628 1337 2648 1377 ί
2682 1339 2953 1395 trucidare
2980 1338 3224 1395 festinas.
3253 1340 3504 1411 Nunquid

1919 1428 1984 1484 de
2003 1428 2334 1499 perfectione
2362 1437 2454 1485 aut
2479 1430 2546 1485 de
2568 1429 2976 1500 imperfectione
3006 1429 3105 1485 fuit
3123 1433 3396 1486 contentio
3416 1448 3508 1487 no-

1917 1532 2028 1577 stra
2055 1532 2113 1578 ut
2133 1525 2297 1579 totius
2314 1525 2340 1564 ε
2360 1532 2550 1580 contra
2573 1525 2687 1580 haec
2708 1533 2881 1580 certet
2906 1523 3139 1579 invectio
3160 1526 3378 1580 vestra?
3400 1524 3506 1579 nisi

1916 1614 2140 1670 forsitan
2168 1630 2232 1670 ea
2266 1632 2385 1686 quae
2426 1628 2571 1675 retro
2601 1618 2754 1673 vides
2777 1618 2844 1672 ab
2880 1632 2947 1673 co
2984 1616 3149 1673 oblita
3192 1616 3509 1688 grammati~

1916 1721 2036 1761 cam
2062 1707 2231 1762 dicas.
2263 1707 2409 1763 Dicis
2439 1708 2581 1762 enim
2609 1726 2622 1762 :
2656 1708 2964 1778 Quicunque
3001 1709 3139 1763 enim
3176 1705 3390 1777 perfecti
3419 1724 3508 1760 su-

1844 1793 1893 1854 B
1920 1815 2065 1865 mus,
2113 1800 2210 1854 hoc
2267 1800 2554 1855 sentiamus
2609 1800 2800 1871 (Ibid.,
2849 1801 2936 1870 15)
2975 1818 2988 1854 :
3026 1802 3080 1855 in
3126 1814 3232 1869 quo
3267 1799 3507 1854 ostendit

1920 1892 2183 1963 duplicem
2206 1908 2324 1948 csse
2344 1892 2729 1963 perfectionem
2750 1910 2763 1959 ;
2788 1908 2959 1947 unam
2990 1908 3109 1962 qua:
3134 1901 3218 1947 est
3242 1892 3298 1945 in
3325 1890 3500 1961 explec

1918 1986 2068 2040 tione
2099 1987 2393 2052 virtutum;
2429 1986 2723 2041 secundum
2768 2000 2931 2055 quam
2972 1985 3124 2050 dicit,
3164 1984 3303 2055 quod
3344 1983 3507 2037 etiam

1920 2077 1992 2132 sit
2019 2076 2313 2147 perfectus.
2356 2076 2498 2132 Ecce
2524 2076 2612 2131 illa
2642 2077 2707 2131 de
2733 2090 2836 2147 qua
2867 2076 2980 2147 ipse
3006 2075 3133 2129 dicit
3162 2093 3175 2128 :
3206 2073 3324 2127 Etsi
3352 2074 3512 2144 impe~

1918 2169 2050 2223 ritus
2100 2183 2373 2233 sermone,
2424 2183 2526 2221 non
2572 2178 2744 2220 tamen
2791 2166 3012 2219 scientia
3049 2179 3066 2217 :
3109 2164 3318 2235 peritia:
3362 2163 3509 2218 enim

1918 2257 2157 2313 scicntia:
2183 2256 2441 2311 virtutum
2468 2254 2728 2327 perfectio
2757 2263 2858 2311 est.
2900 2255 2996 2309 Dic
3033 2254 3193 2308 aliam
3222 2252 3512 2324 perfectio-

1916 2362 2041 2402 nem
2069 2365 2082 2401 :
2112 2347 2297 2417 utique
2341 2345 2486 2400 illam
2530 2361 2693 2416 quam
2730 2345 2905 2399 dicis:
2934 2342 3185 2413 Nunquid
3223 2352 3279 2397 et
3312 2342 3508 2413 peritia

1916 2455 2024 2494 non
2056 2447 2140 2494 est
2167 2439 2233 2493 de
2260 2436 2589 2492 virtutibus?
2633 2434 2738 2491 Sed
2777 2450 2939 2506 quam
2981 2435 3229 2506 peritiam
3264 2435 3366 2488 hoc
3394 2433 3513 2488 loco

1917 2531 2227 2603 significare
2252 2530 2510 2594 volueris,
2540 2544 2678 2601 pene
2702 2529 2891 2584 tertius
2915 2529 3098 2583 nescio
3126 2546 3139 2581 :
3172 2526 3362 2581 Utrum
3385 2539 3513 2595 ope-

1916 2638 2069 2687 rum,
2121 2637 2189 2675 an
2232 2623 2520 2676 verborum
2574 2635 2679 2674 non
2719 2620 2851 2675 satis
2887 2620 3132 2674 adverto.
3165 2617 3222 2672 Si
3254 2630 3511 2688 operum,

1916 2728 2023 2769 non
2064 2711 2291 2779 refello;
2327 2711 2373 2766 si
2411 2712 2724 2775 verborum,
2758 2710 2812 2764 iu
2852 2718 3064 2763 tantum
3100 2707 3289 2777 rejicio
3329 2716 3384 2762 et
3428 2722 3515 2763 re-

1915 2822 2067 2873 cuso,
2106 2816 2163 2861 ut
2194 2822 2312 2861 eam
2345 2805 2627 2861 stultitiam
2656 2806 2872 2877 eloquio
2900 2805 3109 2860 firmem
3136 2804 3342 2859 divino.
3370 2803 3516 2859 Dicit

1916 2898 2061 2955 enim
2094 2896 2422 2969 Apostolus:
2455 2896 2727 2968 Sapientia
2768 2896 2927 2967 hujus
2964 2896 3145 2950 mundi
3174 2894 3399 2951 stultitia
3436 2904 3514 2950 est

1914 2989 2057 3059 apud
2083 2988 2251 3043 Deum
2284 2986 2337 3061 (Ι
2365 2986 2490 3043 Cor.
2520 3005 2607 3055 ιιι,
2636 2987 2746 3058 i9).
2788 2986 2944 3044 Unde
2976 2995 3033 3041 ct
3058 2987 3125 3041 ad
3154 2986 3467 3042 Corinthios
3497 3005 3509 3040 :

1919 3078 2052 3145 Quae
2081 3078 2242 3134 stulta
2275 3079 2457 3134 mundi
2485 3079 2637 3150 elegit
2668 3078 2811 3133 Deus
2836 3087 2893 3132 ut
2928 3077 3216 3149 confundat
3255 3079 3513 3148 sapientes

219 3173 332 3229 Ista
364 3182 425 3228 ut
453 3171 585 3244 quid
612 3173 862 3244 posueris
882 3213 897 3239 ,
936 3187 1037 3243 pro
1064 3177 1218 3227 certo
1250 3183 1357 3223 non
1389 3167 1662 3238 intelligo,
1707 3167 1813 3222 nisi
1838 3171 1887 3235 C
1919 3170 1971 3245 (Ι
1999 3169 2122 3227 Cor.
2153 3188 2192 3238 ι,
2219 3171 2337 3246 27).
2369 3172 2516 3241 Quos
2549 3173 2738 3242 utique
2778 3171 3091 3243 sapientes?
3125 3168 3380 3242 Nunquid
3414 3185 3514 3225 no-

220 3261 455 3318 fOrsitan
501 3264 806 3334 legentibus
849 3263 1147 3334 scripulum
1190 3272 1215 3302 ο
1248 3261 1528 3331 imponere
1572 3259 1810 3327 voluisti,

221 3357 370 3427 quod
411 3355 554 3412 absit
595 3371 625 3411 a
668 3357 921 3413 sensibus
962 3355 1103 3419 tuis,
1157 3353 1651 3409 reverendissime:
1682 3350 1812 3407 dum

221 3453 371 3507 enim
405 3451 579 3506 dicis:
616 3449 674 3506 Si
702 3467 812 3521 quo
838 3450 1000 3506 modo
1025 3455 1251 3504 occurat
1280 3447 1333 3501 in
1363 3446 1816 3502 resurrectionem

222 3556 348 3611 qua:
378 3550 555 3595 estex
585 3541 815 3595 mortuis
846 3558 858 3593 :
894 3547 949 3594 et
984 3537 1174 3593 addis:
1208 3535 1324 3591 Non
1356 3537 1502 3591 enim
1531 3536 1737 3591 diceret
1767 3536 1816 3589 si

220 3647 328 3699 quo
356 3629 535 3696 modo,
567 3630 612 3685 si
649 3631 700 3685 ei
729 3631 842 3701 jam
878 3638 1007 3685 tunc
1044 3643 1131 3684 res
1170 3627 1472 3684 indubitata
1500 3627 1810 3690 videretur;

222 3724 472 3780 ostendis
500 3738 607 3778 non
637 3738 705 3778 ex
736 3723 1032 3778 deliberato
1073 3718 1425 3791 apostolicam
1456 3712 1815 3772 resurrectio-

222 3829 352 3868 nem
391 3813 713 3880 credidissc,
750 3815 843 3868 sed
879 3811 1042 3867 dubio
1074 3811 1178 3866 hoc
1207 3809 1426 3878 eloquio
1457 3816 1813 3878 temperasse,

224 3904 375 3975 quod
404 3904 575 3960 multo
598 3905 863 3976 longeque
891 3903 1051 3958 aliter
1080 3919 1110 3955 a
1140 3901 1362 3955 doctore
1394 3897 1487 3952 illo
1514 3895 1817 3968 intelligen-

224 3996 356 4051 dum
400 4004 485 4051 est
523 3996 727 4051 dictum
769 3995 976 4060 fuisse,
1026 3993 1171 4063 quod
1216 4005 1324 4045 non
1372 3989 1462 4044 hic
1507 3988 1818 4063 accepimus

222 4088 624 4145 ventilandum.
663 4087 777 4143 [loc
800 4083 1139 4143 solummodo
1166 4082 1440 4153 proferam
1472 4089 1526 4136 te
1559 4080 1614 4135 in
1642 4062 1816 4134 vacuo

222 4182 331 4240 hoc
358 4198 523 4253 opere
552 4182 870 4245 desudasse,
900 4189 957 4235 et
984 4179 1406 4248 incongruenter
1434 4172 1655 4244 negotio
1682 4186 1812 4226 seu-

223 4275 428 4330 tentias
455 4275 717 4345 posuisse.
752 4274 881 4328 Item
904 4272 988 4326 ais
1011 4288 1025 4326 :
1061 4270 1169 4325 Sed
1193 4277 1248 4322 et
1275 4269 1328 4321 iu
1354 4263 1814 4335 consequentibus

222 4366 472 4438 ejusdem
521 4366 772 4439 Epistolas
818 4366 935 4420 haec
978 4362 1168 4419 eadem
1203 4358 1440 4415 ostendit
1476 4371 1599 4412 cum
1637 4356 1811 4411 dicit:

225 4459 357 4515 Non
383 4458 524 4529 quod
545 4459 660 4529 jam
689 4467 994 4513 consecutus
1020 4471 1158 4518 sum,
1191 4461 1281 4507 aut
1310 4450 1598 4522 perfectus;
1627 4461 1817 4520 sequor

1919 3274 2063 3320 stros
2088 3266 2463 3323 sanctissimos
2489 3264 2700 3332 Patres,
2737 3274 2791 3320 et
2831 3280 2936 3320 non
2979 3265 3158 3336 potius
3193 3263 3510 3335 grammati-

1918 3370 2034 3423 cos,
2060 3357 2433 3428 philosophos,
2476 3364 2532 3411 et
2575 3355 2857 3412 rhetores?
2884 3355 3050 3412 Vides
3094 3354 3350 3410 confusos
3393 3368 3515 3410 esse

1918 3461 2053 3517 quos
2079 3448 2386 3518 sequendos
2414 3446 2698 3518 prtcdicas,
2726 3455 2783 3502 et
2812 3445 2983 3501 multa
3006 3444 3221 3500 extollis
3244 3445 3418 3501 laude.
3442 3445 3516 3500 Et

1917 3537 2045 3593 alibi
2069 3538 2211 3592 idem
2242 3538 2531 3609 Apostolus
2556 3555 2571 3591 :
2602 3536 2716 3609 Ego
2744 3553 2863 3591 eum
2888 3537 3140 3591 venissem
3166 3536 3235 3591 ad
3267 3553 3371 3601 vos,
3403 3536 3515 3606 fra-

1918 3639 2056 3695 tres,
2090 3647 2193 3684 non
2218 3631 2334 3684 veni
2367 3647 2461 3701 per
2487 3628 2858 3684 sublimitatem
2887 3630 3174 3695 sermonis,
3214 3638 3270 3681 ut
3304 3629 3512 3698 sapiens

1918 3724 2241 3777 annuntians
2280 3724 2418 3777 vobis
2456 3723 2808 3777 testimonium
2853 3719 3049 3776 Christi
3088 3720 3136 3791 (ι
3162 3720 3284 3776 Cor.
3322 3736 3396 3787 tt,
3428 3721 3508 3794 i).

1919 3812 2049 3880 Quae
2079 3821 2163 3867 est
2190 3812 2333 3866 enim
2365 3812 2671 3867 sublimitas
2698 3812 2995 3876 sermonis,
3035 3813 3139 3866 nisi
3181 3812 3377 3884 regula:
3412 3827 3513 3882 per

1920 3904 2331 3974 metaplasmum
2376 3912 2432 3959 et
2476 3911 2662 3973 tropos
2710 3902 2939 3958 Donati?
2984 3901 3149 3958 Vides
3190 3903 3507 3974 Apostolum

1920 4012 2028 4053 non
2058 4012 2155 4068 per
2183 3997 2401 4051 eosdem
2429 4007 2616 4067 aptare
2643 4011 2912 4068 gressum,
2947 3996 3040 4050 sed
3070 4011 3105 4067 p
3125 4011 3167 4050 »ι’
3195 3996 3514 4065 simplicita-

1919 4096 2031 4145 tem
2057 4088 2259 4145 Christi
2296 4089 2438 4144 scire
2459 4088 2760 4143 'Dominum
2787 4086 2970 4143 Jesum
3010 4086 3325 4154 Chrismm;
3371 4089 3514 4143 unde

1918 4190 1974 4238 et
1999 4182 2052 4236 in
2079 4182 2536 4252 consequentibus
2558 4180 2765 4236 addidit
2792 4199 2804 4234 :
2842 4180 2962 4234 Non
2987 4182 3041 4234 in
3070 4181 3237 4236 doctis
3266 4182 3512 4236 humana:

1917 4278 2191 4347 sapientia:
2220 4276 2422 4343 verbis;
2458 4276 2548 4330 sed
2585 4276 2640 4329 in
2678 4275 2919 4328 doctrina
2963 4273 3229 4343 Spiritus,
3259 4276 3511 4345 spiritua-

1918 4368 2055 4425 libus
2112 4369 2411 4440 spiritantia
2461 4378 2823 4440 cornparantes
2875 4366 3065 4439 (lbid.,
3120 4367 3228 4439 13).
3278 4368 3510 4422 Attende

1920 4465 2049 4535 quid
2077 4465 2220 4519 dicat
2254 4482 2268 4518 :
2312 4462 2433 4519 Non
2463 4464 2516 4518 in
2547 4462 2714 4516 doctis
2745 4463 2992 4515 humana:
3017 4461 3289 4530 sapientia:
3320 4460 3506 4515 verbis.

223 4560 405 4604 πιεῖν*
438 4558 494 4603 ⁸³⁸
521 4547 958 4620 comprehendam
986 4547 1042 4601 ίη
1069 4560 1173 4617 quo
1202 4541 1604 4612 comprehensus
1632 4555 1750 4593 ³³⁸³³⁸
1780 4555 1814 4593 α
1840 4544 1893 4604 D
1921 4554 2052 4623 Quae
2074 4563 2158 4610 est
2187 4556 2303 4610 lucc
2330 4556 2565 4610 lmmana
2590 4553 2874 4623 sapientia,
2902 4568 2998 4623 per
3021 4549 3175 4619 cujus
3198 4551 3510 4606 doctissima

222 4639 441 4697 Christo
496 4640 713 4714 (lbid.,
765 4638 889 4711 1‘2).
940 4637 1041 4693 Hic
1085 4636 1216 4692 mihi
1259 4635 1590 4704 respondeas
1630 4631 1811 4686 velim.

220 4731 482 4803 Nunquid
510 4732 918 4803 grammaticam
945 4741 1173 4799 sequere
1198 4742 1258 4782 se
1287 4724 1465 4782 dixit?
1493 4731 1588 4778 aut
1615 4723 1668 4777 in
1694 4732 1814 4777 arte

223 4826 425 4883 Donati
473 4842 532 4883 se
579 4844 610 4883 ιι
655 4827 876 4883 Christo
905 4825 1356 4895 comprehensum
1395 4818 1705 4891 cognoscit,
1755 4824 1816 4871 ut

220 4921 345 4976 haec
378 4928 469 4975 tua
510 4920 668 4975 nobis
693 4919 911 4975 solertia
951 4933 1050 4988 pro
1094 4914 1448 4987 grammatica
1476 4909 1817 4967 certantibus
1874 4920 1879 4925 '

220 5008 512 5083 proferatd
539 5012 683 5080 quod
710 5010 797 5064 ille
822 5010 906 5064 vir
931 5015 1114 5063 tantus
1142 5021 1239 5076 pro
1263 5003 1522 5058 virtutum
1551 5000 1816 5056 culmina-

223 5103 397 5159 tiouis
423 5119 632 5160 summa
656 5102 959 5174 protestat?
990 5099 1247 5168 Sequitur
1270 5115 1283 5151 :
1316 5094 1430 5167 Ego
1457 5111 1557 5159 me,
1582 5093 1748 5163 frater
1767 5102 1815 5158 ο,

222 5213 322 5268 ego
356 5214 437 5253 me
470 5198 640 5269 ipsum
676 5197 909 5252 nondum
943 5194 1059 5249 arbi
1082 5208 1173 5245 ror
1197 5189 1598 5262 appreltendisse
1625 5186 1814 5257 (lbid.,

219 5290 341 5364 13).
376 5290 515 5359 Quid
553 5291 821 5347 obsecro?
848 5285 1273 5346 Grammaticam
1317 5289 1369 5336 et
1412 5280 1693 5336 liberalem
1727 5293 1817 5334 ar-

296 5436 328 5467 ι
355 5424 417 5481 F.
444 5435 790 5496 conquerant,
822 5424 874 5479 td
901 5431 987 5479 est
1010 5423 1437 5489 conquerantur.

297 5496 331 5537 δ
359 5496 484 5561 Ms.,
510 5513 603 5566 per
624 5512 797 5567 quem.

300 5578 325 5638 ε
356 5568 413 5623 Id
441 5578 525 5622 est
550 5567 913 5638 suspicionem.

294 5637 469 5702 ιιΜς..
500 5649 557 5692 tu
583 5655 614 5691 a
641 5635 858 5692 nobis...
886 5635 1146 5707 proferas.

301 5722 329 5749 ο
355 5699 531 5778 Supra
576 5709 740 5779 epist.
762 5708 813 5775 5,
839 5699 896 5763 et
920 5699 1239 5776 in'Apostoli
1266 5709 1438 5767 textu,
1467 5699 1679 5771 fratres,
1708 5711 1818 5752 non

220 5791 379 5837 rater
412 5781 671 5852 legimus.

1923 4645 2112 4715 nequit
2160 4645 2451 4716 Apostolus
2498 4645 2738 4700 incidere
2782 4643 2967 4705 verba,
3019 4641 3122 4695 nisi
3167 4642 3217 4694 in
3263 4640 3507 4713 haeetua

1922 4736 2175 4792 laudabili
2200 4738 2225 4777 ιι
2258 4737 2470 4808 regula,
2511 4735 2563 4789 in
2604 4751 2709 4804 qua
2750 4742 2909 4803 putas
2952 4731 3117 4785 totius
3158 4728 3510 4800 perfectionis

1922 4828 2157 4884 existere
2186 4827 2433 4882 Summa?
2462 4826 2744 4898 Conspicis
2771 4825 3064 4880 humanam
3098 4826 3417 4894 sapientiam
3440 4825 3510 4882 ab

1926 4919 2185 4993 Apostolo
2221 4931 2621 4992 nuncupatam,
2666 4935 2827 4989 quam
2872 4927 2926 4972 tu
2968 4919 3271 4987 importune
3311 4918 3509 4973 asseris

1926 5028 2048 5068 esse
2074 5012 2331 5067 divinam.
2363 5010 2522 5065 Fides
2549 5012 2685 5064 enim
2716 5020 2928 5074 nostra,
2975 5016 3036 5062 ut
3078 5006 3369 5078 Apostolus
3409 5010 3507 5075 ait,

1927 5123 2029 5163 non
2058 5116 2131 5161 est
2161 5107 2216 5161 in
2244 5104 2503 5176 sapientia
2534 5103 2825 5168 hominum,
2850 5100 2940 5155 sed
2968 5117 3021 5156 tn
3050 5102 3234 5156 rirtute
3262 5100 3373 5156 Dei.
3406 5101 3509 5157 Sa-

1923 5199 2170 5271 pientiam
2201 5208 2373 5252 autent
2400 5197 2684 5268 loquimur,
2713 5193 2907 5266 inquit,
2940 5194 3074 5247 inter
3099 5192 3371 5263 perfectos.
3403 5194 3508 5250 Sua-

1923 5292 2175 5364 pientiam
2197 5307 2315 5347 vero
2340 5306 2444 5345 non
2466 5289 2626 5360 hujus
2646 5288 2848 5352 siccati,
2869 5304 3030 5359 neque
3046 5287 3344 5358 principum
3366 5288 3506 5360 ejus,

2001 5423 2021 5463 ί
2051 5421 2257 5499 Ancila,
2294 5421 2347 5499 id
2381 5429 2482 5499 est
2503 5420 2649 5499 virga
2687 5433 2904 5499 aurea;
2924 5415 3123 5499 Papias
3156 5416 3295 5488 apud
3323 5414 3503 5473 Gloss.

1924 5493 2035 5606 Cap
2079 5535 2092 5547 .
2114 5490 2376 5574 editionis
2404 5490 2507 5546 PP.
2536 5484 2736 5561 Cougr.
2766 5484 2826 5543 S.
2854 5484 3046 5544 Mauri.

1992 5638 2019 5678 ι
2040 5506 2123 5693 si:
2151 5575 2390 5689 151m.
2410 5634 2508 5687 ‘tua
2535 5629 2837 5685 laudabilis.

1998 5568 2022 5606 ⁸
2059 5564 2119 5618 F.
2151 5564 2330 5618 tutius.

1992 5638 2019 5678 ὶι
2061 5629 2123 5690 F.
2156 5635 2252 5689 nisi
2279 5635 2390 5689 licet:
2410 5634 2508 5687 ‘tua
2535 5629 2837 5685 laudabilis.
