4034 6350
572 326 675 384 431
1827 323 2082 380 ALVARI
2116 321 2594 383 CORDUBENSIS
3321 357 3328 362 -
3695 339 3777 399 452

573 445 665 516 qui
704 444 1082 512 destruuntur;
1133 444 1224 500 sed
1265 443 1527 515 loquimur
1575 440 1675 495 Dei
1717 440 2064 510 sapientiam,
2103 441 2160 495 in
2185 445 2240 507 Α
2263 456 2414 497 suam
2449 441 2702 513 redigens
2723 440 3032 497 famulam.
3061 439 3143 496 Ex
3172 439 3362 496 ancilla
3386 439 3779 517 lsraeliticammt

573 533 963 606 ministerioque
985 547 1009 575 α
1045 534 1438 597 absconditam,
1474 547 1632 600 quam
1682 545 1830 583 nemo
1866 528 2162 600 principum
2262 533 2538 605 professus
2582 542 2687 600 est,
2717 532 2953 600 faciens,
2982 549 3090 588 non
3119 549 3186 588 ex
3219 543 3374 589 utero
3399 535 3667 595 lsraelitam
3689 559 3777 600 ser.

576 627 737 698 hujus
765 629 944 683 δασαίὶ
966 627 1198 696 cognovit
1229 623 1277 697 (1
1299 623 1420 680 Cor.
1449 639 1509 687 ll,
1528 621 1658 694 5-8).
1691 621 1822 676 Peto
1846 630 1906 676 ut
1933 636 2161 692 respon-
2259 642 2387 682 vum
2417 626 2686 697 captivum
2712 627 3018 682 instituens.
3048 624 3154 681 Sed
3180 625 3264 682 dic
3292 625 3439 692 mihi,
3464 629 3683 700 obsecro,
3704 636 3779 692 hu.

575 717 708 774 deas
745 717 905 779 mibi,
955 732 1072 785 quae
1117 716 1232 771 haec
1264 713 1531 769 credenda
1573 721 1657 767 est
1693 711 1955 782 sapientia
1999 712 2162 782 hujus
2253 719 2344 790 jus
2389 717 2579 773 Donati
2621 717 2763 773 devii
2801 717 3038 788 regulam
3085 717 3348 787 integram
3390 726 3552 786 tenes,
3584 731 3664 775 aut
3691 739 3779 780 me-

573 807 776 872 saeeuli,
802 806 887 861 vel
916 806 1217 876 principum
1243 803 1382 874 ejus,
1412 819 1441 857 a
1466 818 1569 873 qua
1599 817 1698 857 nos
1720 801 1917 856 Paulus
1939 802 2154 867 avertit,

573 914 741 970 seque
773 899 1008 969 ignotum
1047 898 1133 952 his
1172 896 1472 967 disciplinis
1507 894 1785 949 celebrare
1825 909 1938 948 non
1959 891 2159 963 pudet?

570 989 713 1044 Dicit
741 988 885 1042 enim
917 987 1175 1042 Dominus
1203 1002 1301 1057 per
1325 986 1518 1041 Isaiam
1546 1002 1558 1038 :
1595 982 1859 1054 Populum
1886 982 2158 1051 impuden-

568 1089 670 1134 tem
703 1096 805 1133 non
837 1080 1063 1145 videbis,
1106 1078 1356 1150 populum
1399 1077 1495 1130 alti
1533 1077 1820 1141 sermonis,
1852 1075 1926 1129 ita
1960 1083 2016 1128 ut
2051 1090 2156 1128 non

566 1173 732 1243 possis
769 1171 1054 1242 intelligere
1091 1171 1536 1226 dissertiludinem
1579 1169 1771 1240 lingua:
1811 1169 1925 1239 ejus
1963 1169 2018 1222 in
2051 1184 2153 1238 quo

566 1261 712 1317 nulla
743 1272 815 1316 est
847 1263 1102 1332 sapientia
1130 1261 1262 1332 (lsa.
1291 1278 1486 1326 xxxnt,
1519 1260 1631 1330 l9),
1663 1259 1930 1325 videlicet,
1961 1267 2014 1314 et
2038 1258 2065 1298 ι)
2097 1257 2153 1312 in

565 1353 668 1407 hoc
696 1352 814 1407 loco
840 1353 918 1406 ait
951 1352 1159 1407 destina
1184 1364 1206 1391 ο
1248 1362 1437 1408 noster
1474 1351 1831 1421 Hieronymus
1851 1391 1864 1414 ,
1907 1349 2150 1420 philoso-

564 1446 796 1515 phorum
826 1453 880 1498 et
910 1454 1189 1501 oratorum
1220 1445 1427 1510 mundi,
1462 1444 1553 1514 qui
1585 1443 1914 1513 applaudunt
1954 1443 2057 1497 sibi
2096 1442 2152 1496 in

562 1539 868 1594 eruditione
895 1548 949 1593 et
975 1539 1281 1610 eloquentia
1310 1539 1581 1603 surculari,
1613 1552 1843 1607 quorum
1867 1536 2045 1592 omnis
2067 1551 2152 1592 or-

563 1637 726 1684 natus
749 1629 803 1684 in
831 1628 1013 1684 verbis
1035 1638 1135 1684 est.
1169 1630 1332 1687 Vides
1359 1629 1669 1684 Donatistas
1697 1638 1818 1683 tuos
1845 1628 2148 1696 depiuctos,

561 1730 621 1781 et
642 1723 835 1778 stultos
864 1740 894 1778 a
919 1724 1052 1789 Deo,
1071 1723 1162 1794 qui
1187 1723 1444 1794 sapientia
1468 1738 1596 1777 vera
1624 1731 1726 1785 est,
1751 1720 2146 1790 comprobatos.

2259 811 2426 877 diam,
2461 825 2642 864 rasam
2669 819 2724 866 et
2761 809 3077 881 capillorum
3107 810 3414 880 spiritudini
3442 811 3776 888 plenissimam,

2259 919 2323 959 ac
2353 903 2666 974 capillorqu
2696 903 2830 958 setis
2867 902 3158 958 bellosam?
3205 902 3272 956 Et
3318 903 3363 957 si
3411 919 3581 959 rasam
3623 909 3778 977 capite,

2257 996 2562 1066 superciliis
2587 996 2960 1067 unguibusque
2989 995 3285 1060 desectam,
3313 1009 3514 1064 expone
3559 999 3671 1068 quid
3713 1017 3781 1056 ca-

2256 1096 2374 1159 put,
2402 1089 2531 1158 quid
2563 1087 2872 1157 supercilia,
2896 1087 3025 1157 quid
3057 1101 3281 1158 ungues,
3311 1087 3438 1156 quid
3484 1103 3547 1142 ex
3591 1088 3687 1159 ipsa
3726 1093 3779 1145 si.

2256 1178 2499 1249 gnilicari
2527 1178 2784 1232 censendi
2814 1186 2941 1232 sunt
2961 1177 3076 1249 pili,
3107 1192 3242 1247 quos
3272 1178 3532 1234 radendos
3568 1189 3676 1234 ante
3713 1197 3781 1236 ve-

2255 1279 2430 1324 strum
2465 1268 2782 1338 praedictum
2824 1267 2960 1338 legis
2986 1266 3110 1338 styli
3142 1268 3193 1320 ιι.
3226 1267 3379 1335 Quod
3426 1267 3471 1322 si
3519 1269 3696 1338 aliquid
3732 1286 3781 1323 ex

2255 1361 2446 1415 eadem
2490 1360 2649 1426 seris,
2672 1360 2786 1431 jam
2835 1375 2941 1415 non
2993 1359 3236 1430 perfecte
3283 1361 3646 1431 grammaticus
3682 1364 3778 1416 eris.

2254 1449 2454 1506 Paulus
2503 1466 2738 1522 namque
2799 1450 3074 1522 apostolus
3127 1451 3362 1521 qualiter
3408 1451 3558 1523 hujus
3599 1453 3782 1522 captiva:

2254 1546 2411 1600 radat
2431 1545 2568 1616 pilos
2593 1545 2855 1600 absculta.
2882 1545 3308 1600 Atheniensibus
3334 1546 3476 1600 enim
3505 1546 3621 1600 dicit
3651 1564 3662 1598 :
3687 1546 3781 1600 Per-

2234 1638 2514 1693 transiens
2543 1638 2679 1692 enim
2706 1647 2754 1692 et
2779 1637 3136 1708 contemplans
3165 1638 3401 1691 culturas
3427 1647 3627 1701 vestras,
3647 1637 3782 1690 inveni

2253 1739 2302 1785 et
2355 1747 2504 1784 aram
2548 1729 2604 1784 in
2650 1747 2754 1800 qua
2800 1729 3262 1799 suprascriptum:
3297 1727 3482 1798 Ignoto
3528 1728 3646 1792 deo;
3675 1727 3781 1798 quod

631 1812 684 1868 8·
726 1811 857 1868 [und
886 1829 1016 1868 vero
1045 1813 1187 1884 (ἰυοά
1222 1821 1468 1868 sanam“
1511 1812 1899 1883 Hieronymm“
1936 1810 2000 1865 δά
2033 1825 2145 1864 ma‘
2174 1822 2224 1885 B
2253 1823 2425 1894 itaque
2466 1824 2766 1894 ignorantes
2811 1839 2901 1877 vos
2949 1823 3138 1888 colitis,
3168 1822 3267 1878 hoc
3291 1822 3651 1893 ego-annuntio
3674 1821 3780 1875 vobis

559 1922 726 1980 gnum
746 1917 1021 1963 oratorem
1039 1907 1346 1978 loquentem
1365 1908 1643 1978 producis,
1668 1907 1883 1962 initium
1901 1907 2145 1978 epistola:

560 1999 909 2056 considerare
940 2001 1125 2065 debes,
1155 2009 1210 2056 et
1237 2009 1297 2055 ut
1321 2001 1449 2071 quid
1485 2000 1590 2056 hoc
1627 1998 1908 2055 devenerit
1949 1997 2148 2054 enoda-

560 2091 670 2148 tius
713 2092 1002 2162 explicare.
1050 2092 1143 2148 Ait
1185 2094 1329 2148 enim
1368 2107 1382 2145 :
1433 2092 1585 2159 Quod
1629 2101 1811 2147 autem
1855 2091 2053 2162 quieris
2092 2091 2146 2144 in

559 2183 708 2238 calce
735 2182 974 2253 epistola:
1000 2199 1099 2238 cur
1144 2183 1197 2239 in
1243 2183 1518 2255 opusculis
1559 2183 1762 2240 nostris
1803 2183 2144 2239 samularium

556 2275 862 2332 litterarum
890 2277 1160 2333 interdum
1182 2293 1448 2349 ponamus
1473 2279 1742 2350 exempla,
1770 2287 1827 2334 et
1853 2279 2143 2334 candorem

554 2367 812 2423 Ecclesiae
855 2369 1196 2425 ethnicorum
1240 2369 1491 2426 sordibus
1527 2370 1862 2441 polluamus,
1909 2370 2147 2426 breviter

553 2473 873 2530 responsum
920 2461 1139 2516 habeto.
1180 2461 1416 2536 Adverte
1455 2461 1585 2532 quid
1629 2461 1776 2517 dicat
1814 2476 1829 2516 :
1868 2460 2143 2516 Interdum

549 2569 816 2624 ponamus
846 2555 1132 2626 exempla:
1171 2570 1269 2627 per
1303 2556 1446 2624 quod
1489 2554 1724 2610 ostendit
1761 2569 1870 2610 non
1907 2568 2141 2623 semper,

548 2660 653 2700 nec
678 2647 897 2716 ubique,
929 2648 1023 2702 sed
1049 2646 1138 2702 ubi
1169 2648 1469 2704 necessitas
1496 2647 1732 2717 coegerit
1762 2646 1864 2700 hoc
1891 2661 1998 2700 non
2028 2645 2146 2701 sine

551 2739 734 2809 aliquo
772 2749 928 2795 utere
958 2741 1222 2811 periculo,
1255 2749 1315 2795 ut
1345 2741 1399 2796 in
1427 2739 1890 2811 consequentibus
1919 2739 1985 2794 de
2016 2741 2146 2794 bea-

552 2829 763 2885 tissimo
793 2829 1066 2902 Cypriano
1097 2830 1282 2887 retulit
1310 2831 1495 2888 dicens
1521 2849 1536 2887 :
1567 2830 1894 2903 Cyprianus,
1923 2829 2009 2884 vir
2033 2829 2146 2884 elo-

551 2921 773 2992 quentia
820 2930 874 2975 et
925 2922 1190 2994 martyrio
1237 2921 1486 2992 pollens,
1536 2921 1815 2977 Firmiano
1861 2929 2047 2976 narrat
2091 2927 2147 2975 et

549 3009 850 3075 mordetur,
879 3025 979 3064 cur
1007 3011 1294 3066 adversum
1332 3011 1736 3066 Demetrianum
1777 3010 2021 3066 scribens
2059 3017 2133 3063 te-

551 3097 824 3154 stimoniis
851 3113 982 3154 usus
1003 3100 1075 3154 sit
1103 3100 1490 3170 prophetarum
1519 3108 1573 3154 et
1603 3099 1995 3170 apostolorum,
2020 3113 2140 3169 quae

2250 1914 2389 1987 (Act.
2419 1929 2553 1980 xvn,
2579 1914 2694 1986 25).
2730 1914 2966 1986 Scriptio
3009 1923 3188 1969 autem
3235 1929 3345 1968 ara:
3384 1928 3488 1967 non
3525 1913 3592 1967 ita
3615 1921 3712 1967 erat
3739 1920 3783 1965 ut

2247 2003 2447 2060 Paulus
2471 2005 2705 2060 asseruit
2738 2022 2751 2058 :
2781 2003 2972 2074 Ignoto
3027 2004 3146 2070 deo,
3195 2004 3293 2060 sed
3329 2004 3400 2059 ita
3428 2021 3441 2058 :
3471 2002 3576 2056 Diis
3595 2002 3782 2066 Asiis,ct

2247 2095 2496 2167 Europae,
2523 2105 2570 2150 et
2591 2095 2808 2165 Africae,
2835 2095 2936 2150 diis
2957 2095 3146 2166 ignotis
3175 2105 3222 2150 et
3247 2095 3527 2168 peregrinis
3560 2096 3598 2148 ἱ.
3626 2093 3782 2148 Verum

2247 2188 2372 2259 quia
2403 2187 2605 2244 Paulus
2635 2203 2744 2242 non
2783 2187 3034 2258 pluribus
3059 2188 3339 2261 indigebat
3365 2188 3575 2261 ignotis,
3599 2186 3683 2243 sed
3702 2202 3782 2241 uno

2247 2289 2459 2337 tantum
2491 2283 2621 2349 Deo,
2653 2282 2911 2354 singulari
2950 2283 3118 2339 verbo
3171 2299 3306 2340 usus
3360 2293 3461 2350 est,
3505 2291 3562 2338 ut
3608 2282 3785 2337 doceret

2247 2375 2398 2430 illum
2428 2375 2594 2431 Deum
2626 2391 2805 2444 suum,
2829 2391 2992 2448 quem
3029 2377 3394 2435 Athenienses
3434 2378 3490 2434 in
3525 2392 3624 2432 arae
3665 2375 3783 2431 titulo

2245 2476 2662 2538 prmnotassent.

2317 2560 2370 2615 9.
2411 2558 2525 2615 Hoc
2549 2570 2752 2627 autem,
2783 2560 3235 2634 thIieronymus
3286 2562 3382 2628 ait,
3428 2561 3614 2617 Paulus
3657 2559 3784 2616 facie-

2246 2653 2340 2707 bat
2379 2667 2523 2718 rare,
2554 2661 2613 2706 ut
2634 2652 2736 2707 loci
2764 2654 2945 2724 potius
2967 2669 3130 2724 quam
3159 2655 3607 2710 ostentationibus
3630 2668 3784 2724 oppor-

2248 2745 2453 2800 tunitas
2497 2745 2766 2815 exigebat.
2824 2744 2987 2801 Vides
3036 2747 3163 2818 quia
3197 2762 3335 2804 rare
3361 2748 3473 2804 haec
3498 2747 3718 2812 faciebat,
3744 2752 3785 2800 et

2247 2852 2353 2892 non
2379 2850 2613 2906 semper,
2646 2852 2744 2907 pro
2772 2837 3178 2907 opportunitate
3207 2837 3342 2904 loci,
3371 2855 3474 2894 non
3506 2855 3597 2910 pro
3637 2835 3781 2906 regula

2248 2944 2464 3000 semper
2489 2929 2750 2998 sequendi
2778 2939 2939 3000 atque
2969 2945 3067 3000 pro
3089 2929 3248 2986 libris
3280 2932 3552 3004 gentilium
3597 2932 3646 2986 in
3684 2943 3781 2984 con-

2246 3020 2556 3076 ﬁrmatione
2578 3022 2849 3076 dictorutu
2891 3036 3137 3089 suorum,
3168 3039 3284 3078 non
3332 3040 3430 3094 pro
3479 3033 3587 3079 arte
3629 3019 3781 3077 Donati

2247 3117 2433 3188 accipe
2457 3118 2681 3172 dictum.
2717 3116 2848 3172 Nam
2879 3126 2968 3172 tua
2993 3119 3308 3174 testimonia
3356 3133 3463 3174 non
3506 3117 3595 3172 tibi
3637 3112 3785 3170 suifra-

549 3191 640 3247 ίηθ
691 3191 815 3246 “me
861 3192 1233 3248 οοῐηιηθιηίῑίθ
1279 3207 1399 3248 esse
1437 3190 1673 3257 dicebab
1714 3200 1768 3247 ει
1810 3206 1916 3246 ηοη
1961 3189 2140 3260 Ροίίυῧ
2167 3187 2212 3252 C
2243 3187 2389 3280 giqu
2412 3210 2675 3280 praebent,
2701 3210 2796 3264 sed
2823 3210 2978 3264 mihi.
3006 3209 3066 3264 Si
3088 3225 3218 3266 vero
3251 3211 3536 3282 diligenter
3559 3205 3784 3278 Epistolas

545 3285 992 3357 phiIOSOpbornm
1046 3301 1110 3342 ac
1161 3294 1487 3357 poetarum,
1540 3300 1771 3355 quorum
1817 3285 2140 3340 auctoritate

547 3385 609 3432 ut
657 3376 920 3433 Ethnicus
966 3378 1241 3433 contraire
1288 3393 1397 3432 non
1446 3385 1683 3448 poterat,
1732 3376 1874 3430 sicut
1922 3383 1978 3431 et
2014 3390 2044 3428 a
2088 3385 2141 3428 te

545 3469 812 3541 digestum
884 3470 1016 3525 mihi
1075 3471 1129 3526 in
1190 3463 1519 3539 adjutorium
1575 3468 1926 3524 adversante
1957 3466 2140 3521 animo

546 3561 748 3618 dictum
799 3560 1110 3635 Hieronymi
1162 3561 1300 3628 fuit,
1360 3562 1453 3617 ubi
1507 3561 1721 3616 mulieri
1769 3559 1997 3630 captivae
2044 3573 2138 3612 ra-

545 3653 778 3710 dendum
806 3652 833 3692 ἀ
874 3663 1072 3726 caput,
1121 3653 1445 3724 supercilia,
1500 3661 1556 3708 et
1602 3665 1792 3708 omnes
1837 3649 1974 3721 pilos
2019 3663 2140 3704 cor-

543 3747 693 3818 poris
740 3747 990 3818 praedicis
1037 3747 1438 3818 amputandos,
1490 3754 1545 3800 et
1592 3745 1671 3800 sic
1721 3759 1842 3798 eam
1888 3743 1942 3797 in
1979 3740 2139 3811 spiri-

545 3840 782 3894 tualibus
853 3840 1252 3908 producendam
1335 3837 1636 3908 amplexus.
1711 3833 1920 3890 Sullicit
2002 3830 2139 3886 mihi

544 3931 688 4000 quod
729 3929 999 3999 captivam
1035 3929 1302 3992 nominas,
1335 3937 1389 3982 et
1427 3942 1534 3982 non
1584 3926 1778 3988 civem,
1811 3923 1896 3978 vel
1933 3923 2141 3994 indige-

542 4036 694 4086 nam,
723 4035 816 4075 seu
851 4019 1118 4075 colonam.
1145 4019 1258 4074 Nec
1303 4019 1456 4085 mihi,
1507 4017 1974 4082 reverendissime,
2029 4032 2140 4072 non

544 4130 647 4185 pro
674 4114 966 4168 verborum
997 4111 1126 4167 folia
1163 4124 1186 4151 ε
1215 4113 1440 4178 dictum,
1470 4112 1562 4166 scd
1587 4127 1687 4182 pro
1717 4111 1978 4166 librorum
2007 4125 2138 4180 gen-

543 4203 720 4260 tilium
744 4203 973 4258 lectione
992 4201 1290 4274 profertum
1323 4211 1423 4258 est.
1458 4201 1606 4269 Quos
1631 4202 1708 4256 uti
1745 4202 1760 4240 ί
1796 4217 1902 4256 non
1939 4201 2006 4254 ad
2036 4200 2136 4255 ho-

546 4301 810 4350 nestatem
833 4294 1091 4349 debemus
1113 4293 1425 4359 verborum,
1442 4294 1534 4349 sed
1558 4292 1624 4346 ad
1647 4292 1855 4347 fructus
1880 4307 2137 4347 sensuum

544 4403 639 4444 seu
668 4387 1059 4442 sententiarum
1093 4404 1106 4440 :
1138 4395 1194 4441 et
1225 4386 1305 4441 sic
1330 4386 1418 4440 ubi
1463 4387 1516 4440 in
1546 4386 1751 4441 eisdem
1781 4385 1984 4455 aliquid
2013 4384 2137 4439 ﬁdei

543 4481 866 4538 Christianae
906 4480 1166 4535 invenero
1209 4495 1530 4551 congruum,
1571 4479 1702 4534 mibi
1747 4479 2014 4533 vindicem
2057 4487 2139 4532 to-

2240 3298 2484 3369 Apostoli
2515 3307 2655 3354 totas
2685 3299 2969 3354 rimaveris
3015 3315 3112 3371 per
3158 3300 3563 3370 coniunctiones
3603 3306 3652 3352 et
3685 3309 3784 3366 pro-

2242 3391 2542 3461 positiones
2569 3407 2676 3446 non
2711 3393 2967 3464 congruis
2999 3393 3190 3464 positis
3220 3393 3360 3450 locis
3379 3435 3394 3461 ,
3419 3408 3537 3449 eum
3584 3392 3782 3462 ignarum

2241 3482 2490 3553 protinus
2519 3481 2679 3551 hujus
2726 3483 2920 3538 Donati
2963 3493 3080 3538 arte
3118 3485 3405 3540 evidenter
3443 3493 3596 3554 atque
3639 3485 3786 3550 aperte

2242 3571 2473 3626 videbis.
2506 3571 2660 3639 Quod
2689 3580 2870 3626 autem
2899 3571 2966 3626 de
2997 3571 3293 3629 Salomone
3314 3573 3538 3645 posuisti
3565 3586 3660 3626 non
3685 3581 3780 3623 eum

2242 3665 2656 3736 grammaticum
2688 3665 3135 3735 approbasti,sed
3165 3681 3232 3721 ex
3258 3667 3416 3723 libris
3447 3666 3698 3722 rhetorum
3720 3659 3784 3714 vel

2242 3754 2649 3810 dialecticorum
2697 3753 2878 3825 aliqua
2932 3756 3178 3826 posuisse
3220 3757 3476 3814 ﬁrmasti.
3517 3757 3644 3812 Dicit
3672 3751 3784 3808 enim

2243 3856 2298 3902 et
2325 3847 2670 3918 proposuisse
2693 3848 2973 3917 nonnulla,
3003 3859 3060 3906 et
3085 3849 3273 3922 aliqua
3324 3851 3665 3924 respondisse.
3707 3843 3785 3901 Ubi

2243 3942 2388 3995 enim
2417 3942 2615 3996 dicitur
2645 3941 2925 4008 nonnulla,
2951 3950 3007 3999 et
3034 3944 3236 4015 aliqua,
3285 3955 3527 4016 apertum
3569 3951 3645 3998 est
3674 3935 3787 4009 quod

2241 4047 2341 4103 pro
2393 4033 2794 4104 opportunitate
2855 4033 2960 4088 loci
3019 4050 3128 4090 nou
3176 4037 3386 4103 omnia,
3435 4036 3525 4092 sed
3583 4030 3786 4103 quaedam

2242 4122 2411 4178 fuisse
2459 4125 2527 4179 ad
2576 4139 2686 4179 rem
2743 4127 3094 4196 pertinentia,
3130 4137 3191 4184 ut
3245 4130 3458 4186 libitum
3489 4129 3561 4184 illi
3587 4120 3692 4189 fuit,
3717 4136 3787 4176 ex-

2243 4225 2428 4287 cerpta
2461 4217 2507 4270 i.
2536 4217 2646 4274 Nec
2684 4221 3014 4277 credendum
3043 4224 3186 4293 quod
3222 4225 3311 4280 vir
3355 4223 3622 4284 Hebraeus,
3666 4225 3711 4272 et
3745 4214 3786 4268 in

2243 4310 2592 4366 tavernaculo
2621 4311 2649 4352 ιι
2682 4327 2934 4369 sermone
2983 4315 3353 4382 doctissimus,
3402 4314 3553 4370 latini
3593 4305 3787 4368 hominis

2242 4411 2494 4471 sequeret
2515 4402 2757 4474 regulas,
2783 4414 2878 4460 aut
2903 4420 3002 4476 per
3039 4406 3234 4462 Donati
3283 4408 3548 4463 discurret
3574 4402 3723 4458 bullas
3753 4394 3785 4459 ‘.

2243 4501 2304 4547 ut
2328 4493 2529 4549 omissa
2554 4495 2910 4553 sanctissima:
2956 4497 3151 4568 lingua:
3194 4497 3441 4567 ﬂumina,
3469 4496 3683 4555 necdum
3712 4491 3787 4546 ad-

546 4582 684 4639 tum,
714 4582 770 4629 et
792 4585 1024 4629 excusso
1060 4587 1092 4627 a
1137 4571 1350 4628 Goliath
1398 4571 1594 4643 gladio,
1644 4576 1920 4640 amputem
1969 4569 2136 4639 ipsius

2246 4587 2350 4642 huc
2378 4587 2432 4641 in
2456 4601 2618 4644 cruce
2651 4578 2866 4646 Domini
2895 4589 3093 4662 linguae
3121 4601 3369 4656 sacratas,
3404 4591 3597 4649 auxilia
3622 4588 3789 4659 quaeret

543 4659 849 4735 impiissimi
882 4671 1044 4735 caput
1069 4663 1287 4734 proprio
1314 4661 1438 4728 telo,
1463 4661 1605 4719 sicut
1634 4660 1724 4715 illa
1751 4676 1872 4730 quae
1904 4659 2139 4716 delibris

543 4755 714 4811 beatae
750 4756 1025 4811 memoriae
1062 4753 1350 4824 Augustini
1378 4761 1663 4808 exscertus
1693 4753 1718 4792 ε
1744 4766 1804 4806 es
1828 4751 1895 4806 de
1931 4749 2140 4805 Mercu-

543 4849 626 4903 rio
652 4863 751 4918 pro
769 4863 908 4902 vano
934 4845 1096 4911 idolo,
1115 4845 1200 4900 vel
1229 4845 1316 4899 illa
1343 4859 1462 4914 qua:
1487 4844 1555 4898 de
1580 4842 1898 4914 sibyllarum
1925 4857 2140 4899 mecum

545 4938 721 5010 legisti
751 4938 1028 4992 vaticinio.
1057 4937 1148 4992 Sic
1188 4945 1243 4992 et
1288 4935 1579 5006 Apostolus
1627 4937 1951 4993 necessitate
1985 4952 2133 4992 com-

543 5029 730 5099 pulsus
756 5028 1013 5098 pleraque
1039 5042 1107 5082 ex
1136 5028 1265 5096 ipsis
1301 5036 1490 5082 contra
1517 5028 1735 5082 eosdem
1768 5036 1852 5084 est
1879 5044 2134 5099 prosecu-

543 5130 662 5188 tus,
695 5135 802 5176 non
835 5134 895 5174 se
921 5133 1020 5190 per
1039 5133 1229 5175 eorum
1263 5119 1502 5192 dirigens
1522 5119 1764 5192 regulam
1782 5160 1798 5188 ,
1822 5121 1918 5179 sed
1942 5137 2036 5180 eos
2064 5121 2134 5178 ad

614 5291 642 5319 ι
681 5275 811 5346 Leg.
845 5275 901 5328 in
930 5274 1196 5345 mysterio.

613 5349 642 5389 ιι
682 5347 745 5402 F.
780 5355 834 5399 ut
863 5346 938 5399 in.

620 5429 644 5459 ε
686 5416 927 5483 Destina,
955 5415 1007 5471 id
1038 5425 1123 5472 est
1150 5416 1439 5483 columma,
1465 5417 1549 5472 vel
1575 5419 2023 5475 sustentaculum.
2051 5419 2128 5476 lta

546 5491 709 5546 etiam
737 5497 956 5560 sanctus
984 5486 1200 5544 Braulio
1241 5489 1294 5543 in
1334 5488 1522 5558 Elogio
1564 5489 1671 5544 divi
1708 5489 1897 5546 lsidori
1930 5491 2126 5560 inquit,

545 5562 718 5618 Deum
743 5559 811 5614 ad
839 5561 1192 5614 restauranda
1219 5560 1568 5629 antiquorum
1600 5571 1948 5618 monumenta
1978 5559 2127 5617 illum

545 5631 700 5704 quasi
727 5633 1041 5704 quamdam
1078 5630 1394 5704 apposuisse
1441 5631 1724 5704 destinam.
1782 5632 1918 5691 Vide
1964 5634 2128 5691 etiam

546 5700 789 5783 torno}.
825 5700 1478 5783 Corippilaucloritatent,
1509 5716 1632 5783 pag.
1662 5703 1787 5760 469.

613 5773 642 5817 ἀ
676 5772 757 5832 Ms
772 5812 812 5841 .,
847 5772 1181 5833 tradendum.

2240 4681 2547 4751 peregrina.
2571 4681 2772 4738 Paulus
2797 4697 2929 4739 vero
2968 4699 3075 4740 non
3115 4693 3421 4740 metrorum
3447 4682 3706 4757 gentilium
3726 4676 3783 4729 lev

2244 4773 2422 4844 gibus,
2451 4774 2764 4845 pedibusve,
2786 4787 2849 4831 ut
2877 4776 3032 4843 dicis,
3062 4777 3307 4842 servivit,
3344 4776 3439 4833 sed
3487 4767 3789 4846 Epimenides

2245 4871 2514 4928 versiculo
2537 4888 2670 4928 usus
2707 4871 2810 4928 fuit
2852 4872 2920 4927 ab
2966 4872 3073 4927 alio
3118 4872 3371 4937 condito,
3395 4871 3497 4927 sibi
3545 4878 3707 4924 tamen
3746 4862 3786 4913 in

2242 4965 2548 5021 necessaria
2580 4965 3002 5022 commodatum.
3027 4965 3211 5036 Inepta
3233 4974 3359 5021 sunt
3384 4966 3499 5019 haec
3519 4971 3572 5017 et
3599 4954 3786 5016 frivola;

2242 5057 2372 5128 quin
2421 5057 2604 5127 potius
2647 5059 2891 5123 ostende,
2934 5056 3027 5112 ubi
3083 5056 3198 5126 ipse
3255 5053 3534 5126 apostolici
3580 5048 3672 5105 viri
3711 5056 3787 5115 per

2243 5147 2406 5219 hujus
2437 5159 2529 5204 tua
2557 5148 2758 5205 exculti
2782 5157 2912 5205 sunt
2941 5149 3247 5220 disciplina.

2319 5317 2343 5378 ξ’
2384 5305 2449 5362 D.
2482 5305 2591 5362 Pro
2621 5307 2787 5378 foliis,
2815 5307 2957 5364 sicut
3003 5308 3186 5364 statim
3234 5305 3413 5376 inquit
3455 5321 3548 5377 pro
3583 5299 3782 5371 lectione.

2317 5375 2338 5415 ί
2377 5378 2439 5432 L.
2473 5375 2674 5445 Quibus
2704 5379 2778 5433 uti
2802 5393 2910 5434 non
2935 5379 3214 5436 debemus.

2315 5449 2341 5489 ε
2376 5449 2439 5503 L.
2468 5448 2784 5519 Excerplus.

2309 5519 2340 5590 ξι
2364 5519 2439 5590 Ε.
2483 5517 2741 5574 Prtedixit
2770 5520 2898 5590 legis
2917 5519 3129 5590 stylum.

2317 5589 2334 5666 ξ
2362 5589 2438 5644 Ita
2462 5579 2901 5662 llieronymus'iu
2930 5579 3140 5648 comm.
3160 5593 3330 5664 Epist.
3357 5592 3426 5647 ad
3449 5589 3578 5654 Tit.,
3597 5602 3641 5644 c.
3657 5579 3782 5651 1,13-

2317 5671 2329 5710 ι
2377 5660 2497 5714 Με..
2523 5673 2755 5714 excepta.

2315 5671 2329 5710 ι
2377 5671 2497 5720 Με..
2523 5673 2755 5720 excepta.

2315 5681 2329 5710 ι
2377 5681 2497 5720 ms.,
2523 5681 2755 5732 excepta.

2315 5732 2342 5772 Ιί
2379 5731 2440 5785 L.
2487 5730 2798 5788 Vernaculo.

2319 5802 2338 5843 ι
2378 5803 2435 5860 ld
2467 5805 3023 5878 cstperstrepentium
3048 5821 3240 5863 vocum
3281 5811 3548 5861 ornatum.
