4034 6350
231 347 342 404 433

1696 339 2074 398 EPISTOLA‘Z.

3400 345 3505 408 tu

307 465 397 521 10.
430 461 586 533 Quod
613 475 745 520 vero
774 458 1073 518 Iuvencum
1105 459 1308 517 asseris
1330 458 1681 530 Evangelium
1717 457 1818 512 sub
1847 461 1899 520 Α
1924 457 2069 512 viros
2105 472 2212 512 non
2256 471 2511 515 sensuum
2538 457 2769 516 veritate
2794 460 3048 532 gaudere,
3081 449 3177 520 sed
3209 465 3504 523 verborum

231 558 467 617 metrica
496 557 709 612 misisse
732 555 870 625 lege,
904 554 1026 609 audi
1064 553 1166 608 hoc
1193 554 1247 608 in
1294 553 1507 608 laudem
1566 566 1689 606 eum
1737 548 1822 604 fe-

157 682 159 684 -
231 652 379 706 cisse
417 648 644 713 Christi,
670 656 728 702 ut
755 645 1014 716 quidquid
1043 659 1112 700 ex
1137 645 1242 700 hoc
1287 644 1466 699 inesse
1523 643 1626 698 sibi
1679 641 1822 697 dole-

228 743 327 798 bat
351 742 667 806 sordidum,
701 755 798 809 per
844 738 1056 793 laudem
1101 737 1198 793 Dei
1242 735 1527 808 pulchrum
1574 734 1823 790 redderet

229 845 401 907 atque
449 831 854 890 excultum.'Et
900 831 1024 902 quia
1072 845 1138 886 eo
1178 839 1305 886 tunc
1352 839 1596 899 tempore
1650 828 1824 897 magis

233 928 489 1000 quisquis
535 926 782 982 versibus
827 939 1050 994 operam
1109 924 1303 989 dabat,
1353 932 1572 992 propter
1622 921 1823 992 eloquii

229 1028 603 1086 venustatem,
625 1029 682 1074 et
703 1033 800 1088 per
827 1017 1166 1072 occasionem
1189 1013 1632 1078 dissertitudinis,
1652 1011 1824 1084 genti-

228 1112 366 1168 lium
393 1110 663 1167 serviebat
691 1108 890 1174 errori,
906 1108 1029 1162 dum
1053 1106 1292 1178 legerent
1311 1104 1518 1174 Virgilii
1539 1103 1821 1170 Eneidos,

229 1214 290 1259 et
313 1203 510 1259 ﬂerent
539 1201 798 1257 Didonem
819 1199 1164 1264 exstinctam,
1184 1197 1438 1267 ferroque
1461 1204 1706 1250 extremo
1741 1209 1825 1250 se-

228 1305 441 1359 cutam,
462 1293 545 1349 vel
567 1301 806 1363 spretam
829 1289 1081 1361 iniuriam
1106 1288 1313 1352 formae,
1329 1287 1536 1358 etrapti
1568 1287 1824 1342 Ganime-

231 1386 320 1441 dis
351 1387 608 1449 honores,
630 1381 872 1437 fallacem
888 1382 1088 1435 donum
1107 1379 1381 1444 Minervae,
1394 1389 1450 1434 et
1467 1377 1644 1434 dolum
1658 1376 1824 1433 Juno-

229 1476 323 1530 nis
339 1475 539 1545 iniqua:
555 1491 568 1540 ;
587 1488 654 1528 ne
667 1473 753 1528 his
765 1471 1059 1535 erroribus,
1081 1471 1398 1526 sordibusve
1413 1471 1825 1540 inquinarentur

228 1567 556 1632 Christiani,
571 1565 858 1636 prtevisum
877 1577 904 1604 ι
928 1573 1030 1629 081,
1051 1572 1110 1618 111
1135 1563 1358 1618 metrice
1379 1561 1641 1617 miracula
1664 1577 1826 1617 cane-

228 1672 359 1714 rent
373 1658 573 1714 Christi
592 1673 606 1712 :
624 1667 685 1713 ut
704 1657 887 1711 inlecti
907 1655 1128 1711 metrica
1146 1655 1450 1717 dulcedine,
1464 1654 1624 1710 simul
1643 1663 1696 1709 et
1718 1670 1823 1709 non

231 1752 522 1807 mendacio
548 1791 564 1816 ,
604 1749 700 1806 sed
745 1749 974 1804 veritate
1003 1748 1240 1819 propriis
1267 1747 1618 1812 inhaererent,
1652 1746 1824 1802 melli-

1925 552 2404 621 compositionibus
2428 553 2735 623 deservire;
2780 571 2953 628 neque
2980 575 3083 630 pen
3099 559 3505 630 simplicitatem

1923 661 2143 703 currere
2170 647 2392 715 Christi,
2425 651 2521 705 sed
2549 666 2646 721 per
2675 663 2848 710 artem
2889 654 3166 712 liberalem
3195 657 3406 712 Donati.
3438 659 3507 714 Et

1921 737 2079 808 plane
2125 746 2253 794 tunc
2283 738 2337 792 in
2367 741 2716 810 responsione
2757 758 2862 797 non
2896 760 3060 799 unmn
3106 753 3314 800 tantum
3360 746 3502 802 diem

1923 830 2198 896 desudem,
2252 831 2347 886 sed
2397 832 2562 888 totius
2609 849 2742 888 mea:
2789 843 3000 906 tempus
3039 840 3064 878 ε
3099 838 3241 893 vitae.
3300 838 3507 896 Sensus

1920 923 2066 978 enim
2119 924 2375 989 hominis,
2431 940 2592 994 quem
2645 925 2798 982 Plato
2846 928 2900 982 in
2955 929 3200 996 cerebro,
3255 929 3507 987 Christus

1921 1025 2190 1072 monstrat
2218 1017 2270 1072 in
2301 1017 2464 1073 corde
2491 1019 2607 1074 haec
2634 1019 2815 1074 omnia
2853 1018 3146 1088 adinvenit,
3181 1037 3287 1078 non
3321 1023 3408 1079 ille
3435 1024 3506 1079 ob

1923 1110 2109 1165 eadem
2143 1111 2170 1150 ιι
2204 1110 2458 1165 inventus
2504 1109 2622 1164 fuit.
2685 1110 2837 1166 Unde
2885 1112 3087 1182 liquide
3136 1122 3370 1180 constat,
3412 1115 3507 1185 qui

1923 1217 2140 1258 sensum
2188 1203 2478 1258 columeni
2515 1204 2675 1274 gerit,
2727 1220 3003 1274 nunquam
3049 1207 3264 1262 aliunde
3314 1206 3508 1265 81111⁵10-

1923 1296 2069 1367 gium
2119 1296 2252 1350 artis
2301 1295 2596 1364 inquirere,
2652 1313 2810 1364 quem
2858 1297 2910 1351 in
2961 1313 3020 1352 se
3055 1299 3264 1369 sibique
3310 1301 3506 1356 iterum

1921 1386 2168 1456 prawidit
2214 1401 2354 1441 esse.
2409 1385 2503 1442 Ille
2551 1387 2694 1441 enim
2742 1389 2932 1442 Donati
2983 1399 3189 1458 quaerat
3221 1391 3502 1458 auxilium,

1924 1477 2009 1531 cui
2055 1475 2301 1531 debilitas
2347 1476 2516 1531 inlicit
2565 1477 2811 1546 gradum.
2864 1478 3028 1535 Nobis
3060 1489 3241 1536 tamen
3271 1499 3505 1552 quorum

1924 1568 2195 1633 Christus,
2236 1570 2440 1638 quiest
2485 1571 2747 1640 sapientia
2789 1587 2936 1636 vera.
2970 1574 3209 1638 instruit,
3246 1573 3409 1640 fovet,
3451 1586 3510 1631 et

1925 1659 2102 1714 erudit
2132 1659 2492 1725 intellectum;
2525 1670 2583 1715 ut
2607 1661 2734 1731 quid
2759 1677 2852 1732 per
2883 1663 3161 1733 gentilium
3191 1665 3506 1735 vagabimus

1925 1749 2164 1813 delubra.
2198 1764 2318 1804 cum
2349 1757 2556 1806 constet
2585 1760 2770 1806 nostra
2803 1753 2966 1807 totius
2995 1752 3363 1808 doctrinarum
3389 1754 3509 1810 fon-

228 1845 404 1902 ﬂuum
432 1845 652 1899 lihando
673 1858 958 1913 saporem,
988 1841 1332 1896 ethnicorum
1357 1847 1678 1910 respuerent
1704 1853 1815 1893 sor-
1849 1830 1896 1891 Β
1925 1841 2070 1897 tibus
2096 1842 2276 1912 opleta
2304 1842 2508 1896 vitalia.
2551 1843 2705 1899 Unde
2751 1844 2922 1898 sancti
2957 1853 3012 1899 et
3054 1845 3336 1914 apostolici
3377 1846 3503 1912 viri,

231 1940 446 2004 didum,
475 1937 991 2009 spurcissimumque
1022 1934 1292 1999 faetorem,
1339 1933 1637 1990 secundmn
1683 1933 1826 2002 quod

233 2029 494 2084 Sedulius
527 2028 579 2082 in
616 2026 928 2098 praefatione
956 2025 1138 2095 operis
1181 2024 1459 2080 Paschalis
1515 2023 1826 2079 Calcidonio

231 2122 512 2192 prosatice
537 2120 632 2173 ait.
660 2118 813 2185 Quod
842 2119 958 2190 ipsa
991 2125 1079 2172 tua
1135 2118 1421 2188 sagacitas,
1456 2117 1502 2172 si
1550 2115 1822 2181 maluerit,

230 2215 486 2272 invenire
515 2214 735 2270 valebit.

308 2308 466 2376 Quod
495 2316 674 2363 autem
706 2305 858 2362 nobis
888 2312 1126 2362 veterem
1159 2306 1474 2362 haereticum
1512 2305 1823 2378 Origenem,

232 2399 572 2471 praecipuum
602 2399 880 2454 doctorem
909 2397 1114 2462 dicens,
1145 2397 1199 2451 in
1231 2398 1596 2453 testimonium
1621 2397 1823 2467 produ-

233 2493 340 2559 cis,
373 2507 534 2563 quem
575 2508 605 2546 a
652 2491 903 2545 Patribns
943 2490 1256 2544 damnatum
1297 2490 1409 2560 ipse
1447 2506 1550 2544 non
1590 2489 1768 2543 nescis
1806 2503 1820 2542 :

235 2585 383 2640 scias
426 2598 511 2638 me
541 2580 658 2651 ejus
699 2598 806 2637 non
848 2580 1040 2636 terreri
1087 2579 1248 2635 dictis
1281 2580 1336 2646 δ,
1367 2580 1531 2635 etiam
1559 2580 1602 2634 si
1633 2587 1825 2634 contra

234 2692 326 2733 me
379 2677 696 2739 existerent,
745 2674 976 2744 potiora.
1029 2671 1147 2742 Ipse
1196 2672 1341 2726 enim
1393 2680 1480 2726 est
1528 2671 1619 2741 qui
1668 2671 1824 2736 dixit,

231 2773 344 2824 Ars
377 2769 585 2840 magica
619 2767 750 2821 mihi
782 2783 889 2820 non
916 2766 1131 2820 videtur
1161 2763 1386 2832 alicujus
1419 2765 1495 2818 rei
1527 2763 1826 2819 subsisten-

234 2860 312 2916 tis
345 2858 694 2924 vocabulum;
731 2858 823 2913 sed
846 2858 946 2912 etsi
973 2857 1063 2923 sit,
1091 2873 1198 2912 non
1224 2867 1308 2912 est
1335 2856 1513 2927 operis
1543 2856 1688 2921 mali,
1727 2871 1828 2910 nec

234 2954 389 3024 quod
435 2953 622 3008 haberi
660 2952 830 3021 possit
854 2949 1206 3021 contemptui.
1243 2948 1380 3004 Puto
1411 2958 1460 3002 te
1489 2948 1662 3002 virum
1693 2963 1824 3016 pru-

237 3043 619 3099 dentissimum
665 3032 876 3096 11000111)
907 3040 1095 3095 eodem
1137 3039 1279 3094 dicta
1316 3053 1421 3092 non
1453 3038 1700 3108 probare,
1742 3035 1826 3089 vel

236 3146 438 3194 catt-ra
473 3149 591 3205 qua:
619 3134 672 3190 in
702 3134 854 3188 libris
889 3133 1221 3188 Periarchon
1254 3130 1477 3199 digessit
1504 3147 1611 3184 non
1641 3129 1827 3184 dubito

1930 1933 2032 1989 etsi
2077 1949 2175 2002 per
2213 1933 2462 2004 peritiam
2508 1933 2698 1988 Donati
2739 1934 2840 1989 visi
2889 1943 3014 1991 sunt
3060 1935 3227 2004 loqui,
3282 1952 3408 1990 non»
3440 1935 3510 1991 ab

1927 2026 2118 2082 eodem
2163 2026 2417 2081 credendi
2448 2035 2575 2081 sunt
2601 2025 2768 2082 fuisse
2797 2028 3048 2083 instructi
3069 2070 3083 2094 ,
3117 2030 3209 2084 sed
3234 2031 3301 2084 ah
3326 2045 3391 2085 eo
3416 2031 3511 2101 qui

1923 2119 2028 2176 hoc
2052 2119 2225 2190 ipsum
2251 2127 2409 2174 tenue
2437 2119 2612 2174 eidem
2639 2121 2908 2191 congessit
2945 2121 3154 2191 gentili.
3200 2121 3318 2177 Non
3363 2124 3512 2180 enim

1924 2211 2189 2280 apostoli,
2239 2218 2331 2264 aut
2381 2211 2654 2280 propheta:
2687 2252 2701 2276 ,
2753 2212 2908 2282 quasi
2957 2229 3024 2267 ex
3079 2228 3243 2284 opere
3303 2215 3508 2285 regulis

1925 2303 2298 2359 deservierunt
2345 2303 2612 2367 humanis,
2668 2304 2762 2360 sed
2817 2304 3060 2359 eolumii
3122 2321 3282 2362 sensu
3331 2308 3512 2377 quali-
3589 2331 3611 2352 ο

1926 2405 2009 2453 101
2044 2395 2361 2468 proferenda
2393 2403 2575 2452 essent
2605 2396 2979 2453 instrumentis
3019 2399 3386 2468 przevidehant
3427 2399 3512 2455 di-

1925 2487 2085 2544 vinis.

1998 2580 2085 2634 11.
2126 2578 2277 2646 Quod
2301 2592 2431 2634 vero
2456 2585 2564 2633 tres
2591 2593 2791 2648 pueros
2817 2579 2952 2634 dicis
2980 2582 3392 2651 grammaticam
3419 2581 3518 2638 do-

1928 2670 2128 2735 cuisse,
2170 2670 2340 2724 miror
2380 2678 2431 2724 te
2467 2669 2785 2737 prudentem
2831 2669 3107 2725 hominem
3164 2680 3276 2725 tam
3324 2672 3519 2726 leviter

1928 2761 2198 2830 opinasse,
2240 2768 2300 2814 ut
2330 2758 2677 2814 Chaldaicam
2721 2758 3061 2828 disciplinam
3106 2763 3517 2830 grammaticam

1930 2866 2166 2915 asseras,
2215 2866 2337 2906 cum
2379 2850 2731 2921 grammatica
2777 2849 3243 2917 Grzecidicatur,
3293 2862 3349 2908 ct
3401 2853 3520 2923 ipso

1915 2945 2148 3000 nomine
2179 2943 2316 2999 facie
2348 2953 2504 2998 tenus
2530 2943 2659 3013 quid
2700 2943 2770 2997 sit
2801 2944 3041 3012 apertius
3072 2945 3374 3016 indagetur.
3408 2945 3516 3000 Ve-

1932 3053 2051 3092 rum
2088 3035 2210 3105 quia
2241 3036 2480 3091 editione
2522 3035 2835 3107 Symmachi
2876 3053 2975 3108 pro
3015 3038 3240 3095 1101111οα
3269 3057 3329 3097 08
3364 3057 3520 3108 usus,

1933 3137 2096 3198 atque
2142 3127 2294 3196 quasi
2337 3127 2534 3198 ignotis
2575 3128 2628 3182 in
2666 3127 2840 3207 aliam
2868 3128 3088 3185 alterius
3118 3129 3235 3186 loco
3264 3130 3521 3188 inducere

236 3239 296 3286 10
332 3227 628 3283 fortissime
673 3224 928 3281 refutare.
986 3225 1169 3296 Magos
1213 3238 1342 3304 vero
1373 3223 1492 3278 illos
1537 3222 1658 3277 vale
1708 3237 1833 3292 1110-
1858 3201 1904 3264 C
1935 3237 1995 3277 es
2018 3221 2182 3285 visus,
2207 3221 2316 3291 regi
2343 3201 2842 3276 Nabuchodonosor
2869 3221 3396 3292 profanijussionem
3429 3241 3523 3280 no-

238 3317 441 3391 phetire
467 3329 488 3356 ο
523 3324 821 3372 commotos
849 3313 1017 3370 fuisse
1044 3314 1410 3370 certissimum
1439 3321 1540 3368 est.
1571 3312 1676 3368 Sed
1707 3327 1834 3381 pro-

238 3412 426 3484 phetia
458 3425 488 3464 a
519 3411 630 3464 Deo
657 3409 730 3463 illi
765 3408 1048 3478 inspirata,
1094 3423 1200 3463 non
1241 3407 1309 3461 ab
1349 3415 1466 3461 arte
1507 3406 1700 3460 Donati
1745 3406 1832 3460 111-

241 3513 429 3560 venta.
480 3502 657 3558 Debes
699 3501 870 3558 elehel
898 3500 947 3567 ά,
993 3515 1188 3570 nempe
1235 3500 1346 3556 11110
1395 3499 1550 3565 111111,
1590 3499 1660 3553 liii
1701 3499 1830 3565 Hor,

241 3597 337 3667 qui
391 3595 630 3666 repletus
679 3593 890 3649 exstitit
944 3591 1130 3648 divino
1176 3590 1380 3660 Spiritu
1425 3590 1624 3662 (Exod.
1653 3585 1843 3659 xxxi),

241 3687 376 3758 quid
407 3687 596 3756 cupias
627 3683 894 3739 aiiirmare
924 3699 1030 3738 non
1071 3681 1331 3752 intelligo.
1370 3679 1619 3748 Nunquid
1654 3679 1766 3733 dixi
1802 3693 1833 3732 a

243 3779 358 3833 Deo
381 3777 700 3847 sapientiam
751 3774 883 3828 nulli
932 3773 1213 3828 hominum
1259 3772 1463 3835 datam,
1510 3777 1604 3823 aut
1639 3767 1831 3838 negavi

246 3884 469 3926 omnem
507 3867 787 3923 scientiam
813 3881 843 3919 a
871 3863 1185 3920 coelestibus
1211 3879 1243 3916 a
1270 3861 1384 3916 Deo
1425 3869 1687 3916 creatura:
1725 3873 1835 3914 suae

243 3958 508 4023 delatam,
539 3964 600 4011 ut
625 3955 806 4024 hujus,
837 3964 892 4010 et
912 3954 1066 4009 Eliah
1088 3952 1255 4007 filium
1284 3951 1591 4006 Bacisamat
1623 3962 1671 4016 ο,
1702 3949 1835 4004 1111111

243 4067 474 4108 enarres
513 4051 698 4121 gesta?
745 4049 859 4104 lmo
903 4049 1072 4104 libere
1110 4046 1414 4119 profiteor:
1456 4045 1623 4102 Omne
1653 4046 1836 4100 datum

245 4144 464 4206 bonum,
500 4151 548 4195 et
571 4157 724 4195 omne
747 4140 944 4194 donum
981 4139 1266 4210 perfectum
1306 4138 1584 4192 desursum
1615 4155 1646 4190 a
1677 4134 1838 4191 Patre

243 4234 510 4288 luntinum
531 4250 641 4289 esse
662 4233 804 4305 (Jac.
832 4249 871 4299 1,
901 4233 990 4306 17)
1018 4251 1031 4286 :
1061 4241 1114 4287 et
1142 4233 1244 4287 hoc
1266 4246 1499 4301 namque
1518 4232 1714 4286 donum
1738 4229 1841 4285 fuit

245 4326 571 4400 perfectum,
600 4327 727 4397 quia
751 4327 804 4380 in
826 4327 1029 4382 honore
1050 4327 1342 4381 sanctuarii
1367 4325 1466 4380 Dei
1488 4325 1694 4380 exstitit
1715 4339 1841 4380 con-

247 4427 550 4475 secratum.
576 4417 829 4488 Nunquid
855 4426 1027 4473 artem
1058 4418 1250 4474 Donati
1281 4417 1481 4473 donum
1512 4417 1716 4487 poteris
1743 4416 1838 4470 ﬁr-

247 4525 405 4566 mare
433 4509 771 4581 perfectum?
807 4507 914 4566 Sed
949 4519 1009 4565 ut
1032 4508 1368 4565 consentiam
1403 4508 1687 4564 sententia:
1712 4516 1834 4575 tute,

1937 3315 2023 3372 bis
2046 3316 2096 3370 in
2120 3315 2420 3371 doctrinam
2444 3315 2704 3381 formans,
2727 3324 2781 3370 et
2803 3316 2945 3385 quod
2970 3315 3056 3368 ille
3078 3315 3261 3385 pueris
3295 3316 3522 3385 captivis

1938 3405 2084 3470 fecit,
2101 3405 2256 3460 nobis
2276 3405 2461 3461 liberis
2481 3403 2660 3460 facere
2682 3407 2945 3459 mandans
2962 3422 2975 3470 ;
2995 3405 3112 3458 audi
3134 3405 3261 3473 quid
3284 3405 3407 3461 inde
3428 3422 3524 3461 no-

1936 3506 2050 3553 ster
2065 3497 2423 3568 Hieronymus
2445 3496 2819 3551 sanctissimus
2839 3496 3038 3551 sentiat
3059 3514 3070 3549 :
3090 3494 3246 3561 Nota,
3265 3496 3362 3562 ait,
3377 3496 3523 3566 quod

1938 3592 2079 3647 Deus
2111 3590 2318 3644 dederit
2347 3591 2552 3645 sanctis
2579 3589 2763 3659 pueris
2788 3588 3072 3643 scientiam
3103 3598 3157 3643 et
3181 3588 3521 3658 disciplinam

1937 3683 2273 3739 saecularium
2298 3682 2603 3738 litterarum
2621 3682 2673 3735 in
2688 3681 2836 3736 omni
2860 3680 3019 3745 111110,
3042 3695 3142 3750 pro
3154 3695 3260 3750 quo
3274 3679 3524 3751 Symma-

1936 3793 2038 3832 cus
2057 3777 2443 3845 interpretatus
2472 3783 2556 3829 est
2580 3784 2751 3828 artem
2776 3773 3212 3845 grammaticam,
3244 3781 3304 3827 ut
3327 3780 3523 3828 cuncta

1937 3886 2058 3942 qua:
2082 3868 2334 3939 legebant
2353 3866 2733 3938 intelligerent,
2761 3875 2816 3920 et
2837 3864 3027 3936 spiritu
3051 3865 3143 3920 Dei
3164 3866 3230 3920 de
3251 3862 3527 3919 Chaldaeo-

1937 3979 2056 4019 rum
2080 3958 2658 4028 scientia'judicarent.
2687 3958 2756 4013 Et
2776 3958 3043 4028 siquidem
3071 3972 3160 4013 rex
3186 3957 3400 4029 gentilis
3428 3971 3524 4011 eos

1940 4069 2103 4112 causa
2135 4051 2452 4109 eruditionis
2485 4052 2551 4107 ad
2581 4051 2959 4107 scholasticam
2992 4051 3292 4107 doctrinam
3321 4049 3524 4122 posuit,

1939 4148 2036 4203 sed
2089 4147 2231 4201 Deus
2303 4145 2408 4200 illis
2467 4145 2534 4198 ad
2599 4145 2998 4200 convincendos
3050 4145 3320 4216 sapientes
3366 4144 3528 4199 Chal-

1937 4239 2177 4296 daeorum
2201 4237 2546 4307 multiplicem
2575 4237 2895 4308 sapientiam
2921 4235 3087 4292 dedit.
3143 4237 3528 4291 Animadverte

1940 4331 2066 4401 quia
2094 4331 2236 4385 Deus
2261 4329 2408 4385 dedit
2429 4329 2508 4383 eis
2529 4328 2937 4400 intelligentiam
2963 4339 3018 4383 et
3041 4329 3348 4394 scientiam,
3380 4338 3440 4383 ut
3463 4330 3529 4383 de

1941 4423 2315 4478 Chaldaeorum
2363 4419 2587 4476 scientia
2630 4421 2778 4490 ipsos
2824 4419 3087 4475 refutaret
3121 4419 3420 4475 Chaldreos.
3461 4418 3528 4473 Et

1945 4514 2238 4568 notandum
2263 4512 2407 4583 quod
2444 4527 2549 4567 non
2587 4511 2656 4565 al)
2681 4511 2768 4565 illa
2799 4509 3083 4581 disciplina
3107 4511 3190 4566 vel
3219 4513 3286 4566 ab
3321 4509 3528 4564 eisdem

243 4605 340 4661 {ac
383 4605 513 4675 quia
550 4605 749 4661 donum
780 4603 850 4660 sit
876 4603 1198 4675 perfectum,
1245 4601 1538 4672 datumque
1583 4603 1654 4658 sit
1695 4601 1839 4672 opti-
1867 4562 1920 4625 Β
1945 4562 2324 4673 deceptoribtis
2349 4609 2476 4657 sunt
2501 4601 2680 4666 docti,
2709 4601 2801 4655 sed
2831 4616 2863 4655 a
2896 4562 3008 4656 020
3038 4600 3262 4670 decuplo
3291 4611 3416 4655 sunt
3443 4600 3529 4653 111-

246 4710 423 4752 mum.
461 4694 712 4765 Nunquid
747 4695 858 4750 dixi
887 4695 940 4751 in
969 4695 1220 4756 omnibus
1248 4703 1303 4751 et
1332 4695 1386 4750 in
1415 4695 1598 4750 omnia
1626 4695 1842 4766 penitus

245 4787 582 4858 reprohum?
618 4785 870 4856 Nunquid
916 4800 1023 4841 non
1072 4795 1198 4842 sunt
1241 4787 1358 4842 inec
1381 4786 1546 4842 verba
1584 4784 1837 4855 Epistola:

246 4894 390 4936 meae
417 4896 430 4932 :
470 4898 489 4930 1
519 4877 748 4934 Sanctos
777 4887 832 4933 et
875 4876 1201 4948 apostolicos
1230 4877 1379 4933 viros
1411 4893 1516 4933 non
1549 4877 1838 4931 verborum

249 4972 744 5042 compositionibus
788 4971 1100 5036 deservire,
1160 4971 1254 5026 sed
1305 4985 1561 5026 sensuum
1612 4968 1841 5024 veritate

248 5063 524 5138 gaudere;
573 5079 747 5135 neque
793 5079 892 5134 per
939 5071 1111 5118 artem
1162 5062 1440 5117 liberalem
1491 5061 1706 5127 Donati,
1743 5060 1844 5116 sed

247 5173 356 5230 per
381 5157 784 5228 simplicitatem
807 5170 1029 5212 currere
1055 5154 1279 5210 Christi.
1309 5175 1328 5208 1
1366 5154 1422 5210 Si
1446 5155 1549 5210 hoc
1572 5154 1840 5224 displicet,

249 5258 314 5308 et
357 5249 585 5305 refutari
633 5249 804 5322 magis
852 5263 1015 5318 quam
1060 5246 1213 5317 sequi
1262 5245 1469 5316 placet,
1511 5244 1843 5301 contrariam

249 5341 583 5398 sententiam
610 5339 788 5397 forma
828 5338 848 5379 ί
887 5347 947 5394 111
979 5338 1148 5404 dicas,
1189 5347 1408 5395 sanctos
1437 5346 1493 5392 01
1526 5335 1850 5408 apostolicos

331 5492 356 5519 ι
386 5477 452 5533 F.
485 5478 772 5548 provisum.

329 5550 360 5590 δ
406 5547 528 5613 Ms},
557 5550 749 5603 terreni
775 5547 937 5603 dicta.

335 5631 358 5660 ε
386 5618 560 5692 Juxta
607 5620 855 5692 superius
897 5626 1113 5686 notata,
1174 5617 1402 5673 Balaam
1447 5614 1720 5688 prophetia
1772 5614 1848 5671 le-

254 5691 518 5766 gendum.

333 5760 361 5800 ⁸
390 5761 452 5817 L.
488 5762 565 5817 De
596 5761 881 5817 Beselehel.

342 5844 366 5874 ε
409 5833 665 5906 Vulgata:
692 5832 879 5889 Ooliab
907 5832 1077 5902 ﬁlium
1105 5831 1463 5887 Achisamerh.

1947 4694 2160 4749 lustrati
2194 4711 2207 4746 :
2237 4701 2296 4748 ut
2331 4692 2598 4763 intelligas
2625 4708 2732 4748 non
2760 4701 2876 4747 arte
2899 4707 2994 4748 eos
3021 4691 3126 4747 hoc
3167 4691 3331 4750 fuisse
3373 4705 3528 4746 asse-

1946 4793 2130 4850 cutos,
2163 4784 2257 4840 sed
2301 4784 2394 4839 Dei
2433 4799 2690 4850 munere,
2720 4784 2786 4838 ad
2815 4783 2960 4854 quod
2996 4784 3362 4839 necessarium
3389 4791 3531 4842 erat.

1945 4877 2256 4946 inspiratos.
2287 4876 2512 4932 Discunt
2537 4885 2716 4932 autem
2746 4917 2761 4942 ,
2797 4887 2858 4930 ut
2886 4876 2963 4931 ait
2991 4875 3350 4947 Hieronymus
3375 4917 3389 4941 ,
3424 4891 3530 4931 non

1951 4978 2011 5022 ut
2055 4974 2383 5037 sequantur,
2430 4969 2526 5024 sed
2567 4976 2624 5024 ut
2667 4967 2944 5040 judicent,
2989 4977 3153 5039 atque
3182 4968 3530 5026 convincant.

1951 5056 2230 5125 Quomodo
2259 5057 2526 5128 quispiam
2556 5059 2817 5114 adversus
2847 5058 3262 5114 mathematicos
3291 5058 3535 5114 scribere

1952 5148 2234 5219 imperitos
2270 5150 2681 5206 mathematicos
2711 5150 2844 5205 risui
2889 5158 3070 5221 pateat
3099 5150 3151 5218 ιι,
3182 5159 3236 5207 01
3274 5151 3546 5208 adversus

1949 5241 2302 5312 philosophos
2333 5242 2616 5312 disputans
2656 5242 2866 5314 ignoret
2906 5243 3158 5314 dogmata
3183 5243 3535 5315 philosopho-

1953 5351 2093 5392 rum.
2125 5337 2193 5392 Et
2217 5353 2345 5403 nos,
2370 5336 2840 5394 Reverendissime
2857 5377 2873 5405 ,
2903 5337 3319 5407 grammaticam
3347 5339 3426 5396 sic
3452 5339 3538 5395 die

2030 5469 2050 5509 ί
2095 5469 2219 5542 Ms.,
2251 5470 2499 5542 formam.

2032 5543 2057 5614 Β
2092 5541 2217 5614 his,
2247 5541 2510 5614 temporis.

2027 5613 2057 5652 ιι
2095 5613 2216 5679 Ms.,
2244 5614 2308 5668 ab
2337 5613 2564 5668 easdem.

2036 5683 2080 5735 ii
2118 5685 2214 5740 Ms.
2237 5727 2250 5748 ,
2284 5684 2585 5739 colomen...
2614 5686 2830 5743 colome.

2033 5757 2059 5794 ιί
2101 5755 2190 5810 Sic
2238 5755 2377 5810 forte
2421 5757 2772 5827 eorrigendus
2815 5766 2897 5813 est
2944 5757 3096 5815 locus
3130 5775 3144 5813 :
3176 5756 3454 5826 Quomodo
3493 5752 3538 5808 si

1959 5829 2214 5900 quispiam
2263 5829 2510 5882 (ulrersus
2561 5830 2951 5885 mathematicos
2995 5830 3230 5885 scribens
3275 5829 3550 5898 imperitus
