4034 6350
561 396 667 453 455

1811 400 2067 458 ALVARI
2109 398 2588 461 CORDUBENSIS

3722 424 3815 480 450

558 515 733 570 cimus
768 529 1181 586 consequamur,
1225 516 1318 572 sed
1362 516 1706 574 destruamus
1752 527 1810 574 et
1849 520 2145 575 convinca-
2174 520 2227 578 A
2253 528 2373 575 erat
2399 521 2481 578 eis
2512 536 2862 593 concessum,
2892 535 2983 582 aut
3022 542 3122 599 per
3150 530 3365 605 regulas
3393 535 3656 604 aptabant
3679 553 3816 609 gres-

556 620 698 672 mus,
731 607 1016 677 quisquam
1053 621 1150 663 nec
1177 622 1276 678 per
1298 608 1416 665 haec
1443 624 1661 682 gressus
1697 611 1922 683 dirigit,
1960 621 2018 668 et
2046 612 2141 669 de-

553 699 718 754 struit
744 702 993 755 semitam
1024 716 1187 771 quam
1215 702 1425 758 incidit.
1460 703 1665 761 Danieli
1692 706 1922 775 amplius
1943 721 2139 763 conce-

553 786 729 852 ditur,
761 789 887 843 dum
929 789 1225 848 solutiones
1262 793 1530 850 visionum
1566 794 1914 865 adjiciuntur.
1943 806 2004 853 ut
2038 813 2139 868 per

551 875 655 930 hoc
687 878 831 947 regia
862 876 1028 933 infula
1058 881 1441 948 decoraretur,
1472 894 1529 940 et
1564 886 1631 941 ad
1673 888 1817 957 quod
1844 904 1980 959 opus
2016 898 2139 947 erat

548 967 832 1021 sublimior
874 969 1187 1026 haberetur.
1238 973 1374 1031 Nam
1426 976 1652 1047 decuplo
1701 978 1899 1034 dicitur
1941 981 1995 1036 in
2040 996 2137 1039 eos

547 1055 716 1111 fuisse
751 1075 912 1128 quam
943 1061 995 1115 in
1024 1078 1214 1120 omnes
1254 1067 1455 1124 ariolus
1483 1080 1540 1126 ct
1583 1087 1769 1143 magos
1798 1113 1810 1125 .
1846 1082 1902 1128 et
1948 1074 2136 1144 utique

542 1161 649 1201 non
686 1158 816 1218 puto
847 1163 899 1205 te
934 1153 1037 1208 hoc
1078 1170 1183 1209 non
1220 1156 1481 1225 refutare,
1512 1171 1573 1214 ut
1598 1177 1794 1231 pueros
1822 1164 1917 1218 Dei
1952 1179 2135 1236 mago-

540 1251 660 1291 rum
692 1241 900 1298 artibus
935 1246 1203 1314 approbes
1231 1249 1554 1307 deservisse.
1606 1252 1713 1309 Sed
1743 1256 1930 1326 utique
1971 1257 2133 1313 decu-

538 1328 655 1398 plo,
684 1332 806 1400 quia
837 1349 957 1404 qua:
998 1337 1072 1391 illi
1114 1354 1212 1408 per
1242 1351 1389 1396 artes
1434 1351 1489 1397 et
1536 1357 1852 1416 argumenta
1899 1347 2130 1405 nefanda

538 1438 906 1492 cognoverant
935 1448 947 1483 :
982 1430 1069 1484 isti
1100 1432 1452 1502 inspiratione
1481 1436 1577 1491 Dei
1608 1440 1898 1495 contrariis
1925 1441 2046 1505 viis,
2076 1440 2131 1496 id

536 1524 642 1581 est,
671 1533 776 1572 non
820 1520 873 1574 id
901 1524 1091 1577 eodem
1121 1541 1228 1594 quo
1261 1525 1334 1580 illi
1372 1528 1561 1583 ordine
1591 1531 1825 1585 assecuti
1864 1529 2123 1601 fuerant:

535 1615 596 1660 ut
653 1625 751 1679 per
802 1612 905 1667 hoc
958 1615 1225 1685 sapientia
1279 1619 1460 1674 divina
1515 1621 1810 1677 humanam
1862 1622 2128 1680 refutaret

535 1700 841 1766 Scientiam,
866 1711 920 1758 et
949 1707 1275 1776 destrueret,
1299 1726 1418 1782 quae
1446 1712 1501 1768 in
1528 1714 1834 1771 eruditione
1860 1723 1972 1771 tota
1996 1730 2127 1771 con-

527 1789 715 1862 jicitur
742 1810 863 1850 esse
892 1799 1198 1867 prudentia.

602 1904 693 1959 12.
732 1907 885 1975 Quod
912 1924 1040 1965 vero
1066 1922 1312 1968 sanctum
1335 1912 1659 1987 Gregorium
1684 1917 2036 1973 indicativum
2064 1925 2121 1973 et

528 1996 828 2065 optativum
878 2000 1095 2056 modum
1125 2004 1293 2059 scisse
1325 2008 1636 2074 convincis,
1676 2010 1814 2064 scito
1842 2024 1966 2064 eum
2011 2026 2120 2068 non

529 2085 776 2157 ignarum
809 2090 1001 2146 harum
1030 2091 1198 2150 fuisse
1234 2096 1452 2165 penitus
1492 2099 1896 2169 disciplinarum
1930 2114 1980 2164 ιι,
2022 2101 2118 2157 sed

526 2178 667 2234 hanc
712 2191 883 2236 artem
934 2193 989 2238 et
1038 2187 1367 2255 peritissime
1416 2190 1668 2256 novisse,
1714 2200 1770 2247 et
1805 2193 2118 2249 cautissime

522 2274 851 2341 precarisse.
891 2275 1027 2332 Nam
1056 2279 1171 2349 ipse
1200 2289 1283 2335 est
1313 2282 1403 2352 qui
1440 2284 1491 2337 in
1531 2284 1797 2354 principio
1824 2284 2117 2343 locutionis

434 2343 457 2363 ’
523 2377 633 2417 sua:
681 2365 755 2419 ait
796 2380 811 2420 :
855 2367 1011 2424 Absit
1057 2343 1117 2425 ut
1160 2343 1345 2428 verba-
1373 2375 1507 2429 tanti
1552 2377 1758 2432 oraculi
1803 2378 1905 2432 sub
1932 2378 2116 2434 verbis

519 2456 881 2528 perstringam
933 2459 1137 2515 donati.
1188 2464 1388 2519 Verum
1438 2467 1530 2520 ubi
1575 2469 1952 2538 opportunitas
2007 2470 2112 2526 loci

519 2545 796 2614 exhibuit,
830 2565 937 2604 non
964 2550 1205 2621 ejusdem
1235 2554 1432 2625 regulae
1458 2557 1763 2625 deservire,
1794 2560 1888 2615 sed
1937 2560 2110 2630 ipsam

450 2632 455 2637 ‘
518 2635 756 2704 regulam
788 2639 840 2692 in
871 2655 969 2697 suo
999 2642 1099 2697 sibi
1128 2645 1307 2714 potius
1337 2662 1443 2702 non
1473 2656 1657 2715 utere;
1687 2652 1783 2705 sed
1813 2649 2110 2709 fortissime

514 2727 797 2796 professus
826 2745 966 2798 sum,
998 2741 1052 2788 et
1077 2734 1355 2806 hucusque
1381 2738 1659 2807 profiteor,
1690 2755 1797 2796 non
1828 2744 2048 2798 eosdem
2077 2744 2106 2785 δ

516 2819 631 2890 ipse
690 2823 887 2894 regulae
944 2840 1004 2881 se
1060 2826 1309 2884 subdere.
1375 2829 1488 2887 Nec
1544 2847 1737 2888 curare
1786 2834 1853 2889 de
1905 2835 2107 2906 eloquii

435 2954 441 2959 .
517 2913 868 2984 rectitudine,
910 2933 1031 2974 cum
1071 2936 1291 2978 sensum
1330 2924 1384 2978 in
1413 2932 1529 2981 tuto
1566 2926 1711 2981 illam
1755 2943 1918 2999 posse
1944 2940 1967 2970 ο
2002 2931 2104 2985 ha-

512 3002 663 3059 bere.

584 3120 673 3176 15.
708 3119 764 3175 In
789 3122 952 3179 linem
975 3126 1287 3194 quaestionis
1307 3128 1444 3184 dicis
1472 3148 1485 3184 :
1514 3132 1810 3203 Apostolici
1838 3144 1895 3190 et
1927 3137 2101 3191 sancti

2241 628 2384 670 sum.

2312 708 2400 764 14.
2456 709 2567 768 Nec
2621 710 2707 769 fas
2766 724 2851 773 est
2882 755 2899 781 ,
2955 724 3018 772 ut
3078 718 3172 788 qui
3234 720 3568 791 regulariter
3623 731 3679 778 et
3731 740 3817 795 per

2239 815 2618 874 quamcunque
2645 815 2816 862 artem
2850 807 3097 874 incedet,
3139 813 3465 883 quandoque
3499 814 3571 871 ab
3594 815 3683 870 illa
3724 818 3819 875 sibi

2237 894 2412 964 posita
2474 896 2703 952 formula
2768 897 3036 956 deviando
3095 913 3360 972 pererret.
3417 905 3568 962 Dicis
3615 906 3759 962 enim
3803 928 3816 963 :

2237 984 2349 1042 Nec
2399 987 2711 1059 frequenter
2757 990 2843 1046 lac
2889 1002 3072 1062 potum
3123 995 3388 1052 dederunt
3410 1038 3427 1063 ,
3484 1014 3587 1055 nec
3638 1001 3821 1058 crebro

2235 1079 2467 1135 solidum
2505 1082 2680 1139 cibum
2712 1102 2727 1138 :
2769 1101 2876 1140 non
2912 1087 3202 1156 aliquoties
3240 1090 3505 1158 simplicia
3527 1131 3544 1155 ,
3592 1107 3703 1149 non
3738 1093 3821 1148 diu

2234 1165 2518 1240 sublimia;
2545 1176 2637 1231 sed
2660 1185 2717 1231 ut
2736 1172 2959 1248 spiritus
2979 1181 3143 1236 dahat
3164 1182 3401 1253 eloquia.
3430 1184 3498 1240 Ut
3522 1185 3755 1255 conjieio
3772 1185 3818 1253 ιι,

2234 1267 2337 1323 ista
2374 1272 2555 1326 omnia
2599 1277 2953 1343 grammatica
2995 1276 3245 1335 derivare
3286 1282 3534 1343 conaris.
3566 1292 3626 1338 et
3661 1283 3822 1338 subli-

2231 1359 2342 1414 mia
2384 1370 2439 1417 et
2481 1362 2709 1418 solidum
2756 1366 2966 1431 cibum,
2996 1368 3355 1439 significatam
3405 1384 3581 1427 artem
3633 1373 3820 1428 Donati

2230 1451 2422 1521 cupis;
2454 1452 2645 1509 lactem
2674 1471 2804 1512 vero
2830 1466 2887 1512 et
2928 1459 3194 1529 simplicia
3240 1470 3480 1516 nostram
3536 1463 3819 1534 designare

2228 1542 2528 1611 inscitiam;
2571 1563 2670 1603 nec
2709 1549 2949 1605 advertis
2978 1567 3087 1621 quo
3111 1551 3217 1607 fine
3239 1553 3363 1608 talia
3380 1554 3635 1622 pnecidis
3659 1557 3815 1617 dicta,

2227 1634 2354 1691 dum
2385 1636 2522 1691 dicis
2551 1655 2564 1689 :
2596 1638 2700 1692 Sed
2729 1648 2788 1694 ut
2818 1641 3054 1711 Spiritus
3082 1643 3246 1698 dabat
3269 1642 3503 1714 eloquia.
3538 1644 3659 1701 Non
3685 1646 3814 1711 hac,

2224 1726 2300 1781 mi
2352 1730 2841 1798 reverendissime,
2911 1748 3012 1803 pro
3054 1735 3312 1790 oratoriis
3356 1736 3522 1791 debes
3575 1738 3817 1806 accipere

2224 1819 2464 1888 pompis;
2516 1836 2689 1890 neque
2726 1838 2826 1892 pro
2872 1839 3247 1893 spumosarum
3279 1829 3529 1898 pompegi
3556 1839 3581 1868 ο
3614 1829 3816 1886 insanis

2224 1910 2452 1975 vesicis;
2486 1911 2580 1966 sed
2611 1927 2708 1981 pro
2740 1910 3109 1970 doctrinarum
3135 1916 3432 1973 dilferentia
3452 1961 3467 1982 ,
3495 1937 3605 1991 qua
3635 1922 3812 1976 omni-

2222 2002 2323 2059 bus
2365 2006 2545 2060 omnia
2593 2005 2773 2062 factus
2824 2017 2930 2071 est,
2978 2019 3039 2064 ut
3079 2025 3270 2066 omnes
3319 2011 3527 2068 faceret
3556 2013 3739 2068 salvos
3766 2011 3815 2085 (Ι

2222 2092 2345 2148 Cor.
2378 2096 2595 2164 mai).
2651 2097 2817 2152 Lacte
2875 2098 3045 2164 enim,
3092 2115 3200 2155 non
3249 2101 3422 2156 solido
3474 2103 3626 2168 cibo,
3657 2113 3718 2158 ut
3743 2104 3814 2161 ait

2220 2184 2567 2242 Castissimus
2587 2228 2602 2253 ,
2628 2188 2936 2245 Corinthios
2960 2198 3106 2259 potat
3130 2190 3182 2263 (1
3210 2190 3335 2247 Cor.
3362 2209 3423 2249 tn
3442 2235 3458 2258 ,
3481 2194 3541 2264 2)
3562 2236 3577 2258 ,
3608 2210 3737 2251 cum
3762 2195 3812 2257 in

2219 2276 2536 2334 infirmitate
2563 2288 2618 2334 et
2655 2289 2912 2347 tremore,
2954 2296 3019 2337 ac
3064 2282 3259 2340 timore
3302 2285 3495 2352 multo,
3526 2289 3677 2358 apud
3720 2301 3811 2345 eos

2215 2364 2384 2424 fuisse
2410 2385 2469 2424 se
2498 2370 2648 2424 dicit.

2287 2458 2374 2512 15.
2407 2458 2559 2527 Quod
2585 2476 2715 2517 vero
2737 2463 3104 2520 testimonium
3129 2465 3416 2538 Propheta:
3438 2468 3527 2524 hic
3553 2484 3691 2525 usus
3710 2483 3808 2529 es:

2213 2549 2443 2606 Audiam
2473 2552 2599 2622 quid
2641 2553 2890 2625 loquatur
2931 2558 2985 2611 in
3029 2575 3110 2613 me
3151 2558 3410 2616 Dominus
3450 2560 3597 2617 Deus
3632 2561 3805 2634 (Paul.

2212 2658 2434 2708 Lxxxtv,
2469 2645 2547 2715 9),
2572 2645 2733 2719 plane
2758 2650 2928 2704 risum
2969 2651 3059 2706 hic
3085 2659 3270 2709 tenere
3313 2668 3422 2708 non
3447 2654 3627 2709 valeo.
3660 2654 3806 2711 Nun-

2212 2735 2340 2804 quid
2375 2735 2646 2808 Propheta
2688 2756 2789 2811 pro
2816 2743 3193 2811 grammatica,
3221 2745 3287 2799 de
3315 2761 3418 2815 qua
3449 2761 3599 2802 nunc
3630 2747 3803 2802 inten-

2211 2827 2288 2883 tio
2312 2830 2560 2895 vertitur,
2593 2832 2729 2887 dixit
2752 2835 2969 2889 audiant
3022 2835 3151 2906 quid
3189 2835 3436 2908 loquatur
3475 2839 3533 2893 in
3578 2855 3663 2893 me
3700 2838 3807 2893 Do-

2210 2921 2384 2977 minus
2431 2922 2615 2978 Deus?
2656 2924 2762 2979 imo
2804 2926 2924 2996 plus
2965 2930 3217 2999 congruit
3261 2940 3320 2985 ut
3368 2931 3538 2995 dicat,
3585 2932 3803 2988 audiam

2208 3011 2338 3079 quid
2365 3011 2616 3083 loquatur
2642 3015 2695 3069 in
2721 3030 2807 3071 me
2836 3016 3072 3074 Donatus
3096 3018 3390 3089 profanus;
3428 3022 3533 3077 nisi
3567 3020 3802 3083 forsitan

2208 3100 2492 3174 Virgilium
2510 3145 2525 3170 ,
2553 3114 2609 3159 et
2633 3104 2950 3175 Homerum,
2978 3109 3062 3164 vel
3099 3119 3327 3168 caeteros
3353 3122 3561 3183 poetas,
3595 3113 3806 3184 Spiritu

512 3213 617 3267 viri
646 3229 749 3269 nec
776 3231 992 3287 semper
1013 3219 1290 3288 simplices
1328 3222 1384 3276 in
1415 3222 1591 3289 dictis,
1627 3240 1726 3281 nec
1761 3241 1976 3296 semper
2010 3243 2100 3283 so-
2129 3238 2177 3305 ο
2631 3211 2752 3305 ﬁs?
2796 3196 3027 3305 ξθῗωοδῖ
3054 3207 3237 3305 “.9”
3265 3213 3625 3305 Sp'mufmem
3666 3204 3800 3305 diu"

511 3305 752 3374 phistici.
782 3308 850 3363 Et
885 3324 987 3380 ego
1028 3326 1060 3365 e
1087 3315 1363 3368 contrario
1391 3317 1690 3385 respondeo
1719 3317 1888 3373 libere
1917 3336 1929 3371 :
1958 3320 2103 3389 Apo-

509 3394 685 3451 stolici
715 3407 770 3454 et
798 3401 971 3456 sancti
1000 3400 1099 3456 viri
1128 3411 1185 3457 et
1214 3417 1427 3475 semper
1455 3406 1732 3476 simplices
1759 3407 1812 3461 in
1836 3408 2017 3475 dictis,
2048 3417 2105 3464 et

508 3503 723 3560 semper
764 3492 1064 3563 sophistici.
1117 3494 1344 3566 Semper
1391 3497 1705 3567 simplices,
1755 3499 1885 3569 quia
1934 3501 2102 3556 verba

505 3581 788 3652 proferunt
828 3600 1002 3655 pura,
1042 3593 1099 3643 et
1127 3588 1495 3645 sincerissima
1523 3591 1750 3647 veritate
1786 3592 2101 3663 plenissime

438 3680 441 3681 ⁷
506 3692 686 3743 mera;
725 3692 941 3749 semper
971 3681 1250 3751 sophistici
1277 3724 1291 3747 ,
1326 3683 1452 3753 quia
1483 3699 1584 3738 nec
1618 3699 1727 3738 una
1763 3686 1832 3740 ab
1867 3686 1948 3742 eis
1981 3687 2100 3743 sine

506 3780 850 3826 sacramento
875 3772 1082 3842 prolata
1112 3784 1196 3829 est
1225 3776 1336 3830 iota
1371 3792 1384 3829 :
1416 3776 1655 3832 involuta
1683 3787 1829 3845 sunt,
1856 3787 1908 3834 et
1940 3794 2096 3850 aper-

504 3871 585 3927 ta;
628 3862 821 3932 plana,
861 3875 917 3919 et
953 3866 1088 3932 alta;
1117 3868 1296 3937 'parva
1321 3910 1338 3935 ,
1379 3878 1433 3925 et
1474 3886 1699 3942 magna;
1732 3873 1960 3943 mystica
1985 3913 2001 3939 ,
2040 3880 2099 3928 et

502 3956 799 4010 succincta.
844 3956 1028 4013 Nitent
1069 3960 1325 4029 quidem,
1350 3973 1411 4017 ut
1439 3979 1666 4034 magnus
1705 3966 1782 4020 ait
1822 3965 2090 4038 Hierony-

508 4061 648 4108 mus,
677 4046 730 4099 in
760 4048 984 4115 cortice,
1009 4051 1102 4107 sed
1133 4053 1341 4109 dulcius
1372 4055 1425 4107 in
1450 4056 1681 4111 medulla
1710 4069 1816 4112 est.
1840 4057 1941 4125 Qui
1970 4073 2092 4116 esse

500 4136 611 4189 vult
637 4137 906 4205 nucleum,
932 4139 1132 4213 frangit
1153 4160 1362 4199 nucem.
1387 4145 1498 4202 Nec
1520 4148 1600 4203 sic
1619 4148 1801 4204 clausa
1821 4159 1921 4215 est,
1933 4151 2090 4221 juxta

500 4229 708 4284 clarum
735 4230 1074 4303 Gregorium,
1106 4245 1167 4292 ut
1193 4240 1406 4307 pavesci
1436 4241 1645 4295 debeat.
1677 4241 1788 4298 Nec
1811 4242 1890 4297 sic
1919 4252 2084 4312 patet,

498 4322 822 4378 utvilescat.
853 4326 995 4382 Audi
1041 4328 1272 4398 denique
1320 4330 1449 4400 quid
1494 4331 1561 4387 de
1601 4334 1703 4388 hoc
1742 4332 2087 4391 beatissimus

496 4414 730 4469 senserit
758 4415 1093 4488 Augustinus
1126 4436 1139 4473 :
1171 4420 1384 4476 Institui
1429 4423 1669 4478 animum
1712 4425 1995 4481 intendere
2029 4427 2082 4483 in

494 4501 805 4573 Scripturas
830 4520 1064 4579 sanctas,
1095 4519 1150 4566 et
1176 4512 1357 4567 videre
1388 4514 1577 4584 quales
1608 4525 1791 4571 essent
1817 4535 1831 4571 :
1863 4526 1919 4573 et
1954 4533 2083 4574 ecce

2210 3302 2335 3341 nam
2373 3301 2587 3342 asseras
2631 3288 2768 3343 idola
2798 3289 2964 3347 fuisse
3002 3291 3278 3362 laudatos;
3326 3311 3393 3352 ac
3436 3296 3518 3354 sic
3566 3297 3804 3377 aequales

2206 3379 2421 3448 oppleta
2444 3393 2642 3449 negare
2664 3380 2880 3438 divinis.
2906 3382 3061 3451 Quod
3095 3401 3228 3441 vero
3254 3390 3458 3445 asseris
3486 3391 3633 3460 quod
3668 3406 3795 3446 san-

2204 3478 2326 3525 ctus
2347 3469 2640 3543 Gregorius
2662 3474 2862 3530 dixerit
2892 3494 2906 3533 2
2937 3475 2998 3531 lu
3030 3478 3244 3535 cunctis
3270 3479 3518 3536 fidelibus
3560 3480 3797 3552 Spiritus

2202 3562 2369 3626 venit,
2403 3565 2497 3619 sed
2524 3565 2579 3619 in
2606 3566 2722 3621 solo
2745 3566 3039 3624 Mediatore
3068 3581 3380 3640 permanet,
3407 3573 3502 3644 qui
3537 3571 3660 3643 ejus
3689 3575 3790 3630 btt-

2201 3654 2519 3710 manitatcm
2568 3673 2841 3728 nunquam
2891 3660 3167 3726 deseruit,
3197 3672 3255 3720 et
3291 3675 3490 3721 caetera
3539 3685 3555 3722 :
3599 3668 3793 3727 eadem

2198 3746 2345 3801 enim
2376 3748 2608 3818 replieas
2636 3759 2692 3805 et
2722 3750 2984 3818 iuculcas,
3013 3762 3069 3807 et
3103 3755 3272 3810 semel
3292 3756 3590 3828 incongrue
3613 3759 3793 3829 posita

2198 3840 2449 3897 iterando
2477 3842 2715 3900 intentas
2738 3863 2753 3899 :
2776 3862 2953 3917 neque
2981 3846 3049 3903 de
3079 3846 3316 3919 Spiritus
3334 3853 3635 3923 spiratione
3658 3869 3793 3912 con-

2198 3934 2503 4001 tendimus,
2533 3944 2592 3990 ut
2635 3936 2865 3995 dimices
2913 3948 3108 3998 contra
3146 3942 3279 3999 illud
3315 3946 3463 4016 quod
3506 3962 3789 4018 nunquam

2194 4020 2465 4095 objectum
2487 4027 2799 4087 recolimus.

2266 4118 2355 4172 16.
2386 4116 2517 4173 Nam
2546 4130 2603 4176 et
2630 4121 2759 4176 illud
2783 4125 2927 4194 quod
2950 4126 3086 4184 dicis
3109 4129 3252 4199 quod
3276 4128 3481 4185 Paulus
3503 4130 3787 4200 apostolus

2191 4207 2489 4265 seminibus
2518 4212 2814 4268 secundum
2864 4214 3175 4289 allegoriam
3225 4219 3517 4290 protulerit
3539 4262 3556 4286 ,
3591 4238 3785 4285 verum

2192 4308 2296 4366 est,
2324 4303 2450 4372 quia
2477 4305 2658 4359 omnia
2686 4321 2807 4375 quin
2850 4310 3071 4378 protulit
3114 4311 3401 4383 allegorice
3428 4314 3680 4385 protulit,
3721 4323 3787 4371 es

2189 4394 2418 4461 mystice
2439 4405 2631 4450 cuneta
2672 4397 3018 4471 intelligendo
3054 4404 3355 4473 perdocuit.
3397 4404 3504 4461 Sed
3534 4408 3812 4477 nunquid-

2189 4484 2440 4556 allegoria
2474 4486 2549 4542 ita
2572 4487 2866 4555 inducitur,
2896 4500 2954 4546 ut
2979 4509 3206 4550 crronea
3235 4494 3567 4565 proferatur,
3588 4507 3779 4554 etnon

491 4595 650 4650 video
681 4614 793 4653 rem
820 4615 925 4654 non
953 4614 1286 4672 compertam
1321 4577 1585 4677 superbis,
1620 4623 1795 4680 neque
1824 4610 2082 4666 nudatam
2108 4610 2162 4671 D
2187 4577 2404 4680 ιίξξίωζ
2430 4579 2523 4635 sed
2570 4582 2704 4637 νηῘο
2752 4584 2893 4680 {mer
2924 4584 2944 4624 ί
2994 4586 3149 4655 imm
3190 4598 3243 4644 te
3293 4593 3677 4661 comparem”
3704 4592 3781 4649 Μ

490 4691 695 4758 pueris,
728 4694 822 4749 sed
853 4694 1063 4750 incessu
1098 4696 1377 4765 humilem,
1404 4716 1658 4757 successu
1695 4703 1987 4768 excelsam,
2024 4714 2084 4761 et

490 4782 724 4836 velatam
753 4787 1044 4857 mysteriis.
1071 4787 1222 4855 Quod
1268 4791 1311 4845 si
1344 4808 1448 4846 non
1478 4802 1604 4848 sunt
1630 4809 1845 4867 semper
1873 4798 2080 4868 simpli—

492 4889 606 4938 ces.
626 4893 724 4932 nec
736 4893 949 4950 semper
968 4881 1266 4952 sophistici,
1289 4893 1347 4937 ut
1371 4885 1484 4955 ipse
1504 4887 1652 4942 visus
1671 4902 1733 4942 es
1753 4891 2072 4960 approbare,

491 4993 737 5050 apertum
764 4994 848 5038 cst
889 4987 1031 5056 quod
1076 5004 1173 5058 per
1202 4989 1414 5062 regulas
1452 5008 1557 5047 non
1585 4994 1943 5053 decursarum
1970 5000 2075 5059 Do-

491 5087 602 5137 nati
630 5124 646 5143 .
682 5082 809 5139 dum
854 5087 937 5141 vel
983 5089 1035 5143 in
1075 5090 1344 5161 aliquibus
1388 5094 1703 5165 simpliciter
1734 5110 1860 5154 sunt
1886 5099 2071 5157 locuti.

490 5184 654 5240 Vides
679 5187 802 5256 quia
830 5188 961 5244 mihi
1004 5199 1093 5244 tua
1130 5194 1305 5248 omnis
1339 5195 1576 5264 palcstra
1603 5197 1859 5268 desudat,
1887 5210 1942 5257 et
1981 5212 2071 5261 tua

485 5287 722 5343 invectio
753 5291 881 5346 mihi
914 5291 1148 5363 palmam
1188 5297 1425 5353 victoriae
1471 5309 1669 5371 parat:
1713 5302 1801 5359 hic
1844 5314 2072 5377 apparet

482 5400 544 5447 ut
586 5391 769 5449 divino
806 5396 1061 5451 commoti
1098 5395 1300 5467 Spiritu
1346 5412 1508 5472 prout
1548 5405 1923 5474 opportunitas
1962 5407 2070 5464 loci

480 5552 885 5634 mathematicus
931 5554 1079 5634 risui
1106 5565 1320 5623 pateat,
1361 5559 1697 5634 «traduci-sus
1734 5560 2065 5634 philosophos

478 5622 756 5689 disputans
803 5624 1001 5694 ignoret
1045 5622 1291 5697 dogmata
1336 5622 1802 5701 philosophorum;
1850 5645 1898 5690 ει
1934 5622 2062 5704 ἠοε,

476 5703 580 5846 eu;
612 5762 955 5846 bisqﬁorum
974 5767 1145 5846 fuisse
1171 5772 1376 5841 penitus
1400 5773 1712 5846 disciplinis.

545 5833 573 5879 ⁵
611 5835 676 5894 Ε.
704 5838 937 5911 eiusdem
967 5833 1156 5914 ipsum.

2185 4668 2463 4740 allegoria,
2496 4682 2589 4727 aut
2611 4675 2840 4745 mystice
2872 4683 3050 4733 tamen
3089 4694 3189 4750 per
3230 4680 3472 4751 regulam
3512 4697 3624 4738 non
3672 4684 3781 4739 im

2182 4762 2383 4817 ordirit
2406 4764 2621 4820 Donati.
2639 4764 2750 4821 Aut
2768 4765 2993 4824 forsitan
3021 4779 3134 4825 tum
3165 4770 3236 4827 ibi
3256 4772 3429 4829 solum
3458 4773 3773 4845 allegorice.

2180 4855 2271 4909 ubi
2298 4855 2578 4922 erronice;
2621 4866 2679 4913 et
2712 4858 2785 4914 ibi
2816 4859 3137 4931 simpliciter
3162 4863 3326 4928 nude,
3352 4864 3443 4920 ubi
3491 4881 3769 4936 gramma-

2178 4944 2321 5000 tice?
2352 4944 2409 5001 Si
2450 4961 2739 5004 erroneum
2781 4949 2983 5007 dictum
3041 4967 3141 5022 per
3183 4965 3361 5015 artem
3410 4957 3608 5014 Donati
3651 4959 3775 5028 ejus

2178 5034 2470 5091 ﬁrmavere
2495 5077 2510 5102 ,
2551 5054 2680 5094 mox
2726 5040 3014 5113 allegorice
3051 5042 3461 5114 intelligendum
3500 5047 3554 5101 id
3593 5048 3774 5118 ipsum

2176 5126 2321 5197 quod
2349 5142 2638 5184 erroneum
2668 5130 2806 5186 dicis
2847 5146 2969 5188 esse
2997 5133 3310 5203 profusum;
3359 5152 3490 5208 rogo
3526 5147 3589 5194 ut
3617 5140 3772 5196 iden-

2178 5217 2345 5274 tidem
2373 5218 2542 5283 dicas,
2574 5220 2618 5276 si
2646 5221 2851 5293 absque
2895 5222 3157 5294 allegoria
3204 5226 3324 5298 ejus
3368 5227 3773 5297 peritissimum

2176 5312 2485 5382 ubicunque
2503 5313 2703 5382 probas
2726 5316 3034 5371 assertum?

2246 5402 2334 5457 17.
2361 5400 2467 5459 Sed
2496 5403 2623 5474 quia
2662 5418 2762 5474 per
2802 5414 2978 5461 artem
3027 5406 3264 5464 hoe-non
3305 5407 3547 5466 locutum
3592 5409 3767 5471 fuisse
3847 5468 3859 5482 ,

2243 5569 2267 5599 ο
2308 5558 2370 5614 F.
2401 5557 2552 5613 illum
2578 5570 2766 5628 posset.

2235 5628 2264 5669 δ
2305 5629 2432 5692 Ms,
2470 5631 2679 5684 couiceo
2707 5631 2866 5687 hista.

2241 5712 2265 5741 ε
2296 5700 2356 5771 F_.
2387 5716 2715 5771 pomparum.
3630 5760 3637 5769 .

2242 5769 2450 5849 {Citer
2506 5769 2746 5827 absoleta
2811 5788 2935 5840 vox,
2995 5789 3024 5828 a
3086 5791 3193 5849 qua
3250 5776 3482 5834 citerior.
3544 5775 3610 5835 F.
3680 5780 3760 5849 si-

2163 5844 2382 5901 tiositcr.
