4034 6350
265 417 370 481 43⁸1

1729 419 2106 480 ΕΡΙΞΤΟΜΕ.

3443 427 3550 489 ὅδε

268 555 472 614 negare
501 554 610 596 non
635 537 816 607 vales;
858 537 1142 595 extenuari
1186 537 1290 595 hoc
1334 553 1431 610 per
1460 538 1644 594 nescio
1689 555 1851 610 quam
1881 542 1930 602 Α
1957 557 2110 596 cosse
2137 550 2219 596 est
2247 542 2389 598 enim
2421 553 2654 600 mentem
2697 555 2842 600 tuam
2887 546 3072 603 tandiu
3104 527 3256 604 illius
3285 551 3546 607 carmini-

265 631 490 687 olimina
541 631 712 702 cupis.
742 629 960 688 Asseris
1013 630 1158 686 enim
1193 648 1206 684 :
1240 628 1366 686 llaec
1419 638 1503 685 est
1547 629 1854 685 benedictio

267 738 374 794 qua
393 719 674 790 benedixit
702 721 842 778 Deus
870 721 1102 777 Abrahae
1145 722 1199 776 in
1230 720 1647 792 repromissione
1693 719 1855 776 scini-

267 814 354 870 nis
377 815 519 886 ejus,
550 815 644 886 qui
672 823 756 869 est
782 813 1029 870 Christus
1049 855 1064 881 ,
1091 822 1146 870 et
1173 815 1410 885 gentium
1438 813 1742 869 vocatione.
1777 811 1854 867 lbi

265 905 415 962 enim
459 907 695 982 positum
732 915 855 961 est:
891 904 1254 976 Multiplicabo
1294 923 1465 960 semen
1509 915 1656 959 luunt
1699 902 1852 977 (Cen.

268 1016 410 1062 xm,
441 999 548 1069 l7),
581 1008 633 1054 et
656 1007 872 1055 caetera.
913 997 1220 1070 Adjicisque
1249 1013 1264 1053 :
1293 999 1521 1070 'l‘r0pice
1571 1008 1626 1054 et
1662 999 1858 1070 hyper-

265 1091 445 1150 bolice
472 1094 685 1150 locutus
722 1102 826 1150 est.
855 1091 986 1161 Quis
1023 1094 1169 1149 enim
1206 1109 1314 1149 non
1353 1094 1551 1160 videat,
1583 1093 1726 1164 quod
1775 1093 1856 1147 in-

265 1183 708 1255 comparabiliter
743 1185 974 1260 amplius
1021 1201 1200 1241 arena:
1231 1199 1488 1240 numerus
1529 1201 1691 1257 quam
1737 1199 1856 1241 esse

263 1278 512 1334 omnium
546 1279 826 1334 hominum
858 1279 1146 1335 multitudo
1181 1279 1249 1334 ab
1295 1280 1414 1350 ipso
1462 1279 1636 1334 Adam
1687 1294 1856 1350 usque

263 1371 336 1426 ad
393 1371 683 1426 terminum
731 1371 947 1438 saeculi,
995 1381 1200 1443 quanto
1244 1373 1418 1442 magis
1463 1372 1637 1427 solum
1687 1387 1858 1440 genus

261 1460 536 1519 Abrahm?
584 1460 722 1518 Dum
762 1463 988 1518 nimium
1019 1463 1464 1519 contracdictioni
1508 1464 1768 1528 inservis,
1803 1470 1858 1519 et

262 1553 336 1607 ad
361 1568 526 1609 omne
565 1554 709 1624 quod
762 1555 960 1611 dicitur
1003 1556 1158 1611 obius
1182 1569 1207 1597 ι
1238 1555 1317 1612 ire
1364 1557 1535 1628 cupis,
1567 1557 1710 1612 aliud
1759 1571 1856 1628 pro

261 1641 374 1698 alio
401 1645 730 1718 respondere
759 1652 832 1713 te,
861 1661 895 1701 ο
927 1635 1280 1712 ἀὶιθοιεξιιοη
1311 1647 1478 1706 vides.
1519 1663 1622 1704 non
1653 1647 1856 1702 dictum

259 1730 512 1804 Apostoli
534 1750 632 1806 per
667 1746 840 1794 artem
874 1738 1064 1794 Donati
1107 1737 1376 1810 digestum
1421 1739 1696 1797 allirmans
1720 1782 1735 1805 ,
1763 1741 1858 1796 sed

257 1827 700 1887 benedictionem
737 1832 1000 1900 Abrahte;
1037 1833 1220 1890 nescio
1261 1849 1366 1904 quo
1414 1835 1696 1906 vertiginis
1735 1844 1857 1890 astu

1959 638 2060 699 bus
2089 641 2358 711 occupari,
2375 641 2614 712 quandiu
2641 641 2743 697 sibi
2765 641 2870 697 alia
2893 656 3012 712 qua:
3035 641 3176 698 intra
3201 645 3548 715 semetipsum

1960 731 2203 797 recolat,
2253 733 2412 788 simili
2463 735 2640 790 studio
2671 742 2726 790 et
2764 735 3083 790 assiduitate
3119 735 3432 808 perquirat,
3485 753 3549 794 ac

1957 841 2058 896 pro
2105 825 2209 880 illis
2258 825 2608 881 infructuosis
2651 834 2814 897 atque
2855 828 3106 893 terrenis,
3142 829 3446 898 spiritualia
3477 845 3544 886 ac

1959 917 2136 972 divina
2165 918 2448 986 parturiat.
2503 917 2633 985 Quae
2661 933 2782 972 cum
2813 917 3080 989 profunde
3104 919 3319 992 alteque
3349 935 3548 976 conce-

1956 1008 2118 1080 perit,
2144 1011 2378 1080 atquein
2403 1009 2506 1065 illis
2528 1009 2692 1064 fuerit
2717 1011 2974 1076 enutrita,
3001 1011 3086 1066 vel
3112 1012 3304 1084 expelli
3337 1013 3550 1086 priores

1957 1100 2158 1155 sensim
2189 1107 2440 1170 poterunt
2472 1099 2552 1154 vel
2584 1101 2800 1170 penitus
2830 1102 3056 1158 aboleri.
3093 1122 3113 1154 ι

2030 1194 2116 1248 l9.
2159 1193 2462 1249 Secundum
2487 1193 2870 1266 Hieronymum
2892 1196 3036 1267 quod
3060 1197 3126 1251 ad
3153 1213 3404 1270 magnum
3425 1215 3550 1255 ora-

1959 1299 2132 1346 torem
2175 1288 2421 1345 lirmasse
2453 1299 2506 1344 te
2538 1289 2820 1360 applaudis
2843 1331 2858 1355 ,
2904 1291 3047 1361 quod
3077 1289 3190 1360 jam
3235 1292 3342 1349 alio
3387 1293 3548 1350 modo

1960 1378 2162 1436 dictum
2203 1379 2368 1435 fuisse
2394 1381 2698 1453 cognoscis,
2731 1381 2862 1452 quid
2887 1381 3180 1439 Eustochio
3220 1385 3366 1442 dicat
3403 1387 3548 1442 idem

1963 1479 2017 1528 tu
2065 1471 2182 1542 ipse
2217 1471 2526 1541 diligentius
2557 1473 2788 1528 intuere.
2828 1493 2846 1526 ι
2882 1473 2992 1530 Nec
3024 1474 3152 1540 tibi,
3188 1476 3298 1540 ait,
3329 1477 3549 1534 deserta

1960 1561 2252 1616 multorum
2277 1561 2408 1617 velis
2439 1562 2629 1626 videri,
2657 1573 2750 1620 aut
2769 1563 2967 1636 lyricih
2991 1562 3184 1621 festiva
3213 1566 3550 1622 carminibus

1960 1663 2137 1709 metro
2163 1653 2368 1708 ludere.
2419 1653 2536 1710 Non
2572 1655 2878 1711 delumbem
2909 1666 3280 1714 matronarum
3319 1657 3549 1718 salivam

1961 1747 2188 1802 delicata
2217 1749 2234 1788 ί
2269 1748 2512 1814 secteris,
2543 1764 2665 1819 quae
2697 1763 2838 1804 nunc
2867 1750 3070 1806 strictis
3101 1751 3374 1816 dentibus,
3403 1765 3548 1808 nunc

1962 1834 2155 1892 labiisi
2195 1836 2491 1902 dissolutis,
2519 1837 2906 1892 balvutientem
2949 1837 3187 1909 linguam
3212 1839 3549 1895 indimidiata

259 1917 564 1974 divertens.
589 1919 660 1976 Et
689 1921 816 1979 licet
842 1922 1084 1994 doctoris
1121 1939 1250 1980 usus
1274 1924 1350 1980 sis
1374 1923 1426 1979 in
1459 1925 1561 1981 hoc
1585 1923 1702 1981 loco
1729 1941 1853 1981 sen-
1883 1928 1930 1991 B
1958 1929 2122 1983 verba
2172 1929 2521 1984 moderantur
2545 1929 2591 1992 ιε,
2633 1930 2894 1984 rusticum
2925 1938 3176 1999 putantes
3212 1945 3374 1986 onme
3403 1931 3550 2000 quod

262 2011 438 2064 tentia
461 2051 476 2076 ,
505 2025 610 2066 non
639 2011 713 2068 ita
750 2022 810 2068 ιιι
837 2014 1106 2078 :estimas,
1148 2017 1244 2071 sed
1287 2015 1446 2070 aliter
1493 2017 1856 2072 retractanda.

257 2101 405 2157 Audi
447 2110 626 2159 tamen
662 2105 844 2162 verius
873 2115 928 2165 et
976 2105 1256 2162 honestius
1306 2122 1470 2177 quam
1497 2107 1523 2146 δ
1556 2122 1856 2180 ῃιωροιιθε.

255 2194 404 2250 Audi
422 2203 567 2250 tuum
587 2195 852 2265 Isidorum
873 2197 1204 2268 inquientem
1224 2215 1237 2252 :
1260 2216 1279 2250 ι
1302 2196 1359 2252 Μ
1364 2197 1431 2251 uti
1442 2197 1664 2268 iplicabo
1685 2215 1860 2254 semen

255 2297 420 2344 tuum
446 2289 580 2344 sicut
625 2289 804 2346 stellas
846 2290 991 2359 caeli;
1023 2291 1074 2348 id
1099 2301 1184 2347 est
1209 2291 1572 2349 Christianam
1619 2301 1858 2365 gentem,

257 2377 422 2448 cujus
453 2388 508 2436 tu
537 2389 694 2452 pater
741 2382 794 2438 in
839 2384 944 2438 fide
973 2384 1243 2450 subsistis,
1268 2385 1346 2441 sic.
1383 2385 1582 2442 faciam
1614 2401 1860 2441 resurre-

255 2471 466 2527 ctionis
487 2470 690 2528 lumine
715 2489 1027 2531 coruscare.
1051 2475 1257 2532 Deinde
1281 2477 1608 2532 monstravit
1636 2476 1712 2532 illi
1741 2493 1862 2532 are-

256 2579 388 2619 nam
424 2565 592 2622 maris
613 2606 628 2632 ,
657 2576 714 2622 et
737 2566 874 2623 dixit
897 2585 910 2622 :
938 2567 1029 2624 Sic
1054 2569 1408 2638 multizlicabo
1428 2589 1600 2627 semen
1621 2582 1770 2627 tuum
1797 2583 1860 2639 c;

256 2656 368 2712 hoc
380 2665 464 2712 est
475 2657 578 2713 erit
590 2658 808 2730 quidem
821 2659 1038 2734 copiosa
1051 2677 1182 2732 gens
1194 2660 1525 2730 .ludteorum,
1547 2666 1639 2721 sed
1661 2666 1861 2724 sterilis

256 2757 320 2802 et
345 2747 638 2806 infecunda
667 2751 812 2807 sicut
840 2768 1005 2808 arena
1035 2755 1297 2810 manebit.
1336 2775 1356 2808 ι
1408 2754 1482 2811 Ut
1507 2756 1586 2813 sic
1615 2759 1710 2812 erit
1753 2772 1860 2812 non

257 2841 332 2895 ad
383 2857 670 2898 numerum
733 2844 1192 2918 multiplicationis
1237 2849 1604 2919 comparative
1655 2864 1860 2914 arente,

258 2931 357 2986 vel
383 2933 685 3002 stellarum,
717 2936 1007 3006 referatur,
1039 2940 1132 2996 sed
1165 2940 1233 2996 ad
1259 2939 1485 2998 ell'ectus
1515 2956 1740 3012 operum
1768 2942 1862 2998 de-

261 3025 500 3081 rivetur.
544 3023 632 3084 Sic
670 3027 768 3083 erit
793 3046 967 3084 semen
992 3039 1162 3097 tuum,
1193 3047 1300 3087 non
1329 3033 1381 3088 in
1411 3049 1636 3089 numero
1680 3034 1864 3089 stella-

261 3135 394 3174 rum
418 3119 504 3174 vel
534 3121 700 3176 maris
725 3135 905 3178 arena:
933 3122 1094 3190 dixit,
1137 3125 1232 3180 sed
1259 3125 1330 3180 ad
1374 3125 1601 3182 affectus
1641 3142 1860 3182 earum-

263 3211 395 3267 dem
453 3229 656 3280 rerum,
698 3230 834 3286 quas
896 3216 946 3272 ei
993 3217 1262 3283 ostendit,
1321 3217 1597 3289 signavit:
1631 3219 1723 3277 Sic
1766 3221 1867 3275 erit

263 3319 445 3358 semen
467 3314 636 3358 tuum.
667 3305 725 3362 ιιι
748 3314 904 3376 parte
932 3307 1296 3378 resplendebit
1320 3305 1548 3380 fulgore,
1576 3319 1630 3364 et
1657 3311 1710 3365 in
1745 3325 1866 3380 par-
1890 3291 1936 3354 Ο

267 3407 325 3452 te
354 3397 654 3456 sterelitate
681 3399 784 3455 erit
825 3401 1135 3459 omnimodo
1173 3401 1520 3458 infecundum
1547 3403 1597 3458 ά.
1634 3405 1704 3460 Ει
1739 3405 1866 3464 licet

265 3493 482 3564 tropice
527 3502 586 3550 et
630 3493 972 3567 hyperbolice
1027 3511 1125 3567 per
1183 3497 1714 3566 superabundantem
1760 3507 1867 3554 tro-

265 3600 403 3655 pum
437 3595 462 3626 ο
497 3585 711 3644 dicatur
755 3597 934 3644 tamen
988 3589 1214 3662 mystice
1265 3590 1560 3646 identidem
1590 3601 1753 3662 atque
1787 3591 1867 3652 al-

265 3675 530 3746 legorice,
557 3675 716 3734 facile
745 3677 1096 3751 intelligentia
1127 3681 1426 3737 scientibus
1452 3684 1715 3754 aperitur.

346 3766 435 3824 18.
479 3767 640 3828 Multa
681 3779 838 3826 erant
869 3788 988 3842 qua:
1030 3772 1082 3828 in
1131 3771 1546 3830 confirmatione
1593 3777 1866 3834 dictorum

266 3875 522 3918 meorum
569 3862 906 3936 digererem;
954 3864 1048 3922 sed
1085 3862 1359 3922 fastidium
1400 3865 1692 3924 lectoribus
1730 3871 1868 3926 meis

265 3950 516 4010 dubitavi
544 3952 809 4024 ingerere.
841 3953 1047 4010 Sufﬁcit
1071 3955 1216 4026 quod
1245 3955 1590 4014 beatissimus
1614 3957 1866 4032 Angusti-

267 4059 382 4103 nus
415 4045 470 4100 in
500 4046 678 4117 primo
715 4045 854 4104 libro
881 4045 1293 4106 Confessionum
1336 4065 1558 4104 suarum
1601 4051 1676 4106 ita
1706 4050 1867 4120 hujus

269 4139 417 4194 artis
439 4139 585 4210 quod
613 4150 896 4196 assecutus
925 4137 1102 4198 fuerat
1126 4141 1322 4212 peritia
1356 4141 1550 4198 defleat
1573 4183 1590 4210 ,
1637 4152 1694 4197 ut
1729 4160 1867 4216 pene

269 4245 470 4292 ones
509 4229 648 4288 artis
693 4229 854 4302 hujus
894 4231 1097 4304 peritos
1133 4232 1188 4287 in
1217 4247 1408 4288 errore
1433 4233 1670 4288 maximo
1702 4235 1866 4290 devo-

265 4325 419 4386 lutos
463 4341 569 4384 non
607 4327 768 4389 siccis
809 4327 980 4390 oculis
1013 4328 1212 4400 lugeat.
1267 4327 1335 4383 Et
1358 4329 1549 4386 beatus
1573 4329 1866 4386 Cassianus

267 4435 403 4477 cum
443 4419 630 4481 sodale
672 4435 773 4476 suo
799 4419 1070 4476 Germano
1112 4419 1394 4492 prteclaro,
1433 4435 1531 4490 pro
1560 4421 1868 4493 hujnsmodi

264 4513 531 4574 ﬂentibus
552 4513 852 4586 disciplina!
877 4523 1047 4580 reatu,
1073 4530 1211 4583 anas
1230 4522 1346 4572 tero
1377 4525 1428 4570 te
1455 4513 1474 4553 ί
1503 4515 1555 4570 in
1581 4515 1867 4581 collatione

266 4616 476 4681 quarta
525 4607 732 4674 decima
786 4605 1091 4678 hujusmodi
1149 4609 1596 4682 reciprocationis
1653 4609 1864 4679 accepit

268 4703 600 4764 mmedium.
629 4723 650 4760 ι
683 4705 762 4765 De
788 4705 892 4762 hac
915 4705 1065 4775 ipsa,
1096 4705 1205 4772 ait,
1229 4705 1372 4759 unde
1402 4703 1496 4759 tibi
1526 4703 1864 4776 purgationis

267 4795 518 4853 maxima
539 4797 782 4852 nascitur
803 4796 1111 4868 desperatio
1131 4797 1302 4860 citum
1327 4795 1464 4850 satis
1485 4805 1647 4866 atque
1670 4792 1864 4849 ellicax

269 4885 582 4943 remedium
608 4887 811 4959 poterit
849 4886 1088 4953 oboriri,
1139 4885 1185 4942 si
1231 4884 1479 4942 eamdem
1526 4883 1865 4956 diligentiam

267 4987 447 5051 atque
473 4979 811 5045 instantiam,
838 4994 1002 5050 quam
1033 4987 1086 5034 te
1113 4977 1166 5033 in
1195 4977 1337 5034 illius
1363 4977 1717 5036 saecularibus
1757 4985 1869 5032 stu-

270 5073 389 5130 diis
416 5073 672 5130 habuisse
697 5072 902 5140 dixisti,
935 5073 1006 5128 ad
1034 5074 1061 5114 ⁶
1083 5072 1476 5142 scripturarum
1505 5070 1867 5142 spiritualium

270 5165 521 5226 volueris
545 5165 830 5224 lectionem
860 5163 1371 5234 meditationemque
1399 5161 1716 5220 transferre.
1765 5159 1872 5221 Ne-

347 5338 384 5370 ι
409 5322 468 5380 Id
491 5335 597 5392 est,
618 5326 944 5382 contrarius.

348 5394 384 5436 ι’
413 5396 474 5469 Ε.
505 5413 680 5469 quem,
699 5397 760 5469 id
786 5406 870 5454 est
905 5397 1204 5469 doctorem.

353 5479 386 5510 ο
416 5461 573 5538 Apud
605 5467 800 5527 Isidor.
849 5484 968 5538 cap.
1024 5467 1113 5532 12,
1148 5481 1241 5537 qq.
1271 5466 1328 5524 in
1370 5461 1570 5522 Cenes.
1615 5476 1723 5518 non
1771 5462 1868 5538 ita,

267 5539 385 5600 sed
415 5557 428 5594 :
459 5533 552 5596 Sic
601 5540 699 5595 erit
744 5540 799 5594 in
827 5533 1364 5594 multitudiuc’s'emen
1391 5545 1571 5601 tuum,
1595 5548 1717 5604 qua:
1756 5533 1871 5592 sola

267 5610 457 5683 verba
475 5625 606 5683 cum
635 5609 1411 5683 posterioribusconsentiunt.

351 5681 390 5728 ἆ
411 5681 552 5748 δίδη
569 5679 724 5740 crint
754 5683 898 5738 omni
920 5681 1074 5736 modo
1099 5679 1394 5748 infecunde.

361 5765 392 5795 ο
417 5753 659 5880 “super
683 5751 1130 5826 superabundunti
1149 5762 1317 5834 tropo.

361 5824 388 5865 ί
425 5823 490 5881 ι..
617 5822 893 5881 Naucrate
925 5836 946 5877 ε
989 5822 1162 5879 abbas
1193 5837 1317 5881 quin

267 5823 490 5968 uiuis.
529 5821 578 5880 Ᾰ
617 5821 893 5882 Naucrate
925 5836 946 5877 ε
989 5822 1162 5879 abbas
1193 5821 1394 5898 quippe
1424 5821 1673 5880 Nestoras
1708 5834 1870 5878 voca-

1963 2021 2244 2078 nascitur:
2279 2023 2402 2077 inde
2430 2023 2537 2078 illis
2561 2022 2726 2077 etiam
2763 2023 3082 2098 adulterium)
3123 2023 3314 2095 linguae
3348 2023 3547 2094 placet.

1964 2113 2095 2182 Qua:
2120 2115 2264 2169 enim
2287 2114 2709 2170 communicatio
2737 2113 2842 2169 luci
2869 2114 2938 2170 ad
2968 2115 3262 2170 tenebras?
3289 2114 3390 2184 Qui
3421 2131 3550 2170 con-

1963 2223 2156 2264 sensus
2185 2207 2388 2264 Christi
2435 2209 2502 2262 ad
2530 2207 2694 2263 Belial
2727 2207 2812 2280 (11
2840 2207 2962 2262 Cor.
2991 2224 3044 2262 v1
3067 2249 3081 2274 ,
3106 2207 3204 2274 M,
3234 2208 3366 2281 ιδῃ
3409 2208 3551 2276 Quid

1963 2297 2088 2354 facit
2121 2315 2243 2354 cum
2267 2297 2523 2370 psalterio
2550 2297 2837 2363 Horatius,
2867 2313 2990 2353 cum
3030 2298 3337 2370 Evangeliis
3377 2298 3547 2366 Maro,

1963 2409 2087 2448 cum
2118 2393 2376 2464 Apostolo
2405 2392 2642 2449 Cicero?
2689 2391 2880 2448 Nonne
2923 2391 3324 2448 scandalizatur
3349 2388 3546 2458 frater,

1963 2485 2009 2542 si
2043 2495 2092 2540 te
2121 2486 2318 2540 viderit
2349 2487 2400 2540 in
2431 2485 2595 2540 idolio
2623 2483 3070 2540 recumbentem?
3112 2483 3178 2536 Et
3214 2481 3341 2538 licet
3368 2483 3546 2537 omnia

1963 2577 2161 2630 munda
2196 2575 2404 2630 mundis
2438 2574 2566 2646 (Tit.
2596 2591 2633 2640 ι,
2665 2574 2774 2643 15),
2797 2583 2850 2628 ct
2877 2573 3008 2626 nihil
3033 2572 3383 2644 rejieiendum
3405 2571 3552 2643 quod

1964 2684 2082 2722 cum
2109 2669 2405 2738 gratiarum
2432 2667 2646 2722 actione
2672 2665 3002 2736 percipitur.
3053 2672 3234 2720 tamen
3264 2663 3422 2719 simul
3461 2663 3547 2718 bi—

1962 2758 2093 2813 bere
2119 2745 2224 2812 ιῖοιι
2255 2757 2515 2813 debemus
2541 2757 2754 2810 calicem
2785 2741 3003 2819 Chris‘t‘i,
3031 2764 3080 2810 et
3108 2753 3326 2810 calicem
3357 2757 3550 2810 dwmo—

1964 2850 2173 2904 m'orum
2204 2848 2254 2920 (Ι
2279 2845 2399 2903 Cor.
2433 2865 2489 2914 ιι,
2519 2849 2613 2914 20,
2637 2847 2750 2918 50).
2799 2867 2818 2899 ι

2037 2943 2101 2996 lit
2129 2949 2251 3012 post
2273 2942 2376 2996 ista
2399 2949 2506 2995 tam
2535 2940 2758 2996 fortiora
2787 2949 3004 3011 tamque
3041 2941 3296 3008 valentia,
3323 2941 3554 2999 innectit

1965 3033 2070 3087 alia
2095 3033 2262 3087 multo
2283 3033 2368 3086 his
2397 3031 2641 3086 fortiora.
2674 3031 3080 3088 Revelationem
3101 3047 3262 3102 quam
3294 3031 3396 3086 sibi
3419 3031 3554 3086 dicit

1966 3141 1997 3180 a
2041 3124 2268 3179 Domino
2317 3123 2606 3178 revelatam
2653 3139 2762 3177 non
2807 3123 2950 3178 lictis
2990 3123 3238 3189 somniis,
3271 3125 3364 3179 sed
3409 3123 3556 3180 veris

1965 3214 2283 3269 verberibus
2309 3213 2410 3268 sibi
2437 3213 2658 3266 inlatam
2683 3255 2697 3278 ,
2737 3213 2788 3268 in
2816 3229 2921 3284 qua
2951 3229 3010 3270 se
3037 3214 3254 3269 ductum
3287 3214 3354 3270 ad
3383 3214 3556 3269 tribu-

1970 3305 2272 3375 naljudicis
2317 3305 2544 3370 asserit,
2592 3314 2647 3361 et
2676 3320 2776 3374 pro
2817 3304 3252 3376 frequentatione
3291 3305 3554 3361 libroruin

1969 3400 2246 3473 gentilium
2272 3399 2472 3454 acriter
2499 3413 2694 3454 caesum
2720 3400 2774 3452 in
2802 3399 3090 3470 praesentia
3117 3399 3431 3472 angelorum
3458 3412 3554 3454 seu

1969 3499 2284 3546 cunctarum
2326 3492 2584 3546 virtutum
2619 3491 2876 3546 ostendit.

2037 3583 2127 3639 20.
2165 3583 2522 3654 inspiciamus
2557 3583 2754 3638 iterum
2784 3582 2915 3653 quid
2945 3583 3010 3638 de
3041 3583 3144 3638 hoc
3169 3583 3332 3638 etiam
3365 3583 3555 3638 mirifi-

1969 3693 2064 3732 cus
2106 3677 2305 3734 sentiat
2333 3677 2708 3746 Augustinus:
2751 3675 2870 3732 Non
2899 3693 3112 3741 curare,
3146 3677 3352 3748 inquit,
3395 3677 3556 3734 debet

1969 3774 2060 3845 qui
2091 3775 2248 3830 docet
2290 3783 2490 3846 quanta
2532 3772 2840 3844 eloquentia
2861 3813 2876 3837 ,
2927 3774 3022 3828 sed
3052 3784 3253 3843 quanta
3284 3773 3556 3829 evidentia

1970 3867 2181 3922 doceat.
2213 3864 2378 3936 Cujus
2409 3865 2693 3921 evidentia:
2715 3863 2943 3935 diligens
2973 3866 3243 3935 appetitor
3265 3865 3556 3936 aliquando

1969 3975 2071 4015 nec
2097 3959 2233 4032 leget
2263 3960 2428 4015 verba
2459 3957 2710 4024 cultiora,
2735 3975 2836 4014 nec
2855 3968 3014 4014 curat
3037 3959 3166 4028 quid
3197 3958 3335 4014 bene
3364 3968 3524 4015 sonat

1972 4055 2066 4115 sed
2097 4053 2237 4124 quod
2265 4053 2405 4108 bene
2428 4053 2646 4116 indicet,
2677 4061 2841 4124 atque
2871 4052 3082 4109 intimet
3100 4053 3246 4124 quod
3266 4053 3559 4108 ostendere

1972 4145 2226 4202 intendit.
2266 4143 2405 4202 Item
2435 4145 2552 4216 ipse
2581 4164 2595 4200 :
2622 4145 2789 4201 Bonis
2814 4145 3126 4202 doctoribus
3158 4153 3306 4200 tanta
3328 4145 3560 4201 docendi

1971 4253 2102 4296 cura
2131 4253 2253 4294 esse
2281 4237 2458 4302 debet,
2504 4246 2564 4294 ut
2605 4237 2652 4292 si
2679 4237 2902 4294 verbum
2931 4237 3074 4307 quod
3117 4236 3222 4292 nisi
3264 4236 3561 4295 obscurum

1973 4330 2042 4388 sit
2069 4330 2148 4385 vel
2180 4330 2516 4402 ambiguum,
2547 4329 2776 4384 latinum
2809 4346 2929 4386 esse
2960 4347 3066 4386 non
3097 4331 3302 4401 possit,
3331 4346 3428 4386 ore
3461 4345 3558 4386 au-

1971 4435 2080 4481 tem
2114 4422 2258 4495 vulgi
2285 4422 2482 4478 dicitur
2519 4431 2579 4480 ut
2604 4423 2927 4494 ambiguitas
2965 4423 3380 4495 obscuritasque
3419 4425 3558 4480 vite-

1973 4525 2081 4584 tur,
2127 4533 2236 4572 non
2282 4516 2364 4572 sic
2415 4515 2630 4572 dicatur
2672 4526 2790 4570 uta
2819 4515 3010 4581 doctis,
3059 4516 3154 4572 sed
3177 4518 3360 4587 potius
3384 4527 3444 4570 ut
3487 4517 3560 4574 ab

1971 4609 2202 4664 indoctis
2256 4608 2362 4663 dici
2403 4606 2557 4663 solet.
2601 4607 2784 4671 Vides,
2841 4622 2875 4662 ο
2917 4607 3137 4672 eximie,
3183 4624 3286 4662 non
3334 4621 3560 4662 curasse

1971 4705 2220 4760 doctores
2257 4703 2311 4758 in
2341 4701 2524 4757 verbis
2549 4700 2900 4772 grammatica
2925 4700 3077 4763 vitia,
3105 4699 3324 4768 quando
3350 4698 3402 4753 in
3433 4712 3560 4753 sen-

1970 4797 2119 4852 sibus
2163 4803 2219 4850 et
2255 4793 2584 4863 profectibus
2616 4800 2730 4846 tuta
2768 4799 2914 4845 esset
2959 4789 3248 4845 sententia.
3304 4787 3558 4858 Nunquid

1971 4901 2078 4941 non
2122 4885 2245 4940 talis
2293 4891 2381 4940 est
2429 4881 2588 4952 hujus
2635 4881 2970 4936 sanctissimi
3013 4878 3254 4934 doctoris
3301 4878 3558 4946 assertio,

1971 4977 2147 5049 qualis
2171 4987 2226 5032 et
2249 4992 2368 5031 mea
2397 4975 2506 5041 illa,
2542 4959 2732 5030 contra
2760 4988 2922 5043 quam
2953 4973 3054 5038 ais,
3085 4971 3353 5042 professio
3380 4990 3394 5026 :
3428 4987 3559 5028 san-

1971 5080 2092 5127 ctos
2129 5078 2183 5126 et
2224 5067 2554 5140 apostolicos
2580 5067 2728 5121 viros
2756 5079 2863 5119 non
2891 5062 3182 5120 verborum
3212 5063 3561 5134 compositio-

1974 5163 2135 5220 nibus
2159 5160 2456 5228 deservire,
2495 5159 2589 5217 sed
2620 5172 2876 5214 sensuum
2906 5156 3134 5212 veritate
3164 5157 3429 5229 gaudere;
3460 5170 3563 5214 nec

2049 5323 2076 5363 ε
2116 5321 2278 5377 Deest
2311 5319 2380 5374 ad
2410 5317 2464 5373 in
2507 5317 2630 5382 519.,
2681 5315 2776 5372 sed
2812 5313 3025 5372 restitui
3057 5330 3125 5372 ex
3152 5313 3415 5372 Cassiano
3451 5314 3562 5370 colo

1973 5387 2070 5450 lat.
2101 5407 2210 5456 xw,
2238 5407 2290 5448 c.
2316 5390 2400 5451 l3,
2432 5389 2574 5444 sicut
2602 5395 2658 5444 et
2685 5387 2964 5456 sequentia
2989 5404 3003 5442 :
3030 5403 3184 5458 quem
3208 5387 3352 5458 intra
3367 5396 3562 5458 semet:-

1971 5467 2212 5536 ipsum...
2254 5461 2616 5536 perquirere...
2655 5455 2841 5536 poterit
2867 5471 2893 5536 :_
2917 5455 3052 5530 qua!
3078 5457 3154 5514 ita
3200 5457 3256 5512 in
3303 5456 3426 5524 Ms.,
3463 5455 3564 5514 sed

1980 5530 2039 5592 ut
2065 5537 2118 5590 in
2148 5530 2293 5589 textu
2320 5530 2389 5588 es
2418 5532 2680 5586 Cassiano
2709 5530 2950 5600 legenda.
3264 5597 3272 5600 _
3349 5599 3354 5600 γ
3436 5549 3502 5600 mo

2049 5605 2134 5658 hii
2181 5604 2307 5666 Ms..
2337 5603 2622 5658 lubricis...
2647 5597 3052 5658 delicativam...
3089 5616 3199 5656 ιιιιιι
3223 5597 3403 5655 clavis.
3434 5597 3562 5656 Hie-

1977 5693 2240 5750 ronymus
2261 5685 2323 5750 ιιι
2345 5676 2409 5750 in_
2421 5683 2600 5750 textu.
2628 5745 2638 5750 _
2929 5743 2968 5750 _
3280 5675 3323 5750 ς

2049 5739 2278 5806 ι’ῡθθει
2311 5747 2366 5802 in
2390 5745 2490 5800 Ms.
2517 5745 2878 5800 moderantur.
2927 5743 3120 5802 Exstat
3153 5743 3298 5815 apud
3331 5739 3553 5800 Hieron.

1975 5822 2146 5894 Epist.
2175 5819 2268 5886 ‘22,
2299 5817 2470 5875 multo
2493 5825 2614 5889 post
2642 5815 2900 5872 medium.
