4034 6350
221 388 323 448 LM

1691 372 2072 471 EPISTOLIE.

3395 386 3502 444 442

221 501 447 574 ineptiis
471 497 818 556 Judaicarum
865 494 1264 566 Scripturarum
1282 533 1299 560 ,
1341 494 1397 549 in
1438 491 1636 565 quibus
1681 508 1805 547 cum
1832 494 1888 552 A
1910 511 2090 552 nasse.
2135 496 2286 564 Quod
2309 506 2490 554 autem
2516 499 2666 565 dicit,
2694 501 2822 570 quia
2847 499 2990 556 Deus
3012 499 3286 556 hominem
3312 516 3497 558 susce-

222 592 496 647 absolutio
525 589 610 645 vel
650 588 961 659 explanatio
991 586 1136 641 nulla
1173 586 1272 652 sit,
1298 587 1363 641 ad
1391 585 1652 655 quasdam
1689 600 1813 639 nar-

220 688 470 743 rationes
498 685 824 754 incongruas
871 679 1418 749 inconvenientesque
1467 686 1810 743 convertunt,

219 798 342 852 quae
378 796 482 835 non
527 787 637 833 tam
663 774 1073 847 explanationes
1103 780 1230 829 sunt
1277 772 1363 828 his
1418 788 1537 842 qua:
1581 774 1813 826 obscura

219 879 373 935 sunt,
403 884 565 941 quam
592 868 749 922 laude
784 865 1140 937 plausumque
1192 863 1586 919 disserentibus
1631 859 1814 917 conle-

220 972 329 1019 rat.
354 961 491 1015 Nam
531 976 591 1013 ea
620 973 742 1029 quze
781 956 994 1029 Moyses
1032 955 1283 1027 agrestici
1326 965 1382 1009 et
1422 953 1652 1023 simplici
1701 967 1816 1007 ser-

220 1070 389 1111 mone
417 1054 766 1122 conscripsit,
793 1051 1050 1106 divinitus
1078 1049 1288 1105 sancita
1316 1057 1371 1108 et
1414 1048 1601 1120 ﬁguris
1651 1057 1814 1117 atque

218 1145 605 1216 :enigmatibus
642 1144 857 1198 obtecta
904 1140 1246 1206 confirmant,
1291 1148 1454 1210 atque
1507 1138 1815 1210 ingentibus

218 1237 436 1308 oppleta
472 1235 745 1308 mysteriis
781 1233 951 1289 inﬂati
981 1243 1162 1289 mente
1181 1248 1245 1288 ac
1277 1233 1486 1297 tumidi,
1514 1233 1730 1287 turbato
1759 1231 1815 1285 in

218 1329 535 1400 semetipsis
564 1327 791 1383 rationis
815 1327 1063 1381 humanae
1081 1324 1303 1395 judicio,
1334 1334 1675 1380 sacramenta
1710 1340 1811 1394 pu—

222 1431 366 1486 tant,
410 1422 465 1476 in
504 1420 700 1490 quibus
737 1433 796 1474 se
846 1419 1077 1490 agrestis
1119 1418 1351 1488 scriptor
1391 1417 1660 1488 explicare
1706 1432 1813 1471 non

213 1513 389 1568 valet.
438 1511 581 1566 Ecce
625 1510 977 1581 philosophus
1021 1511 1165 1565 inter
1212 1525 1341 1565 suos
1387 1510 1611 1574 nobiles,
1655 1517 1710 1563 et
1746 1523 1814 1563 ex

218 1617 475 1676 tempore
503 1603 838 1660 declamator
859 1604 1108 1675 insignis,
1132 1602 1369 1676 Moysem
1400 1604 1732 1674 imperitum,
1758 1609 1815 1656 et

219 1707 501 1770 agrestem
550 1696 870 1767 scriptorem
919 1695 1194 1767 explicare
1241 1710 1348 1750 non
1389 1695 1658 1749 valentem
1702 1693 1816 1749 suis

214 1789 577 1860 prosequitur
595 1788 759 1844 orsis.
805 1787 872 1842 Et
904 1788 1094 1859 utique
1119 1788 1164 1842 si
1196 1785 1313 1857 ejus
1341 1787 1482 1843 dicta
1513 1802 1611 1857 per
1640 1795 1812 1841 artem

217 1855 458 1934 decursa
482 1879 713 1944 videret,
738 1887 833 1936 aut
855 1855 1176 1955 eloquenter
1220 1855 1395 1949 perite
1441 1855 1540 1949 per
1587 1876 1809 1933 sateula-
1842 1855 1890 1916 Β

216 1989 338 2029 rem
371 1973 694 2045 sapientiam
721 1972 914 2028 dill‘usa
941 1973 1229 2044 probaret,
1261 1988 1369 2027 non
1398 1986 1521 2027 eum
1571 1971 1660 2025 tali
1712 1985 1811 2025 no-

217 2064 370 2121 mine
393 2065 692 2119 notandum
716 2072 930 2135 putaret
967 2079 981 2117 :
1022 2065 1115 2119 sed
1142 2063 1270 2133 quia
1322 2071 1382 2117 ut
1414 2060 1541 2118 vere
1594 2061 1813 2133 gentilis

215 2156 274 2211 in
302 2157 470 2212 verba
494 2155 627 2211 foris
647 2165 898 2211 ornatum
924 2171 1033 2223 non
1086 2155 1237 2219 vidit,
1278 2154 1538 2223 fulgorem
1592 2155 1815 2210 interio-

215 2263 339 2303 rem
373 2248 573 2304 rimare
601 2248 848 2304 nescivit.
881 2248 961 2301 An
994 2248 1167 2303 sancti
1202 2247 1443 2316 Apostoli
1495 2247 1637 2301 dicta
1670 2248 1815 2318 igno-

215 2340 396 2395 randa
428 2340 698 2404 transivit,
714 2340 808 2410 qui
832 2338 1097 2393 Habemus
1120 2340 1424 2393 thesaurum
1448 2338 1813 2393 absconditum

214 2433 273 2486 in
297 2433 439 2487 vasis
477 2430 725 2500 ﬁctilibus
758 2431 840 2503 ('II
871 2429 1091 2497 Cor.1v,
1123 2432 1177 2503 7)
1212 2431 1361 2487 dicit.

288 2523 387 2578 24.
422 2525 547 2580 Dies
598 2524 754 2591 mihi,
818 2526 1136 2595 priusquam
1180 2525 1462 2580 sententia:
1507 2525 1810 2594 doctorum,

216 2616 516 2681 deﬁcient,
548 2615 591 2670 si
624 2615 866 2670 omnium
904 2600 1187 2670 doctorum
1227 2617 1520 2672 sententias
1573 2617 1814 2673 malucro

218 2720 527 2777 mngerere
551 2707 676 2761 huic
703 2715 902 2761 nostra:
942 2706 1227 2761 assertioni
1270 2708 1606 2763 cohaerentes
1633 2717 1687 2763 et
1717 2724 1812 2763 va-

215 2799 356 2854 lide.
391 2801 521 2867 Quae
548 2800 674 2870 quia
707 2800 888 2856 multa:
913 2810 1059 2866 sunt,
1083 2810 1138 2856 et
1176 2816 1312 2871 pene
1353 2817 1382 2855 a
1426 2802 1569 2856 nullo
1597 2802 1814 2872 penitus

213 2891 625 2962 sapientissimo
653 2892 1009 2962 explicandae,
1042 2901 1329 2948 contentus
1358 2909 1453 2949 ero
1486 2894 1605 2948 istis
1653 2895 1810 2948 testi-

213 2987 426 3041 moniis
450 2995 555 3041 tam
582 2998 609 3028 ι
635 2986 891 3057 praeﬁxis,
913 2996 968 3042 et
997 2987 1065 3041 ad
1091 2987 1382 3042 secundam
1416 2988 1812 3058 oppositionem

215 3093 314 3134 me
352 3078 645 3135 identidem
674 3088 887 3149 patrum
919 3080 1297 3135 decedentium
1330 3079 1357 3120 ιι
1386 3080 1611 3134 armabo
1666 3080 1808 3135 telis.

213 3169 397 3241 Igitur
423 3170 719 3225 sententias
743 3171 1024 3225 doctorum
1066 3186 1098 3224 a
1132 3170 1288 3225 nobis
1328 3186 1428 3240 pro
1466 3171 1668 3225 unione
1688 3171 1810 3226 Filii

215 3261 320 3319 Dei
354 3263 593 3335 digestas
634 3264 700 3319 de
740 3272 1059 3318 naturarum
1108 3264 1454 3320 distinctione
1499 3266 1567 3319 ab
1608 3264 1812 3320 eisdem

216 3355 577 3425 depromptas
627 3369 793 3411 conas
824 3366 846 3396 α
880 3355 1162 3422 subruere,
1199 3370 1497 3426 eorumque
1523 3357 1664 3411 dicta
1710 3356 1814 3411 sibi

218 3447 599 3518 impugnantia
630 3462 736 3502 non
765 3461 961 3503 verens
1007 3446 1324 3512 ostendere,
1370 3464 1469 3504 nec
1515 3447 1657 3502 beati
1704 3446 1816 3502 Au-

216 3540 430 3610 gustini
458 3538 670 3609 eloquia
703 3538 961 3603 destruis,
991 3538 1087 3594 sed
1111 3539 1286 3594 sancti
1328 3537 1639 3611 Hie.onymi
1686 3554 1815 3594 con-

218 3639 309 3686 tra
341 3646 471 3686 eum
513 3632 657 3686 dicta
700 3632 949 3702 opponis,
992 3642 1345 3702 utrorumque
1389 3634 1711 3688 sententiam
1759 3633 1816 3687 in

218 3723 403 3778 rixam
437 3722 689 3790 mittens,
719 3732 773 3778 et
802 3724 857 3778 in
883 3723 1091 3794 seipsos
1133 3724 1437 3779 surrexisse
1481 3733 1643 3794 atque
1684 3739 1817 3779 con-

219 3825 304 3893 tra
334 3831 394 3870 se
434 3815 643 3872 locutos
686 3816 855 3873 fuisse
899 3818 1211 3873 ostendens.
1262 3817 1369 3873 Sed
1419 3819 1558 3874 absit
1594 3828 1654 3874 ut
1705 3820 1812 3875 hoc

219 3908 558 3964 credendum
589 3909 748 3965 alicui
777 3909 863 3966 vel
889 3909 1163 3980 paululum
1194 3909 1516 3982 intelligenti
1538 3911 1814 3979 videatur;

217 4007 382 4053 tanto
421 4001 592 4072 magis
612 4001 705 4056 tibi
746 4009 892 4057 tanto
919 4012 975 4057 et
1005 4002 1095 4057 tali
1126 4002 1242 4057 viro
1272 4003 1496 4058 scientia
1523 4013 1577 4059 et
1615 4004 1816 4060 libera-

218 4089 373 4146 libus
405 4094 612 4149 artibus
643 4092 950 4149 inlustrate.
981 4092 1091 4149 Nos
1120 4094 1268 4148 enim
1297 4110 1419 4164 quae
1448 4095 1687 4151 diximus
1718 4111 1819 4166 pro

218 4185 432 4239 unione
470 4199 718 4254 persona:
744 4186 1110 4242 certavimus:
1147 4201 1421 4255 unumque
1456 4186 1733 4242 Christum
1764 4188 1819 4243 in

220 4276 443 4333 duabus
500 4276 709 4332 naturis
775 4276 1196 4348 intelligentibus
1251 4275 1390 4331 bene
1446 4277 1815 4347 probavimus.

219 4369 369 4425 Nam
394 4370 541 4439 quod
575 4369 793 4425 beatum
820 4369 1208 4441 Hieronymum
1248 4369 1484 4425 sensisse
1512 4371 1818 4437 contendis,

219 4460 293 4515 de
321 4461 653 4531 proprietate
679 4469 998 4514 naturarum
1026 4460 1130 4514 hoc
1159 4458 1311 4514 illum
1340 4458 1587 4530 proferre
1616 4462 1821 4517 sentire

218 4552 422 4618 debes,
469 4568 574 4607 non
616 4567 717 4623 pro
763 4551 961 4606 unione
1008 4565 1252 4621 persona:
1300 4565 1315 4604 :

219 4642 370 4699 duos
390 4642 635 4698 Christus
683 4642 741 4697 in
783 4643 1192 4714 quaviscunque
1235 4641 1504 4713 scriptura
1550 4642 1818 4700 discretos

215 4735 484 4809 perlegis.
516 4735 669 4791 Sicut
704 4735 879 4789 dixit:
914 4732 1031 4790 Non
1055 4750 1182 4806 ergo
1212 4743 1409 4789 natura
1445 4735 1709 4806 unigeniti
1735 4743 1821 4791 est

214 4831 647 4901 priinogenitus,
678 4829 774 4885 sed
813 4840 1036 4900 propter
1063 4830 1379 4886 societatem
1412 4829 1676 4901 unigeniti
1725 4828 1820 4885 Dei

216 4927 547 4999 unigenitus
588 4936 693 4983 est.
748 4924 911 4981 Vides
955 4925 1083 4996 quia
1128 4935 1445 4980 naturarum
1498 4924 1822 4995 explicuerit

214 5020 664 5092 proprietatem,
717 5035 826 5074 non
873 5032 1118 5089 persona:
1174 5018 1485 5074 distinxerit
1531 5018 1816 5073 unitatem.

216 5110 371 5169 Nam
402 5112 586 5183 utique
624 5112 921 5169 secundum
956 5109 1296 5165 divinitatem
1342 5119 1426 5166 est
1462 5110 1622 5174 Deus,
1649 5118 1705 5165 et
1734 5125 1823 5165 se-

217 5203 474 5260 cundum
519 5204 910 5260 humanitatem
960 5203 1123 5258 homo
1166 5211 1250 5258 est
1274 5217 1456 5257 verus.
1487 5203 1594 5257 Sed
1624 5202 1822 5258 iterum

217 5294 406 5350 libere
424 5304 481 5351 et
492 5305 804 5352 constanter
826 5293 1084 5366 proﬁteor
1106 5293 1161 5347 in
1181 5303 1410 5363 utraque
1431 5302 1624 5348 natura
1652 5310 1819 5349 unum

219 5386 513 5443 Christum
543 5388 798 5455 existere,
823 5396 877 5443 et
902 5402 1066 5441 unum
1096 5385 1290 5441 Filium
1340 5386 1618 5457 proprium
1666 5401 1820 5452 esse;

220 5497 345 5538 non
375 5480 534 5549 duos,
554 5488 617 5536 ut
638 5481 786 5537 visus
835 5490 918 5538 est
962 5479 1258 5563 Elipandus
1300 5479 1592 5535 haereticus
1640 5478 1824 5535 nomi-

305 5631 336 5659 ι
373 5617 441 5673 F.
464 5618 603 5688 jam.

306 5690 340 5730 ι)
370 5688 437 5744 F.
467 5689 875 5759 defendentium.

310 5772 336 5799 ο
381 5760 527 5815 Idem
555 5777 620 5815 ac
641 5762 869 5816 conaris.

307 5830 340 5872 ά
381 5830 506 5897 Ms,
533 5833 671 5901 quod
737 5831 1017 5889 nascendo.
1070 5831 1279 5890 Nedum
1329 5842 1512 5891 autem
1551 5834 1695 5905 apud
1734 5833 1831 5890 Li-

1919 598 2093 659 pcrat,
2118 597 2173 643 et
2195 603 2291 659 per
2311 598 2537 645 mortem
2562 590 2740 645 crucis
2765 590 3146 655 relinquendus
3171 600 3291 645 erat
3323 607 3353 645 a
3386 590 3500 647 Deo

1917 698 2090 753 usque
2130 682 2196 736 ad
2238 684 2689 738 resurrectionem
2709 724 2723 749 ,
2766 700 2871 739 non
2909 685 3011 740 hoc
3041 684 3161 739 ideo
3189 684 3321 739 dicit
3348 685 3495 755 quod

1917 777 2235 832 derelictum
2264 791 2387 830 eum
2425 774 2676 841 aﬂirmet,
2707 778 2850 845 quod
2888 776 3044 848 longe
3071 785 3155 833 est
3180 792 3211 831 a
3246 777 3501 833 sensibus
3552 796 3567 807 ο

1916 869 2139 924 nostris.
2169 866 2276 923 Sed
2318 876 2378 921 ut
2416 867 2615 924 Beatus
2658 867 2978 923 Libanensis
3004 868 3289 940 presbyter
3318 868 3493 923 dixit:

1916 960 2034 1016 Non
2081 962 2225 1031 quod
2276 960 2538 1016 Divinitas
2590 960 2868 1031 reliquerit
2924 976 3146 1017 carnem
3199 975 3372 1024 suam,
3403 958 3501 1015 sed

1916 1053 2061 1123 quod
2092 1067 2197 1106 non
2229 1052 2621 1119 commeritum
2669 1060 2789 1108 erat
2830 1068 2953 1107 cum
2989 1066 3155 1108 carne
3196 1066 3294 1107 sua
3327 1070 3340 1106 :
3373 1050 3502 1121 quia

1916 1147 2076 1202 sicin
2102 1145 2350 1216 sepulcro
2389 1160 2611 1200 carnem
2646 1159 2801 1199 suam
2838 1145 3234 1199 commanendo
3264 1158 3372 1198 non
3402 1142 3499 1198 de-

1917 1239 2117 1299 seruit,
2150 1237 2288 1291 sicut
2316 1235 2374 1290 in
2404 1246 2559 1291 utero
2589 1235 2822 1306 Virginis
2851 1234 3231 1290 connascendo
3257 1233 3286 1273 ἀ
3317 1233 3504 1289 ﬁrma-

1916 1332 2014 1386 vit.
2045 1330 2194 1386 Fidci
2225 1343 2354 1401 ergo
2378 1338 2579 1383 nostra:
2606 1327 2686 1383 sic
2735 1326 3011 1391 convenit,
3049 1333 3110 1379 ut
3153 1326 3315 1380 homo
3360 1323 3504 1379 ﬁlius

1917 1424 2062 1480 dicat
2092 1438 2106 1477 :
2136 1421 2312 1488 Quare
2345 1438 2427 1475 me
2454 1420 2776 1491 dereliquistt'
2800 1420 2825 1473 1’
2860 1412 3078 1490 (Matth.
3110 1433 3282 1482 xxv”,
3326 1416 3419 1488 46)
3448 1424 3505 1471 et

1916 1516 2061 1571 Deus
2089 1516 2247 1578 ﬁlius,
2272 1514 2363 1585 qui
2390 1529 2514 1569 cum
2540 1512 2703 1568 Patre
2753 1511 2978 1582 atqualis
3019 1519 3122 1574 est,
3171 1510 3317 1565 dicat
3346 1527 3359 1562 :
3396 1507 3501 1574 Qui

1918 1624 1998 1662 me
2023 1608 2162 1661 misit
2190 1622 2389 1660 mecum
2410 1615 2507 1671 est,
2530 1621 2623 1659 nec
2643 1621 2723 1658 me
2746 1603 3020 1673 dereliquit
3052 1600 3235 1675 (Joan.
3250 1615 3368 1664 vm,
3383 1598 3497 1669 49).

1918 1699 1984 1753 Et
2014 1714 2137 1754 cum
2167 1714 2236 1753 ex
2276 1707 2506 1767 utroque
2536 1712 2675 1752 unus
2714 1696 2784 1751 sit
2829 1694 3020 1759 Filius,
3062 1692 3360 1749 cavendum
3395 1697 3501 1756 est,

1919 1804 1988 1844 ne
2038 1788 2231 1858 aliquis
2281 1788 2465 1843 dicat:
2499 1784 2672 1841 Homo
2711 1794 2796 1840 est
2830 1794 3094 1849 mortuus,
3123 1791 3179 1838 et
3208 1782 3349 1837 Deus
3376 1794 3502 1836 eum

1916 1881 2191 1936 excitavit.
2241 1877 2354 1934 Hoc
2413 1877 2487 1933 illi
2545 1878 2731 1933 dicunt
2782 1876 2877 1947 qui
2927 1876 3221 1932 secundum
3278 1887 3497 1929 carnem

1914 1975 2210 2046 praedicant
2235 1972 2548 2044 adoptivum
2565 2012 2582 2039 ,
2606 1979 2663 2028 et
2691 1970 2983 2028 secundum
3009 1968 3349 2025 divinitatem
3375 1979 3502 2037 pro-

1914 2081 2112 2140 prtum.

1984 2247 2077 2302 25.
2110 2245 2325 2301 Dictum
2364 2256 2495 2298 vero
2526 2240 2586 2297 S.
2614 2237 2932 2310 Hieronymi
2957 2251 2987 2291 a
3018 2243 3095 2304 te,
3126 2234 3323 2291 dilecte
3348 2232 3498 2306 posi-

1917 2351 2052 2406 tum,
2101 2341 2175 2394 ita
2220 2335 2595 2407 accipiendum
2646 2332 2833 2403 procul
2880 2329 3046 2387 dubio
3069 2328 3339 2399 congruit,
3372 2326 3500 2398 quia

1916 2432 2226 2489 humanitas
2275 2428 2534 2483 derelicta
2579 2434 2663 2482 est
2696 2440 2750 2488 .a
2800 2424 3082 2479 divinitate
3110 2437 3207 2477 sua
3240 2436 3361 2475 cum
3398 2435 3505 2488 qua

1916 2527 2033 2595 ipsa
2061 2524 2222 2579 tertia
2256 2530 2340 2577 est
2368 2521 2421 2575 in
2449 2518 2715 2574 Trinitate
2753 2530 3008 2586 persona.
3057 2512 3162 2568 Sed
3201 2512 3327 2581 quia
3368 2508 3507 2565 divi-

1914 2621 2062 2677 nitas
2091 2617 2228 2673 mori
2260 2632 2365 2670 non
2394 2621 2626 2684 poterat,
2656 2611 2779 2665 ideo
2806 2608 2960 2679 quasi
2991 2608 3045 2662 in
3092 2621 3150 2661 se
3188 2605 3303 2661 sola
3338 2612 3504 2657 natu-

1916 2710 2106 2768 raliter
2132 2707 2439 2762 humanitas
2463 2703 2770 2773 passionem
2817 2698 3044 2754 ferebat.
3102 2695 3268 2751 Miror
3318 2702 3503 2749 tamen

1916 2802 2187 2877 quomodo
2238 2816 2360 2855 eum
2413 2797 2505 2852 hic
2549 2794 2860 2851 derelictum
2884 2807 2914 2845 a
2948 2790 3062 2844 Deo
3106 2802 3273 2843 ausus
3300 2795 3384 2841 est
3419 2785 3503 2840 di-

1916 2912 2064 2960 cere,
2103 2909 2225 2950 cum
2268 2892 2322 2947 in
2354 2898 2447 2945 tua
2468 2887 2720 2960 epistola,
2749 2886 2878 2940 dum
2908 2881 3054 2938 aliud
3094 2879 3193 2941 ais,
3228 2890 3504 2946 nunquam

1915 2987 2234 3046 derelictum
2272 2985 2419 3039 visus
2479 2991 2565 3038 est
2610 2979 2938 3042 afﬁrmasse,
2983 2973 3074 3029 ubi
3121 2989 3187 3029 ex
3241 2970 3508 3042 praeclaro

1915 3079 2178 3150 Gregorio
2204 3084 2389 3132 nostra
2419 3073 2666 3128 ﬁrmatur
2692 3069 2942 3125 assertio.
2973 3066 3190 3120 Dixisse
3210 3063 3353 3118 enim
3378 3062 3460 3117 ais
3488 3078 3503 3114 :

1915 3172 1975 3227 In
2013 3170 2224 3226 cunctis
2274 3180 2509 3236 namque
2544 3162 2792 3218 ﬁdelibus
2838 3159 3062 3230 spiritus
3109 3154 3279 3219 venit,
3310 3151 3405 3207 sed
3453 3150 3509 3206 in

1917 3265 2033 3322 solo
2079 3261 2376 3317 Mediatore
2435 3264 2741 3328 permanet,
2795 3252 2887 3324 qui
2944 3251 3062 3321 ejus
3113 3245 3506 3303 humanitatem

1914 3370 2192 3427 nunquam
2231 3351 2491 3407 deseruit.
2528 3348 2585 3402 Si
2634 3362 2741 3401 non
2788 3352 2874 3399 est
2901 3343 3139 3404 deserta,
3194 3352 3296 3394 nec
3323 3336 3510 3405 utique

1914 3450 2191 3506 derelicta.
2238 3446 2368 3514 Quae
2413 3457 2543 3497 vero
2593 3455 2661 3496 ex
2715 3446 2904 3494 sancto
2955 3432 3258 3505 Augustino
3315 3436 3508 3484 contra

1912 3540 2287 3599 Priscillianos
2334 3536 2538 3591 dixisse
2594 3532 2851 3595 intendis,
2903 3543 3001 3583 nec
3047 3521 3394 3579 mutabilitati
3424 3519 3508 3574 vel

1915 3631 2259 3691 conversioni
2318 3628 2655 3683 divinitatem
2705 3620 2986 3687 suhjacere
3028 3614 3308 3689 causaris,
3360 3618 3509 3666 certe

1916 3727 2033 3782 haec
2061 3739 2186 3778 vere
2215 3720 2516 3783 contendis,
2544 3717 2638 3774 sed
2657 3724 2846 3772 contra
2864 3726 3024 3782 quem
3055 3709 3170 3781 ipse
3191 3721 3297 3762 non
3313 3706 3501 3761 habes.

1916 3819 2103 3891 Neque
2145 3815 2291 3871 enim
2324 3812 2576 3878 dicimus,
2609 3820 2706 3865 aut
2741 3806 3136 3864 humanitatem
3167 3800 3221 3855 in
3253 3796 3511 3854 divinita-

1918 3923 2029 3970 tem
2068 3918 2355 3976 mutatam,
2406 3915 2502 3962 aut
2548 3905 2886 3962 divinitatem
2922 3900 2974 3955 in
3004 3910 3228 3953 carnem
3271 3906 3505 3949 conver-

1919 4024 2055 4073 sam,
2091 4020 2193 4061 nec
2228 4012 2575 4075 augmentum
2607 3998 2782 4054 eidem
2831 3992 3249 4065 simplicissima;
3277 3996 3507 4053 naturae,

1918 4117 2021 4158 nec
2054 4100 2119 4155 de
2146 4096 2344 4153 talibus
2368 4092 2720 4164 blasphemiis
2750 4105 2873 4145 eum
2919 4100 3190 4157 quoquam
3218 4080 3512 4152 aliquando

1920 4190 2329 4254 contendimus;
2389 4184 2485 4243 sed
2538 4183 2714 4240 veraci
2776 4179 3155 4252 persecutione
3208 4175 3510 4238 ﬁrmamus,

1919 4281 2091 4339 Deum
2120 4279 2396 4336 hominem
2422 4276 2625 4333 factum
2651 4273 2929 4331 Christum
2960 4272 3381 4340 Redemptorem
3401 4282 3516 4323 om-

1920 4377 2093 4441 nium,
2132 4388 2320 4437 unum,
2367 4385 2474 4426 non
2506 4370 2642 4426 duos
2680 4368 2821 4423 ﬁlios
2846 4365 3144 4435 disjunctos
3163 4372 3218 4419 et
3246 4379 3278 4418 a
3309 4379 3369 4419 se
3391 4377 3517 4434 per-

1922 4481 2178 4525 sonarum
2206 4463 2522 4519 diversitate
2544 4461 2834 4526 discretos,
2851 4460 2944 4516 sed
2969 4473 3160 4524 unum,
3183 4464 3239 4512 et
3251 4470 3352 4527 per
3364 4454 3516 4511 unio-

1364 4552 1490 4622 quia
1538 4567 1816 4624 “unquam
1842 4584 1897 4647 ι)
1922 4577 2046 4617 nem
2073 4573 2319 4630 personae
2348 4556 2647 4628 proprium,
2672 4568 2781 4608 non
2822 4551 3155 4620 adoptivum.
3177 4547 3336 4647 ’Βεθξί
3378 4545 3517 4600 Leo-

1924 4654 2013 4710 nis
2042 4650 2230 4715 vcrba,
2267 4657 2322 4703 et
2347 4646 2405 4704 S.
2444 4644 2762 4715 Hieronymi
2788 4640 3097 4696 veneranda
3144 4637 3379 4708 eloquia,
3419 4649 3518 4691 seu

1924 4742 2206 4799 Athanasii
2234 4737 2482 4810 prmclari
2517 4734 2844 4791 sententiam
2874 4733 2967 4788 diu
3000 4746 3063 4785 ac
3113 4729 3253 4784 bene
3296 4725 3516 4792 rimavi,

1925 4844 1982 4892 et
2021 4844 2131 4890 tota
2178 4832 2311 4887 mihi
2359 4845 2467 4885 non
2509 4830 2817 4891 adversata,
2869 4823 2961 4880 sed
2990 4829 3355 4879 consentanea
3382 4818 3514 4874 vidi.

1926 4926 2064 4995 Quia
2093 4939 2200 4978 non
2226 4936 2325 4992 pro
2346 4934 2577 4991 persona
2604 4914 2830 4980 Christi,
2860 4929 2982 4984 quae
3024 4926 3151 4978 una,
3179 4919 3265 4966 est
3288 4909 3517 4975 dictum,

1929 5019 2025 5076 sed
2071 5031 2171 5088 pro
2208 5022 2528 5070 naturarum
2560 5021 2584 5050 ο
2608 5008 2940 5080 proprietate
2964 5047 2981 5074 ,
3029 5020 3150 5076 quae.
3179 5004 3232 5059 in
3277 5018 3342 5058 eo
3375 5003 3520 5058 bina:

1931 5115 2078 5171 sunt,
2111 5105 2337 5178 cognovi
2370 5104 2656 5175 digestum.
2687 5099 2915 5154 Beatum
2941 5096 3290 5152 Ambrosium
3319 5092 3515 5150 identi-

1931 5201 2054 5257 dem
2086 5198 2210 5255 talia
2236 5204 2580 5268 prosecutum
2611 5191 2883 5263 producis,
2906 5198 2962 5247 et
2986 5197 3178 5245 contra
3206 5186 3521 5259 Appollina-

1930 5292 2096 5348 ristas
2121 5292 2488 5346 decertantem
2536 5284 2792 5356 iniungis,
2821 5281 2977 5353 quasi
3008 5296 3111 5353 ego
3135 5280 3520 5347 'divinitatem,

1933 5392 1989 5441 et
2016 5397 2237 5457 carnem
2266 5381 2427 5437 unius
2467 5377 2784 5435 substantia:
2826 5375 3027 5443 dicam,
3054 5387 3110 5432 et
3135 5374 3339 5446 apertis
3373 5373 3525 5428 voci-

1928 5478 2031 5534 bus
2056 5476 2192 5532 duas
2238 5474 2297 5531 in
2349 5490 2414 5531 eo
2450 5482 2675 5529 naturas
2723 5471 3051 5544 distinguam
3084 5468 3132 5524 ί.
3170 5469 3341 5525 Diluis
3374 5466 3524 5540 quod

1933 5617 2253 5682 banensem,
2285 5615 2379 5671 sed
2405 5628 2570 5685 supra
2594 5612 2770 5684 Epist,
2797 5628 2849 5680 ι,
2876 5627 2935 5667 n.
2960 5609 3016 5679 5,
3042 5606 3273 5681 legimus
3327 5620 3524 5663 conu-

1934 5688 2144 5743 scendo.

2013 5770 2037 5798 θ
2068 5758 2190 5823 Ms.,
2214 5774 2309 5829 pro
2330 5774 2423 5825 per
2442 5766 2776 5812 naturarum.

2013 5829 2033 5871 ί
2060 5829 2189 5902 Leg.
2222 5839 2440 5884 naturas
2478 5845 2585 5885 non
2616 5831 2960 5901 distinguam.
