4034 6350
595 354 704 408 εδδ

1840 342 2096 402 ALVABI
2131 337 2612 399 CORBUBENSIS
3716 341 3796 419 με

598 466 779 525 nullus
802 465 1009 537 objicit,
1035 473 1091 523 et
1128 466 1194 521 ad
1215 478 1279 520 ea
1327 464 1396 520 de
1439 462 1638 535 quibus
1670 461 2022 532 conqueraris
2045 458 2179 515 nihil
2204 460 2257 521 Δ
2281 463 2526 527 generat.
2557 454 2626 510 Et
2675 454 2765 510 hic
2802 453 2926 524 quis
2952 451 3115 508 homo
3138 448 3300 507 Pater
3326 467 3452 509 caro
3478 467 3691 521 carnem,
3713 474 3793 516 non

602 561 976 621 confirmative
1003 558 1316 629 respondes.

672 654 762 711 26.
802 652 954 721 Quod
984 666 1114 705 vero
1142 649 1396 720 Ephesini
1429 648 1620 720 synodi
1654 647 1799 703 dicta
1847 645 2065 702 conaris
2109 644 2187 700 in—

602 744 857 816 fringere,
890 742 1056 796 miror
1083 750 1135 796 te
1158 740 1264 795 hoc
1302 750 1483 795 mente
1522 739 1609 795 vel
1645 738 1882 795 voluisse
1925 747 2183 803 tractare,

603 847 805 910 quanto
834 834 1004 907 magis
1034 833 1250 904 scriptis
1292 832 1676 904 prolixioribus
1704 832 1986 888 ventilare.
2038 830 2185 886 Dicis

601 930 745 984 enim
771 945 785 980 :
814 926 871 982 Si
906 926 1109 981 dixeris
1131 925 1275 995 quod
1314 925 1529 995 propria
1554 933 1638 981 est
1666 926 1763 980 Dei
1793 923 1972 979 Patris
1994 922 2184 989 Verbi,

600 1019 742 1090 quod
771 1018 944 1073 sancti
986 1017 1176 1073 Patres
1211 1017 1434 1073 minime
1479 1017 1643 1074 credo
1679 1025 1739 1071 ut
1787 1017 1859 1072 ita
1905 1016 2184 1081 dixerint;

602 1131 733 1185 ergo
774 1115 1124 1170 Sabelliniam
1155 1116 1404 1170 haeresim
1444 1128 1471 1158 ι
1510 1124 1728 1172 secutus
1762 1115 2056 1180 videberis,
2094 1112 2189 1184 qui

599 1208 738 1263 dicis
762 1210 906 1278 quod
936 1209 1152 1279 propria
1182 1217 1266 1264 est
1286 1207 1450 1266 Verbi
1481 1210 1574 1266 Dei
1603 1226 1732 1267 caro
1761 1210 1959 1275 Patris,
1989 1218 2045 1264 et
2070 1224 2192 1279 pro-

599 1302 718 1371 pria
739 1311 823 1358 est
841 1303 1026 1369 Verbi,
1051 1305 1193 1373 quod
1211 1312 1394 1359 sancta
1423 1303 1661 1376 synodus
1678 1301 1943 1373 Ephesina
1967 1299 2190 1355 minime

599 1391 806 1447 docuit.
856 1392 1017 1448 Certe
1058 1393 1342 1463 cognoscis
1372 1408 1476 1448 non
1509 1408 1685 1448 meam
1717 1391 2066 1454 sententiam,
2095 1389 2191 1445 sed

598 1481 853 1554 Ephesini
883 1485 1097 1540 concilii
1121 1485 1433 1555 protulisse,
1465 1493 1525 1538 ut
1565 1493 1617 1537 tu
1663 1483 1817 1538 testis
1844 1498 1903 1538 es
1937 1481 2090 1535 mihi.
2124 1480 2191 1535 Et

600 1592 710 1648 quo
728 1586 888 1646 pacto
911 1592 1071 1632 ausus
1099 1591 1159 1630 es
1187 1576 1369 1632 dicere
1394 1576 1534 1645 quod
1557 1576 1731 1630 sancti
1752 1574 1939 1629 Patres
1964 1572 2188 1627 minime

601 1668 768 1724 credo
802 1677 861 1723 ut
893 1668 1169 1723 dixerint?
1194 1667 1446 1736 Nunquid
1487 1667 1575 1723 isti
1607 1666 1781 1721 sancti
1832 1681 1937 1720 non
1969 1663 2189 1718 fuerunt

598 1759 811 1827 Patres,
843 1762 933 1831 qui
952 1761 1221 1831 Ephesino
1244 1758 1474 1815 concilio
1498 1757 1832 1829 prmfuerunt
1855 1754 2189 1827 praesentes?

599 1852 746 1907 Dicis
784 1867 956 1923 ergo:
989 1851 1355 1907 Sabellianam
1397 1849 1647 1906 haeresim
1699 1858 1919 1903 secutus
1964 1847 2187 1901 videbe-

606 1942 682 1996 ris
713 1958 727 1995 :
758 1956 857 1997 cur
883 1944 985 1997 hoc
1017 1942 1149 1996 mihi
1183 1941 1427 1996 atlitulas
1448 1941 1498 2005 ιι,
1528 1949 1583 1995 et
1627 1941 1692 1996 dc
1719 1940 1946 1995 aliorum
1977 1948 2192 1994 senten-

599 2033 670 2086 tia
697 2047 782 2087 me
818 2031 1055 2102 plectere
1084 2031 1347 2087 festinas?
1379 2031 1631 2101 Nunquid
1662 2030 1942 2101 proprium
1985 2028 2192 2098 aliquid

597 2123 995 2180 dixi?'Eorum
1043 2126 1184 2180 dicta
1223 2139 1341 2179 mea
1371 2124 1574 2193 scripta
1614 2123 1848 2178 sonavit.
1884 2122 1980 2177 Dic
2006 2137 2136 2191 ergo
2174 2140 2187 2176 :

601 2214 966 2270 Sabellianam
1010 2216 1260 2271 lueresim
1302 2215 1472 2271 secuti
1517 2224 1642 2269 sunt
1668 2213 1924 2283 Ephesini
1976 2212 2192 2268 concilii

601 2305 930 2361 sanctissimi
974 2306 1182 2371 Patres,
1238 2307 1331 2377 qui
1370 2306 1627 2361 dixerunt
1681 2304 1823 2375 quod
1864 2305 2081 2374 propria
2111 2311 2194 2359 est

599 2412 729 2453 caro
777 2398 950 2467 ipsius
985 2398 1146 2453 Verbi
1179 2398 1272 2453 Dei
1303 2399 1505 2461 Patris.
1545 2406 1600 2452 et
1638 2398 1854 2469 propria
1884 2405 1966 2452 est
1998 2396 2195 2452 Verbi?

607 2487 715 2544 Sed
747 2488 896 2555 andi,
941 2497 1309 2543 onostrornm
1357 2498 1660 2557 temporum
1709 2485 2045 2552 Aristarche,
2086 2501 2194 2556 quo

602 2582 784 2637 animo
814 2583 919 2637 hoc
963 2581 1218 2637 dixerunt
1255 2599 1268 2637 :
1301 2582 1520 2654 propria
1542 2590 1628 2638 est
1670 2596 1776 2636 non
1821 2579 1995 2635 solum
2032 2577 2193 2634 Verbi

602 2673 697 2729 Dei
738 2673 935 2740 Patris,
995 2674 1089 2730 sed
1135 2674 1300 2728 etiam
1332 2674 1505 2741 Patri,
1532 2675 1661 2744 quia
1698 2671 1925 2728 Verbum
1950 2691 2075 2728 caro
2103 2674 2190 2744 fa-

600 2774 742 2819 ctum
764 2773 864 2832 est,
886 2775 936 2820 et
980 2765 1235 2821 habitavit
1264 2768 1320 2821 in
1346 2767 1516 2832 nobis,
1548 2783 1658 2822 non
1698 2767 1750 2821 in
1773 2782 1939 2822 carne
1967 2781 2195 2822 convcr-

602 2872 743 2923 sum,
774 2856 858 2911 vel
885 2865 944 2912 ut
983 2856 1123 2912 dicis
1170 2867 1458 2924 mutatum,
1491 2857 1587 2914 sed
1613 2859 1669 2913 in
1721 2873 1884 2914 carne
1912 2874 2081 2912 unum
2114 2857 2198 2912 Fi-

602 2944 732 3000 lium
754 2945 1031 3016 proprium
1079 2946 1299 3002 factum.
1353 2947 1579 3017 Propria
1628 2957 1712 3003 est
1755 2964 1884 3004 caro
1910 2947 2057 3003 Patri
2097 2962 2195 3020 per

604 3038 990 3106 proprietatem
1021 3038 1137 3107 ejus
1158 3038 1341 3093 Verbi.
1377 3037 1518 3104 Non,
1544 3039 1687 3108 quod
1706 3040 1867 3103 absit,
1892 3049 1953 3093 ut
1976 3054 2106 3094 caro
2127 3053 2196 3094 ex

603 3125 1092 3182 divinitate-Patris
1115 3129 1189 3182 sit
1217 3137 1454 3198 sumpta,
1482 3145 1513 3183 a
1544 3128 1714 3183 Maria
1747 3130 1953 3200 virgine
1981 3143 2195 3198 semper

2289 548 2574 619 Spiritum,
2622 554 2866 618 generat.
2915 545 2990 601 lbi
3042 545 3185 600 Deus
3221 543 3382 600 Pater
3423 554 3477 602 et
3517 558 3729 605 naturam
3754 565 3795 613 et

2287 654 2597 709 personam,
2642 636 2731 693 hic
2775 637 2939 692 homo
2978 636 3140 692 Pater
3181 645 3390 690 tantum
3435 645 3795 700 naturamznon

2288 743 2600 802 personam.
2632 726 2708 781 lbi
2735 734 3025 795 antequam
3054 733 3304 779 naturam
3347 725 3573 781 hominis
3606 730 3797 799 suscipe-

2290 830 2398 885 ret,
2433 819 2737 877 subsistens
2768 816 2946 871 divina
2972 831 3202 887 persona
3228 815 3457 885 amplius
3500 822 3735 889 augmenti
3756 830 3798 878 ut

2290 912 2385 968 Dei
2410 913 2580 968 Filius
2620 911 2854 966 fateatur
2877 908 2924 975 ί,
2968 908 3152 963 divina
3183 909 3457 980 generatio
3484 911 3702 966 obtinuit.
3729 911 3798 972 llic

2290 1012 2351 1059 ut
2376 1002 2499 1073 quis
2541 1002 2686 1058 filius
2724 1000 2958 1056 hominis
2980 998 3241 1065 fateatur,
3274 998 3442 1055 multo
3463 1000 3625 1055 minus
3640 1002 3795 1070 habuit,

2291 1097 2383 1166 qui
2426 1096 2544 1152 sine
2597 1108 2827 1165 persona
2876 1101 3087 1147 tantum
3128 1107 3160 1146 a
3203 1090 3367 1147 Patre
3406 1100 3637 1146 naturam
3665 1096 3801 1150 carnis

2291 1188 2548 1259 suscepit.
2583 1187 2738 1243 Unde
2776 1184 3000 1241 omnino
3022 1184 3144 1255 quis
3166 1193 3260 1239 ant
3287 1181 3488 1238 dividat
3516 1199 3703 1239 omnem
3727 1186 3798 1240 ho-

2291 1276 2454 1333 minis
2503 1276 2704 1341 lilium,
2765 1284 2861 1329 aut
2901 1272 3179 1329 Christum
3229 1287 3296 1327 ex
3347 1281 3567 1341 utroque
3602 1274 3801 1342 praedicet

2292 1384 2479 1423 unum.
2510 1367 2700 1423 Omnis
2721 1366 2867 1423 enim
2897 1367 2965 1421 ad
3022 1364 3116 1419 Dei
3157 1364 3445 1436 imaginem
3469 1363 3704 1423 conditus.
3731 1380 3800 1435 per

2292 1474 2452 1530 quem
2507 1459 2685 1528 imago
2731 1458 2826 1513 Dei
2882 1457 3183 1528 descendit,
3243 1472 3350 1511 non
3391 1456 3491 1511 nisi
3533 1455 3803 1517 dissimiliter

2293 1550 2508 1619 genitus
2550 1566 2619 1606 ex
2660 1560 2891 1620 utroque
2915 1557 3140 1619 parente
3188 1547 3396 1605 existit.
3435 1546 3607 1603 Primo
3643 1557 3802 1607 natust

2291 1639 2475 1706 Patre,
2503 1640 2810 1711 incognitus
2832 1649 3017 1695 manet
3045 1654 3143 1709 pro
3164 1646 3421 1708 tempore.
3448 1638 3655 1695 Domum
3675 1641 3804 1696 nasci-

2294 1739 2384 1786 tur
2403 1747 2433 1786 a
2462 1739 2658 1799 matre,
2687 1741 2743 1787 et
2764 1731 2978 1787 videtur
3002 1731 3053 1785 in
3082 1731 3322 1787 homine.
3346 1728 3505 1786 Pater
3527 1739 3705 1785 tantum
3721 1731 3805 1805 sine

2218 1835 2266 1895 Β
2294 1838 2521 1893 persona
2550 1833 2822 1889 naturam,
2873 1832 3051 1879 mater
3102 1837 3232 1878 vero
3275 1829 3336 1877 ut
3365 1829 3601 1876 naturam
3618 1830 3804 1892 generat,

2295 1925 2350 1971 ct
2395 1931 2703 1985 personam.
2759 1914 2867 1971 Sed
2921 1915 2976 1971 in
3022 1930 3129 1970 una
3188 1928 3424 1985 persona
3451 1912 3807 1983 utramquesuh-

2292 2008 2548 2066 Statiliam
2597 2026 2611 2062 :
2654 2023 2812 2062 unam
2844 2022 2877 2063 e
2910 2008 3210 2062 visceribus
3252 2005 3488 2077 propriis
3512 2003 3740 2075 gignendo
3765 2002 3804 2059 in

2293 2100 2525 2156 fratrum
2555 2101 2867 2165 transmisit,
2904 2100 3065 2155 aliam
3089 2116 3195 2156 non
3226 2116 3255 2154 a
3282 2097 3572 2154 visceribus
3590 2095 3801 2166 proditam

2293 2208 2416 2249 cum
2465 2193 2644 2264 genita
2690 2192 3002 2263 parturivit.
3050 2191 3208 2247 Unde
3255 2190 3314 2245 in
3363 2188 3683 2262 gignentibus
3718 2200 3807 2242 eam

2296 2291 2506 2337 tantum
2546 2282 2612 2338 de
2641 2298 2809 2338 carne
2849 2291 2998 2346 nata,
3037 2282 3218 2336 anima
3263 2296 3395 2337 \‘ero
3435 2280 3591 2335 aDeo
3621 2276 3809 2341 noscitur

2293 2383 2607 2445 propagata.
2633 2374 2993 2446 Quapropter,
3037 2374 3084 2431 si
3122 2382 3355 2444 umrqne
3394 2367 3809 2445 parenseproprio

2296 2465 2350 2520 in
2376 2466 2516 2521 Filio
2557 2467 2795 2522 animam
2837 2483 2944 2522 non
2976 2468 3193 2538 genuit;
3240 2482 3375 2537 ergo
3415 2465 3673 2535 adoptivus
3695 2460 3752 2517 illi
3772 2460 3809 2515 in

2296 2558 2477 2613 anima
2504 2559 2730 2614 exstitit.
2763 2558 3132 2626 Quamobrem
3176 2559 3221 2615 si
3246 2559 3335 2614 cui
3360 2558 3534 2630 placet
3559 2566 3810 2611 naturarum

2297 2649 2702 2707 distinctionem
2751 2653 2805 2706 in
2844 2651 3063 2723 proprio
3103 2659 3157 2706 et
3206 2650 3464 2723 adoptivo
3506 2648 3609 2705 lilio
3628 2644 3810 2701 dividere

2296 2742 2597 2809 Christum,
2638 2743 2841 2799 dividat
2876 2743 3149 2798 hominem
3204 2745 3229 2784 ³
3288 2741 3507 2799 omnino
3550 2736 3747 2797 hominis
3773 2734 3811 2789 li-

2298 2833 2454 2888 lium.
2485 2833 2593 2889 Sed
2634 2834 2762 2905 quia
2799 2836 2939 2889 ratio
2971 2833 3217 2889 veritatis
3245 2840 3531 2906 repugnat,
3559 2847 3616 2887 ex
3642 2838 3812 2897 utroque

2296 2925 2409 2980 Deo
2437 2925 2608 2992 Patri,
2656 2942 2722 2983 ex
2755 2935 2987 2998 utroque
3030 2925 3087 2981 in
3113 2933 3352 2996 utroque
3373 2922 3598 2995 parenti,
3621 2917 3811 2991 proprius

2298 3016 2469 3073 Filius
2498 3026 2829 3090 agnoscatur
2874 3036 2889 3072 :
2934 3017 3061 3088 quia
3108 3018 3161 3072 in
3191 3028 3428 3086 utroque
3466 3030 3566 3070 non
3607 3011 3694 3067 nisi
3715 3020 3812 3063 unus

2297 3110 2657 3180 personaliter
2699 3119 2795 3166 aut
2844 3109 2973 3176 Dei,
3029 3117 3125 3165 aut
3165 3108 3409 3165 hominis
3445 3104 3604 3163 Filius
3650 3102 3814 3157 demon-

603 3226 878 3287 suseepta,
917 3218 1012 3274 sed
1057 3234 1164 3273 una
1194 3234 1318 3274 cum
1361 3219 1643 3276 divinitate
1684 3224 1807 3287 sua,
1834 3219 1996 3275 tertia
2028 3219 2100 3274 sit
2138 3219 2193 3274 in
2222 3204 2267 3267 C
2300 3212 2525 3259 5mm"-

603 3309 870 3365 Trinitate
903 3325 1155 3380 persona.

593 3393 631 3413 "'
674 3401 766 3457 27.
794 3402 947 3471 Quod
974 3403 1019 3458 si
1047 3404 1348 3459 secundum
1376 3404 1613 3460 Verbum
1639 3404 1788 3460 Patri
1815 3410 1898 3460 est
1920 3402 2193 3474 proprius,

602 3502 657 3548 et
686 3495 981 3550 secundum
1016 3510 1237 3551 carnem
1266 3506 1350 3552 est
1400 3496 1702 3567 adoptivus,
1751 3494 1868 3565 jam
1902 3510 2032 3566 ergo
2074 3511 2195 3550 sur-

603 3589 742 3643 rexit
784 3588 836 3643 in
867 3599 1024 3660 parte
1061 3600 1238 3645 vestra
1283 3590 1413 3645 olim
1440 3598 1688 3646 mortuus
1738 3590 2053 3661 Elipandus.
2085 3587 2197 3645 Nos

602 3694 708 3734 non
735 3680 1095 3736 Sabellianam
1121 3682 1604 3751 praedicamustres
1617 3698 1877 3754 personas
1890 3682 2195 3748 credentes,

602 3789 703 3830 nec
729 3775 1039 3844 adoptivam
1079 3791 1302 3832 carnem
1330 3776 1534 3832 Christi
1565 3776 1886 3840 asserimus,
1920 3790 2086 3829 unum
2112 3772 2197 3829 Fi-

600 3869 731 3923 lium
745 3871 1023 3939 proprium
1055 3887 1160 3925 non
1191 3872 1327 3926 duos
1350 3870 1620 3926 veraciter
1642 3870 2018 3940 praedicantes.
2044 3866 2197 3935 Quod

598 3960 645 4017 si
676 3961 949 4030 propriam
979 3977 1087 4016 non
1142 3960 1277 4018 dicis
1309 3962 1474 4024 Patri,
1510 3962 1818 4030 adoptivam
1865 3975 1998 4031 ergo
2046 3956 2197 4014 Patri

604 4051 878 4107 videberis
910 4051 1207 4109 affirmare.
1251 4052 1360 4108 Sed
1401 4052 1526 4107 audi
1551 4052 1787 4121 qualiter
1822 4060 1875 4106 te
1905 4060 1999 4104 tuo
2032 4049 2199 4105 truci—

602 4142 699 4197 des
723 4157 874 4198 ense.
910 4143 991 4199 Eo
1023 4155 1264 4214 tempore
1294 4159 1402 4213 quo
1441 4142 1684 4213 Elipandi
1717 4141 1833 4197 lues
1881 4156 2083 4196 vesano
2110 4138 2197 4194 fu-

604 4248 729 4288 rore
778 4241 1019 4288 nostram
1072 4233 1322 4288 vastabat
1377 4231 1732 4309 provinciam,
1764 4239 1819 4284 et
1862 4229 2134 4286 crudelior
2166 4239 2189 4268 ο

604 4325 889 4382 barbarico
917 4325 1098 4398 gladio
1136 4325 1320 4381 lethali
1364 4334 1583 4396 pectora
1635 4322 1935 4392 dissipabat
1985 4320 2199 4376 fortiter

600 4416 902 4487 rumfead;
939 4428 1121 4474 vester
1170 4433 1315 4473 nunc
1370 4415 1671 4487 requisitas
1725 4414 2012 4487 episcopus
2063 4412 2197 4467 Teu-

600 4509 750 4574 dula,
781 4519 905 4580 post
927 4511 1093 4566 multa
1122 4520 1178 4565 et
1196 4510 1348 4565 varia
1371 4510 1437 4564 de
1459 4508 1790 4579 proprietate
1815 4506 2016 4562 Christi
2040 4519 2199 4560 vene-

2370 3295 2462 3349 29.
2503 3294 2637 3350 Illud
2686 3309 2818 3352 vero
2868 3292 3135 3349 Vincentii
3177 3291 3358 3348 nostri
3389 3290 3580 3346 dictum
3620 3280 3736 3355 quod
3757 3277 3815 3334 in-

2299 3386 2513 3458 fringis,
2541 3401 2646 3456 quo
2672 3386 2855 3441 animo
2882 3385 3089 3440 dictqu
3115 3382 3217 3437 fuit
3240 3386 3526 3439 advertere
3551 3376 3709 3433 debes.
3730 3368 3813 3424 Νοιι

2298 3477 2443 3532 enim
2483 3477 2586 3530 hoc
2607 3476 2831 3547 protulit
2875 3486 2935 3531 ut
2979 3490 3201 3531 carnem
3232 3471 3439 3529 Christi
3469 3468 3708 3527 conditam
3728 3468 3815 3515 ante

2297 3566 2497 3623 saecula
2522 3565 2821 3623 afﬁrmaret
2842 3607 2858 3633 ,
2901 3565 2994 3622 sed
3025 3575 3084 3621 ut
3126 3580 3289 3619 unam
3325 3575 3602 3635 personam
3634 3552 3816 3610 Verbiel

2297 3640 2480 3714 carnis
2521 3656 2850 3714 ostenderet.
2898 3656 3048 3711 Dicis
3088 3655 3231 3710 enim
3280 3672 3296 3710 :
3332 3673 3351 3708 ι
3393 3653 3483 3710 llla
3520 3649 3668 3706 facies
3700 3652 3816 3714 quam

2298 3750 2523 3805 colonus
2547 3749 2783 3819 paradisi
2830 3746 3004 3819 fugiit,
3055 3745 3302 3816 subjecta
3332 3756 3571 3803 creatura
3609 3740 3711 3800 fuit,
3740 3724 3808 3789 sed

2298 3862 2405 3903 non
2437 3849 2504 3903 de
2530 3847 2736 3902 semine
2767 3843 2936 3899 David
2966 3852 3119 3910 nata,
3150 3842 3246 3900 sed
3275 3843 3514 3899 nondum
3544 3832 3816 3893 divinitasex

2299 3940 2468 4011 stirpe
2517 3937 2684 3994 David
2734 3945 3022 4007 corporata
3050 3977 3065 4002 ,
3107 3937 3208 3993 sed
3265 3936 3502 3994 nondum
3543 3932 3591 3986 in
3635 3932 3819 3994 tempore

2300 4041 2449 4087 nata.
2511 4050 2531 4082 ›
2580 4029 2721 4086 Ecce
2762 4044 2884 4099 qua:
2928 4028 3090 4100 paulo
3139 4039 3266 4084 ante
3302 4025 3574 4084 refutabas
3599 4012 3820 4077 manifesta

2300 4122 2515 4193 profers
2546 4131 2709 4193 atque
2738 4120 3050 4185 confirmas,
3082 4120 3209 4175 dum
3240 4120 3380 4176 dicis
3408 4137 3421 4173 :
3458 4137 3477 4170 ι
3505 4113 3604 4172 Sed
3638 4107 3818 4166 nondum

2301 4213 2557 4269 divinitas
2582 4229 2649 4269 ex
2683 4214 2850 4282 stirpe
2889 4212 3059 4268 David
3088 4221 3397 4282 corporata.
3432 4231 3451 4273 ι
3480 4210 3603 4278 Quae
3628 4199 3820 4259 divinitas

2301 4318 2372 4358 ex
2398 4305 2567 4375 stirpe
2617 4304 2785 4359 David
2835 4304 3049 4360 exstitit
3094 4303 3425 4375 corporata?
3475 4302 3530 4357 Si
3574 4296 3699 4355 Filii.
3727 4298 3819 4375 ergo

2300 4368 2519 4466 propria
2547 4395 2696 4451 Patri
2728 4394 3002 4452 estfacta.
3026 4368 3408 4466 Reprehendis
3427 4387 3749 4448 Vincentium,
3773 4368 3818 4433 de

2302 4488 2635 4559 proprietate
2664 4504 2910 4560 personae
2940 4486 3062 4543 Filii
3089 4486 3292 4558 optime
3319 4486 3650 4542 sentientem.
3676 4483 3722 4530 et
3745 4479 3812 4547 not

600 4604 771 4657 randa
799 4602 1038 4674 eloquia,
1068 4603 1161 4658 tali
1205 4602 1310 4658 line
1334 4602 1499 4656 totius
1522 4616 1632 4657 suae
1660 4599 2030 4669 dispositionis
2066 4613 2192 4652 con-

2302 4579 2540 4635 advcrtis
2579 4580 2926 4652 Evangelium
2969 4580 3073 4634 hoc
3104 4578 3244 4633 idem
3298 4576 3536 4649 apertius
3561 4565 3815 4674 conlil'ttﬂt:L

598 4693 763 4749 clusit
806 4695 1063 4765 epitoma,
1110 4706 1169 4749 ut
1198 4694 1443 4749 diceret:
1471 4692 1525 4748 Si
1558 4691 1681 4763 quis
1722 4706 1943 4746 carnem
1990 4688 2194 4745 Christi

600 4787 909 4857 adoptivam
940 4787 1137 4843 dixerit
1159 4785 1333 4849 Patri,
1361 4784 1649 4839 anathema
1675 4783 1767 4839 sit.
1803 4783 1998 4837 Amen.

669 4877 760 4933 28.
802 4878 941 4934 Audi
971 4879 1099 4950 quid
1144 4877 1438 4932 Basiliscus
1470 4874 1733 4947 Elipando
1774 4874 1920 4929 dicat
1946 4891 1959 4927 :
1990 4872 2189 4938 Adicit,

599 4967 796 5035 inquit,
828 4970 951 5038 quis
980 4988 993 5022 :
1027 4969 1168 5024 Deus
1189 4967 1354 5023 Pater
1378 4982 1599 5021 carnem
1624 4980 1729 5020 non
1757 4963 1962 5035 genuit.
1994 4963 2194 5020 Fateor

603 5058 722 5127 ipse
747 5059 875 5127 quia
924 5074 1145 5115 carnem
1195 5074 1305 5114 non
1357 5057 1563 5130 genuit,
1613 5057 1709 5112 sed
1751 5055 1950 5110 Filium
1979 5066 2003 5095 ο
2034 5053 2190 5125 cujus

600 5162 736 5203 caro
784 5158 870 5204 est
913 5151 1118 5220 genuit.
1147 5148 1260 5206 Nec
1289 5150 1414 5219 quis
1442 5151 1605 5205 homo
1635 5149 1687 5204 in
1723 5147 1920 5204 Filium
1949 5146 2189 5202 animam

600 5246 849 5310 generat.
878 5241 973 5295 sed
1019 5256 1241 5297 carnem
1268 5239 1423 5311 cujus
1451 5249 1536 5296 est
1577 5240 1816 5295 animam
1841 5245 2084 5310 generat.
2109 5235 2190 5293 lbi

601 5332 748 5391 enim
805 5332 952 5390 Deus
992 5333 1156 5391 Pater
1196 5336 1432 5408 Spiritus
1482 5333 1771 5405 Spiritum,
1802 5348 1911 5389 non
1942 5346 2189 5398 carnem,

676 5479 706 5542 ἢ
731 5466 931 5542 Vocem
963 5469 1206 5526 heresim
1252 5463 1793 5542 praetermisiuhnjus
1816 5472 2079 5542 scriptor
2106 5478 2193 5542 _co-

603 5538 758 5614 dicis.
804 5539 996 5597 ExStat
1034 5557 1195 5614 supra
1223 5534 1379 5614 epist.
1432 5539 1483 5603 5,
1513 5556 1568 5593 ιι.
1597 5537 1653 5603 7,
1691 5545 1746 5592 et
1775 5536 1865 5593 hic
1895 5534 2081 5593 statim
2109 5534 2193 5591 iu-

603 5611 709 5664 fra.

675 5682 704 5722 ιι
727 5681 852 5748 Ms.,

678 5764 700 5792 ο
742 5753 933 5825 Aliter,
975 5753 1275 5825 crudeliter.
1307 5752 1463 5825 Apud
1507 5753 1682 5810 Bravo
1728 5752 1785 5808 in
1823 5747 2191 5820 Catal.episc.

601 5822 868 5894 Cordub.,
898 5838 1023 5901 pag.
1054 5824 1176 5881 107.

889 5683 958 5737 ad
981 5684 1156 5738 tilula.

2300 4681 2409 4727 tem
2445 4690 2458 4726 :
2491 4672 2662 4727 Nemo
2690 4646 2921 4727 ascendit
2961 4672 3016 4724 in
3041 4669 3247 4731 ca'lum,
3280 4646 3383 4724 nisi
3418 4668 3504 4740 qui
3531 4646 3815 4740 descenditdt

2299 4764 2461 4829 carlo,
2495 4763 2639 4834 ﬁlius
2688 4763 2912 4818 hominis
2951 4763 3039 4834 qui
3076 4772 3150 4816 est
3202 4762 3256 4816 in
3285 4739 3610 4831 ctzloanu.
3639 4764 3708 4809 ιιι.
3742 4739 3813 4808 15i-

2296 4854 2521 4913 Nccnon
2561 4865 2616 4911 et
2649 4855 2778 4909 illud
2818 4872 2832 4908 :
2875 4851 3009 4909 Cum
3047 4852 3276 4907 videritis
3316 4850 3486 4921 ﬁlium
3532 4838 3727 4900 hominis

2295 4951 2596 5006 candentem
2639 4948 2727 5002 ubi
2768 4957 2881 5003 erat
2938 4947 3084 5016 prius
3128 4943 3310 5017 (Joan.
3352 4958 3426 5007 vr,
3458 4939 3564 5011 65).
3606 4933 3687 4990 Dic
3707 4924 3816 5028 mihi.

2297 5040 2389 5095 ubi
2430 5047 2550 5094 erat
2594 5038 2734 5093 filius
2783 5037 3017 5093 hominis
3059 5035 3376 5109 priusquam
3412 5043 3622 5088 carnem
3656 5026 3817 5109 εοειρςυ

2297 5129 2416 5186 ret?
2444 5128 2502 5185 Si
2534 5129 2589 5185 iu
2621 5128 2789 5195 coelo,
2832 5145 2931 5185 cur
2955 5143 3088 5201 ergo
3138 5127 3347 5197 accepit
3375 5136 3616 5185 carnem,
3642 5112 3716 5186 qui
3738 5108 3817 5201 l3“?

2297 5236 2521 5277 carnem
2578 5219 2842 5285 habebat,
2892 5198 3194 5291 quia'dieit
3243 5217 3411 5289 ﬁlium
3452 5209 3676 5299 hominis,
3710 5207 3756 5299 ιιι

2297 5329 2422 5371 eum
2467 5314 2779 5372 ostenderet
2821 5328 2922 5386 per
2972 5312 3229 5369 unionem
3266 5323 3508 5384 persona:
3536 5320 3567 5361 a
3598 5293 3814 5375 principlo

2369 5468 2398 5510 ἀ
2424 5468 2482 5525 Id
2503 5478 2607 5532 est,
2638 5468 2920 5540 romphwa,
2952 5466 3185 5540 gladius.

2376 5551 2401 5583 ο
2441 5541 2568 5607 Ms.,
2596 5540 2763 5610 ﬁlius.

2377 5611 2398 5653 ί
2442 5611 2499 5667 Id
2525 5620 2611 5667 est
2636 5614 2863 5665 dicatur.

2375 5685 2403 5725 ⁸
2437 5666 2600 5737 Forte
2621 5698 2845 5749 omnem,
2871 5690 2930 5738 ut
2949 5679 3111 5751 paulo
3128 5689 3256 5737 ante
3281 5677 3531 5751 scriptum
3551 5678 3643 5734 est.
3659 5666 3818 5720 0W“

2298 5753 2521 5813 hominis
2550 5751 2744 5824 ﬁlium.
