4034 6350
236 403 347 460 M5

1689 395 2064 456 EPISTULAE.

3395 398 3502 456 ιισ

239 535 386 585 esse,
422 527 477 574 et
503 531 627 573 eum
657 517 929 572 hominem
955 516 1289 572 nominatum
1317 514 1505 571 fuisse.
1533 513 1668 569 Nam
1694 514 1821 568 dum
1851 518 1902 576 Α
1929 523 1984 568 et
2013 514 2115 568 hoc
2137 513 2335 584 incipio
2355 513 2580 582 perdere
2605 513 2746 584 quod
2773 512 2955 570 credo.
2985 531 3005 566 ι
3034 513 3170 569 Ante
3195 513 3338 568 enim
3365 521 3504 584 pra-

236 610 374 666 dicit
401 609 575 678 ﬁlium
603 607 850 672 hominis,
873 605 1110 662 ostendit
1135 621 1258 660 eum
1285 604 1452 660 ﬁlium
1478 620 1599 659 esse
1623 603 1822 658 lliarire.

239 702 349 758 Ista
403 715 526 772 qua:
565 696 850 755 Vincentio
881 699 1248 754 eruditissimo
1295 697 1508 767 objicis,
1532 695 1824 766 Evangelio

236 791 589 847 sanctissimo
636 789 815 860 iujice,
857 797 912 844 et
953 787 1084 843 illud
1146 788 1341 842 iterum
1393 784 1510 853 ejus
1551 784 1823 854 eloquium

239 883 387 940 vide.
430 883 696 945 Abraham
747 881 1023 938 exsuitavit
1073 889 1128 935 ut
1159 879 1351 935 rideret
1374 879 1510 932 diem
1540 893 1745 941 nteant;
1775 884 1823 929 et

237 976 366 1030 cidit
384 984 435 1028 et
452 973 660 1044 gavisus
689 982 763 1027 est
789 973 972 1040 (Joan.
1003 987 1122 1036 vtn,
1145 971 1266 1042 5(5):
1293 979 1346 1024 et
1369 983 1632 1038 cognosce
1647 965 1823 1020 Abra-

235 1067 366 1122 ham
399 1064 696 1133 subjectum
727 1074 1056 1129 creaturam,
1090 1079 1195 1118 non
1228 1061 1456 1117 formam
1486 1061 1824 1114 incarnatam

234 1160 463 1214 vidisse.
500 1157 568 1212 Et
589 1157 726 1212 scito
751 1157 876 1226 quia
911 1158 1024 1212 hinc
1055 1168 1081 1196 α
1113 1171 1219 1210 non
1251 1154 1546 1212 secundum
1573 1162 1824 1206 naturam

233 1251 424 1305 carnis
469 1247 769 1320 profertur,
821 1249 916 1302 sed
966 1247 1260 1302 secundum
1292 1246 1552 1299 unitatem
1582 1255 1824 1313 personae

234 1345 510 1398 tinuatur.
542 1343 695 1397 Absit
739 1343 884 1396 enim
916 1357 945 1395 a
978 1341 1131 1395 nobis
1164 1350 1222 1394 ut
1250 1341 1588 1395 incarnatum
1631 1335 1824 1392 Filium

234 1445 367 1490 aute
417 1444 660 1504 tempora
702 1431 984 1488 saecularia
1028 1431 1268 1495 aliunde,
1310 1441 1364 1486 et
1410 1445 1515 1484 non
1549 1428 1616 1483 de
1655 1427 1824 1480 Maria

231 1539 457 1593 semper
479 1525 704 1596 virgine,
735 1525 1092 1594 proferamus.
1117 1522 1274 1578 Absit
1308 1523 1524 1585 iterum,
1557 1529 1610 1574 et
1637 1517 1824 1588 procul

231 1617 312 1672 sit
331 1633 364 1670 a
401 1616 655 1670 sensibus
687 1615 910 1678 nostris,
938 1622 996 1668 ut
1019 1629 1118 1685 per
1139 1613 1394 1670 unionem
1426 1626 1672 1684 persona:
1693 1607 1768 1662 illi
1791 1621 1822 1661 a

234 1707 410 1762 Maria
439 1707 651 1762 initium
681 1707 892 1760 demus.

302 1798 399 1852 30.
445 1795 618 1852 Velim
658 1797 748 1852 hic
781 1796 1110 1866 respondeas
1143 1795 1300 1860 mihi,
1333 1801 1513 1847 utrum
1543 1790 1818 1848 Christum

1928 602 2154 658 miserat
2196 619 2210 657 :
2269 620 2287 654 ι
2343 601 2454 674 Ego
2480 617 2586 657 non
2629 602 2866 675 intelligo
2911 603 3056 658 aliud
3095 603 3395 668 sedentem,
3444 611 3503 668 et

1929 693 2068 748 aliud
2095 691 2408 757 scabellum,
2435 694 2528 749 sed
2567 701 2733 748 totum
2785 693 2841 766 in
2883 693 3100 751 Christo
3139 695 3370 750 thronus
3394 701 3499 750 est.

1927 783 2130 851 Quaerit
2177 792 2232 840 et
2265 784 2417 850 dicit,
2455 799 2623 844 auare
2659 785 2743 840 vel
2783 800 2973 856 quare,
3004 786 3271 856 quomodo
3299 786 3370 841 sit
3409 799 3504 842 ne-

1925 877 2078 932 scio:
2111 887 2165 932 et
2197 887 2372 932 tamen
2408 877 2571 933 credo
2607 877 2746 947 quod
2774 879 2866 932 sit.
2905 900 2924 931 »
2958 878 3258 946 Quomodo,
3297 878 3501 950 inquis,

1926 969 2166 1024 dicemus
2189 986 2347 1026 verus
2373 970 2516 1026 Deus
2539 979 2595 1026 et
2621 987 2782 1026 verus
2806 972 3006 1026 homo?
3029 973 3161 1027 Audi
3183 973 3454 1043 qucmodo
3484 985 3502 1026 :

1928 1057 2234 1114 Secundum
2255 1076 2473 1115 carnem
2497 1063 2680 1126 homo,
2703 1063 2994 1116 secundum
3021 1066 3242 1118 verbum
3269 1063 3409 1120 Deus
3430 1061 3458 1104 ά
3485 1081 3500 1118 :

1927 1150 2019 1204 sed
2047 1165 2174 1206 caro
2203 1161 2259 1206 et
2295 1151 2534 1206 Verbum
2563 1167 2702 1207 unus
2725 1151 2912 1218 Filius,
2951 1153 3094 1210 Deus
3117 1169 3278 1210 verus
3308 1164 3363 1210 et
3382 1170 3504 1210 cer-

1929 1249 2033 1296 tus.
2064 1243 2108 1296 A
2138 1253 2310 1298 matre
2337 1253 2496 1298 natus
2525 1253 2584 1298 ut
2629 1244 2768 1300 dicis
2804 1253 3065 1314 tempore,
3105 1247 3199 1300 sed
3223 1231 3506 1318 sempiterQ

1927 1353 2028 1392 nus
2050 1355 2078 1391 a
2103 1337 2280 1394 Patre.
2311 1337 2418 1394 Sed
2470 1355 2696 1411 sequere
2725 1341 3023 1396 clausulam
3059 1352 3224 1398 totam
3255 1361 3270 1398 :
3298 1323 3505 1399 duabus

1925 1427 1980 1482 in
2009 1427 2326 1486 substantiis
2358 1448 2587 1502 persona
2635 1433 2747 1488 sola
2777 1444 2862 1489 est
2902 1435 3159 1492 numinis.
3192 1436 3344 1504 Quod
3376 1429 3506 1508 vero

1924 1537 2031 1576 non
2059 1523 2346 1578 derelictus
2393 1523 2492 1580 fuit
2525 1541 2554 1579 a
2579 1525 2896 1590 Divinitate,
2939 1525 3050 1596 jam
3078 1539 3338 1598 quantum
3362 1523 3508 1584 valui

1925 1613 1978 1668 in
2014 1615 2194 1684 priore
2219 1615 2442 1684 cpistola
2473 1617 2704 1673 dilucide
2726 1617 3006 1673 doctorum
3030 1619 3229 1675 ﬂuenta
3257 1620 3506 1694 firmavi;

1923 1713 1978 1760 et
2006 1707 2305 1762 totumhoc
2351 1709 2634 1775 recensiri,
2661 1724 2948 1764 onerosum
2995 1709 3298 1782 legentibus
3339 1712 3447 1767 vidi
3487 1730 3502 1768 :

1923 1799 2224 1867 praesertim
2256 1816 2376 1854 cum
2417 1815 2446 1854 a
2481 1809 2532 1855 te
2561 1801 2756 1857 dilecte
2790 1819 2896 1856 non
2929 1801 3093 1857 fuerit
3129 1812 3502 1870 extenuatum,

236 1891 290 1946 in
323 1899 556 1960 utraque
594 1899 786 1944 natura
838 1904 1026 1943 verum
1065 1896 1118 1943 et
1151 1901 1315 1942 unttm
1345 1887 1590 1956 proferas
1625 1882 1820 1938 Filium
1851 1888 1898 1948 Β
1927 1903 2027 1944 nec
2051 1878 2299 1959 in'aliqua
2327 1901 2478 1960 parte
2501 1901 2702 1948 temere
2729 1893 3006 1948 violatum.
3047 1893 3234 1950 Sancti
3273 1892 3507 1965 Fulgen-

229 1983 430 2048 Deum,
461 1998 530 2037 an
561 1983 614 2036 in
639 1997 746 2036 una
771 1980 961 2046 Deum,
991 1979 1044 2034 in
1074 1979 1178 2034 alia
1225 1976 1516 2047 separatim
1546 1974 1819 2029 hominem

230 2071 413 2127 solum
442 2081 499 2126 et
517 2087 732 2142 purum.
769 2068 962 2126 Utrum
993 2083 1214 2124 carnem
1259 2065 1460 2122 Christi
1501 2065 1820 2120 creatricetn

227 2165 478 2220 omnium
505 2166 800 2220 secundum
837 2165 1087 2221 unionem
1111 2178 1358 2235 personae
1383 2161 1540 2224 dicis,
1567 2176 1634 2214 an
1661 2174 1818 2214 crea-

230 2268 414 2312 turam
442 2266 626 2328 aperta
649 2273 780 2313 voce
799 2257 1080 2313 defendis?
1108 2257 1260 2324 Quod
1287 2255 1333 2310 si
1365 2271 1490 2310 eum
1515 2263 1820 2309 creaturam

230 2357 469 2412 tantum,
522 2357 576 2404 et
624 2365 729 2404 non
755 2349 992 2404 adstruis
1032 2358 1352 2409 creatorem,
1387 2355 1440 2402 te
1471 2346 1642 2416 ipsum
1674 2359 1823 2400 com-

224 2443 434 2511 probas
490 2451 970 2512 transgressorem,
1022 2442 1116 2513 qui
1161 2440 1526 2512 praetermisso
1562 2439 1822 2494 Creatore

225 2529 371 2586 colla
412 2531 640 2586 iuclinas
676 2543 959 2588 creaturze.
996 2533 1077 2587 Dii
1111 2533 1279 2598 enim,
1320 2531 1412 2602 qui
1437 2546 1543 2585 non
1575 2530 1822 2585 fecerunt

229 2624 435 2680 cadum
472 2632 528 2678 et
553 2633 777 2692 terram,
810 2633 1034 2696 pereant
1059 2625 1126 2681 de
1158 2625 1259 2681 sub
1298 2623 1455 2679 coelo.
1485 2623 1553 2678 Et
1595 2621 1682 2674 ubi
1716 2619 1824 2674 erit

225 2715 366 2771 illud
405 2717 548 2786 quod
593 2717 822 2786 legimus
865 2736 877 2771 :
919 2717 1154 2784 Quorum
1201 2728 1397 2788 patres,
1447 2725 1494 2770 et
1543 2714 1820 2786 exquibus

224 2806 476 2863 Christus
515 2810 604 2880 qui
647 2820 722 2864 est
751 2809 1038 2864 secundum
1083 2825 1319 2873 carnem,
1351 2806 1494 2862 Deus
1519 2805 1818 2860 benedictus

222 2898 283 2953 in
311 2898 532 2953 sa'cula.
568 2898 736 2953 Amen
787 2898 965 2970 (Rom.
996 2915 1076 2963 rx,
1109 2897 1185 2970 5).
1222 2897 1288 2952 Et
1321 2897 1450 2952 illud
1483 2896 1624 2951 beati
1654 2893 1790 2950 Joan

224 2989 317 3044 uis
349 3007 366 3044 :
397 2989 606 3046 Scimus
634 2992 762 3062 quia
799 2988 975 3045 Filius
998 2990 1099 3044 Dei
1125 2990 1282 3053 venit,
1310 2999 1363 3044 ct
1401 3004 1620 3044 carnem
1649 2987 1821 3042 induit

224 3080 405 3136 nostri
451 3097 637 3146 causa,
678 3091 733 3136 et
778 3097 972 3152 passus
1023 3089 1128 3146 cst,
1168 3089 1224 3134 et
1268 3079 1568 3136 resurrexit
1597 3097 1608 3132 :
1633 3079 1716 3132 hic
1744 3085 1818 3132 est

223 3187 384 3226 verus
412 3171 574 3237 Deus,
607 3181 654 3227 et
681 3173 784 3226 vita
810 3183 1004 3226 a'terna
1033 3171 1083 3244 (1
1111 3172 1270 3226 Joan.
1301 3188 1357 3237 γ,
1381 3171 1495 3241 20).
1531 3171 1598 3224 Ει
1621 3169 1820 3224 Paulus

224 3267 468 3323 iterum:
499 3267 697 3322 Notum
728 3266 870 3321 vobis
914 3269 1004 3332 sit,
1037 3265 1245 3336 fratres,
1292 3265 1415 3336 quia
1447 3261 1814 3334 Evangetium,
1847 3251 1890 3312 C

223 3358 376 3430 quod
403 3357 779 3428 eeangetizari,
810 3374 914 3411 non
938 3367 1010 3411 est
1034 3355 1318 3436 secundum
1343 3355 1622 3417 hominem,
1652 3367 1819 3422 neque

225 3451 293 3504 ab
321 3449 534 3504 homine
558 3450 732 3520 accepi
771 3449 938 3515 illud;
969 3465 1132 3520 neque
1161 3447 1347 3512 didici,
1387 3445 1477 3499 sed
1504 3461 1596 3514 per
1627 3443 1819 3497 rerria-

225 3539 425 3594 tionem
455 3539 583 3593 Iesu
617 3537 812 3593 Christi
862 3537 1006 3608 (Gal.
1033 3554 1073 3604 ι,
1099 3537 1209 3608 il).
1241 3535 1393 3604 Quod
1425 3536 1471 3589 si
1500 3535 1818 3589 Creatorem

224 3647 353 3686 eum
412 3645 484 3686 ex
525 3631 672 3685 omni
711 3638 866 3702 parte
895 3631 1092 3696 credis,
1139 3644 1246 3684 non
1300 3627 1474 3684 solum
1523 3643 1648 3684 eum
1691 3635 1818 3681 ante

223 3725 405 3780 Adam
434 3723 569 3779 velis
610 3723 748 3779 nolis
795 3722 1070 3793 probabis,
1122 3738 1306 3778 verum
1337 3722 1502 3777 etiam
1551 3723 1619 3777 ab
1665 3721 1820 3775 initio

225 3816 352 3871 sine
375 3816 534 3871 initio
568 3815 737 3870 fuisse
757 3815 1033 3870 defendes.

297 3907 390 3962 3|.
435 3906 514 3962 De
560 3907 740 3962 anima
801 3921 932 3962 vero
968 3905 1170 3961 Christi
1211 3906 1476 3976 disputas,
1521 3912 1576 3960 et
1603 3919 1721 3958 eam
1753 3902 1822 3959 de

224 4001 441 4056 semine
465 3999 634 4056 David
657 4016 762 4056 non
784 4015 904 4056 esse
929 4001 1199 4066 decertas,
1223 4000 1378 4071 quasi
1403 4015 1502 4054 nos
1521 3997 1586 4052 de
1615 3999 1822 4054 semine

227 4107 354 4146 eam
396 4092 564 4148 David
589 4092 886 4148 dixerimus
923 4092 1273 4156 descendere,
1303 4103 1398 4147 aut
1427 4091 1494 4148 de
1521 4091 1822 4163 proprieta-

227 4185 299 4240 tis
364 4193 572 4240 uatura:
624 4185 977 4240 humanitatis
1027 4185 1241 4242 diversa
1301 4185 1524 4242 sentire.
1579 4183 1821 4239 Dicimus

225 4276 380 4331 enim
421 4292 530 4332 non
576 4278 719 4348 quod
761 4277 1098 4344 humanitas,
1128 4278 1182 4333 id
1213 4287 1298 4334 est
1325 4291 1524 4346 corpus
1553 4285 1606 4332 et
1639 4276 1820 4330 anima

225 4369 295 4424 ab
324 4367 486 4422 initio
509 4367 668 4422 fuerit
697 4377 1006 4439 corporata,
1055 4368 1152 4424 sed
1195 4367 1322 4438 quia
1349 4365 1818 4438 perindissolubi-

224 4465 336 4521 lem
380 4465 531 4521 verbi
560 4463 654 4520 Dei
703 4463 1138 4534 eonjunctioncm
1171 4464 1352 4518 uniter
1379 4463 1435 4516 in
1477 4463 1592 4533 ipso
1621 4460 1820 4532 princi-

222 4559 318 4628 pio
354 4555 564 4611 exstitit
589 4567 833 4626 operata.
870 4555 1174 4622 Quomodo,
1205 4554 1389 4610 nescio
1423 4553 1588 4624 :quia
1615 4545 1818 4608 intelle-

221 4657 318 4702 «τω
351 4645 566 4716 assequi
597 4663 701 4701 non
727 4647 756 4687 δ
781 4645 956 4711 valeo,
987 4644 1280 4700 secundum
1305 4645 1448 4715 quod
1478 4645 1670 4700 beatus
1686 4657 1812 4712 pro-

225 4738 336 4793 fert
367 4738 744 4810 Augustinus:
790 4757 813 4791 ι
845 4739 977 4804 Hoc,
1031 4739 1128 4804 ait,
1179 4739 1312 4793 ﬁdes
1359 4737 1570 4802 credat,
1619 4735 1819 4790 intelli-

224 4831 474 4902 gentiam
525 4847 632 4886 non
661 4832 904 4902 requirat
947 4845 962 4886 :
996 4847 1063 4886 ne
1095 4840 1190 4886 aut
1222 4847 1327 4885 non
1361 4831 1636 4885 inventqu
1667 4834 1821 4899 putet

225 4921 569 4988 incredibile,
627 4931 720 4986 aut
767 4931 1038 4993 repertum
1085 4938 1189 4977 non
1239 4923 1426 4977 credat
1458 4920 1749 4992 singulare.
1791 4939 1812 4974 ι

225 5012 441 5068 Taliter
460 5022 517 5069 et
543 5012 600 5069 S.
633 5013 994 5087 Hieronymus
1025 5014 1284 5084 eloquens
1313 5014 1447 5069 dicit
1488 5032 1500 5068 :
1549 5033 1567 5065 ι
1605 5012 1822 5068 Miraris

225 5104 274 5161 si
305 5105 556 5176 ignorem
571 5106 675 5160 dec
703 5105 1002 5160 divinitatis
1029 5105 1369 5176 mysterium,
1387 5121 1510 5161 cum
1531 5121 1616 5161 me
1643 5106 1818 5176 ipsum

227 5195 500 5252 nesciam.
528 5196 836 5269 Interrogas
860 5213 946 5252 me
966 5195 1240 5268 quomodo
1271 5197 1527 5251 divinitas
1553 5206 1608 5252 et
1636 5197 1818 5252 incar-

227 5291 389 5345 natio
417 5306 582 5346 unum
629 5292 722 5358 sit,
764 5307 885 5348 cum
921 5306 1022 5364 ego
1051 5291 1286 5347 nesciam
1323 5293 1592 5363 quomodo
1618 5293 1818 5348 vivam.

229 5380 409 5438 Deum
457 5382 808 5450 intellexisse,
855 5383 1148 5440 credidisse
1205 5393 1291 5440 est
1348 5402 1362 5439 :
1423 5383 1594 5440 Deum
1641 5401 1819 5452 nesse,

235 5476 474 5530 adorare
501 5485 604 5531 est.
628 5475 835 5532 Suliieit
857 5477 988 5532 mihi
1018 5477 1158 5534 seire
1185 5479 1329 5548 quod
1356 5477 1542 5542 credo,
1571 5478 1690 5548 plus
1721 5495 1819 5534 au-

231 5565 479 5625 tem'nec
506 5567 650 5634 volo,
693 5585 794 5625 nec
827 5569 1008 5640 cupio.
1046 5567 1106 5626 Si
1135 5569 1368 5643 amplius
1412 5571 1554 5628 scire
1579 5570 1824 5641 voluero,

309 5716 340 5746 ι
373 5703 538 5760 Forte
567 5705 688 5772 hoc.

309 5774 343 5856 ᾗ
374 5774 536 5856 Deest
579 5792 684 5856 non
713 5775 763 5829 in
793 5791 892 5829 ms.
920 5775 998 5828 Ex
1027 5780 1490 5856 consequentibus
1517 5791 1700 5838 autem
1733 5801 1825 5856 pa-

261 5854 324 5905 et
354 5845 715 5910 adhibendam
737 5861 858 5911 esse
883 5845 1244 5932 negationem.

1926 1983 2007 2046 tii,
2038 1982 2117 2038 vel
2142 1982 2285 2038 beati
2324 1983 2654 2055 Hieronymi.
2682 2002 2775 2041 seu
2798 1987 3041 2057 prmelari
3073 1986 3386 2059 Augustini,
3417 1983 3505 2042 vel

1923 2075 2149 2129 aliorum
2197 2075 2398 2130 validas
2430 2092 2592 2130 voces
2647 2077 2877 2144 intexui,
2907 2095 3044 2148 quas
3101 2094 3198 2134 nec
3243 2078 3506 2156 infrigcre.

1923 2168 2162 2233 voluisti,
2186 2184 2283 2224 nec
2313 2169 2570 2234 debuisti,
2604 2167 2828 2224 forsitan
2865 2187 2964 2225 nec
2987 2170 3224 2225 valuisti.
3260 2169 3386 2226 [huc
3409 2159 3505 2240 pro

1924 2271 2081 2330 captu
2113 2260 2310 2314 virium
2361 2276 2604 2315 mearum
2637 2260 2858 2332 digessi,
2887 2271 2942 2316 et
2980 2277 3086 2316 non
3115 2271 3377 2331 quantum
3415 2261 3508 2316 de-

1922 2353 2034 2417 bui,
2065 2353 2148 2408 vel
2199 2361 2457 2423 quantum
2489 2354 2722 2427 dignitas
2769 2355 3012 2409 materia:
3059 2353 3382 2425 postulabat,
3413 2351 3508 2408 sed

1923 2457 2186 2516 quantum
2217 2461 2375 2517 posse
2403 2447 2532 2501 tnihi
2562 2447 2791 2511 exstitit,
2819 2448 2992 2516 posui.
3025 2446 3330 2502 I’rmsertim
3356 2445 3504 2514 quia,

1923 2547 1984 2591 ut
2011 2552 2098 2590 me
2128 2536 2356 2607 amplius
2395 2536 2557 2600 nosti,
2587 2535 2913 2592 hebetudine
2937 2536 3184 2590 detineor
3209 2535 3422 2603 linguae,
3451 2542 3508 2589 et

1924 2627 2225 2698 pra-petiior
2273 2625 2469 2696 ingenii
2503 2628 2778 2682 tarditate.
2829 2625 3002 2682 Tuum
3040 2637 3144 2690 est,
3167 2625 3507 2681 reverendis-

1925 2717 2084 2782 sime,
2133 2717 2366 2788 probare
2395 2719 2538 2788 quod
2565 2717 2702 2783 dixi,
2753 2727 2809 2772 et
2837 2718 3089 2788 deinceps
3137 2734 3242 2774 non
3282 2733 3508 2789 progre-

1925 2811 2055 2864 dere
2086 2795 2306 2864 in‘aliud
2336 2810 2479 2880 quod
2511 2826 2614 2865 non
2645 2810 2816 2879 possit
2841 2809 3072 2864 defendi.

1997 2902 2082 2956 52.
2117 2901 2356 2971 llludque
2390 2901 2584 2956 iterum
2625 2899 2847 2956 Jnnnilii
2889 2901 3134 2958 reducito
3168 2903 3337 2957 menti
3370 2920 3383 2955 :
3413 2901 3505 2956 Di-

1926 2995 2164 3058 stinctio,
2201 2995 2394 3059 ltltiiio,
2424 2993 2734 3049 alternatio.
2765 2993 3057 3050 Distinctio
3080 3003 3164 3050 est
3192 2994 3361 3058 enim,
3389 2995 3509 3065 qua:

1925 3087 2220 3140 secundum
2266 3097 2489 3140 naturas
2537 3085 2798 3156 loquitur,
2848 3095 2906 3141 ut
2959 3087 3271 3143 inconfusus
3317 3102 3507 3144 carum

1926 3178 2287 3248 proprietates
2316 3177 2587 3232 ostendat.
2646 3176 2852 3244 Unitio,
2899 3195 3018 3248 qua:
3051 3177 3104 3232 in
3141 3194 3248 3233 una
3275 3193 3508 3248 persona

1923 3269 2183 3324 nuitatctn
2207 3269 2432 3322 duarum
2454 3267 2649 3323 asserit
2672 3277 3006 3323 naturarum.
3038 3268 3362 3330 Alternatio,
3387 3282 3510 3337 qua:

1923 3361 1974 3414 in
2007 3371 2030 3399 ε
2065 3363 2298 3414 humana
2329 3359 2550 3423 divinis,
2579 3368 2634 3415 et
2675 3361 2855 3414 divina
2881 3361 3135 3415 humanis
3167 3379 3178 3414 :
3213 3369 3516 3442 utrumun

1921 3451 1974 3505 in
2018 3468 2122 3504 uno
2155 3450 2310 3514 Filio,
2362 3459 2422 3505 ut
2469 3450 2836 3518 inconfusum,
2880 3453 2956 3506 ita
3009 3452 3322 3516 indivisum,
3373 3451 3511 3506 assi-

1922 3549 2052 3611 gnat
2099 3555 2113 3594 :
2160 3543 2300 3594 hanc
2347 3539 2784 3605 alternationem,
2829 3541 2956 3596 dum
2988 3558 3101 3612 ipse
3135 3558 3240 3596 non
3273 3543 3508 3608 nescias,

1922 3631 2156 3700 qualiter
2207 3631 2556 3702 praetergredi
2603 3647 2767 3687 causa
2796 3632 3044 3688 vincendi
3072 3630 3384 3704 'procnras?
3411 3615 3514 3688 Se:

1922 3721 2158 3774 cundum
2191 3719 2332 3774 hanc
2381 3719 2798 3775 alternationem
2853 3721 3316 3776 \‘incentiinoStri
3365 3723 3510 3778 dicta

1923 3815 2182 3885 intelligo,
2223 3826 2279 3869 et
2319 3813 2477 3885 plane
2531 3829 2656 3870 eum
2683 3831 2789 3871 non
2817 3815 3024 3871 dicebis
3051 3831 3282 3871 errasse.
3313 3815 3516 3884 Quaero

1923 3905 2112 3974 igitur,
2139 3913 2193 3960 et
2216 3905 2412 3959 iterum
2443 3921 2650 3973 qumro,
2681 3914 2739 3960 ut
2771 3921 2801 3960 a
2833 3913 2925 3960 tuo
2954 3905 3261 3975 hujusmodi
3297 3915 3512 3984 asserta

1923 3999 2110 4054 demas
2157 3997 2470 4068 perenniter
2513 3997 2716 4062 animo,
2749 4014 2848 4053 nec
2877 3998 2943 4053 de
2980 4007 3088 4054 tam
3117 3998 3514 4056 diilicilioribus

1922 4090 2307 4161 quzcstionibus
2349 4089 2575 4160 abrupte
2624 4099 2682 4145 et
2722 4089 2921 4146 leniter
2967 4091 3225 4162 disputet,
3276 4091 3342 4147 de
3379 4105 3512 4163 quo,

1923 4185 2085 4246 absit,
2108 4199 2300 4238 nomen
2325 4183 2579 4238 catholici
2609 4185 2826 4254 perdas,
2851 4193 2906 4238 et
2941 4184 3330 4240 infirmioribus
3351 4199 3513 4242 scan-

1925 4273 2104 4329 dalum
2153 4274 2250 4328 has
2278 4291 2290 4327 :
2323 4274 2448 4343 quia
2481 4273 2596 4329 haec
2635 4273 2792 4328 mala:
2817 4275 3133 4331 assertionis
3175 4275 3390 4350 inventa
3417 4290 3514 4331 au-

1931 4367 2106 4432 dacia,
2138 4367 2378 4438 perﬁdia:
2415 4376 2470 4420 et
2499 4366 2796 4436 impietatis
2818 4379 2901 4423 cst
2937 4383 3151 4434 massa;
3193 4377 3247 4423 et
3269 4366 3380 4439 jam
3414 4384 3512 4424 an-

1927 4458 2150 4528 tiquitus
2203 4474 2234 4513 a
2293 4458 2604 4516 doctoribus
2659 4459 2980 4518 iniustribus
3019 4461 3280 4518 radicitus
3317 4475 3511 4532 ampug

1929 4557 2060 4605 tata.

1992 4641 2080 4696 55.
2120 4639 2446 4705 Nestoriani,
2495 4649 2557 4694 ut
2600 4639 2678 4694 ait
2719 4649 2906 4695 noster
2941 4640 3131 4696 lumen.
3165 4638 3422 4704 Isidorus,
3479 4651 3512 4711 ξ

1923 4731 2174 4788 Nestorio
2227 4732 2824 4804 Constantinopolitano
2873 4734 3128 4802 episcopo
3181 4730 3509 4800 nuncupati,

1923 4825 2013 4896 qui
2041 4825 2102 4879 Β.
2137 4824 2359 4878 Mariam
2388 4825 2660 4896 Virginem
2692 4841 2796 4879 non
2833 4824 2950 4891 Dei,
2982 4825 3076 4880 sed
3103 4822 3339 4878 hominis
3365 4807 3516 4891 asse:

1925 4915 2034 4970 ruit
2058 4916 2408 4986 genetricem,
2449 4923 2508 4970 ut
2553 4915 2714 4970 aliam
2761 4929 3050 4985 personam
3099 4912 3302 4979 carnis,
3349 4901 3511 4968 aliam

1925 5007 2131 5065 faceret
2160 5008 2398 5064 deitatis.
2454 5007 2564 5064 Nec
2607 5024 2772 5063 unum
2811 5008 3088 5063 Christum
3127 5006 3295 5061 verbo
3329 5005 3423 5062 Dei
3457 5012 3518 5080 et

1931 5117 2095 5157 carne
2129 5101 2376 5167 credidit,
2420 5100 2514 5156 sed
2545 5101 2860 5172 separatim,
2888 5113 3050 5172 atque
3075 5096 3389 5169 sejunctim;
3437 5095 3516 5154 al-

1932 5203 2107 5250 terum
2139 5193 2256 5259 Dei,
2299 5193 2530 5250 alterum
2575 5193 2811 5249 hominis
2853 5192 3189 5264 praedicavit.
3242 5191 3514 5248 Memento

1931 5287 2058 5344 illud
2097 5287 2298 5360 egregii
2341 5285 2626 5358 Augustini
2670 5285 3038 5356 responsionis
3065 5284 3338 5356 eloquium
3373 5301 3386 5337 :
3421 5279 3514 5336 illa

1929 5398 2160 5456 persona
2195 5399 2356 5452 quam
2385 5382 2573 5454 genuit
2609 5381 2774 5439 Pater
2801 5392 2927 5438 ante
2963 5381 3182 5446 srecula,
3215 5379 3386 5450 ipsam
3417 5391 3514 5450 ge:

1930 5485 2050 5540 nuit
2077 5484 2242 5554 Virgo
2271 5499 2393 5538 cum
2419 5497 2604 5538 carne.
2656 5481 2836 5553 Atque
2875 5480 3005 5536 illud
3046 5478 3105 5536 S.
3151 5475 3379 5534 Joannis
3419 5473 3522 5530 ad—'

1930 5585 2122 5634 verte:
2163 5574 2276 5648 Ego
2310 5591 2428 5630 sum
2457 5597 2494 5632 α,
2526 5584 2581 5632 et
2627 5599 2690 5642 ω,
2727 5574 2928 5646 primus
2967 5582 3018 5630 et
3059 5571 3390 5640 novissimus.
3424 5566 3516 5642 μί

2006 5723 2028 5753 ε
2068 5712 2144 5766 De
2171 5711 2474 5766 redundare
2501 5711 2738 5765 videtur.

2003 5783 2030 5824 ἀ
2073 5783 2196 5843 Ms.,
2225 5783 2461 5836 Deum...
2491 5799 2770 5838 carnem...
2800 5797 2984 5848 unum,
3012 5789 3120 5839 etc.

2011 5871 2032 5895 ι’
2072 5854 2202 5930 ch.
2239 5863 2292 5910 et
2322 5854 2577 5912 humana.
