4034 6350
590 354 693 410 4167

1843 345 2101 402 ALVARI
2137 345 2622 405 CORDUBENSIS
3708 364 3781 420 με
3870 408 3871 413 η

594 472 672 543 fni
694 476 954 535 mortuus,
985 476 1033 522 et
1055 483 1169 522 ecce
1188 458 1303 521 sum
1330 466 1501 520 vivens
1531 463 1587 517 in
1613 459 1809 516 swcula
1842 458 2177 514 swculorum.
2209 466 2261 525 Α
2285 463 2387 518 bus
2412 461 2612 515 dictam
2639 459 2965 531 perlegimus
2998 458 3187 532 (Eccli.
3217 476 3350 529 xxn,
3396 463 3470 535 6).
3519 462 3619 525 Hoc
3656 474 3783 532 solum

595 563 758 616 Amen
813 561 1000 630 (Apoc.
1042 575 1081 623 ι,
1128 558 1239 630 17).
1293 558 1362 613 Et
1397 555 1659 628 propheta
1690 568 1704 607 :
1730 551 1786 608 Si
1831 552 1998 622 alliget
2033 552 2186 605 homo

596 653 765 709 Deum
795 669 969 717 suum,
1000 652 1252 722 quoniam
1282 667 1370 705 vos
1413 647 1651 719 aﬂixistis
1681 646 1799 699 me?
1830 643 2051 714 (Malae.
2102 659 2187 707 ιιι,

598 746 694 816 8.).
741 745 893 800 Unde
940 752 995 797 et
1039 742 1327 797 Dominum
1371 740 1555 813 gloria:
1597 737 1912 797 crmifixum
1961 734 2191 804 legimus

598 836 650 910 (1
682 836 802 892 Cor.
831 852 890 899 ιι,
918 835 1006 907 8),
1032 851 1155 891 cum
1186 836 1239 889 in
1276 836 1379 891 hoc
1402 833 1546 903 quod
1573 832 1832 887 Dominus
1861 829 2045 901 gloriae
2085 835 2187 891 est,

598 930 777 986 crucis
807 945 913 983 non
944 928 1183 983 sensisse
1210 926 1549 997 dispendium
1585 924 1653 979 sit
1686 934 1917 978 certum.

668 1018 755 1072 54.
795 1018 1021 1073 Concilit
1060 1018 1313 1088 Ephesini
1344 1030 1602 1087 percurre
1624 1014 1958 1079 sententias,
1988 1020 2042 1068 et
2069 1012 2194 1067 llie—

597 1112 809 1182 ronymi
838 1110 1110 1181 praeclari,
1140 1126 1236 1166 seu
1263 1108 1526 1181 Fulgentii
1548 1150 1563 1169 .
1602 1107 1684 1163 vel
1724 1108 1974 1173 aliorum,
2019 1105 2193 1161 maxi-

599 1219 794 1274 meque
822 1220 957 1275 pene
992 1205 1251 1276 temporis
1295 1203 1465 1258 nostri
1512 1201 1662 1256 Beati
1711 1201 2029 1256 Libanensis
2075 1216 2195 1271 pre—

598 1295 825 1367 sbyteri,
857 1304 913 1350 et
954 1295 1113 1365 plane
1154 1310 1427 1364 nunquam
1457 1303 1681 1364 propter
1707 1304 2072 1348 assumentem
2103 1308 2195 1348 ve-

598 1386 816 1443 nerabis
836 1396 1192 1457 assumptum,
1220 1402 1321 1442 nec
1345 1396 1566 1456 propter
1596 1385 1918 1440 invisibilem
1941 1385 2196 1441 adorabis

597 1478 891 1543 visibilem,
915 1478 1009 1532 sed
1040 1486 1377 1548 assumptum
1401 1487 1455 1531 et
1502 1484 1867 1531 assumentem
1887 1515 1903 1542 ,
1949 1475 2195 1530 invisibi-

598 1567 707 1627 lem
756 1580 811 1626 et
854 1570 1142 1636 visibilem,
1192 1588 1357 1626 unum
1409 1586 1534 1625 mox
1581 1579 1731 1624 tuum
1776 1572 2064 1626 venerabis
2113 1568 2194 1627 vel

598 1664 838 1721 Omnium
871 1664 1311 1736 Redemptorem.
1357 1664 1482 1720 Hcce
1514 1665 1648 1720 fides
1673 1672 1756 1719 est
1781 1664 2037 1734 Ephesini
2069 1680 2196 1720 con-

598 1754 728 1815 cilii.
765 1755 879 1810 haec
918 1762 973 1809 et
1007 1766 1190 1810 nostra
1216 1752 1499 1824 professio.
1551 1753 1656 1809 Pro
1686 1756 1787 1809 hac
1810 1755 1995 1820 etiam,
2035 1755 2078 1809 si
2110 1770 2197 1810 res

2291 553 2345 607 in
2380 553 2659 622 procinctu
2702 551 2731 591 δ
2770 552 3163 620 respondimus,
3213 555 3339 625 quia
3389 555 3432 610 si
3477 571 3592 614 caro
3636 561 3785 621 Christi

2290 646 2412 701 ideo
2438 661 2541 699 non
2569 652 2652 699 est
2688 643 2831 699 Patri
2865 645 3103 715 propria,
3140 646 3265 716 quia
3296 662 3401 703 non
3432 646 3524 705 fuit
3554 652 3613 706 ab
3649 656 3788 712 eodem

2291 746 2575 807 suscepta;
2608 751 2737 807 ergo
2765 751 2864 791 nec
2888 736 3057 793 Filius
3087 737 3139 791 in
3166 739 3442 795 divinitate
3468 747 3682 799 totusest
3704 762 3791 817 pro-
3876 722 3877 769 ‘

2289 830 2459 899 prius,
2483 830 2609 898 quia
2649 843 2755 883 non
2782 836 2865 883 est
2893 845 3016 883 cum
3047 828 3206 885 Patre
3232 846 3337 884 una
3379 846 3612 902 persona,
3634 851 3792 908 necpa.
3878 828 3879 873 ‘

2293 922 2425 976 riter
2478 922 2764 975 humanam
2810 920 2981 975 induit
3025 932 3046 961 ο
3094 920 3341 977 formam.
3388 922 3454 977 At
3496 924 3536 979 si
3580 929 3793 997 proprium
3880 932 3881 957 ‘

2292 1014 2437 1071 Patri
2466 1014 2601 1069 dicis
2629 1014 2683 1068 in
2718 1023 2830 1070 toto
2859 1013 3072 1081 Filium,
3103 1025 3158 1071 et
3185 1032 3291 1071 non
3322 1032 3387 1070 ex
3414 1016 3565 1071 Patre
3596 1020 3794 1087 pradicas

2294 1109 2632 1180 ad0ptivum;
2658 1109 2927 1179 propriam
2951 1124 3193 1175 carnem,
3215 1110 3350 1166 velis
3372 1111 3524 1176 nolis,
3551 1110 3678 1165 Patri
3697 1115 3795 1170 dice-

2292 1202 2397 1267 bis,
2430 1202 2547 1256 sine
2577 1217 2680 1272 qua
2720 1202 2930 1256 tertiam
2958 1203 3181 1258 credere
3212 1204 3265 1256 in
3299 1202 3551 1259 Trinitate
3577 1220 3797 1274 personam
3886 1246 3887 1259 χ

2294 1309 2401 1348 non
2428 1292 2595 1348 vales.
2646 1292 2763 1363 Ipsa
2800 1294 2943 1348 enim
2974 1302 3057 1349 est
3086 1294 3230 1349 Deus
3275 1303 3330 1349 et
3371 1295 3526 1350 homo
3555 1297 3689 1350 tertia
3718 1313 3799 1367 per-
3888 1352 3889 1385 ι

2294 1399 2425 1439 sona
2460 1383 2696 1454 perfecta
2719 1392 2773 1440 et
2804 1385 2980 1456 plena,
3010 1394 3082 1451 et,
3110 1394 3170 1440 ut
3196 1388 3383 1453 credo,
3411 1402 3441 1440 a
3470 1386 3617 1441 Patre
3652 1389 3799 1458 etSpi-

2296 1474 2400 1529 ritu
2434 1485 2623 1530 sancto
2660 1475 2709 1529 in
2748 1476 2918 1531 nihilo
2947 1477 3213 1532 minorata
3245 1495 3259 1531 :
3288 1478 3389 1532 nisi
3422 1477 3628 1533 forsitan
3659 1478 3800 1533 Filium

2295 1567 2572 1639 proprium
2601 1566 2836 1623 Verbum
2869 1573 3239 1625 tantummodo
3264 1571 3469 1634 credis,
3495 1579 3543 1624 et
3565 1586 3730 1639 corpus
3758 1572 3803 1626 ab
3892 1560 3893 1607 ‘

2297 1658 2486 1714 eodem
2528 1668 2835 1729 susceptum
2864 1661 3002 1715 sicut
3035 1661 3406 1716 indumentum
3433 1662 3709 1732 deposuisse
3741 1662 3806 1717 ite-
3894 1666 3895 1699 Τ

2299 1766 2418 1805 rum
2448 1751 2589 1805 unde
2625 1760 2897 1821 sumptum
2928 1751 3106 1807 fuetat
3139 1753 3294 1808 dicis.
3345 1753 3451 1807 Aut
3478 1764 3695 1824 quartam
3722 1770 3806 1824 per-

596 1847 861 1917 exegerit,
901 1846 1078 1918 gladio
1120 1847 1388 1901 cervicem
1441 1845 1711 1917 prtebebo.
1764 1845 1939 1901 Unum
1986 1853 2196 1901 tantum
2224 1831 2273 1891 Β
2298 1857 2487 1898 sonam
2517 1852 2767 1899 naturam
2797 1846 3085 1900 humanam
3112 1845 3313 1901 asseris
3332 1860 3473 1909 esse,
3495 1852 3544 1899 et
3571 1861 3661 1898 non
3682 1844 3810 1899 Trini-

598 1934 654 1992 in
680 1936 841 1993 ﬁnem
881 1937 1041 2008 hujus
1065 1938 1309 2008 epistolae
1351 1936 1593 1993 fraterno
1638 1954 1865 2011 suggero
1909 1954 2060 1995 more
2093 1958 2105 1993 :
2139 1947 2199 1994 ut.

596 2042 825 2098 qumque
861 2026 1068 2099 digesta
1108 2038 1256 2095 sunt,
1298 2045 1404 2084 non
1446 2039 1668 2101 accepta
1718 2032 1825 2086 sint
1866 2031 1999 2086 dure
2030 2049 2042 2084 :
2072 2032 2196 2101 quia

598 2118 1037 2174 non-intentione
1066 2119 1328 2185 victorize,
1376 2120 1472 2175 sed
1512 2120 1759 2176 veritatis
1802 2120 2097 2175 intentione
2142 2120 2196 2175 in

599 2209 714 2265 hac
754 2210 919 2266 verba
960 2212 1237 2268 descendi.
1292 2213 1543 2268 Vestrum
1594 2222 1782 2283 estque
1830 2213 1971 2268 dicta
2019 2214 2197 2270 minus

599 2301 712 2357 sale
741 2303 964 2357 condire
998 2313 1092 2358 :et
1117 2304 1432 2359 verbositati
1470 2302 1556 2359 vel
1596 2303 1880 2374 imperitiae
1930 2318 2062 2358 meae
2099 2319 2195 2359 ve-

596 2394 740 2448 niam
765 2395 1060 2464 impertire.
1112 2394 1293 2449 Semel
1318 2395 1464 2450 enim
1510 2393 1691 2450 fassus
1745 2410 1887 2460 sum,
1941 2411 2047 2449 non
2099 2410 2197 2465 per

597 2494 770 2541 artem
829 2486 1022 2541 Donati
1074 2486 1348 2551 incedere,
1400 2487 1495 2542 sed
1557 2486 1855 2541 inscientia:
1895 2501 2029 2542 mea:
2061 2485 2194 2540 mihi

596 2578 899 2649 congenitte
926 2578 1179 2634 innitere.
1239 2577 1351 2634 Nec
1385 2578 1469 2634 fas
1494 2586 1597 2644 est,
1624 2589 1683 2632 ut
1707 2578 1861 2645 cujus
1890 2587 2077 2632 contra
2109 2591 2194 2632 re-

595 2670 777 2741 gulam
805 2685 989 2741 surgo,
1023 2670 1192 2741 ipsius
1231 2669 1430 2742 regulae
1477 2685 1640 2741 quam
1682 2670 1903 2726 destruo
1946 2670 2194 2724 incedam

597 2769 774 2831 tropo.
824 2760 991 2815 Miror
1022 2770 1202 2816 tamen
1228 2776 1327 2816 cur
1358 2761 1655 2816 Varronem
1703 2769 1941 2825 secutus,
1988 2759 2071 2813 lac
2116 2758 2196 2813 di-

594 2867 723 2908 cere
772 2852 1007 2908 volueris
1036 2867 1052 2907 :
1084 2868 1209 2909 eum
1264 2852 1444 2908 Caesar
1499 2853 1690 2908 dicat:
1736 2850 1950 2906 Nullum
1996 2865 2194 2905 nomen

595 2942 803 3012 duabus
829 2945 1123 2999 terminare
1152 2944 1353 2999 litteris
1386 2944 1569 2999 mutis.
1630 2944 1735 2999 Sed
1784 2945 1898 2998 hare
1940 2952 1994 2998 et
2037 2943 2191 2997 alias.

669 3031 757 3086 55.
814 3031 969 3088 Nunc
1010 3034 1077 3087 ad
1109 3035 1446 3104 propositum
1495 3043 1853 3101 rever-tamus,
1903 3042 1958 3089 et
2009 3034 2191 3089 omnia

594 3138 717 3193 qua:
768 3124 970 3193 scripta
1011 3133 1159 3190 sunt,
1215 3125 1417 3181 amoris
1465 3140 1628 3181 causa
1682 3125 1828 3180 dicta
1876 3126 2187 3196 probemus.

595 3213 713 3269 Non
753 3216 895 3270 enim
921 3216 1223 3273 inimieanti
1247 3218 1447 3283 studio,
1478 3219 1572 3275 sed
1601 3221 1806 3273 amanti
1844 3228 1969 3274 voto
1995 3229 2188 3274 cuncta
2220 3201 2264 3263 Ο

597 3307 816 3381 digessi,
851 3308 904 3364 in
934 3324 997 3365 ea
1030 3326 1150 3381 qua:
1182 3322 1233 3366 te
1262 3310 1591 3376 crudelibus,
1629 3320 1689 3365 ut
1717 3311 1919 3377 dicitis,
1951 3313 2195 3368 trabibus

595 3400 918 3467 demuleavi,
938 3412 990 3457 et
1020 3414 1079 3458 ut
1098 3412 1230 3472 puto
1256 3402 1679 3474 profectuosum,
1708 3420 1835 3458 nam
1868 3420 1974 3459 non
2009 3406 2197 3461 inutile

595 3492 718 3560 fuit,
752 3503 811 3549 ut
832 3506 959 3565 pote
980 3499 1074 3567 qui
1100 3514 1416 3571 responsum
1446 3500 1598 3554 multi
1630 3499 1742 3570 jam
1774 3502 2030 3571 temporis
2054 3502 2198 3557 debi-

597 3598 709 3643 tum
736 3591 1166 3658 severitatesua,
1199 3594 1308 3649 imo
1342 3595 1665 3659 rusticitate,
1698 3596 1967 3661 exhibuit,
2015 3605 2072 3651 et
2118 3605 2195 3651 ta-

594 3690 806 3737 centem
834 3691 890 3737 et
915 3684 1003 3738 diu
1037 3685 1255 3741 silentio
1280 3687 1611 3753 studentem,
1662 3687 1714 3741 in
1756 3687 1971 3758 eloquio
2009 3704 2191 3744 erum-

596 3788 725 3844 pere
756 3774 905 3832 fecit.
956 3777 1213 3834 Praestitit
1239 3780 1383 3850 quod
1409 3779 1884 3851 blandiloquacida
1912 3794 1938 3822 α
1968 3798 2073 3837 non
2105 3798 2197 3837 va-

595 3864 717 3932 luit,
764 3875 820 3922 et
860 3867 1230 3924 desideratum
1269 3870 1427 3927 nobis
1472 3872 1633 3927 amici
1682 3873 1978 3928 indiculum
2024 3873 2191 3929 misit.

595 3955 705 4011 Nec
734 3971 822 4011 me
843 3959 1222 4016 Antisthenem
1250 3962 1657 4032 philosophum,
1690 3972 1851 4033 teque
1878 3965 2191 4035 Diogenem,

595 4063 813 4104 asseras
837 4062 990 4118 esse;
1032 4069 1155 4109 cum
1197 4070 1301 4110 non
1354 4057 1699 4128 discipulum,
1737 4059 1831 4113 sed
1874 4058 2194 4129 magistrum

594 4135 652 4190 in
675 4136 928 4194 omnibus
952 4142 1219 4211 approbes
1243 4144 1382 4206 fore.
1406 4148 1531 4217 quia
1555 4163 1661 4203 non
1685 4149 1895 4219 prmbes
1919 4156 2078 4217 caput
2110 4146 2190 4203 fe-

598 4227 760 4282 rienti
805 4238 862 4285 et
897 4232 1210 4302 submittis,
1255 4237 1350 4292 sed
1396 4239 1699 4293 accerrimo
1742 4237 2057 4308 crudeliqne
2105 4253 2192 4293 me

596 4320 732 4374 satis
779 4338 1037 4381 mucrone
1071 4327 1230 4394 petis.
1286 4326 1387 4383 Hic
1424 4339 1574 4384 certe
1601 4339 1683 4385 est
1719 4330 2072 4386 Antisthenes
2096 4330 2191 4400 qui

595 4424 719 4464 cum
750 4410 984 4483 gloriose
1010 4415 1285 4473 docuisset
1320 4419 1673 4485 rhetoricam,
1711 4419 2058 4490 audissetque
2090 4418 2191 4474 So-

593 4509 822 4568 cratem,
852 4502 1055 4561 dixisse
1082 4504 1258 4562 fertur
1301 4508 1368 4563 ad
1408 4509 1739 4579 discipulos:
1770 4510 1949 4575 Abite,
1988 4520 2043 4566 et
2074 4526 2189 4565 ma-

594 4591 827 4662 gistrum
859 4597 1087 4665 quaerite
1118 4616 1130 4653 :
1173 4612 1273 4671 ego
1316 4601 1462 4656 enim
1492 4569 1606 4672 ja-m
1655 4603 1850 4672 reperi.
1884 4569 1991 4658 sed
2031 4603 2183 4674 quid,
2212 4569 2265 4631 Β

594 4698 799 4753 quaeso,
832 4690 1146 4747 amantibus
1176 4692 1416 4748 durum?
1444 4693 1573 4764 quid
1593 4695 1786 4750 amicis
1821 4695 2023 4766 poterit
2064 4710 2188 4751 esse

591 4787 871 4842 severum,
902 4794 1024 4834 cum
1057 4794 1157 4835 nec
1189 4780 1305 4852 ipsa
1340 4798 1488 4839 mors
1524 4791 1705 4854 potest
1750 4782 2003 4840 divellere
2050 4800 2187 4856 quos

592 4865 833 4924 charitas
861 4870 1246 4931 indissolubilis
1265 4875 1512 4945 junxerit
1534 4876 1779 4933 Christi?

665 4958 754 5013 56.
798 4960 1101 5021 Secundam
1130 4968 1418 5037 epistolam
1457 4977 1694 5024 vestram
1747 4970 1930 5027 tristes
1959 4981 2016 5028 et
2046 4986 2188 5042 pene

591 5046 661 5103 ad
691 5047 893 5106 inferos
920 5069 1089 5124 usque
1122 5056 1389 5115 dimersos
1413 5060 1741 5131 accepimus,
1768 5071 1824 5117 et
1845 5062 1929 5119 vel
1956 5072 2186 5133 quantu-

594 5141 921 5213 lumcunque
960 5147 1015 5201 in
1058 5149 1335 5207 doloribus
1376 5153 1619 5209 solamen
1670 5170 1739 5210 ex
1787 5156 1949 5211 amici
1982 5158 2185 5227 scripta

595 5251 692 5291 nos
724 5237 977 5297 habuisse
1004 5246 1376 5316 cognovimus.
1429 5247 1512 5304 Ad
1538 5263 1704 5319 quam
1741 5250 2068 5320 respondere
2110 5249 2185 5304 nil

591 5343 703 5399 prae
728 5328 985 5403 lacrymis
1011 5337 1302 5405 potuimus,
1327 5338 1455 5409 quia
1484 5346 1538 5394 et
1568 5340 1772 5397 musica
1811 5342 1863 5396 in
1906 5341 2051 5398 luctu
2085 5341 2185 5396 im-

591 5430 884 5491 portunam
912 5426 996 5482 vel
1025 5428 1463 5499 intempestivam
1498 5433 1871 5492 narrationem
1902 5450 1935 5491 a
1962 5435 2184 5507 majori-

664 5585 694 5649 f
730 5575 789 5649 l_d
818 5586 903 5633 est
933 5578 1403 5649 blandiloquentia.

667 5645 696 5686 δ
735 5647 858 5722 Ms,
888 5652 1169 5722 procincte.

667 5728 689 5789 εἴ
732 5719 857 5789 Ms.,
885 5719 1078 5779 indui.

662 5787 690 5830 ἀ
717 5790 813 5848 Ms.
827 5787 848 5860 ,V
881 5796 1138 5852 minitare.

2298 1945 2467 1993 tatem
2488 1978 2502 2003 ,
2530 1938 2624 1993 sed
2650 1938 3069 2009 quaternitatem
3095 1938 3264 1993 libera
3288 1950 3419 1992 voce
3446 1935 3681 1992 defendis.

2369 2031 2458 2085 37.
2503 2029 2656 2098 Quod
2702 2046 2830 2087 vero
2860 2030 3182 2100 scriptorem
3223 2038 3468 2085 erratum
3495 2030 3724 2092 causaris,
3744 2043 3809 2082 ne-

2299 2122 2413 2178 scio
2441 2137 2539 2176 cur
2566 2123 2668 2177 hoc
2690 2122 2932 2178 indidere
2960 2105 3216 2178 volueris.
3259 2121 3367 2177 Nos
3395 2122 3532 2177 enim
3560 2122 3811 2176 sententiam

2297 2212 2558 2282 Ephesini
2611 2213 2820 2268 consilii
2873 2214 3138 2284 integram
3190 2214 3487 2284 posuimus,
3535 2212 3739 2281 nihilque
3769 2212 3813 2265 de

2299 2304 2520 2374 proprio
2548 2304 2602 2357 in
2630 2303 2817 2357 eadem
2851 2305 3255 2373 augmentando
3278 2302 3615 2369 confecimus,
3643 2317 3724 2357 nec
3748 2301 3813 2355 de.

2299 2396 2498 2450 mendo
2526 2395 2876 2450 detraximus.
2912 2395 3065 2462 Quod
3100 2395 3145 2451 si
3186 2396 3450 2467 syllabam
3489 2395 3722 2465 demptam
3751 2402 3816 2446 aut

2300 2493 2515 2539 auctam
2544 2485 2816 2540 inveneris
2858 2486 2925 2539 de
2965 2486 3078 2556 ipsa
3108 2487 3381 2542 sententia
3416 2485 3652 2556 Ephesini
3676 2483 3814 2555 synodi

2298 2592 2461 2647 quam
2489 2575 2757 2647 infringis,
2787 2577 2927 2632 scire
2949 2577 3115 2632 debes
3137 2579 3285 2648 quod
3314 2577 3560 2633 velocitas
3579 2576 3666 2630 hoc
3684 2585 3815 2644 patra-

2298 2670 2440 2725 verit
2468 2670 2772 2739 scriptoris,
2822 2685 2928 2724 non
2962 2670 3187 2726 intentio
3232 2671 3411 2726 aliena
3441 2668 3815 2738 dictantis:quia

2300 2763 2655 2835 incongruum
2703 2772 2807 2829 est,
2841 2772 2896 2818 et
2929 2778 3068 2833 pene
3115 2764 3270 2820 stulti
3308 2765 3533 2820 hominis
3572 2772 3623 2819 et
3661 2761 3815 2826 vesani,

2299 2857 2605 2912 testimonia
2651 2856 2933 2912 doctorum
2969 2857 3021 2911 in
3051 2855 3316 2928 suffragio
3356 2856 3567 2928 proprio
3593 2856 3678 2919 uti,
3704 2862 3746 2909 et
3772 2853 3817 2907 de

2297 2952 2518 3023 proprio
2575 2951 2716 3007 hanc
2766 2953 3090 3008 sententiam
3147 2952 3428 3025 polluere;
3474 2968 3536 3008 ac
3587 2948 3817 3020 diSputanti

2297 3053 2483 3099 contra
2526 3058 2585 3099 se
2624 3045 2992 3116 responsionis
3034 3044 3270 3116 linguam
3316 3060 3413 3115 per
3450 3042 3703 3099 stultitiam
3731 3053 3819 3110 pro-

2295 3134 2467 3204 piam
2489 3134 2669 3189 acrius
2691 3150 2906 3190 acuere.
2934 3133 3078 3200 Noli,
3103 3135 3574 3199 reverendissime,
3595 3134 3642 3187 in
3663 3139 3818 3185 tantum

2297 3242 2395 3282 nos
2422 3227 2613 3282 stultos
2639 3235 2853 3296 putare,
2885 3236 2945 3282 ut
2969 3227 3205 3282 aestimes
3235 3243 3341 3283 nos
3370 3228 3423 3282 in
3450 3228 3612 3282 aliena
3641 3223 3820 3280 editione

2298 3312 2737 3389 aliquaminuere
2764 3318 2791 3358 ά
2812 3360 2827 3385 ,
2857 3329 2950 3373 aut
2976 3334 3130 3375 secus
3160 3336 3328 3389 quam
3361 3320 3583 3391 positum
3611 3330 3698 3382 est,
3719 3316 3821 3370 dicta

2298 3414 2564 3484 majorum
2616 3414 2904 3469 temeritati
2958 3413 3221 3484 petulanti
3266 3429 3554 3485 usurpare.
3599 3412 3695 3467 Hoc
3717 3408 3823 3464 enim

2296 3507 2506 3578 profani
2540 3517 2644 3574 est,
2696 3517 2751 3563 et
2798 3507 3077 3579 sacrilegae
3124 3509 3346 3573 mentis,
3381 3525 3487 3564 non
3526 3504 3743 3563 catholici
3765 3501 3823 3556 vel

2297 3599 2835 3671 quantulumcunque
2891 3599 3082 3656 fidelis.
3145 3599 3303 3667 Quod
3353 3600 3398 3656 si
3443 3599 3610 3669 aliqua
3659 3597 3822 3663 dempta

2298 3693 2550 3749 invenisti
2575 3692 2656 3748 vel
2681 3703 2862 3759 aucta,
2887 3694 2940 3748 in
2963 3694 3151 3760 svnodi
3180 3696 3358 3749 sancti
3387 3710 3418 3749 a
3443 3693 3591 3749 nobis
3613 3686 3824 3757 excerptis

2297 3784 2553 3851 decretis,
2582 3786 2809 3839 membri
2836 3785 3032 3856 deputa
3064 3785 3234 3856 culpa:
3253 3785 3500 3842 exterius
3527 3779 3773 3841 servientis
3791 3789 3823 3840 '.

2297 3891 2404 3930 non
2430 3877 2600 3931 menti
2632 3876 2858 3931 interius
2895 3876 3231 3946 praesidenti.
3264 3877 3422 3943 Vale,
3464 3877 3536 3933 mi
3564 3874 3766 3936 domine,
3789 3876 3827 3924 et

2296 3980 2513 4037 semper
2555 3967 2611 4022 in
2668 3966 2933 4045 fructibus
2988 3966 3401 4040 Scripturarum
3464 3968 3581 4024 lteta
3633 3963 3826 4039 gramina

2295 4072 2478 4128 carpe.

3056 4153 3124 4210 γ.

2587 4301 2720 4341 ῘΤΕΙ
2760 4301 2883 4343 ΑΗΔ
2916 4302 3082 4342 ΕΙΒΕΙ
3119 4303 3305 4344 JOANNI
3345 4305 3597 4346 DIRECTA.

2507 4396 2728 4455 Aurelio
2753 4398 2938 4454 Flavio
2956 4397 3147 4455 losum
3173 4399 3378 4457 Paulus
3397 4400 3659 4457 ALVARUS.

2366 4511 2420 4566 l.
2447 4510 2577 4568 Post
2598 4512 3014 4583 disputationem
3038 4513 3339 4571 inscientiae
3358 4525 3555 4571 nostrae
3590 4513 3650 4569 de
3667 4506 3833 4566 duabus

2291 4605 2678 4676 quaestionibus
2706 4621 2813 4661 non
2840 4604 3193 4674 sufficienter,
3220 4616 3279 4663 ut
3304 4617 3430 4679 pote
3462 4616 3618 4662 tantae
3640 4597 3832 4659 materia:

2292 4707 2705 4770 congruentem,
2719 4699 2812 4754 sed
2833 4699 3207 4756 mediocritate
3224 4702 3422 4772 ingenii
3440 4699 3604 4755 nostri
3620 4697 3831 4763 undique.

2295 4805 2401 4845 non
2421 4791 2617 4856 medie,
2642 4798 3031 4862 temperatam;
3058 4793 3318 4849 hactenus
3338 4793 3554 4860 silui,et
3574 4793 3623 4847 in
3645 4796 3792 4857 empto
3813 4780 3827 4820 ί

2218 4916 2227 4924 ε
2293 4882 2510 4938 silentio
2536 4884 2885 4939 decreveram
2917 4899 3268 4955 permanere,
3300 4899 3580 4957 quousque
3618 4878 3834 4947 rescripto

2293 4971 2618 5042 eloquentiae
2648 4982 2841 5029 vestra:
2860 4984 2954 5029 aut
2978 4975 3314 5041 retunderer,
3345 4985 3439 5031 aut
3459 4974 3707 5046 probarer
3732 4986 3742 5022 :
3763 4962 3835 5021 sed

2291 5064 2417 5133 quia
2443 5077 2598 5118 amor
2626 5063 2889 5129 internus,
2915 5072 3007 5120 aut
3037 5066 3083 5122 si
3110 5068 3507 5123 commodatius
3535 5064 3717 5121 dicitur
3735 5055 3833 5113 dile-

2288 5153 2416 5218 ctio,
2444 5169 2563 5224 quae
2589 5155 2827 5211 charitas
2848 5157 3027 5227 aptius
3056 5158 3110 5212 in
3141 5157 3338 5214 divinis
3366 5155 3710 5214 voluminibus
3729 5161 3836 5203 nun-

2288 5253 2539 5316 cupatur,
2566 5246 2778 5302 interna
2800 5246 3049 5305 obtinens
3065 5257 3276 5317 extnat,
3297 5259 3353 5306 et
3371 5247 3636 5305 extuando
3655 5241 3836 5300 modum

2289 5350 2400 5391 non
2434 5346 2654 5404 servat;
2687 5337 2811 5393 inde
2860 5338 3105 5396 ordinem
3141 5337 3465 5395 litterizandi
3494 5352 3598 5393 non
3630 5341 3835 5390 servans.

2292 5438 2455 5500 atque
2483 5431 2919 5487 extraordinario
2948 5446 3103 5487 more
3150 5446 3239 5487 me
3264 5440 3436 5488 totum
3467 5432 3579 5502 ipse
3603 5431 3835 5485 comatum

2367 5600 2392 5629 ο
2415 5589 2539 5655 Ms.,
2568 5606 2633 5644 ea:
2659 5599 2861 5661 scerpta
2886 5590 3093 5645 decreta
3114 5601 3133 5643 :
3152 5588 3369 5645 membri
3392 5587 3581 5659 deputo
3604 5579 3742 5652 culpa
3760 5588 3835 5631 ιι-

2291 5662 2454 5716 terius
2479 5661 2743 5716 serbienti.

2370 5732 2389 5772 ί
2426 5732 2546 5799 Ms.,
2576 5732 2802 5803 incepto.
