4034 6350
163 320 278 377 449

1628 304 2011 372 EPISTOLE.

3336 316 3445 373 450

163 450 278 491 non
306 433 576 499 nesciens,
606 441 658 488 et
696 433 924 504 primus,
963 442 1019 490 et
1057 433 1287 495 medius,
1328 441 1385 488 et
1425 432 1753 488 novissimus
1777 437 1831 496 Α
1857 440 1970 485 tum
1998 430 2450 486 delectamentum
2489 439 2575 486 est
2613 429 2881 486 secuturis
2911 447 2924 483 :
2954 430 3276 488 divaricatio
3306 432 3444 488 stul-

165 525 403 597 scriptor
432 524 632 579 accedo
659 526 955 581 verbosus:
979 533 1040 579 ut
1069 525 1160 594 qui
1189 523 1242 578 in
1270 523 1423 580 initio
1458 524 1666 594 impuli,
1694 531 1749 578 et

165 618 223 674 in
259 616 438 671 medio
480 625 658 686 coepta
685 616 936 682 disserui,
982 615 1299 671 concludam
1338 617 1391 670 in
1421 615 1604 671 ﬁnem.
1637 615 1752 671 Hoc

164 709 354 781 itaque
390 706 624 763 faciliter
664 709 963 772 crederem,
1005 708 1051 763 si
1097 723 1219 763 cum
1259 717 1479 777 pectore
1527 708 1701 764 inscio
1727 724 1748 746 ι

164 803 521 873 disputarem.
543 803 614 855 At
642 817 763 856 cum
796 811 1008 857 constet
1056 801 1235 856 Latini
1283 802 1483 872 eloquii
1508 803 1749 868 ﬂuvium,

164 896 275 950 imo
320 894 580 950 torrentis
622 894 879 964 impetum
922 893 1173 949 ﬂuentem
1215 894 1488 965 impetisse
1518 895 1753 949 vitreum

164 989 530 1054 elementum;
560 1003 667 1057 quo
696 997 853 1058 pacto
880 987 1129 1043 cludendi
1158 988 1289 1043 mihi
1335 989 1440 1043 erit
1464 989 1586 1042 data
1622 987 1754 1043 faci-

166 1083 308 1146 litas,
337 1081 426 1136 cui
451 1090 506 1135 et
524 1082 741 1153 copiosa
768 1081 796 1120 δ
817 1081 1103 1137 asscrtoris
1126 1080 1448 1145 fecunditas,
1476 1089 1532 1134 et
1551 1080 1755 1151 proprii

165 1173 369 1245 ingenii
396 1173 640 1235 tarditas,
669 1182 724 1227 et
752 1172 940 1227 talenti
968 1172 1158 1227 crediti
1183 1171 1366 1228 obviat
1400 1171 1670 1242 parvitas?
1688 1171 1758 1226 Et

164 1266 289 1322 licet
322 1266 489 1322 insita
521 1265 854 1321 naturalibus
881 1265 1013 1321 locis
1053 1265 1252 1321 existat
1289 1266 1537 1321 voluntas
1566 1267 1661 1321 Dei
1692 1277 1714 1306 ο
1737 1306 1753 1333 ,

165 1368 352 1415 tamen
384 1359 619 1414 demitur
662 1359 987 1429 opplementi
1026 1358 1275 1424 facultas,
1305 1359 1355 1413 ei
1383 1368 1530 1415 certe
1567 1359 1652 1413 cui
1687 1373 1756 1413 ex

165 1452 308 1508 omni
343 1460 501 1523 parte
524 1451 779 1506 indicitur
810 1451 1190 1506 remorationis
1224 1450 1497 1507 debilitas.
1527 1450 1754 1506 Inchoa-

166 1546 239 1601 tio
262 1545 416 1600 enim
448 1559 516 1600 ex
547 1554 733 1600 nostro
759 1553 845 1599 est
891 1560 1057 1616 pensa
1098 1545 1355 1612 arbitrio;
1399 1545 1673 1602 conclusio
1701 1545 1756 1600 in

166 1647 527 1707 utrorumque
555 1645 735 1691 manet
770 1635 995 1705 judicio.
1030 1635 1314 1707 Nunquam
1344 1638 1488 1693 enim
1536 1639 1759 1692 sedatur

166 1731 471 1802 reSponsio,
502 1730 606 1786 nisi
657 1731 808 1801 prius
853 1739 1237 1785 converscatur
1260 1729 1289 1770 ά
1318 1730 1569 1793 invectio.
1601 1729 1671 1783 Et
1697 1727 1758 1783 ﬁt

1854 533 2031 579 torum
2064 526 2258 579 horror
2284 534 2369 580 est
2411 525 2775 595 persistentis.
2822 524 3173 581 Prudentium
3210 527 3328 583 rixa
3359 527 3442 583 fa-

1853 631 1977 669 vum
2008 615 2309 686 impendit:
2334 616 2621 672 stultorum
2649 616 2791 671 lucta
2817 614 3025 671 calcem
3048 616 3314 686 implodit.
3339 617 3447 673 Ista

1855 707 2077 762 scientia
2107 706 2346 762 fontibus
2373 707 2399 746 ¹ί
2431 707 2664 763 crescit:
2690 707 2777 761 illa
2806 707 2977 778 alapis
3017 710 3320 780 pugnisque
3352 726 3443 767 ca-

1854 800 2027 855 lescit.
2076 799 2286 855 Habent
2312 810 2559 871 utrmque
2589 800 2787 856 limites
2818 816 2964 867 suos,
3010 810 3067 856 et
3091 810 3447 873 utrarumque

1856 892 2101 947 diversos
2132 901 2297 947 :estus
2331 890 2389 960 1;
2436 909 2536 964 pro
2574 892 2836 964 qualitate
2861 893 3081 963 propria
3113 905 3337 966 generat
3363 895 3446 951 fe-

1856 991 1961 1037 tos.
1998 980 2335 1038 Generemus
2381 999 2532 1055 ergo,
2596 984 3064 1049 reverendissime,
3123 984 3336 1042 adultos
3395 994 3452 1041 et

1856 1058 2126 1130 veril'itate
2172 1084 2451 1148 vegetatos
2482 1074 2958 1144 ﬁliosjuventutis,
2987 1076 3081 1146 qui
3115 1078 3324 1145 possint
3349 1092 3451 1149 pa-

1856 1176 2039 1222 rentes
2076 1168 2250 1222 ditare
2287 1168 2523 1238 praemiis
2551 1167 2891 1236 indisruptis.
2925 1166 2994 1221 Et
3023 1182 3146 1222 cum
3178 1167 3451 1244 Propheta

1858 1262 1925 1317 de
1965 1272 2151 1317 nostro
2197 1262 2440 1317 dicamus
2475 1262 2560 1316 :A
2601 1262 2795 1315 timore
2846 1268 2938 1314 tuo
2988 1262 3368 1331 concepimus,
3398 1270 3454 1318 et

1857 1359 2243 1430 parturivimns
2293 1374 2443 1429 spem
2493 1357 2701 1414 salutis.
2735 1356 3015 1413 Imitemur
3044 1354 3347 1424 sapientum
3387 1354 3442 1411 in

1858 1451 2267 1506 conversatione
2314 1458 2501 1505 nostra
2532 1447 2863 1520 exemplum,
2912 1456 2968 1503 et
3002 1446 3446 1519 philosophorum

1857 1544 2270 1599 verissimorum
2325 1542 2641 1598 mmulemur
2676 1542 2730 1595 in
2771 1540 3023 1596 omnibus
3063 1546 3275 1609 gestum
3301 1554 3316 1592 :
3342 1552 3451 1593 non

1859 1635 2204 1691 azmulatione
2237 1634 2487 1689 vincendi
2515 1640 2759 1688 nostrum
2787 1637 3005 1687 accuset
3024 1641 3066 1669 ω
3097 1627 3450 1693 intellectum,

1860 1728 1957 1784 sed
1983 1727 2300 1799 proﬁciendi
2329 1726 2508 1781 studio
2552 1732 2702 1796 regat
2732 1725 2897 1779 totius
2943 1721 3113 1778 nostri
3156 1720 3335 1791 operis
3361 1734 3455 1791 ge-

166 1820 407 1878 flexuosa
447 1821 714 1885 catennla,
749 1830 806 1877 et
845 1823 1135 1876 catenatim
1175 1822 1449 1877 contentio
1494 1821 1751 1888 ﬂexuosa,
1781 1809 1831 1870 Β
1859 1830 2023 1877 stum.
2066 1821 2149 1875 Sit
2180 1819 2466 1875 concordia
2497 1833 2646 1873 mera
2678 1826 2733 1874 et
2773 1816 2995 1872 castitas
3018 1814 3272 1879 indivisa,
3299 1826 3452 1867 mox-

167 1929 283 1985 quze
313 1928 418 1969 nec
446 1913 840 1969 invectionibus
865 1913 1101 1969 cluditur
1126 1921 1171 1979 ε,
1194 1928 1294 1969 nec
1318 1913 1756 1985 responsionibus

170 2007 509 2060 terminatur.
559 2005 686 2061 Haec
731 2006 869 2061 inter
914 2007 1196 2078 praecipuae
1241 2008 1563 2079 eloquentia:
1609 2008 1756 2063 viros

170 2114 308 2170 saepe
334 2097 656 2165 intenditur,
683 2098 873 2153 crebre
896 2098 1204 2169 inquiritur,
1234 2098 1545 2169 frequenter
1564 2111 1758 2170 praste-

170 2189 330 2244 xitur.
368 2188 545 2244 Habet
589 2188 1009 2245 emolumentum
1038 2192 1499 2261 azquiperatiouis,
1539 2192 1584 2246 si
1614 2192 1758 2246 inter

170 2296 325 2350 pares
354 2281 473 2335 haec
500 2280 688 2336 eadem
716 2281 1056 2336 distendatur
1083 2281 1246 2337 funis.
1284 2282 1355 2336 At
1378 2283 1422 2337 si
1452 2282 1593 2337 inter
1629 2283 1759 2337 ina:—

171 2372 356 2444 quales
404 2373 740 2443 protrahitur
779 2373 959 2440 restis,
1005 2371 1257 2441 drjicitur
1302 2375 1496 2444 impos,
1527 2375 1760 2445 erigitur

170 2464 342 2531 fortis,
363 2467 512 2523 vires
533 2466 850 2537 tripudiant,
869 2466 1117 2522 debilitas
1140 2469 1326 2537 gemit.
1344 2468 1439 2522 Est
1458 2479 1515 2523 et
1539 2470 1757 2522 tertium

169 2572 269 2612 non
316 2558 742 2629 exspectandum
788 2557 837 2624 ί,
882 2558 976 2614 sed
1021 2559 1427 2625 detestandum,
1476 2559 1760 2614 calumniae

165 2647 427 2720 iurgium,
482 2647 626 2719 quod
656 2648 872 2706 solitum
921 2650 1063 2705 inter
1103 2650 1448 2707 insolentium
1502 2651 1634 2707 oriri
1677 2659 1761 2705 tu-

170 2738 674 2809 mnltuosorumque
728 2748 1073 2795 conventum.
1148 2740 1251 2807 Qui
1306 2748 1364 2797 et
1425 2738 1760 2796 fecunditate

170 2832 494 2905 eloquentire
522 2844 690 2899 caret,
720 2842 775 2890 et
806 2834 1168 2891 verbositates
1195 2835 1540 2891 dicacitatum
1562 2837 1587 2874 κ
1618 2833 1759 2890 male

168 2927 388 2984 fortiter
416 2935 562 2983 tenet
587 2944 602 2981 :
625 2927 717 2998 qui
743 2936 799 2983 et
827 2926 971 2998 loqui
993 2928 1208 2998 penitus
1233 2928 1424 2993 nescit,
1446 2935 1502 2985 et
1522 2936 1761 2999 perstre-

170 3034 298 3089 pens
370 3020 702 3089 importune,
748 3034 1023 3089 nunquam
1074 3019 1236 3074 silere
1282 3020 1435 3074 novit
1475 3037 1489 3073 :
1533 3021 1759 3074 verbose

168 3110 432 3177 clamans,
461 3120 516 3167 et
540 3111 777 3168 clamose
800 3113 1164 3170 verbositans.
1209 3112 1444 3169 Gracule
1466 3113 1495 3153 ιι
1520 3112 1754 3185 garrula,

171 3212 223 3258 et
264 3203 509 3260 ferarum
560 3206 697 3262 rictu
737 3208 754 3247 ί
798 3207 1114 3277 barrituque
1163 3208 1465 3262 enormi....
1519 3184 1756 3262 hiatibus
1784 3184 1831 3248 (ἶ

172 3296 410 3368 undique
451 3298 649 3355 hiulca.
699 3299 829 3368 Qua:
877 3300 1020 3355 inter
1062 3300 1521 3356 obstinatissimas
1549 3309 1755 3354 mentes

173 3389 327 3446 fuerit
374 3392 570 3446 oborta
607 3408 638 3447 a
664 3392 936 3449 simultate
960 3392 1155 3465 lingua:
1181 3393 1234 3448 in
1262 3393 1490 3448 verbera
1525 3392 1759 3447 vertitur

175 3478 351 3537 funde.
386 3482 457 3537 Et
484 3498 573 3539 res
600 3499 720 3554 qua:
740 3499 991 3539 sermone
1018 3483 1305 3539 terminata
1331 3483 1622 3555 gratiﬁcat,
1647 3498 1759 3537 ma-

176 3571 324 3627 nibus
351 3589 424 3629 ac
449 3574 727 3645 stirpibus,
755 3575 1129 3647 rastribusque
1151 3574 1372 3631 nodosis
1394 3573 1549 3630 ﬁnita
1580 3587 1759 3629 mace-

179 3666 338 3721 rando
362 3666 608 3721 membra
634 3666 963 3722 mmstiﬁcat.

239 3756 292 3810 2.
321 3757 502 3813 Habet
534 3757 676 3812 inter
703 3758 979 3830 sapientes
1018 3772 1083 3813 ac
1123 3758 1426 3830 morigeros
1464 3756 1760 3828 disputatio

178 3848 379 3917 saporis
428 3847 705 3905 dulcorem
730 3867 744 3903 :
772 3849 915 3905 inter
952 3848 1147 3905 stultos
1174 3865 1240 3904 ac
1267 3849 1569 3905 inconditos
1605 3864 1757 3904 ama-

178 3937 448 3993 rissimum
487 3941 851 4012 acerbumque
878 3940 1139 3997 dolorem.
1179 3939 1280 3996 Hic
1306 3940 1572 4011 sapientia
1603 3938 1761 3995 dulce

178 4028 276 4082 mei
297 4028 537 4083 sumitur
563 4047 577 4082 :
599 4028 710 4085 illic
737 4030 989 4086 vecordia
1017 4029 1378 4085 tumultuante
1406 4028 1478 4084 fel
1504 4028 1755 4085 volvitur.

178 4116 321 4185 Quod
352 4120 502 4174 inter
526 4121 797 4191 sapientes
844 4122 1052 4193 geritur
1084 4121 1322 4178 conlatio
1354 4123 1550 4177 dicitur
1580 4122 1762 4194 :quod

178 4209 312 4264 inter
343 4210 631 4278 vecordes,
677 4212 1023 4267 tumultuatio
1051 4214 1234 4269 verius
1272 4222 1631 4285 nuncupatur.
1664 4212 1762 4268 Sa-

179 4302 435 4371 pientium
473 4305 714 4377 iurgium
766 4305 1055 4362 dilectione
1100 4306 1286 4361 ﬁnitur
1331 4325 1344 4360 :
1391 4306 1762 4377 insipientium

180 4410 326 4452 amor
356 4399 581 4470 pinguis
623 4407 678 4454 et
702 4398 950 4455 dulcibus
978 4397 993 4450 ἱ
1032 4400 1375 4455 terminatur.
1407 4398 1502 4455 Isti
1532 4408 1759 4455 conten-

182 4487 349 4545 dendo
391 4492 465 4546 ad
501 4491 724 4547 meliora
759 4492 1079 4563 proﬁciunt;
1116 4478 1192 4547 illi
1224 4492 1451 4548 rixando
1478 4493 1543 4549 ad
1574 4492 1756 4565 pejora

181 4578 453 4638 deﬁciunt.
469 4581 593 4638 Istis
613 4583 850 4639 charitas
875 4583 1150 4640 ministrat
1174 4583 1447 4654 eloquium
1472 4602 1485 4637 :
1512 4584 1619 4639 illis
1642 4585 1762 4640 rixa

182 4670 369 4729 fustem
390 4674 570 4731 defert
592 4676 873 4732 nodosum.
897 4677 980 4731 Ab
999 4677 1117 4732 istis
1145 4692 1249 4747 pax
1274 4686 1329 4732 et
1352 4677 1488 4733 odor
1506 4686 1755 4731 emanat:

184 4766 244 4819 ab
268 4764 375 4820 illis
402 4767 591 4822 odium
619 4777 675 4823 et
701 4767 845 4823 fetor
888 4768 1130 4824 exhalat.
1156 4768 1473 4840 Sapientum
1502 4768 1762 4823 memoria

184 4856 409 4921 posteris
437 4856 690 4926 proﬁcit:
720 4858 1009 4914 stultorum
1045 4873 1204 4914 error
1231 4875 1354 4915 cum
1399 4859 1535 4930 ipsis
1560 4858 1762 4914 deﬁcit.

185 4942 406 5002 Ioritur
457 4947 693 5018 sapiens,
727 4958 781 5003 et
825 4963 947 5022 post
990 4960 1221 5007 mortem
1247 4952 1505 5008 virescit:
1534 4952 1768 5006 moritur

185 5037 405 5107 stultus,
430 5049 490 5098 et
521 5049 648 5113 post
670 5051 902 5100 mortem
927 5045 1212 5117 putrescit.
1241 5044 1532 5103 Contentio
1557 5045 1771 5118 sapien-

249 5227 274 5287 f
304 5215 434 5287 με,
462 5233 583 5271 cum
603 5227 780 5287 pectus
807 5219 1051 5275 inscium.

249 5285 275 5325 ¹³
304 5286 437 5357 his"
462 5285 635 5357 copia.

252 5366 274 5430 ξ
306 5356 439 5430 94s.,
469 5359 634 5430 exitu!
659 5358 919 5415 voluntas.
953 5360 1053 5417 Dei
1071 5369 1268 5430 tamen,
1296 5373 1402 5419 etc.

250 5425 274 5464 ³
306 5425 430 5482 Nic.
454 5428 725 5503 Antonius
753 5430 792 5484 1.
820 5447 872 5485 v1
916 5432 1054 5489 Bibl.
1102 5425 1263 5500 Vet.,'
1298 5450 1447 5491 num.
1478 5435 1603 5503 181,
1642 5452 1768 5491 con-

188 5497 438 5551 vincatur.
468 5498 529 5552 F.
554 5515 901 5555 conversetur.

257 5579 280 5643 ξ
308 5567 460 5643 idem
486 5570 709 5643 ibidem,
738 5574 989 5643 eluditur,
1021 5577 1118 5634 sed
1140 5576 1371 5633 cluditur
1400 5578 1764 5637 retinendum.

259 5636 276 5674 ί
308 5638 373 5692 L.
402 5636 770 5708 expetendum.

254 5708 281 5750 ⁸
309 5708 415 5764 Ms.
427 5751 442 5775 ,
470 5711 825 5769 decacilatem.

254 5779 282 5818 ι
311 5778 455 5855 115.,
473 5782 721 5856 Gragule.

1858 1929 1965 1985 que
1993 1912 2279 1967 verborum
2305 1911 2534 1966 ducetur
2560 1924 2659 1979 pro
2685 1908 2853 1964 nihilo
2876 1896 3073 1978 pugna.
3099 1904 3274 1962 Crede
3295 1903 3449 1968 mihi,

1858 2004 2051 2069 frater,
2083 2004 2192 2058 into
2219 2010 2379 2057 aetate
2408 2001 2591 2066 Pater,
2624 2000 2767 2071 quod
2806 1998 3096 2054 dilectione
3133 1995 3269 2062 fudi,
3307 2009 3449 2065 quae-

1860 2110 1965 2165 que
1993 2095 2045 2149 in
2089 2102 2264 2149 tractu
2302 2094 2420 2165 ipso
2447 2092 2695 2158 confeci;
2731 2108 2833 2146 nec
2863 2091 3030 2145 livore
3059 2089 3263 2160 aliquo,
3309 2089 3455 2159 quod

1859 2188 2015 2253 absit,
2037 2189 2131 2243 sed
2164 2187 2429 2242 cbaritate
2453 2201 2572 2257 qua:
2594 2185 2750 2241 nobis
2776 2184 3090 2255 perenniter
3102 2183 3261 2239 adsit.
3301 2182 3454 2238 Unde

1859 2297 1980 2353 quae
2019 2282 2224 2337 duriori
2265 2281 2482 2352 eloquio
2521 2296 2711 2352 aspera
2756 2277 3000 2344 fuerunt,
3043 2276 3326 2333 refellendi
3352 2291 3453 2331 ne-

1859 2378 2114 2434 cessitate
2164 2378 2474 2449 coguoscite
2530 2392 2680 2432 more
2709 2374 3043 2431 defensionis
3092 2375 3298 2440 elicita,
3345 2388 3454 2428 non

1860 2469 2224 2525 contentionis
2253 2469 2371 2525 zelo
2398 2468 2645 2525 confecta
2673 2478 2721 2522 n.
2752 2467 2887 2522 Nam
2919 2476 3282 2523 atramentum
3317 2467 3451 2521 mihi

1861 2574 2016 2617 amor
2045 2558 2244 2615 infudit
2275 2568 2301 2595 ο
2333 2568 2388 2615 et
2432 2558 2604 2630 stylus
2650 2558 3066 2629 conscriptionis
3108 2573 3216 2613 non
3263 2557 3452 2628 pinna,

1860 2669 1968 2708 non
2021 2651 2281 2716 calamus,
2339 2651 2434 2706 sed
2462 2650 2679 2706 dilectio
2727 2648 2848 2704 fuit.
2893 2648 3015 2705 Jam
3070 2665 3202 2706 vero
3257 2649 3457 2706 littera

1860 2761 1970 2800 non
2011 2754 2218 2800 tantum
2250 2760 2434 2809 manu,
2466 2753 2728 2815 quantum
2760 2753 2945 2800 mente
2966 2744 3308 2815 conscriptae,
3331 2744 3453 2800 uni-

1861 2852 2032 2893 versaa
2082 2836 2349 2893 charitate
2399 2837 2615 2892 fuerunt
2653 2836 2932 2893 confectae.
2964 2837 3143 2893 Verba
3195 2846 3372 2893 tamen
3397 2845 3456 2893 et

1861 2932 2148 2989 locutionis
2171 2931 2340 3002 ipsius
2360 2931 2578 2997 edictio,
2606 2930 2694 2987 vel
2720 2930 3131 3001 signiﬁcationis
3153 2930 3451 2987 sententia-

1861 3042 1981 3082 rum
2013 3026 2066 3080 in
2096 3025 2311 3081 cumulo
2340 3025 2415 3080 nil
2442 3024 2587 3080 aliud
2616 3040 2779 3094 quam
2812 3038 2876 3079 ex
2915 3023 3102 3093 jecore
3138 3031 3320 3079 rorata
3351 3021 3456 3080 fuit

1862 3116 2097 3174 affectio.
2129 3116 2281 3184 Quod
2307 3132 2438 3188 rogo
2463 3117 2564 3173 etsi
2589 3116 2838 3188 imperite
2850 3116 3082 3188 digesta,
3110 3124 3223 3171 tota
3250 3114 3457 3172 oﬂ'ensa

1861 3212 1995 3266 mihi
2020 3210 2219 3265 existat
2236 3209 2475 3265 omissa:
2502 3209 2583 3265 sic
2611 3219 2792 3264 vestra
2820 3224 2927 3264 non
2966 3207 3314 3278 requirantur
3356 3205 3451 3261 ad-

1859 3304 2026 3359 missa
2055 3314 2101 3356 P.
2133 3303 2211 3359 De
2236 3311 2455 3368 czetero,
2481 3302 2554 3357 mi
2588 3301 2810 3368 dilecte,
2857 3307 3016 3356 erant
3047 3298 3215 3353 multa
3246 3304 3459 3354 secreta

1859 3403 1913 3449 et
1940 3393 2189 3465 mystica,
2222 3409 2345 3464 quae
2374 3408 2497 3449 cum
2528 3401 2708 3447 vestra
2737 3392 2891 3447 home
2934 3388 3260 3445 valetudinis
3289 3387 3461 3458 parti-

1859 3500 1975 3541 rem
2004 3485 2312 3550 clementia,
2343 3484 2388 3540 si
2418 3484 2755 3556 prosperitas
2794 3481 2930 3538 mihi
2951 3481 3221 3551 arridere;
3251 3479 3459 3547 saeculi,

1860 3583 1954 3631 aut
1976 3574 2265 3628 terminum
2289 3573 2549 3629 sentirem
2572 3571 2786 3643 ﬂagelli.

1929 3664 1984 3718 ὅ.
2022 3663 2129 3719 Sed
2180 3663 2308 3734 quia
2348 3661 2527 3718 divina
2570 3660 2716 3732 justa
2767 3673 2999 3717 censura
3033 3674 3143 3715 non
3192 3667 3457 3729 quantum

1858 3774 2133 3815 meremur
2162 3758 2357 3830 leniter
2386 3765 2571 3812 nostra
2612 3754 2849 3826 undique
2898 3762 3097 3809 atteret
3137 3751 3309 3819 mala,
3351 3767 3459 3809 non

1860 3855 2091 3910 sinimur
2128 3852 2401 3924 respirare
2444 3851 2530 3907 vel
2568 3849 2842 3923 paululum
2864 3850 2920 3906 in
2951 3848 3058 3905 illis
3087 3859 3117 3900 (ι
3149 3864 3271 3920 quae
3302 3848 3458 3905 nobis

1860 3954 2017 4002 erant
2056 3944 2221 3999 animi
2268 3943 2336 3998 ad
2386 3943 2706 4014 profectum.
2761 3941 2831 3999 Ut
2907 3941 3185 4011 sapientia:
3249 3949 3461 3997 secreta

1861 4036 2142 4100 rimemus,
2166 4034 2300 4090 etin
2328 4034 2610 4090 altioribus
2632 4032 3020 4104 quaestionibus
3061 4030 3177 4087 alas
3218 4031 3451 4102 disputa-

1862 4129 2026 4184 tionis
2052 4137 2250 4184 nostrm
2276 4143 2307 4182 a
2345 4137 2487 4183 terra
2513 4127 2675 4182 altius
2706 4125 2846 4182 caelo
2881 4133 3039 4180 tenus
3065 4125 3454 4191 extendamus;

1862 4229 2129 4290 quatenus
2178 4227 2396 4274 terrena
2442 4218 2830 4288 relinquentes,
2879 4224 2935 4271 et
2977 4215 3158 4272 cibum
3190 4214 3461 4286 serpentis

1862 4312 2139 4383 pulverem
2198 4320 2631 4379 contemnentes,
2679 4324 2958 4368 sumamus
3001 4308 3269 4366 columba:
3315 4308 3462 4365 illius

1862 4423 1983 4479 qum
2012 4406 2410 4463 manifestiores
2442 4407 2584 4463 visui
2622 4405 2736 4463 alas
2763 4406 3144 4477 deargentatas
3174 4405 3339 4460 habet
3367 4418 3464 4459 ex-

1862 4500 2072 4572 positas
2099 4497 2274 4571 (Psal.
2306 4499 2500 4571 uvu),
2529 4507 2586 4555 et
2613 4498 2760 4554 velut
2789 4498 3042 4555 omnibus
3072 4496 3464 4567 aspicientibus

1868 4593 2024 4663 quasi
2071 4591 2347 4648 invitando
2395 4593 2498 4648 sibi
2551 4591 2788 4647 candore
2838 4590 3091 4662 puritatis
3138 4588 3462 4646 innocentia!

1869 4682 2483 4755 pansostoecultiorem
2529 4696 2660 4738 vero
2709 4696 2927 4737 sensum
2976 4681 3032 4736 in
3086 4680 3206 4735 auri
3256 4679 3463 4750 pallore

1873 4776 2028 4847 quasi
2055 4775 2382 4830 intrinsecus
2409 4790 2519 4829 non
2544 4774 2819 4838 omnibus,
2851 4774 2949 4829 sed
2977 4774 3271 4829 introrsum
3296 4774 3464 4845 respi-

1873 4869 2159 4933 cientibus,
2189 4867 2392 4938 pandit.
2425 4867 2507 4924 Ob
2538 4867 2681 4938 quod
2704 4875 2761 4922 et
2788 4865 2934 4921 dorsi
2962 4866 3264 4935 posteriora
3296 4881 3462 4922 aurea

1875 4959 2031 5032 gerit.
2067 4957 2203 5025 Quid
2249 4958 2395 5013 enim
2442 4957 2690 5014 columba
2737 4956 2840 5011 nisi
2889 4955 3124 5027 Spiritus
3152 4957 3462 5013 omnimode

1875 5058 2098 5108 sanctus
2122 5049 2178 5105 in
2201 5049 2353 5121 cujus
2382 5051 2563 5122 specie
2595 5048 2849 5121 apparuit
2867 5048 3054 5105 visus?
3080 5048 3151 5105 Et
3189 5049 3313 5108 ideo
3335 5050 3464 5122 quia

1953 5232 1971 5301 ᾇ
2007 5229 2107 5286 Ms.
2125 5232 2230 5285 ritu
2243 5226 2796 5301 barrituqueinormi.,
2819 5224 3016 5283 intibus
3049 5227 3459 5300 undiqueiulca.

1946 5299 1961 5373 ᾗ
2012 5302 2073 5357 L.
2104 5303 2292 5373 pugnis
2321 5311 2367 5354 et
2396 5299 2647 5373 calcibus.

1945 5371 1976 5481 ll:
2143 5368 2714 5498 ﬁtggnsequentibus,
2738 5368 3001 5439 frontibus
3026 5368 3360 5443 legendum?

2057 5462 2124 5507 8.,
2159 5454 2313 5499 88108.

1943 5525 1984 5553 ω
2017 5516 2140 5581 Ms.,
2171 5523 2405 5569 accusat.

1946 5596 1971 5622 υ
2005 5586 2125 5657 bis,
2158 5603 2343 5654 aspera
2374 5586 2543 5656 fuit...
2572 5584 2873 5641 elicitum...
2900 5586 3208 5657 confectum.

1948 5664 1971 5690 ο
2011 5656 2135 5721 Ms.,
2166 5656 2369 5724 infusit.

1948 5739 1975 5776 p
2006 5728 2271 5790 Admissa,
2306 5728 2359 5783 id
2386 5738 2471 5787 est
2507 5728 2758 5788 crimina.

1946 5808 1975 5849 ιι
2001 5798 2122 5865 Ms.,
2150 5799 2207 5854 in
2235 5798 2349 5854 illa.
