4034 6350
638 258 737 314 451

640 484 803 542 super
828 469 1023 527 faciem
1050 482 1384 542 argenteam,
1418 482 1473 528 et
1499 463 1756 531 interiora
1791 478 2009 545 gestitat
2045 493 2229 543 aurea,

640 567 794 638 cujus
828 568 1021 621 merito
1052 568 1278 622 dixerint
1306 568 1418 624 alas
1444 573 1703 642 quidquid
1737 575 2090 629 historialiter
2110 592 2233 630 con-

639 658 780 715 tinet
807 660 1065 729 quidquid
1098 661 1378 716 moraliter
1408 664 1585 729 docet,
1627 667 1885 736 quidquid
1928 668 2101 723 active
2151 668 2231 724 in-

638 750 837 806 format
878 750 1135 805 :dorsum
1175 768 1303 807 vero
1349 770 1452 809 non
1506 756 1721 825 indigne
1761 760 2024 830 accipitur
2070 777 2230 816 omne

637 841 778 911 quod
803 840 1110 911 mysticum,
1135 841 1277 910 quod
1301 842 1564 913 spiritale,
1592 848 1842 917 quodque
1866 850 2003 916 gerit
2030 848 2229 916 allego-

637 933 731 987 rim
766 932 907 985 nube
934 930 1172 985 levatum
1207 944 1253 986 ε.
1280 933 1357 988 Ac
1388 950 1483 1003 per
1505 935 1605 990 hoc
1633 937 1923 1006 Scriptura:
1951 954 2118 1017 sacra:
2160 955 2225 994 ex

633 1038 861 1094 corpore
883 1032 937 1076 et
958 1023 1201 1094 spiritale
1223 1025 1409 1095 vigore
1430 1028 1735 1083 consistunt
1766 1048 1778 1083 :
1806 1038 1859 1084 et
1889 1032 2027 1085 sicut
2052 1046 2224 1085 mem-

630 1116 829 1170 bratim
868 1114 1001 1170 foris
1067 1116 1435 1174 hebetioribus
1480 1118 1770 1176 lectoribus
1801 1130 2101 1192 patescunt,
2149 1123 2224 1177 ita

629 1207 1071 1278 prudentioribus
1109 1209 1468 1267 invisibilibus
1516 1212 1763 1283 spiritale
1815 1216 2002 1285 vigore
2045 1214 2223 1270 clare-

628 1306 807 1353 scunt.

698 1391 755 1445 4.
792 1409 811 1444 ι
842 1390 1012 1447 Recte
1042 1393 1224 1465 itaque
1252 1404 1598 1466 procuratum
1653 1405 1758 1463 est,
1791 1406 1851 1453 ut
1888 1399 1962 1453 ait
2010 1400 2219 1467 beatus,

627 1482 787 1539 laude
818 1487 1038 1556 egregia
1090 1489 1489 1557 prmdicandns,
1530 1489 1845 1556 Eucherius,
1898 1500 1957 1547 ut
1993 1492 2081 1546 illa
2105 1493 2220 1548 elo-

626 1577 879 1649 quiorum
911 1581 1135 1636 castitas
1164 1597 1194 1634 a
1222 1583 1546 1652 promiscuis
1575 1593 1893 1638 cunctorum
1933 1586 2103 1641 oculis
2127 1587 2221 1642 ab-

624 1671 739 1727 dito
762 1673 791 1712 ι)
824 1688 923 1728 suo
959 1674 1115 1742 quasi
1160 1675 1393 1744 quodam
1418 1675 1685 1731 velamine
1729 1676 2001 1747 pudicitia:
2029 1688 2217 1733 conte-

1901 267 2157 327 ALVARI
2195 264 2675 328 CORDUBENSIS
3749 291 3824 349 t5,

640 373 924 449 Scriptura
969 368 1133 436 saera
1155 369 1359 449 Spiritu
1407 379 1503 435 Dei
1552 389 1733 438 exstat
1765 391 1986 453 scripta,
2029 382 2152 435 inde
2178 389 2234 436 et
2262 386 2310 443 Α

2410 380 2460 435 5.
2501 381 2653 449 Quod
2683 384 2726 439 si
2766 384 2957 440 horum
3000 384 3276 444 hominum
3317 387 3517 450 litteras
3557 398 3825 467 spiritaliu-

2336 486 2462 543 gore
2486 475 2606 544 quis
2636 476 2765 530 dicit
2807 492 2927 532 esse
2956 479 3250 543 confectas,
3282 485 3464 552 procul
3490 487 3631 543 dubio
3664 506 3825 553 contra-

2334 564 2412 616 ria
2446 564 2565 617 fidei
2596 567 2792 620 asserit
2840 577 3061 633 nosti-te,
3111 579 3163 624 et
3195 571 3362 627 hostis
3399 590 3460 629 ac
3508 575 3748 638 infatuatur
3767 597 3826 643 est

2334 658 2627 727 Scripturze
2658 662 2890 716 divincta:
2946 664 3071 716 dum
3118 671 3173 718 et
3218 663 3446 736 linguam
3477 667 3825 741 Leviatham,li-

2331 759 2509 817 gatam
2538 750 2734 804 Cltt‘lsli
2760 751 2871 819 jam
2897 752 3079 814 hamo,
3112 762 3166 807 et
3205 756 3367 810 utaris
3403 755 3603 831 δεῖῃωί
3631 762 3822 836 linguam,

2330 837 2707 910 Redemptoris
2731 840 2969 896 desolata
3004 845 3252 909 adventu,
3288 863 3428 901 nunc
3449 852 3823 923 asseritqnocttn-

2329 947 2434 1000 que
2457 935 2634 1004 vigere
2663 934 2782 988 nisu
2812 952 2824 988 :
2858 944 2913 989 et
2963 935 3054 990 tali
3102 937 3312 991 divinas
3355 941 3539 993 asserit
3589 939 3825 1013 Scriptum

2328 1022 2465 1092 stylo
2492 1022 2789 1089 confectas,
2823 1024 2969 1094 quali
3003 1023 3219 1080 fuerunt
3245 1026 3659 1099 philosophorum
3692 1033 3825 1092 inanes

2326 1111 2584 1167 doctrinae
2610 1123 2663 1167 et
2688 1114 2856 1170 falsas.
2897 1116 2964 1170 Et
3000 1115 3088 1169 ubi
3134 1116 3239 1171 erit
3281 1116 3409 1171 illud
3452 1119 3607 1174 nostri
3649 1119 3827 1180 Psalmo-

2325 1206 2515 1275 graphi
2539 1206 2779 1261 dictum:
2818 1206 3039 1278 Eloqnia
3078 1207 3312 1274 Domini,
3339 1208 3536 1279 eloquia
3578 1224 3733 1279 casta;
3769 1232 3825 1268 ar-

2323 1307 2533 1364 gentum
2558 1298 2676 1367 igne
2698 1298 3105 1364 exuminatum,.
3118 1300 3394 1371 probatum
3417 1310 3576 1366 terrm,
3614 1314 3824 1372 purgatum

2322 1387 2613 1457 septuplum
2645 1386 2662 1455 (
2674 1388 2761 1442 Ps.
2786 1388 2886 1457 xx).
2938 1390 3013 1444 De
3040 1405 3143 1460 qua
3175 1400 3232 1445 et
3272 1392 3512 1463 superior
3553 1392 3714 1448 doctor
3739 1394 3826 1449 dicit

2321 1480 2569 1550 egregius
2594 1498 2606 1534 :
2646 1498 2665 1531 ι
2703 1479 2811 1535 Nec
2838 1482 3139 1537 mirandum
3162 1486 3306 1555 quod
3326 1500 3499 1540 sermo
3521 1485 3722 1552 divinus,
3740 1501 3824 1556 pro-

2319 1572 2609 1640 phetarum
2636 1573 3107 1645 apostolorutnque
3158 1590 3253 1629 ore
3302 1575 3556 1647 prolatus,
3605 1577 3663 1631 ab
3684 1576 3825 1631 usitato

2321 1664 2415 1719 illo
2446 1666 2755 1721 hominibus
2784 1666 3058 1722 scribendi
3106 1669 3267 1723 modo
3314 1668 3537 1723 multum
3588 1670 3824 1732 recesserit,

624 1772 882 1836 geretur:
916 1772 972 1818 at
1008 1764 1187 1819 divina
1246 1765 1450 1835 optime
1494 1767 1897 1837 dispensatione
1946 1771 2213 1840 provisum

2327 1755 2507 1811 facilia
2556 1757 2611 1812 in
2661 1767 2913 1828 promptu
2962 1758 3190 1825 habens,
3222 1775 3415 1830 magna
3457 1759 3507 1814 in
3553 1758 3827 1814 interioribus

623 1856 707 1909 est
735 1862 796 1909 ut
824 1852 1023 1925 scripta
1050 1855 1125 1909 ita
1175 1863 1508 1926 tegerentur,
1552 1858 1863 1914 corleslibus
1893 1861 2212 1916 obumbrata

621 1949 917 2021 mysteriis,
948 1958 1008 2004 ut
1061 1958 1273 2005 secreto
1318 1966 1416 2005 suo
1469 1952 1580 2022 ipsa
1642 1952 1897 2008 divinitas
1933 1954 2214 2023 operieba-

620 2048 712 2097 tur
740 2053 789 2096 ε.
824 2061 842 2094 ι
878 2026 1049 2110 Hujus
1075 2050 1345 2111 argentea!
1370 2058 1655 2113 auremque
1693 2044 1953 2099 columba:
1975 2046 2211 2115 speciem

620 2131 912 2188 smcnlares
944 2132 1193 2187 nesciunt
1220 2132 1432 2198 litterze,
1466 2135 1715 2203 ignorant
1740 2136 2067 2206 philosophi,
2111 2154 2213 2194 nec

618 2223 789 2278 vestri
804 2231 1104 2295 potuerunt
1132 2223 1273 2279 scire
1300 2226 1662 2295 grammatici,
1690 2227 1781 2281 sed
1820 2237 2028 2282 tantum
2050 2228 2075 2267 ἀ
2110 2245 2211 2284 no-

622 2313 723 2369 stri
749 2312 950 2378 idiotas,
975 2320 1029 2367 et
1053 2313 1263 2377 rustici,
1289 2323 1341 2368 ct
1371 2329 1563 2370 manus
1611 2315 1840 2370 callosas
1867 2326 2117 2386 gerentes
2145 2334 2211 2374 ex

614 2417 799 2474 opere.
829 2402 981 2458 Unde
1006 2410 1063 2456 et
1087 2413 1277 2457 noster
1305 2405 1538 2460 rusticus
1577 2420 1700 2460 cum
1728 2406 1888 2461 licunt
1923 2408 2207 2475 insereret,

614 2494 825 2550 invenit
846 2496 988 2566 quod
1011 2495 1295 2565 sophistici
1324 2496 1655 2551 nescierunt.
1707 2497 1775 2553 In
1816 2500 2072 2570 principio
2098 2511 2212 2556 erat

621 2583 873 2651 Verbum,
904 2595 951 2640 et
999 2584 1223 2639 Verbum
1272 2595 1383 2640 erat
1429 2588 1571 2658 apud
1607 2587 1797 2653 Deum,
1829 2599 1877 2642 et
1928 2590 2069 2645 Deus
2097 2601 2211 2645 erat

620 2674 871 2731 Verbum.
902 2675 1021 2730 Hoc
1051 2686 1162 2730 erat
1192 2677 1249 2730 in
1274 2678 1531 2747 principio
1562 2679 1702 2748 apud
1742 2678 1910 2733 Deum
1939 2680 2117 2751 (Joan.
2143 2681 2207 2754 ι).

614 2766 729 2825 Hoc
755 2767 909 2824 Plato
931 2770 1122 2824 doetus
1147 2769 1400 2836 nescivit,
1425 2769 1528 2826 hoc
1551 2771 1757 2826 Tullius
1780 2771 2039 2843 eloquens
2061 2773 2211 2846 igno-

614 2863 777 2928 ravit,
831 2862 937 2918 hoc
968 2862 1186 2919 fervens
1233 2862 1624 2921 Demosthenes
1670 2882 1945 2936 nunquam
1995 2867 2209 2937 penitus

611 2952 905 3026 indagavit.
932 2955 1279 3011 Aristotelica
1304 2957 1407 3011 hoc
1433 2973 1539 3011 non
1569 2958 1809 3012 continet
1830 2959 2012 3028 pineta
2034 2969 2057 2996 ο
2081 2973 2209 3013 con-

612 3053 781 3113 torta,
806 3046 1093 3120 Chrysippi
1124 3050 1229 3104 hoc
1265 3063 1371 3103 non
1403 3050 1640 3104 retinent
1670 3050 1919 3105 acumina
1945 3049 2204 3107 ﬂexuosa.

2320 1847 2434 1903 suis
2480 1849 2804 1915 continens;
2853 1850 2978 1918 quia
3027 1857 3082 1904 et
3125 1865 3315 1904 revera
3349 1848 3446 1903 t‘uit
3483 1864 3753 1919 congruum,
3786 1857 3826 1902 ut

2319 1956 2475 1997 sacra
2514 1942 2655 1997 dicta
2678 1958 2708 1995 a
2748 1941 2960 1997 creteris
2988 1929 3292 2011 scriptis'ﬁ,
3322 1941 3458 1996 sicut
3483 1940 3676 2006 merito,
3700 1938 3757 1993 ita
3789 1947 3825 1994 et

2319 2032 2498 2101 specie
2524 2032 2983 2095 discernerentur,
3014 2046 3081 2085 ne
3122 2032 3212 2086 illa
3243 2030 3539 2086 caelestium
3563 2044 3821 2085 arcanorum

2319 2125 2554 2193 dignitas
2600 2125 2801 2194 passim
2852 2133 3013 2195 atque
3067 2122 3362 2179 indiscrete
3410 2123 3608 2178 cunctis
3638 2120 3823 2192 'pateret,

2318 2228 2677 2287 sanctumque
2731 2218 2977 2281 canibus,
3026 2225 3081 2273 et
3135 2218 3464 2289 margaritas
3506 2216 3666 2287 porcis
3705 2229 3825 2285 expo-

2316 2315 2492 2364 neret.
2523 2327 2542 2361 ι
2581 2308 2649 2362 Ει
2671 2307 2798 2377 quia
2829 2308 3103 2363 saecularis
3133 2309 3363 2363 scientia
3388 2308 3504 2362 ideo
3530 2322 3619 2363 nec
3637 2306 3826 2376 aenigma-

2316 2401 2424 2456 tice
2444 2400 2801 2471 prophetizat,
2836 2399 3119 2455 Psalmista
3149 2401 3321 2456 dicit:
3353 2400 3427 2455 Tu
3468 2400 3685 2471 ἀει-τιμήειὶ
3707 2397 3826 2469 [nam

2315 2502 2362 2548 et
2392 2503 2668 2556 torrentes,
2686 2503 2742 2546 tu
2760 2493 3032 2547 exsiccasti
3053 2493 3277 2564 [lumina
3298 2492 3469 2546 Ellum
3490 2489 3646 2563 (Prol.
3668 2486 3824 2556 tutu).

2314 2583 2515 2639 Fontes
2540 2593 2595 2639 et
2625 2593 2893 2639 torrentes
2939 2584 3168 2654 disrupit
3216 2584 3500 2651 Dominus,
3550 2585 3659 2638 dum
3685 2581 3825 2636 ﬂuenta

2312 2676 2561 2731 veritatis
2607 2676 2661 2731 in
2692 2675 3057 2747 apostolorum
3112 2691 3339 2731 suorum
3384 2675 3584 2746 aperuit
3619 2673 3823 2730 cordibus.

2312 2769 2394 2824 Ad
2415 2785 2645 2839 quorum
2674 2768 2974 2824 doctrinam
3026 2769 3275 2825 sitientes
3315 2770 3556 2825 videlicet
3598 2766 3824 2839 pergimus,

2314 2878 2379 2918 ac
2402 2877 2527 2916 mox
2577 2862 2806 2918 veritate
2832 2861 3022 2933 plenas
3052 2870 3267 2918 nostras
3315 2862 3613 2935 lagnngulas
3642 2862 3665 2901 ιι
3690 2870 3824 2929 repor-

2312 2962 2512 3011 tamus.
2547 2953 2654 3010 Sed
2684 2956 2878 3010 horum
2932 2953 3210 3026 apertione
3244 2954 3475 3009 fontium
3512 2952 3644 3008 ﬂuvii
3685 2950 3823 3005 Ethant

2310 3047 2571 3103 exsiccati
2599 3046 2861 3112 existunt,
2883 3045 3008 3116 quia
3031 3052 3091 3100 ut
3113 3045 3376 3101 doctrina:
3397 3044 3587 3100 veritas
3608 3056 3691 3113 per
3706 3039 3819 3094 ﬁdem

615 3134 734 3195 Non
775 3137 969 3194 Donati
1006 3156 1096 3195 ars
1143 3140 1279 3195 artis
1324 3140 1524 3211 regulis
1574 3141 1852 3213 indagata,
1905 3159 2006 3199 nec
2042 3145 2208 3200 totius
2235 3130 2280 3195 C
2314 3141 2581 3211 apparuit,
2615 3139 2897 3212 gentilium
2931 3139 3063 3195 falsa
3085 3140 3316 3195 scientia
3349 3155 3443 3196 ora
3473 3135 3722 3195 conclusit.

615 3230 1097 3300 grammaticorum
1163 3228 1308 3284 oliva
1362 3228 1666 3300 disciplina.
1725 3232 2079 3299 Geumetrici,
2140 3250 2209 3290 ex

618 3330 768 3377 terra
796 3323 998 3387 vocati,
1052 3331 1267 3377 terrena
1312 3331 1368 3376 et
1411 3322 1664 3393 pulverea
1713 3327 1988 3395 prosecuti
2040 3336 2204 3383 sunt:

610 3412 872 3469 rhetorici
901 3413 1117 3468 verbosi
1147 3414 1404 3485 snperﬂui
1445 3430 1625 3471 aerem
1664 3426 1826 3473 vento
1867 3419 2210 3490 repleverunt

612 3502 799 3559 inani:
832 3502 1105 3557 dialectici
1132 3503 1306 3558 stricti
1353 3505 1572 3576 regulis,
1599 3515 1655 3561 et
1683 3508 1921 3578 undique
1962 3509 2207 3581 syllogis-

611 3593 718 3650 mis
748 3592 1011 3663 perplexi,
1043 3592 1214 3648 dolosi
1253 3603 1308 3649 ct
1357 3596 1555 3661 callidi,
1601 3598 1878 3654 dclusores
1912 3602 2205 3656 verborum

614 3692 745 3740 sunt
772 3683 959 3739 verius
982 3698 1145 3754 quam
1174 3693 1475 3742 structores
1525 3704 1707 3744 rerum
1735 3691 1969 3746 dicendi.
2020 3692 2209 3749 Arith-

616 3777 805 3834 melici
840 3793 1190 3834 numerorum
1242 3796 1433 3835 causas
1477 3781 1735 3853 indagare
1763 3795 1889 3839 sunt
1936 3786 2063 3851 nisi,
2111 3787 2207 3843 sed

609 3882 800 3923 eorum
826 3868 1112 3924 medullam
1137 3885 1244 3923 non
1274 3880 1569 3939 potuerunt
1606 3873 1831 3939 sentire,
1864 3883 2070 3945 quanto
2093 3892 2206 3931 ma-

613 3958 695 4029 gis
720 3960 903 4016 dicere
937 3960 982 4015 ί.
1015 3961 1202 4017 Musici
1238 3962 1512 4019 inﬂatores
1540 3965 1663 4019 vani
1691 3975 1974 4021 ventorum
2006 3968 2207 4025 ﬂavilcs

559 4035 578 4053 ’
611 4053 881 4122 prosecuti
918 4065 1046 4109 sunt
1074 4069 1260 4119 auras,
1284 4064 1338 4109 et
1364 4056 1430 4109 ad
1469 4056 1756 4110 veritatem
1801 4057 1943 4111 illius
1986 4059 2206 4115 musica:

612 4143 743 4197 artis
788 4160 1064 4215 nunquam
1104 4155 1399 4216 potuerunt
1424 4147 1705 4216 suhrigere
1730 4148 1864 4203 alas.
1906 4147 2030 4203 .lant
2073 4166 2204 4206 vero

612 4235 862 4307 astrologi
891 4236 1194 4291 etelotenns
1224 4238 1517 4292 voluerunt
1553 4239 1747 4309 pennis
1790 4240 1996 4306 volare,
2027 4243 2122 4297 sed
2150 4244 2202 4297 in

611 4333 818 4380 tantum
845 4341 951 4382 non
992 4338 1286 4399 potuerunt
1316 4330 1443 4385 illuc
1470 4330 1719 4388 fanorum
1750 4334 1913 4390 (luctu
1944 4351 2202 4392 conscen-

609 4415 755 4479 dere,
786 4428 849 4471 nt
872 4419 1045 4490 magis
1073 4428 1346 4476 terrenam
1381 4422 1437 4476 in
1464 4423 1603 4478 coelo
1647 4440 1808 4494 quam
1837 4427 2111 4482 ctelt-stem
2147 4430 2200 4484 in

2382 3231 2435 3286 6.
2462 3230 2569 3285 Sed
2601 3233 2666 3286 ad
2691 3231 2967 3302 probanda
2998 3238 3199 3285 nostrze
3225 3228 3638 3286 Christianitatis
3670 3218 3824 3291 eloquia

2310 3326 2641 3391 veneranda,
2665 3334 2719 3378 et
2746 3324 3026 3396 gentilium
3056 3323 3450 3379 exsecrabilem
3499 3321 3601 3377 Deo
3623 3325 3669 3371 et
3697 3309 3826 3370 homi-

2310 3418 2472 3473 nibus
2509 3417 2935 3489 comprobanda,
2979 3414 3272 3470 tnultorum
3304 3416 3574 3471 doctorum
3619 3409 3667 3464 in
3705 3414 3825 3460 unum

2310 3522 2408 3563 cor
2437 3508 2698 3563 vertimus
2728 3510 2792 3563 i:
2842 3517 2898 3563 et
2949 3506 3255 3561 testimonia
3295 3521 3417 3577 qua:
3466 3516 3621 3575 penes
3660 3511 3731 3554 me
3765 3495 3829 3549 lla-

2309 3598 2508 3654 hentur
2533 3599 2793 3657 hactenus
2838 3607 3182 3669 congregata,
3231 3597 3319 3652 vel
3347 3599 3413 3653 de
3457 3597 3541 3652 illa
3584 3589 3818 3664 qtm’sliOM

2309 3691 2568 3756 secunda,
2615 3691 2704 3746 ubi
2745 3691 2812 3745 de
2864 3690 3147 3745 divinitate
3196 3688 3406 3744 Christi
3452 3698 3506 3745 et
3559 3680 3826 3742 humanitate

2308 3790 2491 3836 nostra
2540 3780 2643 3836 fuit
2693 3781 2847 3835 vobis
2895 3780 3175 3852 responsio
3222 3790 3552 3852 temperata,
3599 3777 3728 3847 plura
3764 3769 3827 3821 do-

2308 3881 2517 3929 ctorum
2549 3872 2777 3945 legimus
2800 3871 3041 3938 ﬂoscula,
3074 3888 3193 3943 qua:
3224 3874 3385 3927 nobis
3407 3863 3827 3940 eruntquandoque

2306 3964 2589 4029 mittenda,
2619 3965 2664 4020 si
2690 3964 2971 4036 responsio
3016 3963 3162 4018 ﬂuvii
3190 3965 3359 4019 vestri
3409 3963 3555 4018 nobis
3600 3953 3826 4014 identidem

2305 4054 2753 4109 existeritobvia.
2789 4053 2987 4109 Verum
3013 4055 3127 4110 lucc
3151 4066 3207 4110 et.
3250 4056 3358 4109 alia
3395 4066 3619 4125 congruo
3644 4053 3827 4114 tempore

2304 4155 2606 4211 servantes,
2660 4153 2714 4199 et
2762 4146 2815 4199 in
2866 4145 3117 4200 omnibus
3169 4144 3183 4196 i
3246 4145 3612 4217 temperantia:
3658 4136 3826 4217 modun

2307 4242 2576 4299 tenentes,
2604 4235 2669 4289 ad
2705 4234 2855 4289 illum
2884 4235 3101 4291 ﬂectere
3132 4237 3421 4291 articulum
3452 4230 3700 4305 congruit,
3722 4215 3826 4295 ‘le

2305 4337 2541 4383 mentem
2574 4338 2838 4395 macerat,
2875 4338 2926 4384 et
2959 4331 3195 4385 animam
3241 4332 3373 4386 urit.
3429 4330 3576 4399 Quod
3614 4338 3699 4380 nec
3723 4313 3828 4385 τυδῦ

2306 4427 2424 4472 tare
2446 4418 2620 4483 valeo,
2648 4435 2748 4475 nec
2781 4421 2964 4475 dicere
2989 4436 3149 4491 queo.
3179 4421 3259 4477 0b
3283 4422 3427 4492 quod
3471 4429 3524 4475 et
3545 4414 3685 4484 hujus
3706 4402 3829 4477 ἱιιφίί·

608 4516 752 4562 terra
781 4508 1091 4565 indiderent
1117 4511 1406 4567 rationem.
1432 4512 1569 4569 Nam
1596 4516 1723 4571 dum
1772 4518 1972 4573 arietes
1993 4528 2047 4573 et
2089 4528 2202 4574 tau-

2305 4509 2518 4563 sitionis
2543 4519 2771 4580 emptum
2803 4526 2946 4566 nunc
2973 4512 3467 4566 exstatinnectutn.

608 4615 713 4661 ros,
744 4602 989 4671 scorpios
1013 4611 1071 4658 et
1094 4600 1350 4668 kancros,
1386 4605 1569 4661 leones
1604 4616 1659 4663 et
1706 4624 1882 4673 ursos,
1928 4625 2122 4679 capras
2151 4618 2208 4666 et

607 4698 782 4769 pisces
805 4700 857 4755 in
886 4700 1010 4755 coeli
1034 4700 1251 4755 climate
1281 4701 1621 4769 locaverunt,
1673 4705 1801 4775 qttid
1850 4704 1992 4760 aliud
2042 4722 2204 4777 quam

607 4796 822 4845 terrena
854 4791 907 4845 itt
938 4792 1178 4847 cmleSIia
1236 4792 1601 4849 sublimarunt
1640 4796 1664 4848 Ἰ
1715 4796 2020 4851 nescientes
2054 4797 2202 4851 enim

607 4890 858 4935 naturam
886 4884 1031 4948 emli,
1053 4892 1108 4938 et
1129 4885 1194 4939 de
1217 4900 1281 4939 eo
1304 4887 1446 4955 quod
1469 4887 1782 4943 nesciebant
1799 4896 2003 4943 temere
2024 4890 2205 4958 dispu-

611 4976 728 5025 tare
758 4972 1049 5028 tenderunt
1072 4975 1139 5029 ad
1165 4975 1348 5031 inclita
1389 4993 1577 5031 ausum
1605 4995 1618 5029 :
1650 4978 1743 5032 sed
1773 4980 1905 5033 nihil
1929 4982 2195 5049 produxe-

609 5070 737 5117 runt
768 5062 863 5119 tali
888 5065 1129 5121 materiae
1153 5067 1393 5137 dignum,
1421 5069 1546 5139 quia
1602 5070 1851 5139 spiritum
1886 5086 1983 5139 per
2010 5071 2199 5125 huntao

610 5165 763 5219 num,
788 5168 897 5209 non
928 5155 1042 5210 haec
1063 5172 1158 5227 per
1177 5157 1426 5227 Spiritum
1462 5159 1729 5213 ritnarunt
1755 5160 2015 5215 divinum.

682 5313 711 5344 ι
732 5300 796 5357 F.
829 5302 1074 5359 velatum.
2028 5362 2029 5365 η

679 5372 856 5450 δ-Μετ,
902 5376 1110 5450 additu.
1155 5377 1356 5450 Verum
1405 5379 1582 5434 abdito
1628 5380 1913 5450 legendum
1954 5398 2023 5439 ex
2068 5383 2195 5440 divo

608 5443 878 5571 siutiherio
931 5447 986 5502 in
1035 5449 1350 5518 prmfatione
1405 5450 1528 5506 libri
1593 5443 1969 5509 Fortnularum
2036 5455 2195 5525 spiri-

633 5533 698 5571 ua
722 5533 854 5571 tum.

607 5518 854 5572 tualium.

680 5597 703 5667 ξ
731 5588 822 5667 _S_ic
849 5590 991 5661 apud
1014 5589 1246 5647 Encher.
1274 5591 1351 5647 ibi
1374 5605 1391 5645 :
1412 5599 1470 5647 at
1489 5608 1615 5660 ms.,
1644 5596 1977 5667 operabatur.

675 5658 702 5700 ἀ
733 5660 855 5717 Ms..
884 5658 1051 5717 tante.

681 5743 705 5771 ο
731 5730 791 5787 F.
822 5733 1034 5799 melius,
1064 5734 1287 5790 spineta.

2374 4600 2425 4654 7.
2461 4599 2613 4655 Unde
2640 4616 2788 4671 rogo,
2817 4611 2941 4671 peto
2978 4611 3031 4657 et
3057 4602 3259 4673 ﬂagito,
3286 4612 3345 4657 ut
3370 4618 3465 4658 eor
3488 4609 3626 4655 tuum
3652 4597 3696 4649 in
3721 4602 3829 4645 metr

2304 4698 2409 4744 tezn
2466 4690 2765 4747 mirabilem
2798 4692 2928 4746 mihi
2978 4701 3199 4747 totama
3228 4696 3377 4748 curis
3433 4682 3823 4749 sarculi'liberam

2300 4798 2599 4854 pra-pares,
2631 4794 2687 4838 et
2708 4787 2774 4838 ad
2802 4801 2865 4840 ea
2889 4802 3011 4856 qua:
3043 4787 3257 4857 inquiro
3286 4787 3528 4841 rimanda
3555 4771 3825 4836 enuelcalius

2302 4875 2533 4945 vigiles:
2568 4875 2793 4931 forsitan
2833 4879 3110 4947 aperietur
3135 4880 3262 4932 mihi
3297 4894 3393 4950 per
3436 4870 3705 4930 t‘raternale
3725 4862 3827 4919 sola-

2305 4967 2459 5030 tium,
2484 4968 2626 5037 qnod
2658 4967 2922 5023 hactenus
2948 4978 3130 5024 manet
3155 4969 3515 5024 occultatione
3541 4979 3629 5019 sua
3647 4953 3825 5029 quadam

2300 5060 2592 5129 sepultum.
2634 5060 2873 5131 Denique
2900 5063 3227 5131 quaestiones
3267 5062 3335 5117 de
3381 5057 3606 5115 hominis
3643 5050 3826 5107 animai

2301 5156 2487 5211 multis
2520 5156 2749 5228 agitatas
2775 5157 3025 5229 cognovi,
3057 5157 3200 5211 inter
3242 5157 3439 5212 multos
3463 5154 3714 5209 discursas
3737 5152 3824 5213 De"

2377 5315 2397 5355 ί
2438 5314 2561 5371 Ms..
2592 5316 2716 5371 dici.

2379 5387 2403 5426 ε
2579 5357 2716 5443 .355}
2739 5388 2966 5459 scriptis.
2992 5387 3296 5445 Eucherius
3342 5384 3491 5452 vero,
3519 5381 3605 5438 ubi
3628 5384 3782 5447 supra,
3798 5377 3827 5421 ο

2302 5460 2523 5513 arteria.

2374 5509 2853 5599 E‘Lflagunculas,
2880 5530 3019 5585 idem
3052 5545 3116 5586 ac
3153 5545 3321 5602 parva
3348 5526 3553 5597 lagena.
3591 5509 3828 5589 Hispal!“ﬁ

2299 5597 2481 5653 larro.

2380 5672 2394 5710 ί
2431 5670 2558 5735 Ms.,
2586 5687 2675 5724 cor
2701 5672 2962 5727 cet-timus.

2376 5740 2389 5791 i
2431 5740 2565 5804 515.,
2582 5742 2896 5795 hominibus.
