4034 6350
214 357 331 413 455

1687 344 2074 404 Εριετοωε.
2114 363 2123 373 ·

3400 359 3507 416 ιδι

211 471 331 545 legi
381 488 399 528 :
439 470 534 529 sed
573 469 779 542 liquide
817 469 942 524 inde
978 468 1250 538 apertiora
1305 465 1503 522 indicia
1544 479 1819 535 nunquam
1850 466 1896 527 Α
1926 466 2291 523 animantibus
2339 469 2648 526 conditione
2682 474 2964 534 consistat,
3007 481 3067 529 ut
3118 473 3505 546 Tertullianus,

218 565 432 622 inveni.
479 561 587 619 Sed
615 562 741 633 quid
773 561 1087 631 rcpercrim,
1134 559 1329 631 quidve
1360 559 1498 630 apud
1546 558 1692 613 viros
1731 557 1816 611 in-

215 657 426 711 lustres
446 655 776 725 disputatum
813 652 1180 724 cognoverim,
1229 660 1336 706 tota
1382 650 1472 705 hic
1511 665 1616 703 non
1656 649 1845 703 verba.

217 747 544 810 retexenda,
572 744 669 799 sed
713 745 915 798 sensim
954 742 1252 797 breviando
1302 741 1577 794 narrabo:
1621 747 1820 809 etquae

217 839 356 903 sint,
397 837 474 891 vel
525 836 705 906 qualia
733 850 853 905 qum
899 834 966 888 de
1014 832 1104 888 illa
1131 847 1218 887 me
1264 830 1556 885 identidem
1601 836 1821 884 movent

216 934 350 989 licet
405 932 608 988 rustice
655 930 919 1002 indagabo
966 946 981 994 ;
1038 937 1095 983 ut
1150 926 1381 998 qualiter
1411 938 1437 967 ει
1482 925 1821 980 inscientiam

218 1042 404 1082 meam
427 1026 643 1086 doceas,
677 1022 763 1079 vel
784 1022 1122 1078 documentis
1160 1036 1246 1075 me
1292 1019 1530 1074 instruas
1557 1017 1816 1087 apertius.

220 1115 391 1172 Scias
415 1117 482 1169 de
525 1116 719 1169 animae
770 1111 1176 1167 immortalitate
1222 1108 1357 1164 duos
1412 1107 1819 1177 soliloquiornm

218 1209 577 1266 beatissimus
600 1204 935 1277 Augustinus
963 1200 1288 1271 conscripsit
1310 1198 1538 1263 libellos,
1574 1197 1819 1253 doctrina

216 1300 485 1372 profluas,
517 1306 573 1353 et
600 1295 1029 1353 cvidentioribus
1056 1292 1272 1349 indiciis
1293 1290 1505 1346 abunde
1548 1289 1817 1360 pet-fusos.

214 1392 278 1446 ln
323 1391 527 1461 quibus
553 1388 1015 1445 immortalitatem
1061 1386 1178 1457 ejus
1220 1384 1503 1441 verissime
1542 1391 1599 1439 et
1639 1383 1821 1452 copio-

215 1483 466 1550 sissime,
491 1481 689 1552 quibus
737 1479 908 1535 valuit
953 1477 1363 1544 assertionibus,
1408 1476 1817 1546 comprobavit:

214 1574 315 1630 sed
359 1582 416 1629 et
457 1573 514 1628 in
560 1572 713 1628 libris
747 1587 886 1644 quos
928 1572 994 1626 de
1035 1570 1256 1625 Civitate
1290 1569 1388 1627 Dei
1432 1569 1577 1624 idem
1630 1568 1823 1623 doctor

213 1671 420 1725 beatus
467 1666 796 1734 adtitulavit,
845 1665 1001 1738 plura
1048 1679 1114 1721 ac
1167 1663 1325 1719 fortia
1372 1658 1822 1732 compugna'tione

218 1760 423 1815 animas
453 1766 510 1813 et
541 1758 724 1814 carnis
749 1758 981 1812 inseruit
1006 1775 1019 1811 :
1046 1764 1105 1813 et
1134 1754 1277 1826 quod
1304 1755 1373 1811 de
1416 1762 1639 1825 peccato
1677 1768 1818 1824 prte-

213 1851 575 1907 varicationis
600 1850 716 1922 ipsa
773 1848 1108 1921 impugnatio
1137 1851 1279 1903 inter
1302 1860 1524 1903 carnem
1574 1853 1631 1900 et
1656 1844 1816 1915 spiri-
1847 1827 1894 1887 Β

216 1953 335 2000 tum
383 1952 505 2000 orta
544 1944 635 2010 sit,
688 1943 993 2000 certissime
1038 1941 1429 2023 comprobavit.
1463 1938 1569 1995 Sed
1617 1939 1683 1995 de
1724 1938 1818 1994 illo

219 2036 370 2106 quod
400 2051 500 2107 ego
520 2036 681 2108 cupio
706 2036 782 2093 nil
808 2037 1026 2107 penitus
1069 2035 1265 2107 tetigit.
1304 2033 1436 2090 Item
1463 2035 1654 2089 beatus
1684 2032 1814 2089 Hie-

214 2141 481 2197 ronymus
505 2126 574 2183 de
613 2126 816 2183 Natura
845 2125 1054 2182 Anima:
1100 2125 1341 2181 libellum
1391 2138 1620 2195 parvum
1671 2138 1817 2179 com-

222 2218 427 2288 posuit,
449 2225 506 2273 et
543 2226 735 2275 contra
766 2234 860 2273 eos
886 2218 978 2289 qui
1006 2233 1126 2273 eam
1159 2232 1223 2272 ex
1253 2216 1477 2272 traduce
1523 2226 1699 2273 ortam
1729 2233 1817 2273 as-

217 2317 436 2375 serunt,
464 2319 522 2366 et
542 2310 813 2381 quomodo
860 2326 1059 2381 corpus
1113 2326 1181 2365 ex
1226 2326 1455 2382 corpore
1501 2311 1581 2366 sic
1634 2311 1815 2367 anima

211 2397 366 2453 nasci
395 2414 464 2454 ex
494 2401 712 2466 anima;
739 2400 890 2455 varie
912 2416 978 2456 ac
1004 2399 1299 2456 fortissime
1322 2402 1637 2457 dimicavit:
1668 2417 1818 2457 cam-

208 2503 321 2560 que
351 2506 549 2547 novam
576 2491 695 2548 fieri
743 2492 988 2563 quotidie
1032 2494 1383 2549 nascentibus
1432 2494 1617 2549 multis
1668 2492 1817 2550 Scri-

208 2591 505 2652 pturarum
566 2583 892 2639 testimoniis
943 2583 1258 2651 aftirmavit,
1303 2594 1360 2640 et
1403 2585 1471 2640 ad
1508 2595 1815 2642 extremum

210 2673 491 2743 originem
540 2674 658 2745 ejus
686 2676 897 2731 nescire
948 2690 1008 2731 se
1054 2677 1212 2733 dixit.
1270 2675 1378 2733 Sed
1421 2685 1476 2732 et
1521 2678 1576 2733 in
1618 2678 1813 2749 dogma

211 2774 534 2821 sanctorum
593 2766 815 2822 Patrum
864 2767 1008 2824 idem
1045 2768 1423 2824 sanctissimus
1469 2768 1641 2825 dixit:
1693 2769 1812 2825 Non

209 2856 623 2925 spiritum-Dei
672 2859 912 2914 animam
966 2874 1113 2927 esse,
1166 2862 1259 2917 sed
1298 2859 1483 2916 flatum
1521 2860 1815 2917 creationis

206 2958 418 3018 actum,
441 2966 550 3006 non
574 2952 940 3024 generationis
966 2965 1379 3025 expromptum:
1414 2952 1504 3009 ubi
1533 2964 1589 3011 et
1606 2954 1814 3011 animas

207 3056 389 3098 novas
430 3058 647 3114 semper
674 3045 1017 3101 nascentibus
1046 3046 1223 3103 creari
1261 3046 1418 3101 dixit.
1474 3044 1586 3102 Nec
1618 3062 1713 3102 eas
1756 3046 1812 3102 in

208 3135 388 3193 semel
416 3146 631 3193 creatas
669 3138 723 3193 in
772 3138 1055 3209 principio,
1106 3146 1166 3193 ut
1220 3137 1481 3210 Origenes
1507 3138 1679 3210 ﬁngit,
1711 3154 1814 3194 nec

205 3242 309 3299 per
334 3228 544 3283 coitum
566 3229 844 3295 seminari,
865 3230 1006 3286 sicut
1027 3228 1192 3298 aliqui
1216 3227 1531 3284 Latinorum
1554 3244 1814 3298 praesum-

205 3325 405 3389 ptores
432 3320 787 3387 contendere,
819 3319 1132 3375 affirmavit.
1160 3318 1296 3375 Nam
1315 3328 1372 3375 et
1413 3320 1665 3392 egregius
1703 3319 1816 3374 Au-

207 3407 492 3479 gustinus,
518 3408 572 3463 in
589 3408 703 3479 jam
726 3410 869 3466 dicto
895 3410 1146 3467 Civitatis
1175 3410 1270 3466 Dei
1292 3426 1479 3482 opere,
1514 3411 1813 3467 identidem

206 3499 404 3556 ﬂatum
431 3500 529 3557 Dei
566 3502 801 3558 animam
836 3518 942 3559 non
971 3519 1039 3559 cx
1085 3504 1388 3560 substantia
1433 3503 1530 3559 Dei
1581 3504 1815 3576 eleganti

207 3594 570 3650 similitudine
619 3596 1012 3667 comprobavit.
1090 3597 1160 3652 Et
1210 3598 1403 3652 iterum
1475 3596 1812 3653 Claudianus

207 3695 408 3743 contra
434 3686 694 3758 opuscula
732 3703 1023 3759 suppresso
1051 3689 1275 3744 nomine
1316 3688 1565 3745 Cassiani
1600 3698 1711 3745 tres
1742 3688 1811 3743 li-

207 3778 345 3835 bros
367 3779 438 3835 de
462 3780 656 3836 animae
687 3780 1059 3837 invisibilitate
1105 3780 1192 3836 vel
1216 3780 1656 3853 incorporalitate
1687 3796 1813 3835 con-

206 3869 362 3936 fecit,
395 3871 449 3926 in
479 3873 675 3943 quibus
714 3873 933 3929 beatum
974 3872 1238 3928 Hilarium
1272 3874 1442 3944 probe
1485 3873 1810 3929 sentientem

215 3976 392 4019 ausus
420 3961 821 4032 reprehendere
871 3962 994 4016 fuit.
1047 3960 1107 4017 In
1154 3962 1351 4031 quibus
1387 3961 1566 4017 subtili
1599 3962 1731 4016 satis
1754 3970 1813 4017 et

208 4065 356 4122 pene
389 4050 918 4122 incomprehensibili
955 4052 1277 4120 assertione,
1309 4052 1590 4109 dialectica
1614 4064 1731 4109 arte
1755 4063 1811 4109 et

207 4145 435 4217 ingenio
463 4145 761 4210 elaborata,
786 4146 838 4201 id
861 4145 1046 4201 multis
1074 4154 1130 4201 et
1156 4160 1294 4215 pene
1328 4143 1614 4215 superfluis
1645 4160 1811 4199 cona-

208 4240 359 4294 tibus
388 4250 488 4309 per
512 4240 873 4310 geometricas
902 4237 1164 4294 formulas
1188 4247 1272 4295 est
1298 4239 1450 4294 nisus
1477 4239 1802 4293 ostendere:

205 4331 356 4401 quod
394 4330 576 4386 nullus
595 4330 986 4387 catholicorum
1030 4347 1153 4388 eum
1201 4331 1396 4388 fecisse
1446 4331 1645 4402 poterit
1671 4347 1806 4387 eon-

206 4421 461 4477 laudare.
504 4423 636 4479 Illud
661 4423 913 4480 videlicet
939 4425 1084 4494 quod
1133 4433 1326 4480 natura
1380 4424 1576 4480 anima:
1620 4425 1807 4479 incor-

204 4527 380 4582 porea
402 4519 460 4567 et
495 4511 750 4568 invisibili
777 4514 938 4569 etiam
981 4530 1012 4568 a
1061 4514 1173 4569 Deo
1222 4513 1458 4570 asseruit
1502 4528 1641 4569 esse.
1674 4513 1805 4568 Item

197 4602 316 4674 jam
352 4604 534 4660 dictus
560 4604 853 4676 praeclarus
897 4621 961 4662 ac
1009 4605 1354 4663 beatissimus
1383 4606 1574 4662 doctor
1612 4604 1805 4661 Hiero-

204 4709 409 4763 nymus
433 4693 745 4750 Marcellino
793 4696 1008 4752 cuidam
1047 4712 1115 4751 ex
1158 4695 1341 4753 Africa
1371 4696 1715 4767 percontanti
1736 4696 1803 4752 de

205 4786 427 4857 origine
448 4790 642 4844 animae
662 4790 734 4843 ita
758 4790 1036 4860 rescripsit
1061 4804 1076 4844 :
1105 4809 1124 4842 ς
1157 4788 1408 4861 Quinque
1432 4798 1576 4856 sunt,
1605 4789 1802 4859 inquit,

206 4878 505 4949 Opiniones
528 4880 593 4935 de
618 4882 838 4936 anima:
870 4882 1042 4951 prima
1084 4881 1290 4952 lapsam
1320 4884 1386 4937 de
1414 4882 1573 4949 coelo,
1618 4891 1679 4937 ut
1704 4882 1806 4955 Py-

208 4969 475 5041 thagoras
499 4967 866 5039 philosophus,
897 4988 1196 5045 omnesque
1253 4973 1541 5040 Platonici,
1570 4983 1626 5031 et
1682 4973 1805 5030 Ori-

205 5075 377 5133 genes
398 5068 549 5130 putat
576 5076 591 5126 ;
619 5060 785 5116 altera
817 5063 882 5117 de
910 5065 1211 5121 substantia
1237 5067 1351 5130 Dei,
1377 5075 1436 5122 ut
1463 5065 1649 5129 Stoici,
1685 5066 1799 5121 Ma-

205 5153 412 5209 nicluei
461 5161 518 5207 et
566 5151 747 5224 Spana
798 5154 1134 5214 Priscilliana
1194 5159 1418 5214 hzeresis
1472 5161 1797 5231 suSpicatur.

206 5243 423 5308 Tertia,
450 5243 504 5297 in
534 5242 788 5298 thesauro
813 5244 1114 5302 habeantur
1137 5247 1263 5302 olim
1291 5248 1545 5317 conditaa,
1575 5261 1635 5304 ut
1676 5252 1802 5321 qui-

204 5338 336 5390 dam
407 5335 760 5392 ecclesiastici
829 5338 990 5394 stulta
1050 5342 1402 5412 persuasione
1447 5344 1801 5400 contendunt.

204 5426 452 5493 Quarta,
478 5441 547 5481 ex
579 5427 820 5493 traduce,
848 5437 909 5484 ut
934 5431 1208 5500 quomodo
1231 5447 1430 5504 corpus
1452 5448 1522 5489 ex
1551 5449 1801 5506 corpore,

204 5520 292 5576 sic
324 5519 509 5575 anima
540 5530 796 5577 nascatur
823 5536 891 5577 ex
916 5524 1120 5593 anima,
1147 5535 1203 5581 et
1250 5526 1427 5583 simile
1461 5543 1583 5584 cum
1629 5527 1807 5585 brutis

282 5668 309 5729 ξ
339 5654 608 5729 Qualiter,
630 5656 683 5729 id
715 5665 799 5713 est
825 5673 1041 5729 quoquo
1064 5661 1242 5719 modo.

284 5727 313 5767 ιι
356 5727 482 5809 bis,
526 5726 801 5809 qualitate.
842 5726 1192 5801 Augustinus
1246 5748 1412 5803 vero,
1452 5735 1616 5807 epist.
1666 5735 1801 5803 l66,

203 5814 331 5868 cap.
362 5797 424 5861 4,
445 5797 711 5869 (equitate.

1834 4567 1891 4631 D

1923 558 2273 628 Apollinaris,
2303 571 2358 617 et
2384 565 2617 618 maxima
2644 581 2770 635 pars
2795 566 3210 623 occidentalium
3242 581 3503 627 autumat.

1919 648 2142 715 Quinta,
2172 666 2291 721 qua:
2326 661 2510 708 nostra
2562 662 2618 709 et
2663 656 2843 710 verior
2887 667 2989 721 est,
3042 658 3283 728 quotidie
3333 676 3362 714 a
3395 661 3507 719 Deo

1920 752 2194 807 creantur,
2258 742 2545 798 mittuntur
2593 745 2646 800 in
2697 763 2942 819 corpore,
2985 751 3280 806 secundum
3329 752 3507 809 Evan-

1918 830 2352 902 gelium:Pater
2385 852 2529 890 meus
2579 853 2741 908 usque
2792 840 2946 893 modo
2996 852 3262 911 operatur,
3319 853 3366 897 et
3414 861 3505 915 ego

1920 937 2105 992 operor
2131 924 2311 995 (Joan.
2334 925 2413 995 ν).
2439 945 2457 978 υ

1999 1015 2051 1068 8.
2079 1015 2208 1069 ltem
2238 1010 2582 1074 beatissimus
2600 1017 2929 1092 Augustinus
2952 1022 3008 1077 in
3033 1023 3186 1081 libris
3208 1026 3273 1081 de
3300 1025 3497 1084 Libero

1921 1104 2162 1160 Arbitrio
2191 1115 2425 1176 quatuor
2454 1111 2668 1179 posuit,
2703 1114 2798 1167 sed
2833 1113 3034 1169 nullam
3064 1132 3129 1170 ex
3167 1117 3506 1187 ipsisifirma-

1922 1196 2020 1261 vit,
2049 1198 2145 1252 sed
2171 1200 2579 1255 consentioncm
2612 1218 2765 1257 suam
2792 1204 2860 1259 ah
2886 1206 3136 1261 omnibus
3165 1209 3407 1276 abstulit,
3452 1220 3508 1267 et

1922 1305 2042 1359 qua:
2070 1292 2252 1346 verior
2286 1302 2430 1348 esset
2454 1334 2470 1359 ,
2515 1294 2609 1349 Dei
2637 1295 2879 1350 scientia:
2903 1284 3502 1369 (lereliqult.'Quitttam

1922 1381 2382 1440 Priscillianorum
2414 1386 2639 1453 dimisit,
2670 1403 2832 1458 quam
2866 1404 2931 1444 eo
2959 1399 3201 1462 tempore
3229 1393 3506 1464 ignorasse

1923 1476 1976 1531 in
2004 1478 2231 1548 epistola
2258 1480 2326 1534 ad
2352 1481 2567 1536 beatum
2604 1481 2992 1557 Hieronymum
3020 1501 3117 1556 per
3148 1485 3397 1543 Orosium
3425 1488 3506 1544 di-

1923 1579 2067 1625 recta
2094 1570 2377 1627 confessus
2406 1581 2509 1629 est.
2572 1573 2723 1630 Hanc
2765 1591 2895 1648 ergo
2922 1578 3227 1648 opinionem
3254 1594 3359 1650 qua
3389 1578 3508 1634 ani—

1923 1675 2025 1715 mte
2048 1677 2200 1717 nova:
2225 1663 2479 1718 dicuntur
2508 1666 2563 1738 in
2591 1680 2821 1738 corpore
2856 1669 3094 1738 quotidie
3115 1685 3145 1725 a
3172 1669 3283 1726 Deo
3305 1670 3501 1735 creari,

1926 1752 2066 1809 idem
2113 1755 2169 1810 S.
2200 1755 2528 1829 Augustinus
2562 1760 2704 1815 beati
2739 1760 3053 1834 Hieronymi
3078 1763 3209 1820 dicit
3232 1763 3492 1831 existere,

1921 1854 2109 1902 contra
2140 1864 2301 1919 quam
2330 1850 2382 1905 in
2411 1849 2600 1906 eadem
2645 1854 2870 1924 cpistola
2912 1871 3013 1927 per
3037 1855 3288 1913 Orosium
3334 1857 3501 1913 missa

1919 1940 2091 1995 multo
2153 1941 2384 1998 viriliter
2432 1944 2729 2001 decertavit
2755 1987 2771 2014 ,
2823 1949 2902 2004 ait
2938 1950 3122 2005 enim:
3154 1971 3173 2003 ε
3203 1949 3297 2006 Dic
3334 1950 3491 2018 mihi,

1919 2030 1964 2085 si
1992 2031 2187 2087 anima:
2201 2034 2513 2104 singillatim
2538 2038 2764 2107 singulis
2780 2024 3314 2105 hodienasccnt'mts
3336 2044 3501 2111 liunt;

1918 2120 2008 2175 ubi
2038 2121 2090 2174 in
2115 2124 2358 2193 parvulis
2387 2136 2646 2195 peccant,
2675 2138 2735 2184 ut
2767 2130 3043 2204 indigeant
3082 2133 3133 2189 in
3164 2144 3507 2192 sacramento

1918 2210 2121 2267 Christi
2151 2215 2468 2270 remissione
2517 2219 2765 2287 peccati,
2816 2231 3106 2289 peccantes
3136 2223 3187 2278 in
3216 2223 3408 2292 Adam,
3436 2242 3507 2284 ex

1918 2316 2028 2371 quo
2058 2317 2188 2357 caro
2214 2312 2299 2358 est
2325 2316 2619 2378 propagata
2653 2309 2862 2378 peccati
2887 2328 2901 2361 :
2927 2320 3021 2367 aut
3048 2313 3093 2368 si
3121 2329 3226 2369 non
3254 2327 3504 2386 peccant,

1916 2392 2043 2462 quia
2064 2394 2275 2464 justitia
2310 2395 2588 2454 Creatoris
2618 2399 2691 2454 ita
2726 2410 2950 2472 peccato
2972 2402 3281 2475 obligantur
3305 2408 3504 2476 alieno,

1918 2500 2041 2540 cum
2072 2487 2267 2542 exinde
2289 2490 2601 2560 propagatis
2632 2493 2890 2549 membris
2918 2495 3236 2552 mortalibus
3266 2499 3509 2555 inserun-

1919 2585 2027 2643 tur,
2071 2588 2132 2633 ut
2170 2596 2263 2635 eas
2308 2581 2410 2636 nisi
2460 2599 2559 2654 per
2604 2583 2902 2641 Ecclesium
2953 2590 3275 2645 subventum
3320 2591 3505 2661 fuerit,

1918 2663 2196 2725 damnatio
2226 2682 2622 2743 consequatur;
2654 2691 2775 2731 cum
2804 2678 2858 2732 in
2887 2694 3072 2734 earum
3098 2691 3368 2753 potestate
3397 2702 3503 2743 non

1917 2764 2006 2829 sit,
2053 2776 2114 2819 ut
2139 2767 2218 2820 eis
2242 2768 2413 2837 possit
2443 2769 2618 2838 gratia
2644 2771 2896 2841 baptismi
2935 2773 3234 2832 subveniri.
3276 2775 3379 2833 Tot
3407 2779 3509 2852 igi-

1919 2864 2007 2909 tur
2034 2856 2337 2911 animarum
2372 2859 2537 2913 millia
2565 2901 2580 2925 ,
2630 2877 2751 2932 qua:
2786 2862 2839 2917 in
2865 2866 3132 2924 mortibus
3160 2870 3506 2939 parvulorum

1917 2946 2035 3002 sine
2063 2947 2397 3020 indulgentia
2419 2949 2716 3007 Christiani
2741 2957 3066 3012 sacramenti
3093 2958 3162 3015 de
3183 2962 3502 3032 corporibus

1917 3045 2137 3104 exeunt,
2179 3054 2285 3108 qua
2326 3040 2583 3109 aequitate
2633 3042 2664 3083 δ
2712 3043 3057 3115 damnantur,
3099 3050 3145 3104 si
3174 3064 3326 3107 nova:
3356 3067 3510 3109 crea-

1920 3136 2055 3184 tura:
2082 3170 2097 3195 ,
2146 3131 2295 3185 nullo
2324 3147 2422 3188 suo
2446 3134 2787 3202 pramedente
2822 3150 3070 3208 peccato,
3109 3142 3204 3197 sed
3233 3142 3508 3201 voluntate

1840 3192 1886 3257 ο
1916 3217 2197 3275 Creatoris
2238 3220 2462 3291 singulae
2508 3223 2735 3296 singulis
2767 3230 3116 3285 nascentibus
3143 3231 3504 3303 adhaeserunt,

1917 3309 2114 3378 quibus
2144 3326 2237 3367 eas
2281 3312 2586 3370 animandis
2631 3314 2719 3371 ille
2760 3319 2967 3373 creavit
2994 3328 3050 3376 et
3070 3319 3239 3391 dedit,
3267 3325 3358 3394 qui
3393 3326 3505 3381 uti-

1916 3416 2022 3471 que
2047 3411 2311 3468 noverat,
2357 3406 2500 3474 quod
2530 3421 2869 3479 unaqumque
2898 3411 3043 3467 nulla
3077 3428 3173 3469 sua
3203 3414 3359 3487 culpa
3386 3418 3506 3477 sine

1918 3492 2185 3562 baptismo
2223 3494 2425 3553 Christi
2469 3498 2535 3553 de
2575 3514 2804 3571 corpore
2852 3501 3029 3559 fuerat
3060 3507 3315 3563 exitura?
3358 3508 3504 3579 Quo-

1914 3585 2060 3638 niam
2106 3584 2272 3656 igitur
2318 3584 2493 3658 neqtfe
2540 3590 2607 3644 de
2653 3590 2765 3646 Deo
2792 3606 3081 3662 possumus
3105 3596 3323 3663 dicere,
3356 3603 3499 3669 quod

1916 3675 2001 3730 vel
2029 3686 2187 3745 cogat
2225 3677 2437 3734 animas
2480 3679 2596 3734 fieri
2629 3684 2995 3751 peccatrices,
3022 3686 3104 3740 vel
3130 3689 3318 3757 puniat
3340 3691 3497 3748 inno-

1916 3776 2132 3832 centes;
2168 3784 2343 3839 neque
2368 3770 2451 3825 fas
2482 3771 2639 3826 nobis
2670 3780 2773 3837 est,
2799 3782 2859 3828 ut
2887 3790 2980 3830 cas
3006 3792 3128 3847 quae
3156 3779 3271 3834 sine
3294 3779 3498 3839 Christi

1914 3870 2263 3916 sacramento
2315 3863 2385 3918 de
2425 3864 2748 3934 corporibus
2771 3866 3026 3934 exierint,
3062 3870 3224 3926 etiam
3252 3874 3504 3943 parvulo-

1915 3968 2033 4007 rum
2062 3994 2078 4019 ,
2128 3969 2235 4009 non
2267 3955 2370 4010 nisi
2417 3956 2471 4011 in
2501 3957 2905 4014 damnationem
2946 3962 3123 4029 trahi;
3174 3966 3401 4024 obsecro
3424 3978 3501 4036 te,

1914 4045 2187 4115 quomodo
2212 4046 2328 4101 haec
2353 4048 2536 4118 opinio
2565 4048 2903 4118 defendatur,
2938 4068 3041 4123 qua
3067 4058 3362 4114 creduntur
3386 4061 3474 4116 ani
3498 4088 3505 4101 ’

1915 4153 2016 4193 ma:
2062 4154 2170 4195 non
2217 4154 2283 4194 ex
2330 4140 2421 4195 illa
2476 4156 2583 4195 una
2624 4143 2785 4213 primi
2819 4143 2934 4200 fieri
2962 4146 3218 4214 hominis,
3244 4151 3336 4205 sed
3360 4153 3501 4210 sicut

1915 4228 2007 4284 illa
2035 4230 2211 4300 prima
2242 4231 2333 4286 uni
2364 4243 2414 4297 ο,
2442 4232 2514 4287 ita
2543 4233 2770 4305 singulis
2795 4237 3039 4308 singulae.
3063 4259 3083 4291 ι
3110 4240 3177 4295 Et
3196 4251 3319 4311 post
3333 4243 3500 4301 multa

1915 4322 1981 4376 ad
2013 4320 2193 4377 locum
2217 4323 2297 4378 sic
2315 4321 2485 4379 dicit:
2522 4344 2541 4377 ‹
2573 4325 2679 4382 Sed
2714 4344 2839 4384 cum
2862 4331 2928 4386 ad
2953 4345 3144 4403 poenas
3172 4344 3390 4391 ventum
3416 4346 3501 4394 est

1912 4414 2304 4484 parvulorum,
2352 4418 2598 4489 magnis,
2632 4419 2764 4475 mihi
2806 4423 2969 4478 crede
2995 4464 3012 4490 ,
3058 4435 3308 4482 coarctor
3331 4444 3501 4499 angu-

1913 4508 2049 4571 stiis,
2097 4525 2196 4566 nec
2242 4511 2371 4581 quid
2422 4515 2778 4583 respondeam
2826 4532 3054 4588 prorsus
3094 4520 3329 4577 invenio.
3380 4522 3499 4581 Non

1913 4600 2086 4656 solum
2113 4618 2208 4657 cas
2232 4617 2423 4672 prunas
2448 4604 2572 4661 dico
2597 4647 2612 4672 ,
2664 4622 2799 4677 quas
2833 4608 2995 4665 habet
3020 4620 3140 4682 post
3165 4613 3305 4669 hanc
3332 4614 3497 4672 vitam

1910 4697 2001 4753 illa
2033 4699 2340 4763 damnatio,
2392 4718 2501 4772 quo
2527 4701 2555 4742 ἀ
2590 4719 2815 4761 necesse
2860 4714 2944 4762 est
2990 4707 3290 4776 trahantur,
3341 4713 3387 4768 si
3430 4714 3497 4773 de

1910 4807 2142 4863 corpore
2167 4793 2402 4848 exierint
2431 4795 2548 4849 sine
2576 4794 2899 4852 Christianum
2927 4799 3114 4867 gratia:
3134 4814 3495 4874 sacramento,

1910 4885 2004 4940 sed
2046 4899 2140 4940 eas
2180 4885 2327 4955 ipsas
2363 4901 2483 4956 qum
2511 4887 2563 4939 in
2596 4886 2696 4942 bac
2723 4887 2831 4941 vita
2860 4887 3165 4944 dolentibus
3190 4891 3345 4947 nobis
3373 4909 3498 4949 ver-

1910 4986 2101 5033 santur
2135 4986 2261 5033 ante
2291 4978 2497 5033 oculos.
2531 4977 2680 5047 Quas
2707 4994 3030 5035 enumerare
3055 4980 3099 5036 si
3131 4982 3316 5046 velim,
3347 5000 3497 5055 prius

1907 5078 2152 5139 tempora
2215 5083 2378 5138 quam
2440 5069 2690 5140 exempla
2756 5069 3035 5125 deficiunt.
3111 5069 3495 5144 Languescunt

1906 5158 2320 5229 tegtitudinibus
2345 5201 2360 5227 ,
2410 5167 2733 5231 torquentur
2785 5160 3060 5217 doloribus
3082 5203 3097 5227 ,
3145 5160 3288 5218 fame
3322 5175 3376 5220 et
3405 5167 3497 5224 siti

1908 5252 2244 5319 cruciantur,
2290 5252 2642 5308 debilitantur
2668 5252 2960 5319 membris,
3010 5254 3294 5324 privantur
3324 5260 3495 5316 sensi-

1906 5343 2031 5408 bus,
2059 5351 2328 5400 vcxantur
2354 5344 2422 5399 ab
2447 5343 2743 5400 immundis
2768 5343 3069 5415 spiritibus.
3109 5346 3494 5407 Demonstran-

1908 5434 2036 5490 dum
2083 5444 2167 5491 est
2204 5437 2390 5507 utique
2429 5436 2702 5508 quomodo
2746 5436 2850 5492 ista
2905 5438 3023 5493 sine
3068 5438 3179 5495 ultu
3220 5457 3316 5497 sua
3347 5443 3491 5500 mala

1910 5543 2072 5584 causa
2098 5526 2243 5599 juste
2269 5528 2544 5599 patiantur
2577 5539 2622 5582 ο.
2674 5526 2792 5585 Non
2835 5529 2981 5586 enim
3011 5529 3115 5587 dici
3156 5529 3240 5588 fas
3264 5541 3368 5602 est,
3399 5542 3495 5592 aut

1984 5678 2007 5737 ε
2046 5664 2204 5736 Apud
2234 5665 2370 5737 Aug.
2405 5664 2634 5737 ibi,ttna
2662 5666 2775 5721 uni.

1980 5736 2005 5777 ά
2044 5734 2169 5811 l_ll_s.,
2194 5734 2343 5811 qua;
2358 5734 2515 5808 Apud
2533 5736 2671 5810 Aug.
2694 5737 2914 5805 ibidem,
2947 5753 3065 5811 cap.
3088 5736 3143 5807 6,
3162 5756 3288 5811 quo.

1987 5819 2012 5848 ο
2049 5807 2505 5878 Ms.,puniantur.
2626 5807 2643 5810 ⁷
3012 5807 3030 5811 ⁷
3175 5807 3187 5811 ’
3250 5834 3258 5839 ί
