4034 6350
257 425 365 480 85Ἱ

254 633 535 704 Interrogo
583 631 750 696 enim,
779 639 836 687 et
881 633 1015 690 satis
1044 633 1320 706 desquiro,
1363 639 1484 708 quis
1508 656 1573 696 ex
1611 651 1841 713 utroque

254 727 479 782 homine
498 736 524 765 ι
549 725 842 780 mandatur
861 726 1150 797 baptismo,
1180 738 1360 784 utrum
1383 746 1600 805 corpus,
1627 735 1718 805 qui
1748 751 1842 790 ex-

252 819 426 876 terior
457 818 527 874 ab
548 816 810 890 Apostolo
829 826 917 875 est
936 819 1112 877 dictus
1143 821 1318 893 (Rom.
1351 825 1468 896 vn),
1499 842 1566 880 an
1593 826 1835 894 interior,

249 914 344 985 qui
380 912 626 984 spiritus,
651 911 736 968 vel
769 912 949 968 anima
974 923 1057 970 est
1085 916 1424 988 appellatus?
1469 919 1536 974 Et
1560 920 1605 976 si
1642 936 1841 992 corpus

248 1017 466 1066 tantum
495 1016 552 1064 et
573 1024 678 1064 non
700 1007 901 1072 anima,
929 1024 1051 1064 cum
1081 1024 1328 1081 corpore,
1352 1013 1602 1082 superius
1632 1014 1839 1070 dictum

247 1115 564 1157 recenseam
593 1099 880 1173 Augustini
911 1099 1060 1156 :Cur
1091 1117 1196 1157 non
1228 1102 1573 1175 baptizantur
1610 1114 1667 1161 et
1695 1123 1840 1163 mor-

245 1195 367 1250 tui?
395 1193 461 1250 Et
499 1194 544 1249 si
591 1193 794 1259 anima,
836 1193 964 1265 quid
1014 1194 1240 1251 diluitur
1286 1197 1340 1252 in
1374 1197 1484 1262 illa,
1517 1213 1638 1269 qua:
1663 1214 1767 1254 non
1806 1215 1839 1255 a

240 1286 425 1358 primo
455 1285 676 1342 homine
708 1286 914 1342 exstitit
939 1300 1256 1360 propagata,
1289 1291 1382 1346 sed
1407 1291 1619 1346 noviter
1649 1307 1680 1346 a
1727 1291 1838 1349 Deo

239 1379 558 1451 singillatim
588 1379 880 1450 unicuique
913 1383 1143 1437 creata?
1175 1382 1288 1438 Hac
1318 1384 1685 1456 disputatione
1711 1401 1836 1456 pro-

238 1470 384 1526 clive
411 1472 738 1538 ost"nditnr,
767 1487 966 1542 corpus
997 1481 1204 1528 tantum
1241 1490 1308 1530 ex
1333 1476 1588 1547 originali
1630 1493 1832 1548 propa-

236 1571 426 1633 gatum
457 1562 672 1628 delicto,
705 1564 848 1633 quod
885 1579 949 1618 ex
977 1563 1109 1619 Adze
1136 1567 1430 1638 propagine
1458 1584 1556 1639 per
1581 1569 1834 1624 traduces

235 1652 456 1725 liquore
494 1653 730 1724 quodam
781 1655 958 1712 oritur
985 1654 1184 1711 saeculo
1214 1674 1228 1713 :
1261 1660 1442 1712 anima
1490 1667 1670 1714 tamen
1712 1673 1833 1729 quae

235 1759 380 1799 nova
408 1754 465 1800 et
487 1746 694 1817 alisque
720 1745 901 1816 aliqua
924 1748 1140 1824 corpori
1174 1747 1478 1805 infunditur
1509 1751 1689 1822 culpa,
1733 1767 1832 1808 cur

231 1835 492 1908 baptismi
525 1840 818 1895 mundetur
847 1841 917 1897 ab
948 1843 1111 1906 unda,
1135 1858 1256 1912 quae
1299 1859 1400 1900 nec
1431 1845 1484 1899 in
1530 1845 1829 1915 primordio

229 1926 450 1982 exstitit
477 1930 928 2002 transgressionis
961 1934 1216 2004 prmcepti
1272 1934 1324 1989 in
1375 1936 1696 2006 protoplasti
1726 1938 1822 1993 de-

229 2017 364 2073 licto
403 2021 737 2077 comestione
776 2021 1046 2079 interdicti
1091 2025 1303 2080 arboris
1331 2028 1598 2094 sauciata,
1631 2019 1732 2084 nec
1767 2029 1822 2083 in

228 2111 437 2166 mundo
467 2113 686 2169 veniens
714 2114 766 2169 in
813 2131 1041 2186 corpore
1086 2118 1217 2173 vitio
1244 2120 1608 2176 concretiouis
1653 2121 1825 2177 sative

224 2213 516 2274 compacto
541 2206 960 2262 exstatinclusa.
987 2208 1292 2265 Absurdum
1319 2210 1464 2266 enim
1497 2221 1598 2276 est,
1633 2215 1768 2271 satis
1791 2230 1822 2269 a

223 2295 477 2351 veritatis
500 2295 641 2352 linea
667 2297 903 2363 devium,
920 2308 973 2354 et
991 2302 1244 2358 omnibus
1271 2305 1443 2359 modis
1459 2315 1541 2360 est
1561 2305 1820 2374 alienum,

221 2395 320 2440 aut
377 2386 559 2443 eluere
600 2404 707 2445 non
768 2391 984 2462 penitus
1031 2393 1394 2464 inquinatum,
1423 2406 1519 2452 aut
1559 2401 1824 2455 mundare

219 2479 529 2548 cuiuspiam
575 2480 890 2539 insensibile
939 2487 1262 2542 membrum.
1317 2487 1374 2544 Si
1430 2490 1574 2546 enim
1624 2508 1821 2564 corpus

218 2589 436 2636 tantum
467 2583 778 2648 mundatur,
810 2587 952 2656 quod
983 2588 1313 2646 immobilem
1336 2593 1478 2664 gerit
1508 2604 1726 2661 statum,
1766 2608 1822 2654 et

217 2672 324 2729 nisi
362 2673 527 2730 fuerit
566 2676 762 2746 spiritu
815 2678 1124 2735 vivificante
1155 2684 1478 2750 animatunf,
1505 2686 1819 2746 insensibile

215 2770 396 2839 magis
419 2766 719 2835 metallum,
747 2782 907 2841 quam
931 2771 1158 2846 alicujus
1189 2774 1267 2832 rei
1290 2775 1606 2836 invenietur
1623 2795 1816 2838 neces-

215 2861 371 2916 sario
392 2871 575 2932 aptum
606 2878 620 2914 :
644 2879 774 2936 ergo
803 2863 1083 2921 fatendum
1106 2878 1211 2934 est,
1239 2887 1344 2926 non
1377 2873 1444 2926 ad
1475 2875 1817 2932 redimendus

214 2951 432 3006 animas
453 2953 728 3010 Christum
752 2955 1038 3012 Dominum
1061 2959 1490 3030 descendissede
1512 2965 1671 3032 caelo,
1697 2984 1816 3038 qua:

214 3058 325 3100 non
357 3055 483 3101 sunt
527 3046 659 3102 Adae
695 3047 924 3106 infectas
963 3053 1211 3123 originali
1245 3054 1466 3120 delicto,
1488 3059 1583 3112 sed
1613 3068 1668 3112 ut
1691 3075 1816 3115 cor-

212 3150 354 3207 pora
403 3145 610 3192 tantum
652 3139 966 3207 redimeret,
999 3157 1119 3212 quae
1158 3159 1225 3198 ex
1270 3146 1497 3203 traduce
1536 3151 1814 3219 peccantis

210 3241 336 3289 orta
389 3245 670 3291 manerent
696 3235 746 3290 ιι.
777 3236 844 3292 Ει
882 3238 1005 3308 quis
1029 3239 1132 3295 hoc
1165 3239 1429 3312 insipiens
1459 3242 1542 3296 vel
1575 3245 1815 3316 cogitare

210 3326 414 3382 leviter
443 3327 680 3382 audeat?
708 3326 866 3396 Quod
904 3331 949 3385 si
977 3330 1280 3386 animarum
1307 3334 1486 3404 pOIiltS
1510 3352 1672 3406 quam
1696 3353 1812 3393 cor-
1840 3349 1884 3413 ο

208 3434 409 3492 porum
458 3429 635 3475 exstat
684 3421 1012 3492 redemptor,
1055 3425 1324 3481 reddenda
1355 3436 1629 3484 estcausa
1659 3445 1814 3487 crea-

209 3509 383 3567 tionis
408 3512 579 3583 ipsius
607 3525 655 3582 ο,
688 3530 757 3572 ne
795 3516 850 3572 in
871 3517 1096 3573 dubium
1123 3519 1305 3574 veniat
1332 3521 1721 3592 redemptionis
1744 3523 1810 3579 il-

207 3613 336 3672 lius.
369 3617 427 3671 Si
458 3619 678 3686 cecidit,
710 3620 1033 3692 erigitur;si
1056 3637 1215 3680 caeno
1238 3624 1437 3682 infecta
1461 3636 1564 3692 est,
1589 3628 1806 3698 eluitur;

206 3712 251 3769 si
281 3713 562 3783 captivata
583 3722 666 3768 est
693 3731 723 3769 a
748 3725 1021 3786 serpente,
1050 3718 1360 3774 redimitur.
1395 3719 1453 3784 Si
1494 3731 1675 3777 autem
1709 3739 1809 3780 nec

205 3805 410 3861 cecidit
433 3805 485 3860 in
511 3814 758 3877 parente,
785 3823 884 3865 nec
907 3824 1066 3865 caeno
1087 3809 1284 3867 infecta
1308 3820 1392 3867 est
1419 3812 1690 3884 originali,
1710 3829 1811 3872 nec

203 3897 436 3970 decepta
470 3908 557 3955 est
601 3900 655 3954 in
707 3901 901 3972 primis
934 3903 1251 3961 hominibus
1279 3922 1311 3961 a
1343 3916 1616 3978 serpente,
1635 3924 1735 3964 cur
1763 3911 1806 3965 si

201 4015 310 4055 non
347 3999 572 4072 tingitur
588 4003 767 4073 aquis,
794 4005 1055 4077 mergitur
1070 4004 1339 4062 ﬂammis?
1357 4006 1606 4079 Nunquid
1629 4009 1806 4066 alieno

199 4104 434 4166 peccato
457 4095 769 4162 damnatur,
790 4107 845 4153 et
869 4114 968 4168 pro
1000 4115 1231 4171 corpore
1273 4101 1366 4171 qui
1393 4101 1462 4156 ab
1490 4104 1807 4158 earumdem

198 4196 491 4257 parentum
539 4188 800 4247 hactenus
843 4191 1076 4264 erigitur
1118 4192 1168 4258 ἀ,
1194 4194 1307 4266 igni
1363 4204 1625 4265 perpetuo
1662 4211 1804 4252 mer-

196 4279 386 4351 gitur?
409 4287 465 4335 et
487 4296 585 4336 cur
608 4290 824 4337 tenetur
845 4282 1044 4349 alieno,
1059 4300 1178 4354 quae
1198 4285 1365 4342 libera
1387 4295 1471 4342 est
1492 4287 1628 4342 suo?
1651 4286 1803 4344 Unde

196 4386 330 4448 peto
356 4388 414 4434 ut
439 4379 483 4434 si
514 4380 655 4435 hanc
681 4382 1036 4451 qumstionem
1067 4383 1377 4456 ubicunque
1407 4385 1481 4441 ita
1533 4395 1627 4441 aut
1651 4402 1680 4441 a
1715 4403 1800 4444 me

195 4480 526 4552 preponitur
564 4483 846 4539 enodatam
884 4485 1111 4556 legistis,
1146 4501 1232 4542 me
1265 4489 1609 4558 reciprocare
1638 4489 1801 4546 citius

195 4587 306 4627 non
349 4574 610 4630 moreris:
643 4575 722 4632 sic
747 4592 961 4647 semper
981 4589 1239 4650 perpetuo
1267 4577 1528 4636 ﬂoreatis.
1547 4578 1640 4636 Vel
1671 4581 1800 4653 quid

195 4663 330 4722 inde
363 4667 653 4722 tenendum
679 4667 771 4733 sit,
799 4669 882 4723 vel
911 4670 1256 4735 credendum,
1285 4672 1369 4727 vel
1411 4673 1644 4744 qualiter
1680 4675 1797 4745 jus-

1712 436 2092 499 EPISTOLE.

333 541 416 599 l0.
437 539 532 598 Sin
547 539 722 602 aliter.
739 541 868 612 quid
896 543 1110 615 cupiam
1135 543 1437 604 edisserere
1450 563 1556 605 non
1584 554 1835 610 moreris.
1868 567 1922 628 Α

3407 458 3521 516 ιεε

2712 565 2791 620 Vl.

1946 684 2077 724 ITEM
2128 685 2386 730 EPISTOLA
2425 690 2639 732 JOANNIS
2683 691 2964 735 SPALENSIS
3010 698 3222 738 ALVARO
3273 699 3526 744 DIRECTA.

2013 783 2263 852 Inlustri,
2306 788 2505 845 eximio
2541 790 2792 864 celsoque
2821 794 3042 852 Amano
3072 797 3334 868 Joatvnss,
3370 803 3528 860 mini-

1943 895 2065 936 mus
2085 883 2356 950 omnibus,
2383 885 2436 940 in
2465 888 2676 944 cunctis
2698 899 2996 948 extremus.

2014 983 2067 1037 1.
2097 984 2232 1040 Cum
2258 986 2448 1042 diebus
2476 990 2728 1047 omnibus
2754 1002 2811 1048 et
2839 995 3131 1053 momentis
3161 999 3398 1055 studium
3436 1017 3524 1057 sa-

1940 1075 2158 1146 pientia:
2187 1085 2380 1133 vestrae
2408 1088 2464 1136 et
2487 1081 2901 1140 sollicitudinem
2921 1088 3233 1160 pervigilem
3263 1091 3406 1147 circa
3425 1091 3528 1146 uti-

1941 1164 2148 1222 litatem
2182 1167 2306 1223 fidei
2338 1170 2623 1230 catholica:
2648 1177 3147 1245 comprobaremus,
3181 1192 3362 1252 grates
3416 1182 3527 1238 Deo

1939 1258 2149 1328 egimus
2178 1260 2304 1330 quia
2333 1260 2513 1320 lumen
2541 1275 2782 1322 vestrum
2821 1267 2915 1323 diu
2949 1269 3156 1325 redolet
3190 1271 3244 1325 in
3268 1273 3524 1339 occultis,

1938 1352 2201 1421 perpetim
2253 1353 2398 1412 lueet
2420 1366 2476 1412 et
2517 1358 2572 1413 in
2623 1360 2874 1431 publicis,
2907 1363 3224 1436 plerumque
3260 1368 3412 1425 radio
3443 1367 3527 1424 sui
3627 1396 3630 1398 τ

1938 1443 2160 1515 fulgoris
2204 1446 2258 1503 in
2315 1448 2514 1506 finibus
2567 1453 2878 1524 resplendet
2919 1456 3212 1522 universis,
3247 1458 3524 1515 interdum

1937 1538 2239 1594 concrescit
2287 1550 2347 1595 ut
2377 1541 2557 1612 pluvia
2586 1543 2639 1598 in
2667 1545 2896 1617 (loquiis
2936 1549 3258 1620 cunctisque
3279 1550 3476 1607 divinis
3509 1567 3523 1604 :

1937 1631 2131 1685 crebro
2178 1633 2332 1702 quasi
2373 1635 2547 1690 imber
2590 1651 2753 1708 super
2798 1638 3046 1710 gramina
3084 1640 3299 1711 eloquia
3329 1642 3522 1708 mittis,
3583 1641 3587 1644 ⁷

1935 1730 1990 1776 et
2019 1723 2157 1778 sicut
2179 1724 2334 1781 stillae
2381 1742 2542 1798 super
2585 1729 2783 1786 herbas
2813 1732 3115 1788 doctrinam
3147 1734 3403 1788 eximiam
3435 1735 3523 1789 in-

1933 1811 2133 1870 fundis.
2165 1816 2232 1872 Et
2269 1818 2395 1888 quia
2426 1821 2479 1875 in
2509 1821 2594 1877 his
2613 1823 2864 1879 omnibus
2891 1825 3084 1894 pra‘sul
3111 1826 3323 1891 existis,
3362 1825 3528 1882 faciat

1938 1914 1987 1960 te
2014 1905 2275 1966 Dominus
2319 1911 2706 1984 longitudinem
2742 1915 2953 1972 dierum
2994 1919 3221 1990 implere
3251 1921 3304 1975 in
3338 1921 3518 1986 annis,

1931 2007 1987 2054 et
2006 2003 2296 2059 ostendere
2330 2020 2493 2076 super
2525 2019 2576 2064 te
2615 2010 2820 2064 vultum
2851 2027 2962 2066 suae
3004 2013 3244 2082 pietatis,
3278 2023 3338 2070 ut
3381 2030 3412 2068 a
3446 2022 3526 2070 te-

1933 2094 2034 2149 tris
2083 2105 2272 2153 erntns
2321 2100 2646 2171 caliginibus
2682 2115 2730 2169 θ,
2763 2104 3039 2160 sodalibus
3089 2105 3142 2161 in
3203 2107 3336 2163 locis
3369 2107 3523 2163 ocius

1928 2189 2293 2246 conscendere
2331 2196 2607 2250 merearis.
2631 2196 2826 2253 Amen.

1996 2281 2053 2334 2.
2072 2281 2370 2341 ιΡοειτθηιο
2393 2289 2655 2360 quidquid
2681 2292 2948 2362 sapientia
2983 2303 3165 2351 vestra
3192 2296 3259 2351 de
3281 2297 3522 2368 quinque

1927 2390 2217 2432 causarum
2287 2382 2592 2436 animarum
2657 2386 2994 2443 conuentione
3059 2387 3412 2461 multiplicat,
3465 2398 3523 2446 et

1925 2470 2255 2539 quzestione's
2279 2472 2493 2529 diversa
2519 2473 2539 2513 τ
2569 2475 2712 2530 inter
2738 2492 2798 2532 se
2825 2478 3195 2545 defendentes,
3220 2489 3275 2536 et
3303 2482 3354 2536 in
3380 2480 3519 2535 mul-

1929 2558 1995 2614 tis
2028 2561 2238 2616 diversa
2295 2563 2611 2631 sentientes,
2663 2576 2938 2638 utcunque
2969 2571 3242 2640 potuimus
3271 2571 3517 2628 animad-

1922 2652 2275 2724 vertimus,et
2300 2671 2528 2731 quaeque
2553 2675 2617 2718 ex
2651 2659 2777 2719 inde
2806 2659 3026 2734 majoris
3043 2665 3217 2723 nostri
3239 2666 3518 2726 senserint

1922 2743 2304 2806 intelleximus.
2348 2751 2512 2808 Addit
2570 2761 2750 2810 tamen
2801 2756 3089 2825 prudentia
3116 2769 3316 2824 vestra,
3364 2771 3424 2817 ut
3468 2763 3517 2818 si

1922 2841 2117 2898 alicubi
2164 2846 2568 2915 responsionem
2611 2848 2754 2904 beati
2789 2848 3105 2923 Hieronymi
3156 2857 3374 2926 egregio
3404 2855 3518 2911 Au-

1921 2934 2138 3003 gustino
2177 2935 2535 3006 perlegimus,
2586 2937 2858 2994 dulcedini
2908 2951 3102 2998 vestra:
3145 2946 3518 3001 transmittere

1923 3041 2027 3079 non
2073 3029 2366 3081 tartienius.
2400 3026 2544 3083 Vivit
2569 3028 2854 3097 Dominus,
2896 3041 2951 3087 et
2981 3033 3132 3089 vivat
3179 3035 3360 3090 anima
3400 3045 3512 3104 tua,

1918 3117 2043 3180 quia
2093 3117 2224 3172 nihil
2251 3119 2448 3175 exinde
2477 3120 2699 3190 legerim
2733 3125 3058 3195 rescriptum
3085 3128 3131 3191 8,
3163 3127 3266 3182 nisi
3303 3136 3512 3184 tantum

1918 3208 2059 3263 beati
2104 3209 2374 3265 Ambrosii
2427 3211 2648 3281 legerim
2697 3214 2891 3286 dogma
2946 3217 3237 3273 adversum
3274 3235 3370 3276 eos
3419 3221 3511 3291 qui

1917 3300 2151 3354 animam
2191 3317 2294 3356 non
2344 3304 2673 3360 confitentur
2706 3306 2800 3361 Diri
2846 3322 2968 3364 esse
2995 3310 3282 3376 facturam,
3311 3321 3404 3367 aut
3443 3329 3510 3369 ex

1920 3393 2140 3448 traduce
2176 3394 2363 3449 dicunt
2387 3411 2508 3452 esse
2536 3407 2804 3465 exortam,
2833 3409 2929 3456 aut
2959 3403 3270 3472 portionem
3299 3405 3395 3461 Dei
3425 3421 3512 3460 as-

1915 3485 2104 3539 serunt
2133 3502 2253 3542 esse
2277 3489 2644 3558 przedicatmn.
2670 3490 2808 3558 Quid
2837 3492 2961 3549 inde
2987 3497 3300 3567 suprafatus
3321 3500 3512 3554 doctor

1915 3575 2163 3646 egregius
2213 3579 2466 3645 senserit,
2499 3581 2699 3650 quidve
2743 3583 3022 3652 institerit,
3057 3588 3188 3657 quid
3216 3590 3506 3646 tenendmn

1915 3682 2036 3723 esse
2089 3670 2357 3736 docuerit,
2396 3671 2637 3727 breviter
2665 3677 3090 3748 summatimque
3125 3680 3280 3735 vobis
3333 3691 3507 3739 trans-

1914 3761 2180 3828 misimus,
2231 3765 2358 3833 quia
2399 3765 2627 3836 sapienti
2684 3781 2751 3822 ex
2804 3767 2988 3824 multis
3016 3769 3322 3841 sapientum
3345 3774 3505 3830 dictis

1912 3851 2158 3908 sullicerc
2180 3854 2452 3911 credimus
2475 3872 2662 3927 parva.

1982 3943 2034 3998 5.
2067 3943 2160 3999 Sic
2213 3946 2358 4000 enim
2409 3947 2463 4001 in
2500 3948 2653 4004 initio
2680 3948 2937 4008 dictionis
2993 3968 3105 4008 sua:
3149 3952 3345 4011 affatus
3373 3965 3498 4013 est:

1917 4055 1934 4087 ι
1959 4036 2003 4089 Α
2041 4051 2128 4091 me
2153 4037 2300 4093 exiet
2324 4039 2568 4110 spiritus,
2603 4041 2734 4096 dicit
2756 4042 3040 4111 Dominus,
3074 4054 3129 4102 et
3154 4063 3371 4105 onmem
3402 4048 3502 4104 ﬂa-

1913 4135 2025 4182 tum
2056 4144 2156 4201 ego
2176 4145 2325 4186 creo.
2354 4131 2542 4188 Nonne
2583 4134 2686 4190 iste
2723 4145 2808 4192 est
2847 4137 3012 4206 Dcns,
3050 4141 3141 4210 qui
3175 4155 3332 4199 vocat
3373 4161 3506 4216 pue-

1910 4235 2028 4274 rum
2058 4237 2212 4277 suum
2242 4220 2410 4279 Jacob
2440 4236 2496 4280 et
2523 4226 2686 4284 Israel
2729 4246 2945 4286 servum
2997 4248 3178 4301 suum,
3210 4237 3304 4308 qui
3349 4239 3509 4294 tinxit

1907 4329 2030 4369 eum
2063 4317 2114 4371 in
2146 4319 2344 4373 utero?
2383 4317 2573 4376 Nonne
2617 4323 2704 4378 hic
2731 4333 2817 4379 est
2848 4325 3023 4382 factor
3048 4330 3379 4398 animarum,
3434 4335 3504 4389 de

1907 4426 2014 4481 quo
2041 4411 2241 4467 dictqu
2264 4421 2347 4468 est
2377 4430 2391 4468 :
2421 4412 2524 4480 Qui
2546 4415 2698 4486 ﬁngit
2723 4419 3036 4489 singillatim
3066 4425 3229 4479 corda
3269 4443 3450 4481 eorum
3476 4427 3504 4481 .9

1906 4499 2079 4572 (Psal.
2107 4504 2434 4576 xxxrtl,15.)
2467 4505 2533 4560 Et
2570 4507 2860 4577 Apostolus
2888 4513 2966 4566 ait
3011 4529 3026 4566 :
3068 4514 3172 4580 Qui
3208 4533 3286 4570 me
3329 4534 3505 4588 segre-

1903 4596 2038 4665 garit
2065 4595 2128 4648 de
2153 4607 2298 4650 utero
2326 4600 2508 4652 matris
2532 4614 2661 4652 mea:
2693 4598 2836 4671 (Gal.
2873 4618 2909 4668 ι,
2943 4603 3055 4676 15).
3088 4606 3189 4672 Qui
3221 4607 3378 4662 habet
3405 4625 3499 4680 po-

1904 4694 2153 4741 testatem
2176 4688 2520 4758 segregandi,
2560 4689 2722 4744 habet
2750 4701 2806 4744 et
2840 4693 2894 4746 in
2933 4705 3089 4750 utero
3120 4699 3378 4768 lingendi.
3408 4697 3497 4754 Vi-

195 4757 321 4814 titia
377 4758 471 4814 Dei
501 4759 553 4814 in
595 4760 1047 4818 condemnatione
1077 4764 1448 4821 innocentium
1487 4768 1792 4823 animarum
1828 4751 1875 4810 Ῐ)
1902 4774 1998 4830 des
2027 4791 2154 4846 ergo
2183 4776 2353 4831 Deum
2381 4788 2437 4831 et
2473 4777 2824 4836 formatorem
2847 4798 2968 4838 esse
3000 4784 3052 4838 in
3081 4751 3256 4851 utero,
3281 4797 3338 4843 et
3365 4789 3498 4847 tinct-

194 4849 268 4905 sit
297 4849 666 4917 defendenda,
694 4852 833 4924 stylo
855 4853 1198 4920 evidentiori,
1221 4865 1278 4912 et
1298 4858 1624 4914 documento
1648 4859 1793 4914 veri-

194 4942 304 4998 ﬁco
359 4942 630 5009 indicetis,
663 4952 827 5015 atque
867 4945 1211 5005 luminositer
1241 4959 1439 5006 cuneta
1488 4947 1646 5008 nobi‘s
1680 4952 1796 5008 oris

192 5035 368 5091 vestri
392 5048 580 5107 aperta
600 5040 868 5094 sententia
886 5041 1090 5098 revelet
1103 5044 1440 5100 serenitatim
1454 5046 1789 5119 deprompta.

193 5128 290 5185 Sic
320 5130 643 5188 caelestibus
680 5135 999 5190 mereamini
1021 5136 1110 5191 hic
1138 5146 1193 5191 et
1222 5137 1275 5192 in
1305 5137 1488 5194 futuro
1518 5141 1793 5195 munerari

191 5228 260 5284 de
289 5229 524 5301 praemio
553 5231 738 5304 vigore
765 5232 1024 5298 aethereo,
1057 5243 1113 5291 et
1134 5233 1397 5293 felicitate
1425 5238 1666 5296 caelestis
1693 5255 1791 5311 pa-

189 5329 317 5385 triae
339 5330 661 5404 indisrupta.
691 5333 889 5392 Amen.
915 5333 1082 5392 Finit.

267 5562 296 5628 ξ
332 5548 461 5628 9518.,
482 5569 548 5610 ec
573 5563 792 5628 utroque
823 5548 1080 5615 homines.

265 5621 298 5663 δ
316 5622 394 5678 ε.
422 5621 726 5682 manarunt}

261 5691 397 5778 ε-ξά.
425 5704 511 5778 est
539 5697 757 5778 animae,
795 5715 858 5756 ne
878 5700 1095 5778 dubium
1120 5704 1311 5778 veniat,
1339 5712 1473 5778 etc.,
1498 5719 1786 5778 suppresso

295 5762 400 5822 Vel
432 5765 550 5840 lege
583 5762 769 5825 statim
799 5772 1101 5844 redemptio,
1128 5775 1221 5831 ubi
1260 5762 1626 5846 redemptiorii}
1654 5762 1790 5836 scri-

223 5853 239 5892 i
274 5853 366 5891 ur.

247 5853 366 5891 tur.

223 5853 286 5948 ιδ
323 5907 390 5964 F.
415 5910 604 5978 oritur,
632 5909 742 5980 vel,
771 5913 816 5970 si
844 5915 1034 5982 mavis,
1058 5917 1372 5990 originatur.

599 6005 872 6070 ΡΛτιιοι..
918 6000 1123 6073 CXXI

1901 4872 2073 4919 torem
2121 4866 2448 4932 animarum,
2472 4868 2599 4940 quia
2642 4871 2757 4941 ipse
2804 4872 3068 4930 Dominus
3096 4877 3178 4932 sic
3200 4877 3444 4949 loquitur
3477 4899 3493 4940 :

1899 4952 2064 5010 Pater
2097 4973 2243 5012 meus
2272 4975 2433 5030 usque
2467 4961 2622 5015 modo
2644 4975 2916 5033 operatur,
2947 4976 2995 5021 et
3045 4984 3138 5039 ego
3158 4986 3346 5040 operor
3374 4973 3496 5045 (Job

1897 5062 1951 5112 v,
1993 5046 2102 5119 Π).
2139 5048 2203 5102 Et
2225 5049 2436 5122 Moyses
2466 5052 2608 5108 lator
2627 5053 2763 5125 legis
2793 5073 2804 5108 :
2839 5055 2944 5121 Qui
2974 5062 3287 5129 percusserit
3310 5065 3496 5120 mulie-

1901 5156 2009 5194 rem
2041 5143 2258 5208 calcem,
2291 5153 2338 5198 et
2377 5143 2443 5198 ab
2472 5145 2600 5199 dum
2636 5146 2664 5186 ιι
2691 5147 2968 5218 projecerit
2996 5151 3310 5223 ﬁguratum,
3348 5155 3494 5210 dabt

1906 5235 2081 5289 omnia
2109 5235 2384 5290 muliebria
2411 5238 2698 5292 secundum
2726 5242 3044 5298 voluntatem
3066 5245 3161 5300 viri
3179 5249 3285 5302 sui.
3308 5245 3368 5304 Si
3398 5267 3495 5305 au-

1900 5337 2006 5382 tent
2057 5329 2334 5399 projecerit
2395 5331 2512 5401 jam
2555 5333 2877 5404 figuratum,
2931 5336 3078 5393 dabit
3126 5341 3339 5398 oculum
3397 5360 3491 5413 pro
3547 5425 3550 5432 Ι

1979 5564 2002 5626 9
2029 5547 2152 5626 Ms,
2179 5551 2442 5626 caliginis.

1978 5624 1997 5665 ι
2031 5625 2153 5691 Ms.,
2181 5624 2529 5696 quiestionum
2561 5627 2912 5687 diversarum.

1976 5697 2002 5737 ⁸
2028 5696 2153 5769 ἕδη
2183 5698 2452 5769 rescripta.

1972 5770 2002 5812 ιι
2034 5767 2095 5823 F.
2131 5768 2275 5823 calce
2327 5767 2374 5822 et
2421 5772 2736 5853 abortivum,
2774 5777 2858 5853 vel
2917 5778 3152 5837 nondum
3201 5781 3493 5853 projecerit

1891 5841 2188 5981 ﬁguratum
2217 5852 2236 5891 :
2292 5843 2538 5913 sequitur
2558 5846 2705 5901 enim
2735 5866 2749 5903 ;
2785 5847 2848 5902 Si
2884 5861 3055 5908 autem
3077 5841 3354 5926 projccei'it
3370 5856 3488 5927 jam

1932 5922 2197 5981 guratum.

1932 5922 2197 5984 guratum.

3020 6023 3093 6082 15
