4034 6350
234 364 330 425 itii

1600 427 1605 431 ρ
1690 354 2067 425 ΕΡΙὸἳθΙκΕ.

3399 356 3515 413 ιω

235 505 267 541 a
296 489 560 554 sequente
581 456 807 548 illud,et
828 479 957 535 illud
980 497 1012 533 a
1042 479 1358 551 producitur
1377 488 1472 537 aut
1496 479 1814 549 corripitur;
1850 479 1895 539 Α
1924 476 2093 541 ciunt,
2118 474 2473 547 Evangelium
2494 490 2554 531 se
2575 477 2854 548 suscipere
2877 474 3094 542 dicunt;
3122 483 3181 531 et
3209 474 3337 531 lllud
3359 475 3515 546 quod

236 575 490 634 similiter
525 591 552 629 e
582 588 752 642 usque
778 571 845 627 ad
878 589 910 627 u
936 580 991 628 et
1020 571 1274 642 deinceps
1296 570 1381 637 ba,
1410 572 1488 637 be,
1512 570 1581 637 bi,
1610 571 1692 635 bo,
1727 571 1815 635 bu,

233 678 283 727 et
313 666 552 739 reliquas
581 680 749 735 usque
769 664 836 719 ad
864 663 1022 718 linem
1053 663 1210 735 hujus
1238 663 1448 733 operis;
1477 663 1523 718 si
1549 662 1698 717 illum
1735 660 1817 717 bi-

231 761 380 821 blum
406 757 640 828 dirigere
666 770 773 812 non
802 754 1048 826 potestis,
1081 754 1213 810 istas
1242 754 1473 826 syllabas
1499 753 1655 809 nobis
1684 752 1819 808 scri-

232 850 368 915 bite,
400 856 459 905 et
490 845 813 903 festinanter
839 844 1070 916 dirigere
1097 844 1373 915 przecipite
1407 863 1419 898 :
1453 844 1533 900 sic
1572 843 1820 901 Christus

231 941 388 1001 vobis
418 938 703 998 commoda
750 936 1013 1003 conferat,
1046 947 1103 993 et
1132 938 1270 994 bona
1307 938 1500 993 crebro
1531 937 1813 994 concedat.

228 1033 422 1091 Amen.
454 1029 646 1087 Valeat
683 1028 948 1099 sapientia
982 1035 1162 1082 vestra
1191 1026 1320 1083 felix
1356 1026 1511 1099 longa
1550 1042 1647 1097 per
1687 1036 1820 1082 tem-

227 1139 382 1196 pora.
428 1122 624 1177 Amen.
664 1118 723 1175 Si
766 1119 917 1177 vobis
954 1118 1102 1177 illum
1132 1119 1492 1188 praestaverit,
1532 1132 1816 1173 numerum

228 1215 439 1272 dierum
467 1212 750 1277 notescite,
780 1210 977 1282 quibus
1030 1226 1151 1267 eum
1184 1209 1380 1267 faciam
1431 1218 1725 1267 revertere.
1757 1207 1817 1264 Si

226 1323 421 1364 ausum
476 1305 651 1372 datis,
724 1303 1022 1361 salutamus
1080 1318 1297 1358 onmem
1361 1300 1817 1372 pulchritudinem

225 1402 421 1456 domus
458 1407 669 1455 vestras.
702 1396 910 1453 Merear
944 1396 1149 1453 vultum
1195 1405 1436 1452 vestrum
1482 1396 1711 1451 hilarem
1742 1395 1818 1450 ci-

225 1493 335 1548 tius
371 1491 601 1557 intuere,
645 1496 700 1547 et
741 1488 949 1560 pariter
992 1489 1272 1544 vobiscum
1322 1487 1578 1559 gaudere.
1617 1487 1814 1547 Amen.

224 1583 392 1643 Finit.

962 1651 1072 1709 VII.

223 1766 354 1807 ΙΪΕΙ
392 1765 649 1807 ειηθτοιι
702 1764 895 1809 ALVARI
940 1761 1272 1807 SPERMNDEO
1310 1762 1505 1805 ΔΒΒΔΤΙ
1557 1761 1810 1805 ΜΒΕΟΤΔ.

1918 566 2179 637 scriptum
2206 574 2330 622 est:
2357 566 2594 622 Ascendo
2620 568 2690 622 ad
2728 565 2942 623 Patrem
2970 584 3163 634 meum,
3201 578 3251 623 et
3289 569 3359 623 ad
3392 566 3473 623 Pa

1920 669 2048 714 trem
2079 668 2326 725 vestrum,
2350 661 2419 714 ad
2459 660 2627 715 Deum
2670 678 2841 716 meum
2884 672 2934 716 et
2974 664 3045 717 ad
3072 662 3245 718 Deum
3272 673 3500 719 vestrum

1921 748 2102 822 (Joan.
2163 767 2252 813 xx.
2312 751 2423 821 l7),
2488 751 2626 807 male
2674 752 2861 819 utique
2907 755 3186 809 sentiunt:
3223 754 3502 812 Christum

1920 845 2086 900 Deum
2116 861 2180 901 ac
2206 845 2491 903 Dominum
2515 854 2759 902 nostrum
2800 848 3075 903 hominem
3104 856 3311 904 tantum
3354 865 3506 906 asse-

1919 945 2066 1002 runt,
2090 948 2311 1007 propter
2337 937 2473 995 illud
2509 937 2650 1007 quod
2689 939 2753 994 de
2774 954 2840 995 eo
2864 940 2918 995 in
2949 940 3244 1010 Evangelio
3268 940 3455 1013 legunt
3481 959 3498 996 :

1918 1026 1997 1081 De
2016 1027 2101 1081 die
2122 1039 2295 1083 autem
2330 1028 2423 1084 illa
2448 1039 2496 1085 et
2529 1030 2661 1085 hora
2692 1048 2841 1087 nemo
2868 1033 2980 1093 scit,
3019 1049 3182 1103 neque
3204 1034 3374 1105 angeli
3404 1049 3504 1089 cte-

1920 1119 2111 1185 lorum,
2140 1136 2303 1191 neque
2338 1120 2536 1187 Filius,
2566 1123 2666 1177 nisi
2708 1121 2872 1178 Pater
2889 1123 3033 1179 solus
3061 1123 3276 1195 (Matth.
3312 1141 3497 1191 xxxiv,

1920 1210 2033 1281 56).
2060 1211 2286 1268 Cunctis
2322 1222 2501 1271 tamen
2547 1212 2757 1271 nisibus
2803 1231 2968 1286 posco
3007 1224 3069 1271 ut
3098 1218 3288 1272 horum
3319 1219 3500 1289 genti—

1919 1303 2049 1363 lium
2086 1305 2257 1363 anilcs
2299 1308 2627 1378 quaestiones
2661 1321 2684 1349 θ
2708 1350 2722 1375 ,
2759 1309 2891 1379 quia
2934 1310 3245 1369 mortiferos
3285 1314 3504 1370 audien«

1922 1399 2054 1454 tium
2080 1410 2344 1469 generant
2364 1416 2546 1466 casus,
2595 1403 2660 1457 iis
2686 1402 2939 1459 videlicet
2956 1405 3048 1475 qui
3079 1413 3206 1459 sunt
3234 1406 3493 1475 imperiti,

1918 1499 1976 1548 et
2000 1490 2293 1563 Scriptura:
2315 1504 2518 1551 sancta:
2540 1510 2645 1550 non
2673 1496 2936 1552 ventilant
2968 1505 3187 1553 textum.
3202 1499 3348 1564 Quas
3367 1498 3504 1553 duas

1919 1585 2299 1654 responsiones
2325 1586 2541 1643 utsoliti
2567 1588 2699 1644 estis
2722 1589 2776 1643 in
2801 1588 2926 1645 aliis
2946 1590 3128 1647 facere
3149 1591 3351 1655 causis,
3382 1605 3501 1644 am-

1917 1673 2058 1744 plius
2087 1672 2490 1746 Scripturarum
2525 1676 2761 1739 ﬂosculis
2794 1680 3088 1736 adornetis.
3124 1682 3190 1737 Et
3218 1696 3316 1752 per
3335 1695 3499 1735 unam

1918 1779 2136 1836 quoque
2166 1768 2476 1833 assertoris,
2508 1786 2670 1841 quam
2699 1773 2851 1827 vobis
2890 1773 3234 1843 protulimus,
3280 1772 3508 1828 locutio-

289 1865 503 1920 Domno
541 1861 895 1921 dilectissimo
920 1860 1058 1916 etin
1101 1858 1322 1916 Christo
1351 1857 1500 1915 Patri
1551 1857 1817 1919 Sesasnv-
1850 1844 1900 1905 Β
1927 1870 2070 1921 nem,
2121 1867 2303 1927 aptam
2350 1862 2704 1933 promulgetis
2757 1864 3184 1935 responsionem.
3241 1864 3336 1921 Sic
3380 1878 3509 1921 eum

222 1969 328 2011 nso
356 1953 538 2008 abbati
562 1952 823 2011 Asnaus
843 1951 1033 2009 cliens.

290 2045 348 2099 1.
390 2043 659 2101 Praescius
691 2052 748 2100 et
774 2043 1117 2113 omnipotens
1137 2042 1281 2098 Deus
1312 2042 1428 2097 haec
1457 2041 1513 2098 in
1556 2056 1678 2111 qua:
1721 2041 1818 2099 de-

221 2141 471 2196 venimus
502 2148 768 2210 tempora,
814 2146 871 2195 et
896 2138 1133 2193 esuriem
1161 2137 1311 2193 verbi
1357 2135 1455 2193 Dei
1486 2151 1651 2208 quam
1677 2136 1818 2208 pati-

222 2250 371 2299 mur,
395 2233 633 2288 validam
660 2248 758 2289 vos
783 2231 939 2289 nobis
965 2231 1219 2301 opposuit
1245 2230 1515 2286 destinam
1539 2242 1567 2273 ι
1587 2270 1603 2296 ,
1630 2230 1725 2300 qui
1761 2236 1820 2286 et

221 2335 467 2380 nostram
496 2324 705 2379 cibaret
735 2322 994 2387 inediam,
1026 2331 1080 2376 et
1106 2322 1336 2392 dapibus
1380 2320 1653 2376 alimonia:
1693 2320 1817 2375 reli-

220 2429 375 2474 eeret
403 2416 587 2473 corda.
622 2416 729 2473 Sed
769 2417 895 2486 quia
926 2429 1022 2470 vos
1053 2431 1198 2472 nunc
1225 2416 1339 2471 scio
1372 2414 1816 2471 tribulationibus

220 2510 486 2575 deditum,
515 2509 601 2564 vel
649 2508 1105 2563 amaritudinibus
1137 2522 1481 2578 oppressum,
1531 2520 1718 2576 quaeso
1758 2514 1818 2561 ut

219 2602 585 2674 apostolicum
616 2600 816 2657 dictum
848 2614 950 2670 pro
970 2598 1361 2659 consolationis
1393 2597 1685 2653 assuniatis
1704 2596 1816 2653 elo-

218 2696 351 2768 quio
380 2696 430 2748 b.
460 2695 548 2749 Ait
573 2695 719 2748 enim
748 2708 812 2748 ex
847 2691 1256 2747 tribulationum
1272 2690 1525 2761 periculis
1552 2705 1675 2760 quae
1699 2705 1818 2745 sus-

219 2787 431 2843 tinuit:
475 2784 739 2847 I‘ericulis
790 2785 846 2839 in
881 2785 1111 2848 civitate,
1141 2781 1392 2853 periculis
1431 2782 1487 2836 in
1511 2780 1813 2845 solitudine,

217 2879 472 2952 periculis
496 2881 553 2934 in
584 2878 737 2948 falsis
767 2875 1020 2946 fratribus
1065 2874 1117 2942 (1
1127 2874 1149 2929 1
1193 2873 1315 2929 Cor.
1344 2889 1432 2938 in,
1458 2872 1572 2943 ‘26).
1601 2872 1671 2928 Et
1694 2883 1818 2943 post

218 2977 339 3032 ἣξεις
365 2976 474 3031 alio
502 2974 557 3028 in
585 2972 703 3035 loco
739 2971 874 3026 dixit
901 2988 915 3024 :
948 2968 1254 3027 Gloriamur
1281 2969 1335 3023 in
1366 2964 1814 3029 tribulationibus,

217 3069 445 3123 scientes
470 3063 608 3137 quod
662 3061 931 3117 tribulatio
966 3059 1272 3131 patientiam
1298 3066 1583 3127 operatur:
1617 3056 1818 3127 patien-

217 3160 293 3214 tia
324 3165 506 3213 autem
544 3153 930 3227 probationem,
956 3149 1197 3221 probatio
1241 3164 1357 3202 vero
1383 3163 1546 3218 spem,
1574 3162 1689 3216 spes
1715 3162 1813 3199 au-

1921 1948 2128 2005 sanctis
2154 1949 2206 2004 in
2242 1952 2496 2008 mlhereis
2521 1955 2702 2025 regnis
2722 1955 3007 2028 accipiatis
3029 1972 3061 2013 α
3086 1957 3318 2015 Domino
3339 1956 3504 2030 fulgi-

1921 2036 2049 2093 dam
2084 2039 2445 2099 mansionem.
2483 2041 2678 2100 Amen.

2063 2300 2197 2341 I'I'EI
2227 2301 2487 2344 EPISTOLA
2517 2303 2834 2348 SPERAINDBI
2870 2310 3082 2353 ALVARO
3109 2311 3363 2356 ΒῘΙΕΕΤΔ.

1988 2398 2375 2458 lnlustrissimo
2445 2405 2575 2462 mihi
2638 2406 2863 2466 domino
2937 2427 3001 2467 ac
3054 2413 3347 2470 venerabili
3404 2429 3500 2471 seu

1919 2491 2067 2546 omni
2123 2490 2408 2565 affectione
2454 2494 2661 2554 Christi
2716 2499 2773 2555 in
2815 2502 3086 2561 cbaritate
3122 2506 3504 2575 amplectende

1919 2583 2124 2656 inclyto
2146 2585 2371 2645 ALVABO
2402 2589 2760 2651 Srsnusoso.

1990 2676 2041 2729 1.
2083 2674 2221 2730 Dum
2260 2694 2291 2732 a
2321 2679 2759 2739 tribulationibus
2797 2686 3159 2746 validissimus
3199 2704 3374 2748 essem
3419 2692 3509 2748 ni-

1921 2766 2090 2822 mium
2119 2778 2439 2840 occupatus,
2470 2782 2529 2828 et
2557 2790 2713 2831 mens
2737 2792 2855 2835 mea
2880 2788 3135 2839 extuaret
3153 2783 3237 2839 vel
3269 2785 3504 2850 animus,

1920 2872 1983 2913 ac
2007 2858 2208 2929 jaculis
2235 2862 2553 2921 aemulorum
2587 2866 2856 2935 inretitus,
2895 2872 3125 2944 telisque
3151 2877 3437 2935 confossus
3471 2878 3503 2921 τι

1920 2952 2163 3009 sederem
2208 2970 2239 3010 a
2279 2957 2599 3021 vulneribus
2636 2964 2915 3023 taediorum
2964 2972 3271 3038 sauciatus,
3309 2983 3364 3031 et
3406 2975 3507 3031 llu-

1919 3055 2133 3106 ctuaret
2174 3060 2234 3106 ut
2284 3053 2439 3108 navis
2478 3054 2622 3111 inter
2670 3058 2838 3114 maris
2882 3063 3124 3133 gurgites
3166 3067 3393 3137 spiritus
3437 3066 3513 3124 ab

1920 3141 2283 3199 amaritudine
2309 3144 2735 3217 circumseptus;
2769 3151 2948 3211 subito
2976 3156 3199 3225 gerulus
3227 3167 3409 3216 vester
3436 3160 3506 3216 ad

218 3259 324 3306 teat
349 3265 447 3307 nos
478 3262 581 3301 non
603 3243 878 3315 confundit
918 3240 1091 3314 (Rom.
1132 3256 1187 3306 v,
1226 3241 1303 3308 3).
1338 3238 1568 3309 Ideoque
1589 3252 1817 3292 venera-
1845 3228 1891 3293 C
1923 3246 2009 3286 mc
2040 3232 2317 3303 ingressus
2351 3234 2655 3295 litterarum
2688 3241 2819 3297 mihi
2850 3242 3041 3303 detulit
3082 3263 3296 3306 munus.
3331 3251 3505 3322 Ipsam

217 3342 353 3399 bilis
384 3339 568 3405 Pater,
596 3347 652 3394 et
704 3337 945 3393 omnium
995 3335 1339 3391 sacerdotum
1389 3333 1592 3402 optime
1643 3323 1814 3392 saCer,

220 3433 333 3489 noli
367 3433 437 3491 ob
467 3430 874 3495 tribulationum
905 3426 1219 3483 discrimina
1266 3424 1534 3495 postulata
1566 3423 1816 3486 reticere,

217 3527 315 3583 sed
345 3524 606 3583 clientulo
633 3523 858 3594 quaesita
888 3520 1108 3594 largire,
1140 3520 1267 3590 quia
1300 3533 1490 3575 manus
1524 3518 1646 3573 inde
1683 3517 1816 3570 dan-

224 3620 295 3675 do
365 3628 613 3689 augetur,
679 3624 736 3672 et
787 3614 1038 3686 negando
1089 3612 1368 3667 minuitur.
1428 3610 1693 3667 Instruxit
1736 3622 1821 3664 me

218 3712 425 3785 quippe
458 3705 955 3781 Moyseslegiferus,
980 3703 1110 3761 dum
1131 3701 1248 3772 ejus
1270 3703 1479 3758 intonat
1509 3700 1816 3772 eloquium:

222 3805 511 3872 Interroga
560 3809 762 3872 patrem
793 3808 964 3861 tuum,
1004 3805 1049 3850 et
1085 3794 1218 3849 dicet
1247 3792 1373 3857 tibi;
1402 3793 1633 3847 seniores
1682 3800 1819 3853 tuos,

218 3905 268 3950 et
312 3890 710 3951 amcantiabunt
755 3888 847 3942 tibi
901 3886 1100 3957 (Deut.
1162 3899 1346 3949 χχιιι,
1403 3882 1518 3953 7):
1577 3891 1633 3937 et
1695 3880 1821 3951 quia

219 3983 533 4056 spiritalem
592 3990 647 4036 te
694 3979 873 4037 recolo
910 3979 1127 4034 Patrem
1154 4018 1169 4043 ,
1207 3977 1330 4032 ideo
1376 3974 1673 4047 spiritalem
1725 3974 1823 4029 im-

225 4088 396 4149 petra
420 4089 599 4147 opem.
655 4071 874 4128 Scilicet
896 4072 1019 4142 quia
1080 4070 1303 4126 haeresis
1355 4068 1443 4122 illa
1494 4083 1655 4138 quam
1710 4081 1827 4123 mea

220 4169 392 4225 vobis
431 4167 538 4238 iam
590 4165 789 4222 dudum
849 4163 1141 4219 insinuavit
1194 4162 1409 4226 inertia,
1473 4160 1569 4217 Dei
1624 4159 1830 4217 lacerat

220 4260 561 4324 Ecclesium,
608 4268 663 4314 et
701 4273 799 4330 per
840 4256 1195 4312 assertionem
1246 4253 1504 4310 ltehalem
1553 4262 1827 4311 catervam

218 4363 351 4428 post
384 4369 444 4409 se
487 4352 659 4407 trahit
683 4351 751 4405 ad
782 4359 1051 4405 mortem:
1094 4347 1421 4419 quia,juxta
1467 4345 1709 4415 Apostoli
1752 4345 1829 4400 di-

219 4458 418 4508 ctum.
452 4443 648 4500 Sermo
695 4442 1075 4499 lnereticorum
1119 4450 1175 4494 ut
1228 4455 1415 4496 cancer
1461 4439 1618 4511 serpit
1666 4438 1828 4493 corda

218 4537 520 4596 humilium
545 4534 630 4608 (ΙΙ
658 4533 790 4593 Tim.
817 4549 857 4589 ιι
882 4574 897 4598 ,
928 4533 1039 4604 I7),
1066 4532 1391 4602 praesertim,
1426 4534 1550 4602 quia
1580 4545 1828 4585 venenum

1921 3338 2052 3379 vero
2074 3325 2334 3396 scriptam
2358 3330 2571 3386 concito
2600 3332 2841 3405 perlegi,
2863 3343 2924 3395 et
2950 3337 3163 3407 eloquia
3192 3344 3507 3403 serenitatis

1920 3422 2117 3469 vestra:
2155 3416 2300 3474 illico
2341 3422 2569 3492 agnovi,
2601 3426 2863 3484 continuo
2908 3436 2970 3485 ut
2996 3430 3118 3488 luce
3147 3434 3387 3494 clariora
3422 3453 3507 3494 re-

1922 3503 2275 3573 splenderunt
2313 3508 2423 3579 jam
2472 3527 2610 3582 pene
2638 3526 2875 3583 mortuo,
2898 3527 2958 3575 et
2991 3536 3116 3578 mox
3162 3525 3390 3582 interior
3418 3528 3511 3583 ille

1922 3598 2216 3656 suscitatus
2236 3610 2319 3658 est
2348 3603 2529 3660 homo.
2560 3606 2709 3677 Coepi
2736 3611 2859 3680 quis
2890 3627 3068 3673 essem
3103 3615 3508 3688 obstupefactus

1923 3689 2145 3758 intueri,
2174 3702 2267 3747 aut
2288 3695 2411 3765 quis
2431 3706 2575 3753 esset
2611 3715 2707 3769 per
2724 3715 2887 3771 quem
2918 3705 3044 3763 talis
3064 3718 3123 3765 ut
3157 3725 3307 3767 eram
3330 3727 3503 3769 ntere—

1923 3796 2015 3836 rer
2056 3784 2331 3852 suscitari,
2366 3787 2451 3869 vel
2491 3804 2591 3859 pro
2637 3801 2746 3849 tam
2791 3794 3184 3857 diliiciliorihus
3221 3817 3289 3858 ex
3333 3806 3504 3861 sacris

1925 3870 2223 3944 Scripturis
2267 3877 2659 3947 quaestionibus
2710 3884 3023 3955 sciscitari;
3069 3888 3403 3952 duuiaiunc
3435 3891 3503 3953 'in

1926 3972 2169 4035 tempore
2207 3982 2312 4025 non
2361 3970 2427 4025 ad
2464 3970 2566 4027 hoc
2594 3975 2857 4040 nonnulli,
2907 3979 3001 4035 sed
3044 3981 3101 4041 in
3141 3983 3505 4045 locationibus

1925 4056 2227 4129 vulgalibus
2272 4060 2480 4117 malunt
2524 4062 2844 4131 immorari.
2896 4086 3002 4126 non
3056 4077 3399 4137 attendentes
3437 4080 3505 4135 ad

1926 4147 2077 4204 illum
2102 4149 2314 4206 Domini
2344 4153 2543 4209 dictum
2570 4173 2583 4209 :
2619 4154 2804 4226 Omne,
2834 4161 3030 4232 inquit,
3055 4166 3264 4222 verbum
3286 4145 3510 4227 otiosum

1927 4240 2067 4311 quod
2096 4240 2258 4297 locuti
2290 4244 2485 4314 fuerint
2517 4247 2784 4316 homines,
2817 4254 3034 4311 reddent
3065 4258 3128 4313 de
3159 4275 3220 4314 eo
3250 4263 3507 4318 rationem

1928 4332 1983 4387 in
2009 4333 2094 4388 die
2112 4334 2305 4403 judicii
2345 4336 2561 4409 (Matth.
2603 4357 2705 4408 xu,
2731 4343 2843 4417 56).
2875 4348 2984 4404 Aut
3017 4350 3069 4404 in
3101 4367 3322 4416 suorum
3352 4356 3555 4415 soda-.-

1930 4423 2061 4481 lium
2092 4427 2515 4487 detractionibus
2540 4432 2727 4490 volunt
2754 4437 2991 4509 linguam
3020 4445 3264 4509 extendi,
3292 4462 3395 4501 non
3427 4463 3510 4501 re-

1932 4518 2286 4577 miniscentes
2322 4523 2452 4580 illud
2495 4541 2707 4583 sacrum
2749 4530 3099 4602 Evangelium
3144 4556 3156 4590 :
3209 4536 3513 4603 Festucam,

219 4594 482 4701 agnuam
526 4594 620 4681 s‘ub
647 4624 800 4679 labiis
853 4594 1036 4680 ὧν,ηῶ
1069 4594 1254 4697 ’(Ρδαι.
1286 4594 1412 4688 nn"
1443 4594 1527 4695 35).
1561 4622 1643 4679 οι)
1669 4622 1829 4693 huius
1859 4594 1909 4655 D
1932 4607 2125 4679 inquit,
2158 4610 2212 4665 in
2238 4613 2388 4668 oculo
2433 4613 2615 4684 fratris
2640 4619 2717 4672 tui
2754 4594 2991 4687 videsIet
3033 4628 3233 4682 trabem
3276 4629 3328 4685 in
3356 4594 3516 4687 corde

220 4724 304 4779 rei
337 4734 568 4777 causam
597 4727 772 4773 vestra
804 4714 1117 4787 ﬂagitamus
1156 4714 1354 4770 auxilia
1384 4725 1438 4771 et
1477 4714 1705 4771 subsidii
1736 4713 1830 4767 ad-

220 4816 522 4880 minicula,
551 4814 783 4885 qualiter
823 4813 1048 4869 haeresis
1092 4828 1280 4868 eorum
1332 4809 1592 4867 nebulosa
1638 4818 1695 4864 et
1750 4810 1831 4889 in-

220 4912 426 4975 fanda,
458 4909 701 4981 potentia
754 4906 969 4964 cmlitus
1012 4914 1223 4977 pereat,
1272 4914 1329 4960 et
1374 4919 1584 4978 sponsa:
1630 4902 1829 4959 Christi

222 5001 550 5061 clarissima
596 5001 791 5079 dogma
828 5014 926 5070 per
973 5012 1069 5052 vos
1120 4996 1330 5067 fulgens
1376 4996 1597 5053 eniteat.
1635 4997 1832 5053 Eorum

223 5111 370 5154 vero
400 5093 773 5167 oppositiones
801 5091 903 5149 illae
926 5100 1074 5157 sunt,
1103 5105 1223 5161 qua?
1250 5091 1403 5145 vobis
1419 5089 1533 5159 jam
1565 5106 1594 5144 a
1627 5104 1712 5145 me
1753 5089 1831 5145 in-

188 5191 451 5273 stimatae
480 5193 629 5251 sunt.

302 5281 367 5336 2.
432 5278 605 5349 Caput
656 5288 837 5334 autem
881 5278 1123 5348 ipsorum
1175 5274 1627 5346 nequissimorum
1656 5310 1659 5311 ν
1690 5274 1834 5344 quod

223 5373 385 5429 falce
411 5371 482 5427 sit
509 5369 758 5426 veritatis
791 5369 1165 5433 resecandum,
1206 5366 1334 5421 illud
1374 5374 1456 5421 est
1490 5384 1502 5419 :
1533 5366 1673 5434 quod
1711 5365 1833 5418 Tri-

224 5466 459 5525 num'in
493 5465 701 5520 unitate
743 5472 797 5521 ct
826 5479 989 5519 unum
1022 5464 1073 5519 in
1116 5460 1379 5515 Triuitate
1423 5476 1525 5515 non
1568 5459 1834 5513 credunt:

222 5559 636 5634 {zophetarnm
682 5558 826 5613 dicta
878 5563 1130 5621 renuunt,
1164 5555 1443 5611 doctorum
1485 5553 1678 5623 dogma
1708 5551 1839 5622 reji-

311 5707 343 5737 ει
394 5690 517 5757 its,
564 5691 804 5746 ualida...
840 5666 1111 5743 destina...
1167 5687 1240 5739 De
1287 5701 1419 5741 voce
1465 5683 1669 5739 destina
1718 5684 1842 5739 vide

227 5764 615 5833 supraiepist.
648 5761 702 5825 ι,
735 5778 885 5816 num.
917 5760 1050 5823 7,.in
1082 5759 1171 5811 lin.

316 5836 349 5875 ι)
397 5832 513 5896 Μθζ,
558 5832 841 5903 eloquium.

1932 4713 2022 4757 tuo
2058 4720 2161 4759 non
2191 4708 2493 4763 consideras
2522 4708 2737 4781 (Matth.
2766 4729 2858 4777 vu,
2892 4715 2966 4784 5).
2998 4717 3072 4773 Ea
3104 4735 3235 4775 vero
3259 4738 3379 4790 qum
3411 4742 3510 4779 uo-

1932 4794 2048 4850 civa
2080 4805 2223 4859 sunt.
2270 4807 2325 4853 et
2375 4799 2576 4856 inimici
2609 4804 2679 4859 ob
2722 4805 3107 4864 detrimentum
3146 4810 3332 4868 fratris
3369 4814 3512 4885 iuge.

1933 4895 2083 4952 runt,
2111 4889 2351 4945 nonnulli
2379 4890 2522 4947 illico
2552 4895 2798 4961 credunt,
2827 4906 2881 4951 et
2914 4898 3211 4958 Psalmistae
3240 4904 3514 4975 eloquium

1935 4992 2041 5033 non
2105 4980 2350 5037 recolunt
2396 4999 2409 5037 :
2480 4981 2647 5041 Verba
2702 4987 2903 5045 inimici
2954 4990 3203 5062 iniquitas
3263 5005 3310 5055 et
3360 4996 3513 5051 dolus

1940 5069 2056 5143 (Ps.
2087 5088 2248 5138 xxxv,
2292 5075 2371 5146 4).
2412 5076 2531 5148 Ipsa
2557 5094 2687 5135 vero
2734 5081 3076 5141 inimicorum
3110 5085 3361 5159 ﬁgmenta
3393 5105 3520 5149 mox

1941 5164 2040 5234 ipsi
2071 5167 2334 5223 ventilant
2363 5170 2671 5236 auditores,
2699 5172 2904 5230 etaliis
2930 5190 2992 5230 ea
3030 5177 3222 5234 iterum
3253 5180 3307 5237 in
3335 5182 3515 5238 detra-

1942 5257 2121 5312 ctione
2152 5257 2336 5314 fratris
2365 5274 2644 5333 exponunt
2670 5266 3011 5335 insultantes,
3048 5274 3317 5345 verbaque
3342 5278 3516 5333 sancti

1940 5349 2180 5420 Apostoli
2210 5362 2328 5421 post
2357 5363 2565 5426 tergum
2595 5356 2901 5426 rejicientes
2946 5381 2958 5416 :
3010 5362 3111 5429 Qui
3139 5365 3363 5422 detrahit
3389 5409 3404 5431 ,
3438 5369 3519 5425 in-

1943 5446 2078 5515 quit,
2107 5445 2283 5516 fratri,
2317 5457 2364 5502 et
2380 5447 2587 5517 judicat
2619 5450 2862 5521 fratrem,
2889 5456 3117 5511 detrahit
3138 5457 3326 5529 legem,
3355 5470 3400 5514 et
3421 5460 3518 5531 ju-

1945 5538 2083 5591 dirat
2118 5538 2280 5609 legem
2311 5540 2449 5603 (Jac.
2478 5558 2547 5605 tv,
2578 5543 2686 5609 il).
2718 5544 2761 5599 Α
2789 5547 2986 5604 talibus
3010 5551 3151 5604 enim
3179 5552 3394 5607 casibus
3417 5567 3521 5619 nos

2018 5686 2039 5754 ξ
2079 5675 2301 5754 Supple,
2350 5693 2610 5754 oppugnes
2661 5681 2742 5737 vel
2772 5686 2898 5754 quid
2928 5686 3121 5742 simile.

2014 5746 2037 5783 ἀ
2095 5745 2213 5810 Ms,
2240 5745 2560 5832 inredditus,
2580 5745 2802 5826 telisque
2818 5757 3105 5827 confossos.

2822 6015 2893 6037 ru
