4034 6350
441 1286 459 1331 ἐ

438 1335 465 1409 ξ

434 1546 453 1557 ,.

433 1565 451 1629 3.

432 1636 458 1711 ξ.

437 1736 445 1757 ῗ¹

553 368 666 428 ωδ

1825 369 2086 429 ALVARI
2121 370 2597 432 CORDUBENSIS
3697 384 3777 444 ιιι

558 480 765 540 σοιενιο
792 477 1051 536 convenit
1083 476 1423 544 abstrahere,
1467 492 1535 533 ne
1572 490 1764 537 vocem
1793 478 2009 539 Domini
2053 480 2152 555 per
2179 491 2228 552 Α
2257 501 2345 543 me
2370 499 2507 558 pene
2544 484 2729 541 multis
2761 485 2934 542 modis
2977 486 3234 543 contrivit
3269 487 3446 543 saeculi
3478 487 3621 559 hujus
3652 508 3775 553 acer.

559 569 852 629 Joremiam
882 570 1199 643 prophetam
1228 569 1384 626 nobis
1413 570 1624 627 intonet
1648 571 1793 629 clare
1822 588 1839 628 :
1873 575 2084 630 Attendi
2101 585 2155 630 et

563 665 874 730 auscultavi,
901 663 1029 718 dicit
1071 663 1327 718 Dominus
1353 676 1371 716 :
1403 681 1554 719 nemo
1580 666 1719 736 quod
1746 666 1939 721 bonum
1965 678 2041 722 est
2077 667 2157 723 lo-

562 758 760 831 quitur,
790 757 967 812 nullus
996 766 1071 812 est
1103 758 1192 829 qui
1228 767 1352 829 agat
1374 759 1730 829 paenitentiam
1758 776 1917 831 super
1943 772 2154 830 peccato

559 870 660 909 suo
688 851 821 925 (Jer.
852 868 970 915 vnt,
997 852 1075 924 6).
1102 850 1258 908 Unde
1289 862 1535 910 nostrum
1578 854 1834 929 omnibus
1863 856 2153 912 momentis

562 945 996 1017 contemplantes
1041 945 1318 1010 delictum.
1363 955 1420 1002 et
1469 946 1844 1017 praestolantes
1889 948 2156 1002 universis

559 1036 764 1108 prioris
790 1036 920 1100 vitae
944 1044 1141 1092 nostra:
1164 1037 1476 1097 terminum.
1509 1038 1882 1108 compassione
1912 1038 2153 1109 piissimo

557 1141 661 1199 pro
695 1125 882 1182 fratris
929 1127 1080 1198 lapsu
1114 1125 1347 1183 ﬂebilem
1391 1129 1651 1185 debemus
1692 1130 1954 1184 exhibere
1984 1130 2156 1201 gemi-

557 1226 700 1284 tum,
725 1228 780 1274 et
807 1218 936 1275 illud
966 1218 1188 1291 implere
1214 1236 1278 1276 ac
1308 1220 1558 1292 proferre
1584 1221 1943 1292 aposmlicum
1972 1239 1985 1275 :
2020 1222 2151 1288 Quis

557 1310 888 1380 inﬁrmatur,
912 1319 962 1365 et
985 1327 1080 1382 ego
1111 1328 1215 1367 non
1246 1311 1531 1381 inﬁrmor?
1566 1312 1697 1379 Quis
1733 1312 2149 1379 scandalizatur,

555 1413 609 1460 et
648 1421 743 1477 ego
774 1423 879 1461 non
922 1407 1091 1461 uror?
1126 1405 1212 1479 (ll
1254 1405 1378 1461 Cor.
1411 1422 1488 1473 χι,
1515 1405 1630 1477 29.)
1681 1406 1797 1463 Non
1830 1422 1960 1479 ergo
1992 1405 2165 1463 facile

556 1496 1032 1563 est‘credendntn,
1060 1499 1185 1554 dum
1209 1499 1334 1570 quis
1363 1515 1486 1555 cum
1522 1500 1699 1555 verbis
1739 1498 2020 1555 maledicis
2057 1515 2153 1553 au-

554 1587 712 1643 ribus
738 1588 1035 1645 insonuerit
1078 1590 1303 1655 nostris,
1354 1590 1458 1646 nisi
1483 1589 1861 1647 ante'utiliter
1891 1590 2152 1646 discussis

555 1690 614 1738 et
642 1679 874 1739 ﬁdeliter
915 1682 1141 1754 agnitis,
1171 1682 1479 1754 exemplum
1525 1683 1789 1738 habentes
1819 1681 1874 1737 in
1916 1681 2002 1738 his
2030 1697 2152 1753 quae

556 1772 819 1830 Dominus
843 1774 1056 1831 locutus
1083 1784 1168 1832 est
1207 1775 1428 1831 verbis:
1470 1772 1684 1831 Clamor
1714 1774 2066 1831 Sodomorum
2098 1788 2149 1832 et

2263 582 2427 636 vitas.
2461 578 2569 635 Sed
2614 579 2742 650 quia
2776 580 2843 635 ad
2870 580 2974 636 hoc
2998 595 3133 651 opus
3161 596 3260 637 vos
3300 580 3450 637 valde
3470 583 3697 653 sollicitis,
3730 601 3775 648 nt

2261 689 2387 730 reor
2412 690 2516 729 non
2544 673 2613 728 ab
2642 672 2785 728 aliud
2814 673 3087 744 expetitis,
3115 674 3217 729 nisi
3247 682 3307 729 ut
3343 675 3652 733 credulitatis
3676 698 3778 741 mea

2262 754 2470 818 textum
2512 778 2810 835 agnoscere
2857 762 3105 819 valeatis.
3154 764 3264 836 Ego
3299 779 3424 820 vero
3464 767 3705 827 lmmiliter
3732 788 3779 829 ea

2259 854 2530 927 proferam
2560 872 2681 926 qua:
2719 855 2912 918 credo,
2947 864 3110 928 atque
3153 857 3468 927 simpliciter
3490 876 3707 917 enarrem
3738 866 3779 922 in

2258 947 2650 1017 quaestionibus
2679 947 2967 1003 sciscitatis
2999 963 3120 1019 quae
3162 949 3358 1004 sentio.
3398 948 3643 1021 Quidquid
3669 957 3779 1013 enim

2258 1038 2463 1108 absque
2491 1053 2683 1093 norma
2715 1038 2960 1094 veritatis
2988 1039 3282 1109 paternitas
3315 1039 3503 1096 ibidem
3529 1058 3775 1114 put-seuse-

2260 1127 2332 1182 rit
2360 1127 2544 1183 domui
2572 1128 2767 1191 nostri,
2808 1128 2973 1184 vestri
3013 1129 3310 1201 genitoris,
3356 1147 3472 1187 mox
3504 1132 3617 1190 illud
3641 1152 3783 1194 emeao

2258 1220 2347 1274 det
2376 1219 2636 1275 velocitas
2659 1220 2974 1292 scriptoris:
3001 1231 3054 1277 et
3085 1238 3172 1278 me
3201 1224 3397 1279 iterum
3424 1225 3555 1281 clam
3579 1227 3780 1296 instruat,

2256 1319 2317 1365 ut
2342 1311 2470 1366 olim
2499 1309 2629 1366 fecit
2667 1311 2836 1375 alios,
2876 1312 3048 1383 gratia
3089 1315 3260 1370 vestri
3310 1316 3523 1373 honoris
3560 1336 3572 1372 :
3610 1329 3658 1375 et
3678 1320 3782 1377 celet

2257 1403 2486 1459 inscium
2517 1413 2679 1475 atque
2711 1404 2958 1477 ignarum
2996 1415 3180 1462 vestra
3207 1408 3424 1464 solertia
3449 1412 3633 1475 cordis,
3660 1413 3719 1467 ita
3739 1422 3781 1468 ut

2255 1514 2500 1555 errorem
2534 1514 2691 1555 nemo
2715 1501 2919 1556 sentiat
2946 1500 3079 1558 foris
3114 1521 3128 1557 :
3162 1503 3292 1573 quia
3322 1504 3389 1559 ad
3415 1504 3777 1571 emendandum,

2254 1590 2341 1645 vel
2365 1592 2712 1657 demendum,
2738 1602 2901 1663 atque
2930 1594 3266 1660 addendum,
3309 1595 3598 1653 celsitudini
3632 1609 3781 1653 vestra

2255 1693 2340 1740 εει
2366 1683 2716 1740 destinatum.
2748 1684 2889 1741 Ecce
2911 1693 2969 1740 ut
2989 1685 3058 1741 ab
3084 1687 3405 1743 excellentia
3434 1697 3598 1745 vestra
3621 1688 3782 1746 exstitit

2256 1776 2613 1848 imperatum,
2652 1786 2711 1833 ut
2745 1777 2889 1832 valui
2928 1778 3162 1850 persolvi
3189 1779 3479 1836 clientulns
3502 1779 3781 1835 famulatum.

556 1862 866 1920 Gomorrlta:
897 1865 1306 1937 multiplicatum
1341 1875 1450 1929 est,
1479 1875 1526 1920 et
1550 1876 1821 1937 peccatum
1848 1883 2028 1921 eorum
2059 1884 2152 1938 ag—
2180 1868 2228 1929 B
2257 1865 2363 1923 Sed
2403 1866 2772 1939 Oppositiones
2818 1868 2942 1934 illae,
2983 1884 3103 1940 qua:
3146 1879 3279 1924 sunt
3313 1870 3364 1925 in
3402 1869 3608 1941 epistola
3643 1879 3780 1926 vestra

553 1967 830 2029 gravatum
856 1967 932 2012 est
960 1959 1135 2013 nimis.
1175 1957 1500 2012 Descendam
1522 1958 1711 2029 igitur,
1741 1969 1789 2012 et
1824 1958 2004 2013 videbo
2041 1958 2151 2014 cla-

552 2066 753 2107 morem
775 2051 864 2123 qui
890 2052 1023 2107 venit
1055 2051 1124 2105 ad
1165 2068 1268 2117 me,
1295 2067 1448 2123 opere
1477 2049 1846 2123 compleverint
1888 2068 1908 2106 :
1951 2069 2019 2106 au
2046 2068 2150 2107 non

552 2154 628 2199 est
654 2145 752 2210 ita,
784 2155 840 2198 ut
861 2145 1027 2200 sciam
1051 2143 1204 2217 (Gen.
1238 2160 1395 2211 xvm,
1422 2144 1539 2216 20).
1568 2143 1927 2217 Omnipotens
1961 2144 2146 2201 Domi-

550 2253 677 2304 nus,
713 2239 1005 2311 omniaque
1029 2239 1230 2304 sciens,
1277 2253 1377 2294 cur
1413 2224 1540 2294 ante
1584 2239 1959 2311 probationem
1990 2240 2148 2311 quasi

448 2326 455 2331 “
551 2330 788 2398 dubitat,
819 2332 924 2387 nisi
948 2342 1003 2388 et
1029 2332 1314 2404 gravitatis
1341 2332 1496 2388 nobis
1522 2332 1829 2404 exemplum
1855 2341 2143 2405 proponat,

548 2439 621 2480 ne
648 2423 786 2479 mala
817 2424 1090 2481 hominem
1132 2434 1259 2480 ante
1286 2439 1682 2495 praesumamus
1719 2425 1946 2481 credere
1984 2441 2145 2495 quam

544 2520 803 2593 probare.
851 2521 919 2577 Et
964 2521 1086 2578 ideo
1119 2521 1197 2575 ait
1230 2538 1244 2575 :
1284 2519 1613 2575 Descendam
1656 2530 1703 2574 et
1735 2519 1937 2586 videbo,
1971 2530 2144 2574 utrum

547 2611 831 2669 clamorem
852 2615 943 2686 qui
965 2615 1101 2669 venit
1123 2612 1194 2668 ad
1216 2629 1318 2680 me,
1343 2629 1496 2684 opere
1517 2611 1881 2683 compleverint
1907 2625 1925 2663 :
1948 2629 2020 2667 an
2042 2629 2147 2668 non

546 2715 624 2761 est
650 2706 748 2771 ita,
772 2715 830 2761 ut
859 2707 1048 2762 sciam.

617 2797 675 2855 2.
718 2798 828 2856 Sed
871 2799 989 2855 haec
1027 2807 1223 2854 cuncta
1263 2812 1383 2868 qua:
1410 2813 1509 2870 per
1544 2796 1930 2855 contritionem
1962 2794 2146 2852 cordis

544 2890 763 2948 locutus
788 2908 937 2956 sum,
972 2892 1223 2948 omittam
1267 2906 1283 2945 :
1330 2899 1385 2946 et
1411 2878 1509 2946 adi

462 3002 467 3005 '
545 2984 716 3042 lentia
741 2985 916 3055 poscit
940 2992 1233 3040 revertam.
1282 2984 1419 3051 Quis
1448 2983 1592 3039 enim
1636 2983 1689 3037 iu
1724 2991 1831 3037 tam
1873 2980 2146 3037 inelTabile

545 3077 631 3135 rei
664 3077 938 3149 negotium
960 3075 1252 3148 quodpiam
1280 3074 1410 3146 quid
1433 3072 1532 3127 fari
1556 3074 1771 3137 audeat,
1801 3088 1923 3129 enm
1949 3072 2142 3128 beatus

545 3167 914 3241 Hieronymus
938 3166 1083 3222 dicat
1110 3182 1123 3219 :
1154 3162 1549 3221 lnenarrahilia
1573 3172 1699 3220 sunt
1734 3163 2027 3220 Dominicze
2055 3164 2141 3219 in-

1330 2899 1385 2946 et
1411 2891 1478 2946 ad
1506 2907 1568 2947 ea
1603 2907 1724 2962 quae
1750 2899 1933 2947 vestra
1962 2889 2146 2946 cxcel-
2176 2900 2179 2903 '

2256 1967 2452 2015 taxataa
2483 1978 2496 2014 :
2535 1975 2630 2016 eas
2657 1961 3001 2016 subnomine
3036 1962 3332 2019 assertoris
3366 1960 3625 2017 exaraudo
3662 1960 3780 2015 indu-

2253 2066 2397 2116 cam,
2425 2060 2481 2107 et
2508 2059 2657 2107 textu
2685 2060 2867 2107 vestro
2892 2063 3211 2108 sanctarum
3248 2051 3633 2125 Scripturarum
3667 2050 3781 2107 testi-

2252 2144 2430 2201 monia
2475 2146 2801 2217 producam,
2840 2154 3046 2204 etcum
3083 2149 3374 2205 doctorum
3411 2148 3574 2210 dicta,
3602 2145 3779 2216 utquiI

2252 2234 2385 2295 vero
2409 2248 2686 2296 conectam
2715 2254 2837 2311 quae
2861 2241 3242 2312 respondendo
3262 2240 3611 2298 conscribam.
3646 2236 3773 2293 Finit.

3000 2375 3095 2432 IX.

2322 2506 2452 2546 ιτειι
2490 2492 2754 2549 ens-rock
2791 2507 2990 2547 uvam
3028 2508 3253 2550 unusne
3287 2508 3484 2550 uentco
3516 2506 3732 2551 ntnrcrt.

2322 2603 2689 2660 Serenissimo
2710 2605 2952 2661 omnium
2980 2606 3380 2665 catholicorum
3398 2624 3597 2665 summo
3614 2606 3783 2664 domino

2251 2712 2376 2753 meo
2403 2697 2635 2755 ROIIANO
2669 2699 2949 2756 ALVARUS.

2320 2794 2375 2848 1.
2430 2792 2781 2849 Anteriornm
2830 2811 3117 2862 meorum,
3177 2799 3525 2856 serenissime
3577 2796 3778 2861 domine,

2247 2898 2376 2955 erga
2410 2898 2505 2939 vos
2553 2883 2897 2941 amicabilem
2929 2886 3275 2944 dulcedinem
3315 2889 3571 2956 recolens,
3609 2898 3656 2944 et
3683 2884 3781 2941 ade-

2248 2984 2395 3031 ctntn
2437 2975 2622 3049 gloria:
2675 2989 2869 3033 vestra:
2912 2978 2966 3034 in
2997 2980 3203 3036 nostris
3232 2981 3674 3053 compassionibus
3695 2977 3811 3067 vul-1

2247 3068 2471 3125 neribus
2500 3070 2550 3137 ιι,
2581 3071 2880 3142 saepissime
2909 3074 3300 3145 comprobans,
3330 3077 3431 3132 hos
3481 3074 3665 3130 inertiae
3681 3084 3781 3126 mea

2249 3162 2527 3217 conticuos
2558 3173 2580 3202 ε
2611 3163 2795 3234 apices
2825 3164 3028 3220 inculto
3074 3180 3335 3224 sermone
3362 3167 3606 3239 digestos,
3630 3174 3677 3219 et
3706 3163 3781 3217 im-

545 3263 882 3322 carnationis
904 3260 1182 3333 mysteria,
1210 3268 1267 3315 et
1292 3258 1548 3315 navitatis
1570 3258 1688 3329 ejus
1713 3266 2139 3314 sacramentum.
2170 3259 2216 3323 ο
2249 3254 2421 3324 polito
2470 3263 2619 3311 textu
2671 3254 2972 3321 confectos,
3028 3267 3229 3314 vestra:
3278 3259 3489 3316 decrevi
3535 3254 3783 3331 pratsenlife

543 3360 619 3417 Et
642 3359 768 3416 ideo
792 3373 896 3414 non
928 3364 1191 3428 quantum
1219 3353 1334 3425 ipsa
1364 3352 1619 3408 nativitas
1640 3360 1726 3408 est
1749 3353 2002 3408 intimare
2041 3368 2137 3408 cu-

544 3465 754 3513 ramus,
780 3448 877 3505 sed
907 3455 1166 3520 quantum
1198 3460 1297 3516 per
1322 3457 1629 3500 sermonem
1654 3443 1964 3514 exprimere
1990 3442 2138 3498 vale-

542 3558 687 3600 mus.
721 3541 923 3598 Verum
962 3548 1227 3610 quantum
1272 3536 1387 3607 ipsa
1412 3535 1669 3591 nativitas
1695 3543 1799 3602 est,
1834 3551 1938 3590 non
1966 3534 2138 3590 solum

543 3637 822 3708 explicare
851 3650 958 3691 non
996 3646 1316 3704 possumus,
1352 3629 1447 3686 sed
1477 3644 1578 3686 nec
1622 3628 1726 3701 ipsi
1765 3628 1941 3684 sancti
1976 3644 2140 3683 evan-

543 3731 753 3802 gelista:
780 3727 938 3799 plene
964 3726 1147 3781 dicere
1180 3731 1492 3795 potuerunt.
1531 3723 1599 3778 Et
1627 3722 1672 3778 si
1705 3721 1878 3778 sancti
1908 3736 2141 3794 evange-

544 3820 704 3883 listae,
737 3819 832 3890 qui
879 3825 1069 3888 sancto
1091 3815 1279 3887 utique
1322 3813 1528 3885 Spiritu
1561 3812 1747 3881 alllati,
1777 3813 1956 3868 dicere
1983 3812 2140 3882 plene

544 3912 936 3983 nequiverunt,
964 3925 1030 3965 ex
1061 3910 1177 3979 ipso
1203 3907 1347 3978 quod
1376 3906 1478 3963 sttb
1509 3906 1667 3978 pleno
1695 3905 1748 3960 in
1773 3905 1926 3961 libris
1959 3904 2137 3959 Evan-

546 4004 811 4078 geliorum
859 4003 1290 4066 adnotaverunt,
1345 3998 1540 4054 melius
1591 4006 1676 4053 est
1712 3999 1942 4054 reticere
1976 4012 2139 4067 quam

547 4108 821 4159 asserere,
846 4102 904 4149 et
943 4101 1089 4146 recte
1120 4099 1179 4145 ut
1215 4091 1358 4146 dicta
1390 4097 1519 4145 sunt.
1545 4090 1787 4156 credere,
1810 4104 1973 4159 quam
2021 4102 2142 4157 per-

548 4187 845 4247 scrutaudo
892 4185 1089 4241 litteris
1129 4183 1334 4254 aliquid
1384 4180 1788 4247 commendare,
1840 4179 2140 4235 secundum

544 4281 877 4341 sententiam
908 4278 1149 4335 doctoris
1173 4291 1295 4345 qua:
1323 4274 1497 4346 pnsita
1537 4283 1622 4331 est
1647 4288 1792 4330 vere.
1830 4270 2138 4338 Credimus,

545 4375 759 4448 inquit,
786 4374 1003 4431 Patrem
1030 4380 1153 4427 cum
1187 4367 1343 4423 Prole
1371 4367 1513 4438 ejus,
1546 4377 1834 4437 ortumque
1872 4364 2138 4435 Spiritum

546 4468 775 4534 almum,
806 4466 860 4522 in
885 4463 1134 4539 personis
1163 4461 1387 4526 trinum,
1412 4460 1629 4516 deitatis
1649 4459 1921 4514 credimus
1950 4471 2135 4510 unum.

489 4608 497 4634 ,
546 4561 794 4634 Qualiter
823 4560 1062 4617 intactus
1090 4554 1360 4628 processit
1382 4551 1618 4622 Virginis
1648 4560 1858 4623 partus,
1882 4559 1977 4605 aut
2007 4564 2143 4620 qua-

493 4621 501 4724 ?
548 4621 673 4716 liter
700 4656 812 4730 pati
838 4653 1009 4711 voluit
1042 4621 1232 4714 natus,
1264 4650 1369 4705 hoc
1397 4621 1633 4703 tractare
1650 4621 1791 4700 nulli
1824 4645 2017 4709 liceat,
2047 4643 2144 4699 sed
2172 4621 2222 4683 Ῑ)

548 4750 774 4807 credere
811 4756 1041 4803 tantum.
1083 4742 1198 4799 Etsi
1224 4739 1541 4814 prohibetur
1587 4738 1690 4793 hoc
1730 4738 1987 4803 tractari,
2020 4734 2144 4805 quis

550 4843 760 4900 calamo
783 4842 1026 4900 scribere
1044 4853 1197 4911 ergo,
1216 4835 1301 4893 vel
1318 4834 1501 4907 lingua
1529 4833 1635 4890 hoc
1654 4832 1929 4905 quidpiam
1946 4831 2144 4887 audeat

550 4932 655 4991 fari
669 4934 695 4990 ἲ

542 5050 545 5065 τ
622 5024 678 5080 3.
718 5023 785 5081 Et
828 5025 957 5098 quia
999 5031 1191 5082 contra
1246 5022 1365 5079 [nec
1404 5019 1679 5093 capitula,
1722 5033 1842 5089 quae
1887 5018 2144 5074 adnotata

553 5124 681 5174 sunt
709 5114 767 5172 in
793 5115 1020 5187 epistola
1046 5123 1225 5171 vestra
1242 5155 1258 5179 ,
1288 5112 1597 5170 testimonia
1625 5127 1692 5168 ex
1724 5111 2144 5183 Evangeliorum

552 5216 612 5267 et
631 5207 1001 5281 apostolon
1027 5206 1184 5263 libris
1208 5206 1486 5278 exquiris,
1516 5220 1616 5276 pro
1644 5220 1834 5260 eorum
1865 5202 2146 5259 machina-

554 5302 797 5360 tionibus
842 5288 1203 5374 dissipandis,
1243 5309 1302 5356 et
1351 5299 1534 5357 dubiis
1575 5299 1762 5370 utique
1814 5296 2145 5354 validissime

552 5392 990 5459 conﬁrmandis;
1051 5391 1377 5449 eminentius
1426 5401 1604 5448 tamen
1651 5390 1704 5447 id
1751 5405 1913 5461 agere
1962 5398 2144 5445 vestra

553 5484 702 5544 valet
725 5484 1035 5557 benignitas
1058 5524 1075 5551 ,
1115 5499 1276 5556 quam
1303 5483 1451 5539 nulla
1484 5499 1719 5556 unquam
1756 5482 2033 5538 tribulatio
2060 5482 2147 5537 vel

554 5577 848 5637 mundialis
888 5575 1139 5649 fatigavit
1177 5575 1498 5633 adversitas.
1558 5576 1684 5632 ldeo
1738 5573 2037 5631 intellectui
2086 5588 2151 5629 ac

547 5674 744 5735 «usui
772 5682 958 5733 vestro
978 5687 1193 5730 summa
1227 5680 1515 5745 permanet
1543 5669 1857 5743 integritas;
1886 5668 2014 5742 quia
2033 5668 2147 5740 jam

629 5828 658 5890 9
685 5814 819 5890 με.
846 5832 976 5890 cum
1012 5799 1287 5871 doctorum
1309 5813 1692 5890 dictis,_atque.

627 5889 659 5932 δ
686 5881 816 5961 Lai.
838 5888 895 5944 in
920 5896 1211 5943 nostrorum
1245 5881 1602 5956 rompassione
1623 5881 1914 5938 vulnerum.

2253 3347 2623 3413 destinandos,
2678 3365 2777 3420 per
2817 3366 2954 3421 quos
3000 3359 3057 3407 et
3105 3353 3434 3409 charitatem
3482 3352 3781 3423 repriorarem

2251 3449 2454 3497 nostra:
2478 3442 2731 3509 miseriae,
2749 3452 2805 3499 et
2834 3443 3173 3501 invectiones
3193 3446 3620 3503 adversariorum
3639 3439 3782 3514 apolo-

2251 3535 2429 3605 getico
2466 3537 2810 3592 retunderem
2833 3552 2998 3609 opere
3025 3555 3039 3593 :
3069 3549 3264 3610 petens
3292 3540 3344 3595 in
3388 3539 3523 3609 prim
3541 3537 3637 3607 ipio
3660 3531 3782 3588 rusti-

2251 3629 2438 3686 citatis
2482 3639 2686 3687 nostrte
2737 3631 3003 3702 epistolae,
3051 3641 3112 3687 ut
3164 3632 3288 3689 lana
3348 3632 3485 3689 facie
3533 3639 3583 3688 et
3621 3624 3780 3701 placida

2250 3730 2431 3777 mente
2479 3722 2620 3778 servi
2656 3722 2730 3777 tui
2767 3722 2850 3777 vel
2902 3722 2997 3778 ﬁlii
3050 3725 3424 3796 sugcssionem
3487 3722 3710 3793 recipias,
3746 3723 3785 3770 et

2250 3828 2478 3884 quaeque
2524 3813 2725 3869 dixerit
2771 3815 3078 3871 rationabili
3139 3816 3301 3874 lance
3364 3828 3658 3890 perpenses.
3703 3807 3783 3864 Nec

2250 3903 2461 3959 aurium
2494 3904 2828 3962 celsitudinis
2853 3915 3049 3963 vestrae
3073 3908 3364 3980 gravitatis
3385 3908 3499 3979 lege
3522 3900 3781 3978 praecultum

2250 4009 2305 4054 et
2366 4000 2719 4056 moderantize
2788 4001 2995 4057 viribus
3059 4003 3440 4073 principaliter
3487 4004 3781 4074 peromalum

2250 4093 2490 4149 susurris
2518 4093 2725 4150 levibus
2766 4093 2849 4151 vel
2882 4078 3069 4150 vacuis
3117 4094 3246 4151 inde
3281 4096 3522 4152 collectis
3544 4099 3785 4153 reseresto

2248 4183 2490 4249 domine,
2537 4200 2858 4251 concavum,
2905 4202 2997 4252 ne,
3044 4187 3188 4257 quod
3228 4188 3393 4253 absit,
3428 4183 3661 4242 falsitatis
3686 4193 3785 4235 con-

2251 4289 2332 4336 tra
2360 4280 2637 4352 proprium
2669 4280 2982 4337 scandalum
3009 4280 3249 4345 hattriat,
3277 4291 3336 4339 et
3367 4280 3651 4353 improbata
3676 4271 3784 4331 reci-

2247 4372 2403 4443 piens
2430 4374 2751 4429 charitatem
2776 4374 3074 4431 radicatam
3102 4375 3404 4446 antiquitus
3433 4374 3640 4430 dissnat.
3671 4366 3788 4423 Licet

2248 4465 2392 4521 enim
2460 4475 2702 4523 assertor
2753 4469 2957 4537 primas
3024 4478 3209 4539 partes
3288 4462 3657 4539 propositionis
3704 4469 3787 4515 sua

2249 4555 2545 4612 abundanti
2576 4558 2957 4629 persecutione
2987 4571 3227 4628 peroret,
3252 4568 3309 4614 et
3337 4554 3613 4616 sulllcienti
3635 4549 3787 4623 proba-

2251 4649 2397 4706 tione
2449 4652 2669 4723 propria
2732 4651 2949 4707 firmare
3000 4667 3059 4708 se
3113 4661 3298 4723 putet;
3358 4662 3534 4707 tamen
3588 4642 3785 4704 inculcat

2249 4756 2465 4813 semper
2501 4743 2643 4813 apud
2687 4744 2945 4799 honestos
2985 4743 3197 4815 iudices
3236 4744 3467 4800 habetur
3498 4740 3675 4802 oratio,
3698 4743 3787 4805 qua?

2250 4832 2491 4889 solitaria
2520 4848 2751 4906 surgens
2772 4835 2974 4891 nullius
2999 4850 3031 4891 e
3068 4836 3287 4907 regione
3319 4831 3649 4892 adversantis
3683 4832 3787 4882 atte-

2250 4934 2451 4979 nuatnr
2478 4925 2753 4996 repagulo.
2779 4926 3144 4997 Exspectatur
3178 4941 3413 4998 namque
3442 4922 3673 4982 secundae
3695 4928 3787 4989 νεῖ·

2252 5018 2324 5073 tis
2349 5016 2612 5082 defensio,
2657 5028 2711 5073 et
2758 5018 2885 5074 data
2921 5017 3190 5076 libertatis
3237 5018 3480 5085 licentia,
3503 5026 3558 5073 et
3600 5014 3660 5070 de
3695 5005 3790 5064 ulti-

2251 5112 2355 5168 mis
2388 5111 2527 5168 bene
2547 5113 2812 5169 discussis
2837 5122 2894 5169 et
2919 5113 3154 5187 cognitis
3190 5113 3462 5170 emittitur
3509 5099 3789 5183 perpetual“

2250 5205 2541 5261 sententia.
2564 5203 2691 5262 llaec
2713 5206 2765 5261 in
2788 5207 3056 5279 prooemio
3074 5206 3283 5263 dixisse
3296 5204 3526 5263 sulliciat
3539 5189 3788 5271 etsapienll

2250 5298 2505 5368 cmpisse,
2544 5315 2642 5370 pro
2671 5308 2783 5357 toto
2810 5300 3114 5373 explicasse
3142 5301 3411 5373 proﬁciat.

2321 5389 2376 5447 2.
2405 5390 2484 5447 Ac
2509 5391 2723 5457 deinde,
2772 5392 2867 5448 mi
2892 5390 3280 5449 sublimissime
3316 5392 3562 5455 domine,
3587 5376 3788 5443 dilectio‘

2258 5499 2382 5541 nem
2407 5499 2581 5540 meam
2604 5498 2732 5555 erga
2762 5500 2859 5541 vos
2884 5492 3205 5558 vestrosque
3228 5501 3418 5543 onmes
3444 5484 3512 5540 ab
3539 5480 3657 5554 ipsis
3678 5477 3791 5532 iactr

2259 5576 2454 5633 nabilis
2497 5576 2739 5634 infantia:
2761 5577 2962 5645 recole,
2997 5586 3054 5634 et
3080 5580 3254 5652 magis
3278 5578 3434 5636 vobis
3456 5575 3554 5650 ipsi
3580 5586 3659 5630 me
3684 5566 3789 5625 bene

2256 5678 2442 5726 notum
2478 5669 2721 5738 habenti,
2767 5670 3091 5744 quam'aliis
3136 5685 3204 5728 ex
3248 5684 3337 5729 me
3382 5670 3603 5728 adversa
3643 5668 3791 5732 W

2332 5821 2354 5849 ο
2394 5807 2455 5865 ld
2485 5815 2570 5865 est
2597 5810 2888 5883 contiguos.
