  <div class='ocr_page' id='page_1' title='image "/cluster/home/n/w/nwhite01/storage/ocr_20150623/121/hvd.32044015471642/238.png"; bbox 0 0 4034 6350; ppageno 0'>
   <div class='ocr_carea' id='block_1_1' title="bbox 268 442 381 501">
    <p class='ocr_par' dir='ltr' id='par_1_1' title="bbox 268 442 381 501">
     <span class='ocr_line' id='line_1_1' title="bbox 268 442 381 501; baseline 0.009 -1"><span class='ocrx_word' id='word_1_1' title='bbox 268 442 381 501; x_wconf 68' lang='grc'><strong>466</strong></span> 
     </span>
    </p>
   </div>
   <div class='ocr_carea' id='block_1_2' title="bbox 1738 434 2118 496">
    <p class='ocr_par' dir='ltr' id='par_1_2' title="bbox 1738 434 2118 496">
     <span class='ocr_line' id='line_1_2' title="bbox 1738 434 2118 496; baseline 0.005 -4"><span class='ocrx_word' id='word_1_2' title='bbox 1738 434 2118 496; x_wconf 66' lang='grc' dir='ltr'><strong>Εριετοιλε.</strong></span> 
     </span>
    </p>
   </div>
   <div class='ocr_carea' id='block_1_3' title="bbox 3450 427 3559 484">
    <p class='ocr_par' dir='ltr' id='par_1_3' title="bbox 3450 427 3559 484">
     <span class='ocr_line' id='line_1_3' title="bbox 3450 427 3559 484; baseline 0 0"><span class='ocrx_word' id='word_1_3' title='bbox 3450 427 3559 484; x_wconf 70' lang='grc'><strong>466</strong></span> 
     </span>
    </p>
   </div>
   <div class='ocr_carea' id='block_1_4' title="bbox 272 542 3562 625">
    <p class='ocr_par' dir='ltr' id='par_1_4' title="bbox 272 542 3562 625">
     <span class='ocr_line' id='line_1_4' title="bbox 272 542 3562 625; baseline -0.002 -9"><span class='ocrx_word' id='word_1_4' title='bbox 272 558 525 616; x_wconf 88' lang='lat' dir='ltr'><strong>rentibus</strong></span> <span class='ocrx_word' id='word_1_5' title='bbox 549 554 732 612; x_wconf 83' lang='lat' dir='ltr'><strong>crede.</strong></span> <span class='ocrx_word' id='word_1_6' title='bbox 788 553 1111 625; x_wconf 82' lang='lat' dir='ltr'><strong>Superbiam</strong></span> <span class='ocrx_word' id='word_1_7' title='bbox 1150 567 1328 609; x_wconf 90' lang='lat' dir='ltr'><strong>meam</strong></span> <span class='ocrx_word' id='word_1_8' title='bbox 1367 562 1423 609; x_wconf 93' lang='lat' dir='ltr'><strong>et</strong></span> <span class='ocrx_word' id='word_1_9' title='bbox 1466 553 1734 624; x_wconf 78' lang='lat' dir='ltr'><strong>rapinam,</strong></span> <span class='ocrx_word' id='word_1_10' title='bbox 1764 566 1862 608; x_wconf 89' lang='lat' dir='ltr'><strong>seu</strong></span> <span class='ocrx_word' id='word_1_11' title='bbox 1889 559 1943 619; x_wconf 75' lang='grc' dir='ltr'><strong>Α</strong></span> <span class='ocrx_word' id='word_1_12' title='bbox 1969 560 2288 619; x_wconf 91' lang='lat' dir='ltr'><strong>tractantes,</strong></span> <span class='ocrx_word' id='word_1_13' title='bbox 2310 561 2366 609; x_wconf 90' lang='lat' dir='ltr'><strong>et</strong></span> <span class='ocrx_word' id='word_1_14' title='bbox 2389 553 2517 625; x_wconf 86' lang='lat' dir='ltr'><strong>quia</strong></span> <span class='ocrx_word' id='word_1_15' title='bbox 2543 552 2720 609; x_wconf 89' lang='lat' dir='ltr'><strong>nullus</strong></span> <span class='ocrx_word' id='word_1_16' title='bbox 2742 552 2793 608; x_wconf 90' lang='lat' dir='ltr'><strong>ei</strong></span> <span class='ocrx_word' id='word_1_17' title='bbox 2822 560 3034 624; x_wconf 82' lang='lat' dir='ltr'><strong>poterat</strong></span> <span class='ocrx_word' id='word_1_18' title='bbox 3053 552 3122 607; x_wconf 87' lang='lat' dir='ltr'><strong>ad</strong></span> <span class='ocrx_word' id='word_1_19' title='bbox 3153 542 3562 611; x_wconf 73' lang='lat' dir='ltr'><strong>terminandllm</strong></span> 
     </span>
    </p>
   </div>
   <div class='ocr_carea' id='block_1_5' title="bbox 271 644 1863 719">
    <p class='ocr_par' dir='ltr' id='par_1_5' title="bbox 271 644 1863 719">
     <span class='ocr_line' id='line_1_5' title="bbox 271 644 1863 719; baseline -0.003 -12"><span class='ocrx_word' id='word_1_20' title='bbox 271 646 581 707; x_wconf 70' lang='lat' dir='ltr'><strong>insolentiae</strong></span> <span class='ocrx_word' id='word_1_21' title='bbox 600 648 788 711; x_wconf 87' lang='lat' dir='ltr'><strong>vitam,</strong></span> <span class='ocrx_word' id='word_1_22' title='bbox 823 661 962 717; x_wconf 89' lang='lat' dir='ltr'><strong>pene</strong></span> <span class='ocrx_word' id='word_1_23' title='bbox 1001 646 1154 703; x_wconf 89' lang='lat' dir='ltr'><strong>vobis</strong></span> <span class='ocrx_word' id='word_1_24' title='bbox 1180 644 1411 718; x_wconf 84' lang='lat' dir='ltr'><strong>amplius</strong></span> <span class='ocrx_word' id='word_1_25' title='bbox 1434 661 1599 719; x_wconf 91' lang='lat' dir='ltr'><strong>quam</strong></span> <span class='ocrx_word' id='word_1_26' title='bbox 1633 645 1753 702; x_wconf 83' lang='lat' dir='ltr'><strong>aliis</strong></span> <span class='ocrx_word' id='word_1_27' title='bbox 1778 655 1863 702; x_wconf 89' lang='lat' dir='ltr'><strong>est</strong></span> 
     </span>
    </p>
   </div>
   <div class='ocr_carea' id='block_1_6' title="bbox 271 737 1865 810">
    <p class='ocr_par' dir='ltr' id='par_1_6' title="bbox 271 737 1865 810">
     <span class='ocr_line' id='line_1_6' title="bbox 271 737 1865 810; baseline -0.002 -12"><span class='ocrx_word' id='word_1_28' title='bbox 271 751 336 798; x_wconf 88' lang='lat' dir='ltr'><strong>ut</strong></span> <span class='ocrx_word' id='word_1_29' title='bbox 381 740 586 798; x_wconf 76' lang='lat' dir='ltr'><strong>extimo</strong></span> <span class='ocrx_word' id='word_1_30' title='bbox 638 748 842 795; x_wconf 82' lang='lat' dir='ltr'><strong>notam.</strong></span> <span class='ocrx_word' id='word_1_31' title='bbox 897 737 966 794; x_wconf 85' lang='lat' dir='ltr'><strong>Et</strong></span> <span class='ocrx_word' id='word_1_32' title='bbox 1029 753 1259 810; x_wconf 68' lang='lat' dir='ltr'><strong>qumque</strong></span> <span class='ocrx_word' id='word_1_33' title='bbox 1309 738 1379 795; x_wconf 91' lang='lat' dir='ltr'><strong>ab</strong></span> <span class='ocrx_word' id='word_1_34' title='bbox 1440 739 1646 796; x_wconf 89' lang='lat' dir='ltr'><strong>ineunti</strong></span> <span class='ocrx_word' id='word_1_35' title='bbox 1704 748 1865 796; x_wconf 71' lang='lat' dir='ltr'><strong>aetate</strong></span> 
     </span>
    </p>
   </div>
   <div class='ocr_carea' id='block_1_7' title="bbox 270 830 1864 904">
    <p class='ocr_par' dir='ltr' id='par_1_7' title="bbox 270 830 1864 904">
     <span class='ocr_line' id='line_1_7' title="bbox 270 830 1864 904; baseline 0 -16"><span class='ocrx_word' id='word_1_36' title='bbox 270 847 450 903; x_wconf 87' lang='lat' dir='ltr'><strong>usque</strong></span> <span class='ocrx_word' id='word_1_37' title='bbox 472 831 526 887; x_wconf 91' lang='lat' dir='ltr'><strong>in</strong></span> <span class='ocrx_word' id='word_1_38' title='bbox 557 830 662 888; x_wconf 92' lang='lat' dir='ltr'><strong>hoc</strong></span> <span class='ocrx_word' id='word_1_39' title='bbox 686 839 899 903; x_wconf 86' lang='lat' dir='ltr'><strong>tempus</strong></span> <span class='ocrx_word' id='word_1_40' title='bbox 927 841 1138 904; x_wconf 86' lang='lat' dir='ltr'><strong>gestum</strong></span> <span class='ocrx_word' id='word_1_41' title='bbox 1166 840 1273 897; x_wconf 86' lang='lat' dir='ltr'><strong>est,</strong></span> <span class='ocrx_word' id='word_1_42' title='bbox 1295 840 1355 887; x_wconf 91' lang='lat' dir='ltr'><strong>ut</strong></span> <span class='ocrx_word' id='word_1_43' title='bbox 1380 846 1529 896; x_wconf 90' lang='lat' dir='ltr'><strong>reor,</strong></span> <span class='ocrx_word' id='word_1_44' title='bbox 1560 845 1667 887; x_wconf 92' lang='lat' dir='ltr'><strong>non</strong></span> <span class='ocrx_word' id='word_1_45' title='bbox 1708 830 1864 888; x_wconf 85' lang='lat' dir='ltr'><strong>vobis</strong></span> 
     </span>
    </p>
   </div>
   <div class='ocr_carea' id='block_1_8' title="bbox 270 922 1867 995">
    <p class='ocr_par' dir='ltr' id='par_1_8' title="bbox 270 922 1867 995">
     <span class='ocr_line' id='line_1_8' title="bbox 270 922 1867 995; baseline -0.001 -16"><span class='ocrx_word' id='word_1_46' title='bbox 270 923 534 989; x_wconf 90' lang='lat' dir='ltr'><strong>celatum,</strong></span> <span class='ocrx_word' id='word_1_47' title='bbox 568 922 665 980; x_wconf 87' lang='lat' dir='ltr'><strong>sed</strong></span> <span class='ocrx_word' id='word_1_48' title='bbox 704 932 892 978; x_wconf 89' lang='lat' dir='ltr'><strong>notum</strong></span> <span class='ocrx_word' id='word_1_49' title='bbox 920 931 1025 979; x_wconf 87' lang='lat' dir='ltr'><strong>est.</strong></span> <span class='ocrx_word' id='word_1_50' title='bbox 1066 923 1135 979; x_wconf 82' lang='lat' dir='ltr'><strong>Et</strong></span> <span class='ocrx_word' id='word_1_51' title='bbox 1160 933 1309 980; x_wconf 88' lang='lat' dir='ltr'><strong>certe</strong></span> <span class='ocrx_word' id='word_1_52' title='bbox 1333 923 1575 995; x_wconf 87' lang='lat' dir='ltr'><strong>patulum</strong></span> <span class='ocrx_word' id='word_1_53' title='bbox 1604 933 1784 979; x_wconf 88' lang='lat' dir='ltr'><strong>manet</strong></span> <span class='ocrx_word' id='word_1_54' title='bbox 1810 931 1867 980; x_wconf 92' lang='lat' dir='ltr'><strong>et</strong></span> 
     </span>
    </p>
   </div>
   <div class='ocr_carea' id='block_1_9' title="bbox 269 1014 1866 1089">
    <p class='ocr_par' dir='ltr' id='par_1_9' title="bbox 269 1014 1866 1089">
     <span class='ocr_line' id='line_1_9' title="bbox 269 1014 1866 1089; baseline 0.002 -17"><span class='ocrx_word' id='word_1_55' title='bbox 269 1016 551 1088; x_wconf 86' lang='lat' dir='ltr'><strong>cognitum</strong></span> <span class='ocrx_word' id='word_1_56' title='bbox 603 1015 786 1071; x_wconf 89' lang='lat' dir='ltr'><strong>multis</strong></span> <span class='ocrx_word' id='word_1_57' title='bbox 829 1030 915 1072; x_wconf 92' lang='lat' dir='ltr'><strong>me</strong></span> <span class='ocrx_word' id='word_1_58' title='bbox 953 1014 1161 1087; x_wconf 79' lang='lat' dir='ltr'><strong>laqueis</strong></span> <span class='ocrx_word' id='word_1_59' title='bbox 1192 1016 1490 1077; x_wconf 87' lang='lat' dir='ltr'><strong>inretitum.</strong></span> <span class='ocrx_word' id='word_1_60' title='bbox 1522 1016 1866 1089; x_wconf 86' lang='lat' dir='ltr'><strong>millenisque</strong></span> 
     </span>
    </p>
   </div>
   <div class='ocr_carea' id='block_1_10' title="bbox 272 1108 1866 1182">
    <p class='ocr_par' dir='ltr' id='par_1_10' title="bbox 272 1108 1866 1182">
     <span class='ocr_line' id='line_1_10' title="bbox 272 1108 1866 1182; baseline 0.001 -16"><span class='ocrx_word' id='word_1_61' title='bbox 272 1110 436 1167; x_wconf 84' lang='lat' dir='ltr'><strong>malis</strong></span> <span class='ocrx_word' id='word_1_62' title='bbox 465 1110 569 1166; x_wconf 87' lang='lat' dir='ltr'><strong>huc</strong></span> <span class='ocrx_word' id='word_1_63' title='bbox 595 1124 766 1179; x_wconf 88' lang='lat' dir='ltr'><strong>usque</strong></span> <span class='ocrx_word' id='word_1_64' title='bbox 788 1108 1086 1166; x_wconf 90' lang='lat' dir='ltr'><strong>addictum.</strong></span> <span class='ocrx_word' id='word_1_65' title='bbox 1118 1110 1185 1166; x_wconf 84' lang='lat' dir='ltr'><strong>Et</strong></span> <span class='ocrx_word' id='word_1_66' title='bbox 1214 1110 1534 1182; x_wconf 90' lang='lat' dir='ltr'><strong>plerumque</strong></span> <span class='ocrx_word' id='word_1_67' title='bbox 1560 1110 1866 1168; x_wconf 79' lang='lat' dir='ltr'><strong>adversitas</strong></span> 
     </span>
    </p>
   </div>
   <div class='ocr_carea' id='block_1_11' title="bbox 271 1202 1869 1275">
    <p class='ocr_par' dir='ltr' id='par_1_11' title="bbox 271 1202 1869 1275">
     <span class='ocr_line' id='line_1_11' title="bbox 271 1202 1869 1275; baseline -0.001 -14"><span class='ocrx_word' id='word_1_68' title='bbox 271 1213 585 1275; x_wconf 87' lang='lat' dir='ltr'><strong>temporum</strong></span> <span class='ocrx_word' id='word_1_69' title='bbox 620 1202 783 1259; x_wconf 90' lang='lat' dir='ltr'><strong>etiam</strong></span> <span class='ocrx_word' id='word_1_70' title='bbox 826 1203 1281 1274; x_wconf 84' lang='lat' dir='ltr'><strong>patientissimum</strong></span> <span class='ocrx_word' id='word_1_71' title='bbox 1313 1220 1343 1258; x_wconf 89' lang='lat' dir='ltr'><strong>a</strong></span> <span class='ocrx_word' id='word_1_72' title='bbox 1392 1204 1615 1260; x_wconf 87' lang='lat' dir='ltr'><strong>lenitate</strong></span> <span class='ocrx_word' id='word_1_73' title='bbox 1649 1204 1869 1261; x_wconf 86' lang='lat' dir='ltr'><strong>divertit</strong></span> 
     </span>
    </p>
   </div>
   <div class='ocr_carea' id='block_1_12' title="bbox 271 1293 1868 1367">
    <p class='ocr_par' dir='ltr' id='par_1_12' title="bbox 271 1293 1868 1367">
     <span class='ocr_line' id='line_1_12' title="bbox 271 1293 1868 1367; baseline -0.001 -15"><span class='ocrx_word' id='word_1_74' title='bbox 271 1298 329 1353; x_wconf 92' lang='lat' dir='ltr'><strong>in</strong></span> <span class='ocrx_word' id='word_1_75' title='bbox 366 1296 510 1351; x_wconf 87' lang='lat' dir='ltr'><strong>aliud</strong></span> <span class='ocrx_word' id='word_1_76' title='bbox 539 1297 802 1351; x_wconf 87' lang='lat' dir='ltr'><strong>animum.</strong></span> <span class='ocrx_word' id='word_1_77' title='bbox 836 1294 963 1356; x_wconf 85' lang='lat' dir='ltr'><strong>Sed.</strong></span> <span class='ocrx_word' id='word_1_78' title='bbox 993 1293 1221 1363; x_wconf 87' lang='lat' dir='ltr'><strong>juvante</strong></span> <span class='ocrx_word' id='word_1_79' title='bbox 1247 1297 1674 1367; x_wconf 73' lang='lat' dir='ltr'><strong>praesentissimo</strong></span> <span class='ocrx_word' id='word_1_80' title='bbox 1707 1304 1762 1350; x_wconf 90' lang='lat' dir='ltr'><strong>et</strong></span> <span class='ocrx_word' id='word_1_81' title='bbox 1791 1295 1868 1351; x_wconf 81' lang='lat' dir='ltr'><strong>al-</strong></span> 
     </span>
    </p>
   </div>
   <div class='ocr_carea' id='block_1_13' title="bbox 268 1389 1870 1454">
    <p class='ocr_par' dir='ltr' id='par_1_13' title="bbox 268 1389 1870 1454">
     <span class='ocr_line' id='line_1_13' title="bbox 268 1389 1870 1454; baseline 0.001 -10"><span class='ocrx_word' id='word_1_82' title='bbox 268 1390 490 1446; x_wconf 88' lang='lat' dir='ltr'><strong>tissimo</strong></span> <span class='ocrx_word' id='word_1_83' title='bbox 521 1398 791 1454; x_wconf 84' lang='lat' dir='ltr'><strong>creatore,</strong></span> <span class='ocrx_word' id='word_1_84' title='bbox 833 1404 1026 1445; x_wconf 90' lang='lat' dir='ltr'><strong>omnes</strong></span> <span class='ocrx_word' id='word_1_85' title='bbox 1056 1389 1411 1446; x_wconf 88' lang='lat' dir='ltr'><strong>adversantes</strong></span> <span class='ocrx_word' id='word_1_86' title='bbox 1441 1390 1571 1445; x_wconf 89' lang='lat' dir='ltr'><strong>mibi</strong></span> <span class='ocrx_word' id='word_1_87' title='bbox 1602 1390 1870 1447; x_wconf 86' lang='lat' dir='ltr'><strong>amicissi-</strong></span> 
     </span>
    </p>
   </div>
   <div class='ocr_carea' id='block_1_14' title="bbox 268 1482 1867 1553">
    <p class='ocr_par' dir='ltr' id='par_1_14' title="bbox 268 1482 1867 1553">
     <span class='ocr_line' id='line_1_14' title="bbox 268 1482 1867 1553; baseline 0.001 -14"><span class='ocrx_word' id='word_1_88' title='bbox 268 1499 397 1539; x_wconf 86' lang='lat' dir='ltr'><strong>mos</strong></span> <span class='ocrx_word' id='word_1_89' title='bbox 444 1482 545 1539; x_wconf 83' lang='lat' dir='ltr'><strong>feci</strong></span> <span class='ocrx_word' id='word_1_90' title='bbox 589 1501 602 1537; x_wconf 90' lang='lat'>:</span> <span class='ocrx_word' id='word_1_91' title='bbox 656 1490 711 1538; x_wconf 88' lang='lat' dir='ltr'><strong>et</strong></span> <span class='ocrx_word' id='word_1_92' title='bbox 765 1483 1087 1553; x_wconf 88' lang='lat' dir='ltr'><strong>quibusdam</strong></span> <span class='ocrx_word' id='word_1_93' title='bbox 1144 1484 1386 1553; x_wconf 73' lang='lat' dir='ltr'><strong>pacificis</strong></span> <span class='ocrx_word' id='word_1_94' title='bbox 1434 1484 1663 1539; x_wconf 71' lang='lat' dir='ltr'><strong>nexibus</strong></span> <span class='ocrx_word' id='word_1_95' title='bbox 1712 1493 1867 1540; x_wconf 87' lang='lat' dir='ltr'><strong>utens</strong></span> 
     </span>
    </p>
   </div>
   <div class='ocr_carea' id='block_1_15' title="bbox 268 1574 1870 1646">
    <p class='ocr_par' dir='ltr' id='par_1_15' title="bbox 268 1574 1870 1646">
     <span class='ocr_line' id='line_1_15' title="bbox 268 1574 1870 1646; baseline 0.001 -15"><span class='ocrx_word' id='word_1_96' title='bbox 268 1575 498 1631; x_wconf 86' lang='lat' dir='ltr'><strong>solertia</strong></span> <span class='ocrx_word' id='word_1_97' title='bbox 531 1575 720 1639; x_wconf 88' lang='lat' dir='ltr'><strong>animi,</strong></span> <span class='ocrx_word' id='word_1_98' title='bbox 754 1591 915 1630; x_wconf 88' lang='lat' dir='ltr'><strong>manu</strong></span> <span class='ocrx_word' id='word_1_99' title='bbox 957 1574 1265 1632; x_wconf 88' lang='lat' dir='ltr'><strong>dilectionis</strong></span> <span class='ocrx_word' id='word_1_100' title='bbox 1313 1578 1618 1633; x_wconf 87' lang='lat' dir='ltr'><strong>contrarios</strong></span> <span class='ocrx_word' id='word_1_101' title='bbox 1666 1575 1870 1646; x_wconf 80' lang='lat' dir='ltr'><strong>ample-</strong></span> 
     </span>
    </p>
   </div>
   <div class='ocr_carea' id='block_1_16' title="bbox 267 1668 1861 1732">
    <p class='ocr_par' dir='ltr' id='par_1_16' title="bbox 267 1668 1861 1732">
     <span class='ocr_line' id='line_1_16' title="bbox 267 1668 1861 1732; baseline 0.002 -8"><span class='ocrx_word' id='word_1_102' title='bbox 267 1668 425 1732; x_wconf 76' lang='lat' dir='ltr'><strong>xavi.</strong></span> <span class='ocrx_word' id='word_1_103' title='bbox 472 1668 777 1724; x_wconf 91' lang='lat' dir='ltr'><strong>humilitate</strong></span> <span class='ocrx_word' id='word_1_104' title='bbox 822 1668 1019 1724; x_wconf 89' lang='lat' dir='ltr'><strong>liniens</strong></span> <span class='ocrx_word' id='word_1_105' title='bbox 1081 1678 1137 1725; x_wconf 91' lang='lat' dir='ltr'><strong>et</strong></span> <span class='ocrx_word' id='word_1_106' title='bbox 1188 1669 1476 1726; x_wconf 61' lang='lat' dir='ltr'><strong>all&#39;ettione</strong></span> <span class='ocrx_word' id='word_1_107' title='bbox 1531 1671 1861 1727; x_wconf 81' lang='lat' dir='ltr'><strong>demulcens.</strong></span> 
     </span>
    </p>
   </div>
   <div class='ocr_carea' id='block_1_17' title="bbox 269 1763 1864 1835">
    <p class='ocr_par' dir='ltr' id='par_1_17' title="bbox 269 1763 1864 1835">
     <span class='ocr_line' id='line_1_17' title="bbox 269 1763 1864 1835; baseline -0.001 -14"><span class='ocrx_word' id='word_1_108' title='bbox 269 1764 479 1821; x_wconf 75' lang='lat' dir='ltr'><strong>Verum</strong></span> <span class='ocrx_word' id='word_1_109' title='bbox 509 1764 766 1834; x_wconf 82' lang='lat' dir='ltr'><strong>iniquitas</strong></span> <span class='ocrx_word' id='word_1_110' title='bbox 796 1780 939 1829; x_wconf 84' lang='lat' dir='ltr'><strong>mea,</strong></span> <span class='ocrx_word' id='word_1_111' title='bbox 965 1773 1019 1819; x_wconf 90' lang='lat' dir='ltr'><strong>et</strong></span> <span class='ocrx_word' id='word_1_112' title='bbox 1048 1764 1368 1835; x_wconf 70' lang='lat' dir='ltr'><strong>ignorantiae</strong></span> <span class='ocrx_word' id='word_1_113' title='bbox 1414 1763 1717 1832; x_wconf 80' lang='lat' dir='ltr'><strong>juventntis</strong></span> <span class='ocrx_word' id='word_1_114' title='bbox 1771 1764 1864 1820; x_wconf 89' lang='lat' dir='ltr'><strong>de-</strong></span> 
     </span>
    </p>
   </div>
   <div class='ocr_carea' id='block_1_18' title="bbox 268 1854 1863 1927">
    <p class='ocr_par' dir='ltr' id='par_1_18' title="bbox 268 1854 1863 1927">
     <span class='ocr_line' id='line_1_18' title="bbox 268 1854 1863 1927; baseline 0.001 -17"><span class='ocrx_word' id='word_1_115' title='bbox 268 1856 487 1919; x_wconf 87' lang='lat' dir='ltr'><strong>lictum,</strong></span> <span class='ocrx_word' id='word_1_116' title='bbox 524 1854 671 1924; x_wconf 70' lang='lat' dir='ltr'><strong>juste</strong></span> <span class='ocrx_word' id='word_1_117' title='bbox 726 1864 914 1910; x_wconf 83' lang='lat' dir='ltr'><strong>contra</strong></span> <span class='ocrx_word' id='word_1_118' title='bbox 965 1870 1050 1911; x_wconf 90' lang='lat' dir='ltr'><strong>me</strong></span> <span class='ocrx_word' id='word_1_119' title='bbox 1093 1871 1306 1927; x_wconf 85' lang='lat' dir='ltr'><strong>semper</strong></span> <span class='ocrx_word' id='word_1_120' title='bbox 1354 1856 1493 1911; x_wconf 83' lang='lat' dir='ltr'><strong>levat</strong></span> <span class='ocrx_word' id='word_1_121' title='bbox 1524 1856 1863 1911; x_wconf 87' lang='lat' dir='ltr'><strong>calcancum.</strong></span> 
     </span>
    </p>
   </div>
   <div class='ocr_carea' id='block_1_19' title="bbox 1964 644 3555 719">
    <p class='ocr_par' dir='ltr' id='par_1_19' title="bbox 1964 644 3555 719">
     <span class='ocr_line' id='line_1_19' title="bbox 1964 644 3555 719; baseline 0 -16"><span class='ocrx_word' id='word_1_122' title='bbox 1964 647 2232 703; x_wconf 85' lang='lat' dir='ltr'><strong>obsistere</strong></span> <span class='ocrx_word' id='word_1_123' title='bbox 2257 655 2587 719; x_wconf 85' lang='lat' dir='ltr'><strong>reputantes.</strong></span> <span class='ocrx_word' id='word_1_124' title='bbox 2635 644 2733 702; x_wconf 88' lang='lat' dir='ltr'><strong>Cui</strong></span> <span class='ocrx_word' id='word_1_125' title='bbox 2763 660 2888 702; x_wconf 90' lang='lat' dir='ltr'><strong>cum</strong></span> <span class='ocrx_word' id='word_1_126' title='bbox 2924 645 3245 718; x_wconf 86' lang='lat' dir='ltr'><strong>petitionem</strong></span> <span class='ocrx_word' id='word_1_127' title='bbox 3272 647 3407 719; x_wconf 86' lang='lat' dir='ltr'><strong>ipsis</strong></span> <span class='ocrx_word' id='word_1_128' title='bbox 3433 646 3555 703; x_wconf 88' lang='lat' dir='ltr'><strong>die-</strong></span> 
     </span>
    </p>
   </div>
   <div class='ocr_carea' id='block_1_20' title="bbox 1965 739 3561 813">
    <p class='ocr_par' dir='ltr' id='par_1_20' title="bbox 1965 739 3561 813">
     <span class='ocr_line' id='line_1_20' title="bbox 1965 739 3561 813; baseline -0.001 -15"><span class='ocrx_word' id='word_1_129' title='bbox 1965 742 2067 798; x_wconf 86' lang='lat' dir='ltr'><strong>bus</strong></span> <span class='ocrx_word' id='word_1_130' title='bbox 2114 740 2455 813; x_wconf 66' lang='lat' dir='ltr'><strong>aagritudinis</strong></span> <span class='ocrx_word' id='word_1_131' title='bbox 2484 756 2639 807; x_wconf 70' lang='lat' dir='ltr'><strong>mete,</strong></span> <span class='ocrx_word' id='word_1_132' title='bbox 2670 740 2868 812; x_wconf 90' lang='lat' dir='ltr'><strong>quibus</strong></span> <span class='ocrx_word' id='word_1_133' title='bbox 2912 739 3250 797; x_wconf 89' lang='lat' dir='ltr'><strong>invisendum</strong></span> <span class='ocrx_word' id='word_1_134' title='bbox 3282 754 3371 796; x_wconf 89' lang='lat' dir='ltr'><strong>me</strong></span> <span class='ocrx_word' id='word_1_135' title='bbox 3397 753 3561 796; x_wconf 80' lang='lat' dir='ltr'><strong>vene-</strong></span> 
     </span>
    </p>
   </div>
   <div class='ocr_carea' id='block_1_21' title="bbox 1966 830 3557 905">
    <p class='ocr_par' dir='ltr' id='par_1_21' title="bbox 1966 830 3557 905">
     <span class='ocr_line' id='line_1_21' title="bbox 1966 830 3557 905; baseline -0.002 -15"><span class='ocrx_word' id='word_1_136' title='bbox 1966 842 2074 900; x_wconf 85' lang='lat' dir='ltr'><strong>rat,</strong></span> <span class='ocrx_word' id='word_1_137' title='bbox 2101 850 2202 905; x_wconf 88' lang='lat' dir='ltr'><strong>pro</strong></span> <span class='ocrx_word' id='word_1_138' title='bbox 2227 832 2330 889; x_wconf 89' lang='lat' dir='ltr'><strong>hoc</strong></span> <span class='ocrx_word' id='word_1_139' title='bbox 2358 830 2617 897; x_wconf 90' lang='lat' dir='ltr'><strong>facerem,</strong></span> <span class='ocrx_word' id='word_1_140' title='bbox 2641 842 2698 889; x_wconf 89' lang='lat' dir='ltr'><strong>et</strong></span> <span class='ocrx_word' id='word_1_141' title='bbox 2726 847 2954 904; x_wconf 72' lang='lat' dir='ltr'><strong>quaeque</strong></span> <span class='ocrx_word' id='word_1_142' title='bbox 2994 830 3368 890; x_wconf 86' lang='lat' dir='ltr'><strong>desiderabam</strong></span> <span class='ocrx_word' id='word_1_143' title='bbox 3390 846 3557 902; x_wconf 82' lang='lat' dir='ltr'><strong>expo-</strong></span> 
     </span>
    </p>
   </div>
   <div class='ocr_carea' id='block_1_22' title="bbox 1967 924 3561 998">
    <p class='ocr_par' dir='ltr' id='par_1_22' title="bbox 1967 924 3561 998">
     <span class='ocr_line' id='line_1_22' title="bbox 1967 924 3561 998; baseline 0 -16"><span class='ocrx_word' id='word_1_144' title='bbox 1967 942 2153 983; x_wconf 91' lang='lat' dir='ltr'><strong>ncrem</strong></span> <span class='ocrx_word' id='word_1_145' title='bbox 2184 926 2407 998; x_wconf 91' lang='lat' dir='ltr'><strong>implere</strong></span> <span class='ocrx_word' id='word_1_146' title='bbox 2432 926 2682 997; x_wconf 89' lang='lat' dir='ltr'><strong>promisit</strong></span> <span class='ocrx_word' id='word_1_147' title='bbox 2717 944 2732 982; x_wconf 90' lang='lat'><strong>:</strong></span> <span class='ocrx_word' id='word_1_148' title='bbox 2767 935 2824 982; x_wconf 90' lang='lat' dir='ltr'><strong>et</strong></span> <span class='ocrx_word' id='word_1_149' title='bbox 2866 926 2970 983; x_wconf 91' lang='lat' dir='ltr'><strong>hoc</strong></span> <span class='ocrx_word' id='word_1_150' title='bbox 2990 926 3107 982; x_wconf 89' lang='lat' dir='ltr'><strong>sine</strong></span> <span class='ocrx_word' id='word_1_151' title='bbox 3149 924 3464 982; x_wconf 79' lang='lat' dir='ltr'><strong>difficultate</strong></span> <span class='ocrx_word' id='word_1_152' title='bbox 3487 926 3561 982; x_wconf 89' lang='lat' dir='ltr'><strong>ad</strong></span> 
     </span>
    </p>
   </div>
   <div class='ocr_carea' id='block_1_23' title="bbox 1966 1016 3562 1090">
    <p class='ocr_par' dir='ltr' id='par_1_23' title="bbox 1966 1016 3562 1090">
     <span class='ocr_line' id='line_1_23' title="bbox 1966 1016 3562 1090; baseline -0.001 -14"><span class='ocrx_word' id='word_1_153' title='bbox 1966 1018 2217 1077; x_wconf 70' lang='lat' dir='ltr'><strong>effectum</strong></span> <span class='ocrx_word' id='word_1_154' title='bbox 2245 1018 2544 1090; x_wconf 87' lang='lat' dir='ltr'><strong>perducere</strong></span> <span class='ocrx_word' id='word_1_155' title='bbox 2564 1018 2720 1074; x_wconf 82' lang='lat' dir='ltr'><strong>dixit.</strong></span> <span class='ocrx_word' id='word_1_156' title='bbox 2752 1016 2850 1075; x_wconf 88' lang='lat' dir='ltr'><strong>Cui</strong></span> <span class='ocrx_word' id='word_1_157' title='bbox 2880 1033 2978 1076; x_wconf 91' lang='lat' dir='ltr'><strong>nos</strong></span> <span class='ocrx_word' id='word_1_158' title='bbox 3000 1016 3287 1075; x_wconf 83' lang='lat' dir='ltr'><strong>confestim</strong></span> <span class='ocrx_word' id='word_1_159' title='bbox 3322 1017 3459 1074; x_wconf 84' lang='lat' dir='ltr'><strong>nihil</strong></span> <span class='ocrx_word' id='word_1_160' title='bbox 3488 1017 3562 1075; x_wconf 86' lang='lat' dir='ltr'><strong>de</strong></span> 
     </span>
    </p>
   </div>
   <div class='ocr_carea' id='block_1_24' title="bbox 1966 1110 3559 1185">
    <p class='ocr_par' dir='ltr' id='par_1_24' title="bbox 1966 1110 3559 1185">
     <span class='ocr_line' id='line_1_24' title="bbox 1966 1110 3559 1185; baseline -0.001 -17"><span class='ocrx_word' id='word_1_161' title='bbox 1966 1130 2074 1185; x_wconf 86' lang='lat' dir='ltr'><strong>quo</strong></span> <span class='ocrx_word' id='word_1_162' title='bbox 2126 1120 2313 1184; x_wconf 87' lang='lat' dir='ltr'><strong>postea</strong></span> <span class='ocrx_word' id='word_1_163' title='bbox 2350 1120 2561 1183; x_wconf 84' lang='lat' dir='ltr'><strong>gestum</strong></span> <span class='ocrx_word' id='word_1_164' title='bbox 2622 1119 2707 1167; x_wconf 90' lang='lat' dir='ltr'><strong>est</strong></span> <span class='ocrx_word' id='word_1_165' title='bbox 2754 1110 3134 1181; x_wconf 74' lang='lat' dir='ltr'><strong>suspicantes,</strong></span> <span class='ocrx_word' id='word_1_166' title='bbox 3186 1110 3559 1185; x_wconf 68' lang='lat' dir='ltr'><strong>venditionem</strong></span> 
     </span>
    </p>
   </div>
   <div class='ocr_carea' id='block_1_25' title="bbox 1970 1204 3563 1277">
    <p class='ocr_par' dir='ltr' id='par_1_25' title="bbox 1970 1204 3563 1277">
     <span class='ocr_line' id='line_1_25' title="bbox 1970 1204 3563 1277; baseline -0.001 -16"><span class='ocrx_word' id='word_1_167' title='bbox 1970 1206 2218 1272; x_wconf 81' lang='lat' dir='ltr'><strong>fecimus,</strong></span> <span class='ocrx_word' id='word_1_168' title='bbox 2258 1219 2314 1263; x_wconf 90' lang='lat' dir='ltr'><strong>et</strong></span> <span class='ocrx_word' id='word_1_169' title='bbox 2348 1222 2447 1277; x_wconf 90' lang='lat' dir='ltr'><strong>per</strong></span> <span class='ocrx_word' id='word_1_170' title='bbox 2487 1215 2654 1263; x_wconf 86' lang='lat' dir='ltr'><strong>testes</strong></span> <span class='ocrx_word' id='word_1_171' title='bbox 2700 1205 3059 1268; x_wconf 86' lang='lat' dir='ltr'><strong>firmavimus,</strong></span> <span class='ocrx_word' id='word_1_172' title='bbox 3112 1214 3169 1260; x_wconf 93' lang='lat' dir='ltr'><strong>ut</strong></span> <span class='ocrx_word' id='word_1_173' title='bbox 3221 1204 3563 1275; x_wconf 87' lang='lat' dir='ltr'><strong>ingressione</strong></span> 
     </span>
    </p>
   </div>
   <div class='ocr_carea' id='block_1_26' title="bbox 1969 1298 3562 1373">
    <p class='ocr_par' dir='ltr' id='par_1_26' title="bbox 1969 1298 3562 1373">
     <span class='ocr_line' id='line_1_26' title="bbox 1969 1298 3562 1373; baseline -0.003 -16"><span class='ocrx_word' id='word_1_174' title='bbox 1969 1302 2137 1373; x_wconf 90' lang='lat' dir='ltr'><strong>ipsius</strong></span> <span class='ocrx_word' id='word_1_175' title='bbox 2179 1301 2314 1356; x_wconf 89' lang='lat' dir='ltr'><strong>alios</strong></span> <span class='ocrx_word' id='word_1_176' title='bbox 2352 1301 2753 1364; x_wconf 89' lang='lat' dir='ltr'><strong>seduceremus,</strong></span> <span class='ocrx_word' id='word_1_177' title='bbox 2801 1308 2857 1354; x_wconf 88' lang='lat' dir='ltr'><strong>et</strong></span> <span class='ocrx_word' id='word_1_178' title='bbox 2906 1298 3062 1353; x_wconf 88' lang='lat' dir='ltr'><strong>nobis</strong></span> <span class='ocrx_word' id='word_1_179' title='bbox 3091 1313 3188 1369; x_wconf 71' lang='lat' dir='ltr'><strong>per</strong></span> <span class='ocrx_word' id='word_1_180' title='bbox 3216 1312 3339 1352; x_wconf 89' lang='lat' dir='ltr'><strong>eum</strong></span> <span class='ocrx_word' id='word_1_181' title='bbox 3388 1306 3562 1352; x_wconf 88' lang='lat' dir='ltr'><strong>totum</strong></span> 
     </span>
    </p>
   </div>
   <div class='ocr_carea' id='block_1_27' title="bbox 1971 1391 3562 1465">
    <p class='ocr_par' dir='ltr' id='par_1_27' title="bbox 1971 1391 3562 1465">
     <span class='ocr_line' id='line_1_27' title="bbox 1971 1391 3562 1465; baseline -0.003 -17"><span class='ocrx_word' id='word_1_182' title='bbox 1971 1396 2259 1450; x_wconf 85' lang='lat' dir='ltr'><strong>terminum</strong></span> <span class='ocrx_word' id='word_1_183' title='bbox 2310 1394 2725 1465; x_wconf 83' lang='lat' dir='ltr'><strong>applicaremus.</strong></span> <span class='ocrx_word' id='word_1_184' title='bbox 2762 1391 2869 1448; x_wconf 85' lang='lat' dir='ltr'><strong>Sed</strong></span> <span class='ocrx_word' id='word_1_185' title='bbox 2900 1392 2989 1447; x_wconf 92' lang='lat' dir='ltr'><strong>ille</strong></span> <span class='ocrx_word' id='word_1_186' title='bbox 3036 1392 3089 1446; x_wconf 91' lang='lat' dir='ltr'><strong>in</strong></span> <span class='ocrx_word' id='word_1_187' title='bbox 3125 1391 3562 1447; x_wconf 67' lang='lat' dir='ltr'><strong>vacantietatibus</strong></span> 
     </span>
    </p>
   </div>
   <div class='ocr_carea' id='block_1_28' title="bbox 1971 1468 3655 1557">
    <p class='ocr_par' dir='ltr' id='par_1_28' title="bbox 1971 1468 3655 1557">
     <span class='ocr_line' id='line_1_28' title="bbox 1971 1468 3655 1557; baseline -0.004 -16"><span class='ocrx_word' id='word_1_188' title='bbox 1971 1487 2282 1557; x_wconf 85' lang='lat' dir='ltr'><strong>impeditus,</strong></span> <span class='ocrx_word' id='word_1_189' title='bbox 2325 1485 2393 1541; x_wconf 87' lang='lat' dir='ltr'><strong>de</strong></span> <span class='ocrx_word' id='word_1_190' title='bbox 2423 1502 2530 1557; x_wconf 89' lang='lat' dir='ltr'><strong>quo</strong></span> <span class='ocrx_word' id='word_1_191' title='bbox 2562 1485 2741 1541; x_wconf 81' lang='lat' dir='ltr'><strong>fuerat</strong></span> <span class='ocrx_word' id='word_1_192' title='bbox 2772 1494 2982 1556; x_wconf 83' lang='lat' dir='ltr'><strong>gestum</strong></span> <span class='ocrx_word' id='word_1_193' title='bbox 3023 1500 3128 1538; x_wconf 90' lang='lat' dir='ltr'><strong>non</strong></span> <span class='ocrx_word' id='word_1_194' title='bbox 3163 1468 3295 1538; x_wconf 79' lang='lat' dir='ltr'><strong>satis</strong></span> <span class='ocrx_word' id='word_1_195' title='bbox 3343 1483 3561 1545; x_wconf 78' lang='lat' dir='ltr'><strong>anxius,</strong></span> <span class='ocrx_word' id='word_1_196' title='bbox 3650 1478 3655 1481; x_wconf 73' lang='grc'>’</span> 
     </span>
    </p>
   </div>
   <div class='ocr_carea' id='block_1_29' title="bbox 1938 1574 3564 1651">
    <p class='ocr_par' dir='ltr' id='par_1_29' title="bbox 1938 1574 3564 1651">
     <span class='ocr_line' id='line_1_29' title="bbox 1938 1574 3564 1651; baseline -0.001 -18"><span class='ocrx_word' id='word_1_197' title='bbox 1938 1630 1943 1633; x_wconf 77' lang='lat'><strong>.</strong></span> <span class='ocrx_word' id='word_1_198' title='bbox 1970 1581 2135 1651; x_wconf 75' lang='lat' dir='ltr'><strong>C(Bpit</strong></span> <span class='ocrx_word' id='word_1_199' title='bbox 2160 1580 2416 1636; x_wconf 92' lang='lat' dir='ltr'><strong>oblivioni</strong></span> <span class='ocrx_word' id='word_1_200' title='bbox 2460 1591 2677 1637; x_wconf 87' lang='lat' dir='ltr'><strong>nostras</strong></span> <span class='ocrx_word' id='word_1_201' title='bbox 2707 1581 2923 1636; x_wconf 85' lang='lat' dir='ltr'><strong>tradere</strong></span> <span class='ocrx_word' id='word_1_202' title='bbox 2974 1595 3169 1635; x_wconf 86' lang='lat' dir='ltr'><strong>causas</strong></span> <span class='ocrx_word' id='word_1_203' title='bbox 3193 1574 3289 1643; x_wconf 45' lang='lat' dir='ltr'><strong>,‘et</strong></span> <span class='ocrx_word' id='word_1_204' title='bbox 3318 1578 3369 1633; x_wconf 92' lang='lat' dir='ltr'><strong>in</strong></span> <span class='ocrx_word' id='word_1_205' title='bbox 3394 1582 3397 1583; x_wconf 66' lang='grc'><strong><em>⁷</em></strong></span> <span class='ocrx_word' id='word_1_206' title='bbox 3424 1592 3564 1648; x_wconf 90' lang='lat' dir='ltr'><strong>quas</strong></span> 
     </span>
    </p>
   </div>
   <div class='ocr_carea' id='block_1_30' title="bbox 1973 1675 3565 1749">
    <p class='ocr_par' dir='ltr' id='par_1_30' title="bbox 1973 1675 3565 1749">
     <span class='ocr_line' id='line_1_30' title="bbox 1973 1675 3565 1749; baseline -0.003 -14"><span class='ocrx_word' id='word_1_207' title='bbox 1973 1681 2106 1735; x_wconf 89' lang='lat' dir='ltr'><strong>nihil</strong></span> <span class='ocrx_word' id='word_1_208' title='bbox 2137 1681 2392 1745; x_wconf 88' lang='lat' dir='ltr'><strong>habebat,</strong></span> <span class='ocrx_word' id='word_1_209' title='bbox 2420 1697 2518 1736; x_wconf 90' lang='lat' dir='ltr'><strong>nec</strong></span> <span class='ocrx_word' id='word_1_210' title='bbox 2541 1680 2783 1741; x_wconf 81' lang='lat' dir='ltr'><strong>dederat.</strong></span> <span class='ocrx_word' id='word_1_211' title='bbox 2805 1693 3131 1749; x_wconf 75' lang='lat' dir='ltr'><strong>postponere.</strong></span> <span class='ocrx_word' id='word_1_212' title='bbox 3151 1694 3330 1733; x_wconf 88' lang='lat' dir='ltr'><strong>curas.</strong></span> <span class='ocrx_word' id='word_1_213' title='bbox 3351 1675 3415 1731; x_wconf 83' lang='lat' dir='ltr'><strong>Et</strong></span> <span class='ocrx_word' id='word_1_214' title='bbox 3443 1688 3565 1731; x_wconf 53' lang='lat' dir='ltr'><strong>ere.</strong></span> 
     </span>
    </p>
   </div>
   <div class='ocr_carea' id='block_1_31' title="bbox 1970 1763 3566 1842">
    <p class='ocr_par' dir='ltr' id='par_1_31' title="bbox 1970 1763 3566 1842">
     <span class='ocr_line' id='line_1_31' title="bbox 1970 1763 3566 1842; baseline -0.004 -16"><span class='ocrx_word' id='word_1_215' title='bbox 1970 1772 2168 1827; x_wconf 89' lang='lat' dir='ltr'><strong>bcrunt</strong></span> <span class='ocrx_word' id='word_1_216' title='bbox 2193 1774 2417 1842; x_wconf 64' lang='lat' dir='ltr'><strong>rapinae,</strong></span> <span class='ocrx_word' id='word_1_217' title='bbox 2452 1780 2506 1826; x_wconf 87' lang='lat' dir='ltr'><strong>ct</strong></span> <span class='ocrx_word' id='word_1_218' title='bbox 2528 1770 2807 1842; x_wconf 84' lang='lat' dir='ltr'><strong>privilegia</strong></span> <span class='ocrx_word' id='word_1_219' title='bbox 2836 1769 3226 1831; x_wconf 83' lang='lat' dir='ltr'><strong>Romanorum,</strong></span> <span class='ocrx_word' id='word_1_220' title='bbox 3253 1766 3343 1838; x_wconf 90' lang='lat' dir='ltr'><strong>qui</strong></span> <span class='ocrx_word' id='word_1_221' title='bbox 3369 1763 3566 1821; x_wconf 85' lang='lat' dir='ltr'><strong>transi-</strong></span> 
     </span>
    </p>
   </div>
   <div class='ocr_carea' id='block_1_32' title="bbox 1972 1858 3565 1935">
    <p class='ocr_par' dir='ltr' id='par_1_32' title="bbox 1972 1858 3565 1935">
     <span class='ocr_line' id='line_1_32' title="bbox 1972 1858 3565 1935; baseline -0.004 -17"><span class='ocrx_word' id='word_1_222' title='bbox 1972 1864 2164 1921; x_wconf 86' lang='lat' dir='ltr'><strong>licntes</strong></span> <span class='ocrx_word' id='word_1_223' title='bbox 2177 1864 2376 1919; x_wconf 89' lang='lat' dir='ltr'><strong>limites</strong></span> <span class='ocrx_word' id='word_1_224' title='bbox 2389 1879 2640 1935; x_wconf 80' lang='lat' dir='ltr'><strong>agrorum</strong></span> <span class='ocrx_word' id='word_1_225' title='bbox 2657 1874 2992 1927; x_wconf 90' lang='lat' dir='ltr'><strong>nostrorum,</strong></span> <span class='ocrx_word' id='word_1_226' title='bbox 3016 1861 3325 1917; x_wconf 80' lang='lat' dir='ltr'><strong>universum</strong></span> <span class='ocrx_word' id='word_1_227' title='bbox 3343 1858 3565 1914; x_wconf 79' lang='lat' dir='ltr'><strong>minita-</strong></span> 
     </span>
    </p>
   </div>
   <div class='ocr_carea' id='block_1_33' title="bbox 268 1936 1880 2027">
    <p class='ocr_par' dir='ltr' id='par_1_33' title="bbox 268 1936 1868 2023">
     <span class='ocr_line' id='line_1_33' title="bbox 268 1936 1868 2023; baseline -0.001 -17"><span class='ocrx_word' id='word_1_228' title='bbox 268 1936 406 2006; x_wconf 79' lang='lat' dir='ltr'><strong>lmle</strong></span> <span class='ocrx_word' id='word_1_229' title='bbox 446 1959 501 2006; x_wconf 92' lang='lat' dir='ltr'><strong>et</strong></span> <span class='ocrx_word' id='word_1_230' title='bbox 540 1950 593 2005; x_wconf 90' lang='lat' dir='ltr'><strong>in</strong></span> <span class='ocrx_word' id='word_1_231' title='bbox 638 1950 970 2005; x_wconf 90' lang='lat' dir='ltr'><strong>contrarium</strong></span> <span class='ocrx_word' id='word_1_232' title='bbox 1025 1951 1198 2023; x_wconf 88' lang='lat' dir='ltr'><strong>surgit</strong></span> <span class='ocrx_word' id='word_1_233' title='bbox 1237 1950 1496 2021; x_wconf 73' lang='lat' dir='ltr'><strong>quitquid</strong></span> <span class='ocrx_word' id='word_1_234' title='bbox 1554 1950 1868 2006; x_wconf 88' lang='lat' dir='ltr'><strong>inchoatum</strong></span> 
     </span>
    </p>
   </div>
   <div class='ocr_carea' id='block_1_34' title="bbox 1989 1936 3567 2027">
    <p class='ocr_par' dir='ltr' id='par_1_34' title="bbox 1989 1953 3567 2027">
     <span class='ocr_line' id='line_1_34' title="bbox 1989 1953 3567 2027; baseline -0.006 -10"><span class='ocrx_word' id='word_1_235' title='bbox 1989 1971 2107 2017; x_wconf 76' lang='lat' dir='ltr'><strong>Jattl</strong></span> <span class='ocrx_word' id='word_1_236' title='bbox 2135 1961 2388 2015; x_wconf 89' lang='lat' dir='ltr'><strong>invadere</strong></span> <span class='ocrx_word' id='word_1_237' title='bbox 2416 1958 2611 2015; x_wconf 87' lang='lat' dir='ltr'><strong>locum.</strong></span> <span class='ocrx_word' id='word_1_238' title='bbox 2637 1957 2748 2013; x_wconf 84' lang='lat' dir='ltr'><strong>Nos</strong></span> <span class='ocrx_word' id='word_1_239' title='bbox 2769 1966 2947 2013; x_wconf 89' lang='lat' dir='ltr'><strong>autem</strong></span> <span class='ocrx_word' id='word_1_240' title='bbox 2971 1957 3082 2027; x_wconf 90' lang='lat' dir='ltr'><strong>jam</strong></span> <span class='ocrx_word' id='word_1_241' title='bbox 3108 1954 3239 2009; x_wconf 89' lang='lat' dir='ltr'><strong>nihil</strong></span> <span class='ocrx_word' id='word_1_242' title='bbox 3265 1954 3336 2008; x_wconf 89' lang='lat' dir='ltr'><strong>ibi</strong></span> <span class='ocrx_word' id='word_1_243' title='bbox 3362 1953 3567 2008; x_wconf 87' lang='lat' dir='ltr'><strong>habere</strong></span> 
     </span>
    </p>
   </div>
   <div class='ocr_carea' id='block_1_35' title="bbox 270 2039 1869 2108">
    <p class='ocr_par' dir='ltr' id='par_1_35' title="bbox 270 2039 1869 2108">
     <span class='ocr_line' id='line_1_35' title="bbox 270 2039 1869 2108; baseline 0.001 -13"><span class='ocrx_word' id='word_1_244' title='bbox 270 2043 438 2097; x_wconf 84' lang='lat' dir='ltr'><strong>aliter</strong></span> <span class='ocrx_word' id='word_1_245' title='bbox 486 2041 607 2096; x_wconf 90' lang='lat' dir='ltr'><strong>fuit.</strong></span> <span class='ocrx_word' id='word_1_246' title='bbox 641 2039 776 2096; x_wconf 88' lang='lat' dir='ltr'><strong>Nam</strong></span> <span class='ocrx_word' id='word_1_247' title='bbox 807 2049 943 2097; x_wconf 90' lang='lat' dir='ltr'><strong>teste</strong></span> <span class='ocrx_word' id='word_1_248' title='bbox 979 2042 1106 2106; x_wconf 80' lang='lat' dir='ltr'><strong>lieo,</strong></span> <span class='ocrx_word' id='word_1_249' title='bbox 1138 2056 1300 2108; x_wconf 83' lang='lat' dir='ltr'><strong>quem</strong></span> <span class='ocrx_word' id='word_1_250' title='bbox 1332 2043 1680 2098; x_wconf 69' lang='lat' dir='ltr'><strong>conscientia:</strong></span> <span class='ocrx_word' id='word_1_251' title='bbox 1715 2057 1869 2108; x_wconf 73' lang='lat' dir='ltr'><strong>mem,</strong></span> 
     </span>
    </p>
   </div>
   <div class='ocr_carea' id='block_1_36' title="bbox 272 2131 1871 2205">
    <p class='ocr_par' dir='ltr' id='par_1_36' title="bbox 272 2131 1871 2205">
     <span class='ocr_line' id='line_1_36' title="bbox 272 2131 1871 2205; baseline 0 -17"><span class='ocrx_word' id='word_1_252' title='bbox 272 2134 393 2188; x_wconf 90' lang='lat' dir='ltr'><strong>imo</strong></span> <span class='ocrx_word' id='word_1_253' title='bbox 433 2142 489 2187; x_wconf 82' lang='lat' dir='ltr'><strong>et</strong></span> <span class='ocrx_word' id='word_1_254' title='bbox 530 2131 691 2200; x_wconf 87' lang='lat' dir='ltr'><strong>hujus</strong></span> <span class='ocrx_word' id='word_1_255' title='bbox 723 2132 966 2203; x_wconf 73' lang='lat' dir='ltr'><strong>epistolae</strong></span> <span class='ocrx_word' id='word_1_256' title='bbox 995 2132 1359 2188; x_wconf 64' lang='lat' dir='ltr'><strong>discussorem</strong></span> <span class='ocrx_word' id='word_1_257' title='bbox 1417 2143 1696 2205; x_wconf 84' lang='lat' dir='ltr'><strong>exspecto,</strong></span> <span class='ocrx_word' id='word_1_258' title='bbox 1744 2133 1871 2203; x_wconf 87' lang='lat' dir='ltr'><strong>quia</strong></span> 
     </span>
    </p>
   </div>
   <div class='ocr_carea' id='block_1_37' title="bbox 269 2210 1870 2297">
    <p class='ocr_par' dir='ltr' id='par_1_37' title="bbox 269 2210 1870 2297">
     <span class='ocr_line' id='line_1_37' title="bbox 269 2210 1870 2297; baseline 0.002 -21"><span class='ocrx_word' id='word_1_259' title='bbox 269 2225 542 2297; x_wconf 81' lang='lat' dir='ltr'><strong>quidquid</strong></span> <span class='ocrx_word' id='word_1_260' title='bbox 578 2210 1089 2280; x_wconf 48' lang='lat' dir='ltr'><strong>Maniclnens&#39;Fclix</strong></span> <span class='ocrx_word' id='word_1_261' title='bbox 1130 2237 1179 2291; x_wconf 74' lang='grc' dir='ltr'><strong>ει,</strong></span> <span class='ocrx_word' id='word_1_262' title='bbox 1222 2226 1484 2296; x_wconf 54' lang='lat' dir='ltr'><strong>quidquid</strong></span> <span class='ocrx_word' id='word_1_263' title='bbox 1515 2225 1796 2282; x_wconf 86' lang='lat' dir='ltr'><strong>confessor</strong></span> <span class='ocrx_word' id='word_1_264' title='bbox 1820 2226 1870 2292; x_wconf 66' lang='grc' dir='ltr'><strong>ι),</strong></span> 
     </span>
    </p>
   </div>
   <div class='ocr_carea' id='block_1_38' title="bbox 268 2316 1876 2390">
    <p class='ocr_par' dir='ltr' id='par_1_38' title="bbox 268 2316 1876 2390">
     <span class='ocr_line' id='line_1_38' title="bbox 268 2316 1876 2390; baseline -0.001 -15"><span class='ocrx_word' id='word_1_265' title='bbox 268 2316 551 2383; x_wconf 84' lang='lat' dir='ltr'><strong>Julianus,</strong></span> <span class='ocrx_word' id='word_1_266' title='bbox 572 2318 763 2373; x_wconf 89' lang='lat' dir='ltr'><strong>crebra</strong></span> <span class='ocrx_word' id='word_1_267' title='bbox 790 2318 945 2373; x_wconf 88' lang='lat' dir='ltr'><strong>vobis</strong></span> <span class='ocrx_word' id='word_1_268' title='bbox 978 2326 1034 2373; x_wconf 88' lang='lat' dir='ltr'><strong>et</strong></span> <span class='ocrx_word' id='word_1_269' title='bbox 1072 2317 1381 2389; x_wconf 91' lang='lat' dir='ltr'><strong>importuna</strong></span> <span class='ocrx_word' id='word_1_270' title='bbox 1409 2319 1760 2390; x_wconf 75' lang='lat' dir='ltr'><strong>suggessione</strong></span> <span class='ocrx_word' id='word_1_271' title='bbox 1786 2333 1876 2373; x_wconf 86' lang='lat' dir='ltr'><strong>as-</strong></span> 
     </span>
    </p>
   </div>
   <div class='ocr_carea' id='block_1_39' title="bbox 271 2405 1879 2483">
    <p class='ocr_par' dir='ltr' id='par_1_39' title="bbox 271 2405 1879 2483">
     <span class='ocr_line' id='line_1_39' title="bbox 271 2405 1879 2483; baseline -0.001 -14"><span class='ocrx_word' id='word_1_272' title='bbox 271 2421 493 2479; x_wconf 86' lang='lat' dir='ltr'><strong>serunt,</strong></span> <span class='ocrx_word' id='word_1_273' title='bbox 516 2421 573 2468; x_wconf 92' lang='lat' dir='ltr'><strong>et</strong></span> <span class='ocrx_word' id='word_1_274' title='bbox 607 2405 805 2468; x_wconf 81' lang='lat' dir='ltr'><strong>contra</strong></span> <span class='ocrx_word' id='word_1_275' title='bbox 834 2427 921 2469; x_wconf 92' lang='lat' dir='ltr'><strong>me</strong></span> <span class='ocrx_word' id='word_1_276' title='bbox 953 2411 1215 2467; x_wconf 89' lang='lat' dir='ltr'><strong>falsidicis</strong></span> <span class='ocrx_word' id='word_1_277' title='bbox 1252 2413 1685 2483; x_wconf 86' lang='lat' dir='ltr'><strong>oppositionibus</strong></span> <span class='ocrx_word' id='word_1_278' title='bbox 1731 2412 1879 2482; x_wconf 85' lang='lat' dir='ltr'><strong>inge-</strong></span> 
     </span>
    </p>
   </div>
   <div class='ocr_carea' id='block_1_40' title="bbox 277 2502 1878 2569">
    <p class='ocr_par' dir='ltr' id='par_1_40' title="bbox 277 2502 1878 2569">
     <span class='ocr_line' id='line_1_40' title="bbox 277 2502 1878 2569; baseline -0.001 -9"><span class='ocrx_word' id='word_1_279' title='bbox 277 2515 429 2568; x_wconf 87' lang='lat' dir='ltr'><strong>runt,</strong></span> <span class='ocrx_word' id='word_1_280' title='bbox 483 2520 587 2561; x_wconf 91' lang='lat' dir='ltr'><strong>non</strong></span> <span class='ocrx_word' id='word_1_281' title='bbox 626 2513 753 2561; x_wconf 88' lang='lat' dir='ltr'><strong>voto</strong></span> <span class='ocrx_word' id='word_1_282' title='bbox 799 2505 997 2560; x_wconf 87' lang='lat' dir='ltr'><strong>mentis</strong></span> <span class='ocrx_word' id='word_1_283' title='bbox 1048 2504 1273 2569; x_wconf 88' lang='lat' dir='ltr'><strong>accidit,</strong></span> <span class='ocrx_word' id='word_1_284' title='bbox 1333 2504 1427 2560; x_wconf 89' lang='lat' dir='ltr'><strong>sed</strong></span> <span class='ocrx_word' id='word_1_285' title='bbox 1480 2502 1703 2559; x_wconf 90' lang='lat' dir='ltr'><strong>fortuito</strong></span> <span class='ocrx_word' id='word_1_286' title='bbox 1744 2518 1878 2558; x_wconf 91' lang='lat' dir='ltr'><strong>casu</strong></span> 
     </span>
    </p>
   </div>
   <div class='ocr_carea' id='block_1_41' title="bbox 271 2593 1877 2666">
    <p class='ocr_par' dir='ltr' id='par_1_41' title="bbox 271 2593 1877 2666">
     <span class='ocr_line' id='line_1_41' title="bbox 271 2593 1877 2666; baseline -0.002 -14"><span class='ocrx_word' id='word_1_287' title='bbox 271 2596 487 2653; x_wconf 92' lang='lat' dir='ltr'><strong>evenit.</strong></span> <span class='ocrx_word' id='word_1_288' title='bbox 512 2594 663 2663; x_wconf 85' lang='lat' dir='ltr'><strong>Quod</strong></span> <span class='ocrx_word' id='word_1_289' title='bbox 692 2596 832 2651; x_wconf 90' lang='lat' dir='ltr'><strong>idem</strong></span> <span class='ocrx_word' id='word_1_290' title='bbox 866 2594 1151 2666; x_wconf 84' lang='lat' dir='ltr'><strong>religiosus</strong></span> <span class='ocrx_word' id='word_1_291' title='bbox 1178 2593 1400 2650; x_wconf 84' lang='lat' dir='ltr'><strong>veriflce</strong></span> <span class='ocrx_word' id='word_1_292' title='bbox 1440 2594 1608 2660; x_wconf 89' lang='lat' dir='ltr'><strong>novit,</strong></span> <span class='ocrx_word' id='word_1_293' title='bbox 1662 2603 1718 2649; x_wconf 90' lang='lat' dir='ltr'><strong>et</strong></span> <span class='ocrx_word' id='word_1_294' title='bbox 1761 2594 1877 2650; x_wconf 88' lang='lat' dir='ltr'><strong>cal-</strong></span> 
     </span>
    </p>
   </div>
   <div class='ocr_carea' id='block_1_42' title="bbox 274 2686 1877 2758">
    <p class='ocr_par' dir='ltr' id='par_1_42' title="bbox 274 2686 1877 2758">
     <span class='ocr_line' id='line_1_42' title="bbox 274 2686 1877 2758; baseline -0.003 -13"><span class='ocrx_word' id='word_1_295' title='bbox 274 2700 407 2745; x_wconf 78' lang='lat' dir='ltr'><strong>cata</strong></span> <span class='ocrx_word' id='word_1_296' title='bbox 456 2687 791 2745; x_wconf 87' lang='lat' dir='ltr'><strong>conscientia</strong></span> <span class='ocrx_word' id='word_1_297' title='bbox 837 2687 1087 2758; x_wconf 82' lang='lat' dir='ltr'><strong>propria,</strong></span> <span class='ocrx_word' id='word_1_298' title='bbox 1139 2696 1269 2742; x_wconf 85' lang='lat' dir='ltr'><strong>nota</strong></span> <span class='ocrx_word' id='word_1_299' title='bbox 1322 2687 1643 2751; x_wconf 83' lang='lat' dir='ltr'><strong>contemnit,</strong></span> <span class='ocrx_word' id='word_1_300' title='bbox 1694 2686 1877 2757; x_wconf 84' lang='lat' dir='ltr'><strong>ignota</strong></span> 
     </span>
    </p>
   </div>
   <div class='ocr_carea' id='block_1_43' title="bbox 276 2780 1068 2847">
    <p class='ocr_par' dir='ltr' id='par_1_43' title="bbox 276 2780 1068 2847">
     <span class='ocr_line' id='line_1_43' title="bbox 276 2780 1068 2847; baseline 0 -12"><span class='ocrx_word' id='word_1_301' title='bbox 276 2796 418 2837; x_wconf 77' lang='lat' dir='ltr'><strong>vero</strong></span> <span class='ocrx_word' id='word_1_302' title='bbox 447 2781 702 2847; x_wconf 88' lang='lat' dir='ltr'><strong>adstruit,</strong></span> <span class='ocrx_word' id='word_1_303' title='bbox 731 2789 784 2837; x_wconf 91' lang='lat' dir='ltr'><strong>et</strong></span> <span class='ocrx_word' id='word_1_304' title='bbox 810 2780 1068 2836; x_wconf 88' lang='lat' dir='ltr'><strong>defendit.</strong></span> 
     </span>
    </p>
   </div>
   <div class='ocr_carea' id='block_1_44' title="bbox 358 2870 1878 2943">
    <p class='ocr_par' dir='ltr' id='par_1_44' title="bbox 358 2870 1878 2943">
     <span class='ocr_line' id='line_1_44' title="bbox 358 2870 1878 2943; baseline 0 -16"><span class='ocrx_word' id='word_1_305' title='bbox 358 2871 414 2927; x_wconf 78' lang='lat'><strong>5.</strong></span> <span class='ocrx_word' id='word_1_306' title='bbox 458 2871 524 2927; x_wconf 86' lang='lat' dir='ltr'><strong>Et</strong></span> <span class='ocrx_word' id='word_1_307' title='bbox 552 2881 610 2927; x_wconf 93' lang='lat' dir='ltr'><strong>ut</strong></span> <span class='ocrx_word' id='word_1_308' title='bbox 638 2870 916 2943; x_wconf 88' lang='lat' dir='ltr'><strong>paulisper</strong></span> <span class='ocrx_word' id='word_1_309' title='bbox 946 2871 1181 2943; x_wconf 90' lang='lat' dir='ltr'><strong>seposita</strong></span> <span class='ocrx_word' id='word_1_310' title='bbox 1208 2871 1422 2927; x_wconf 87' lang='lat' dir='ltr'><strong>ratione</strong></span> <span class='ocrx_word' id='word_1_311' title='bbox 1454 2871 1711 2927; x_wconf 90' lang='lat' dir='ltr'><strong>narrandi</strong></span> <span class='ocrx_word' id='word_1_312' title='bbox 1742 2887 1878 2942; x_wconf 87' lang='lat' dir='ltr'><strong>qna-</strong></span> 
     </span>
    </p>
   </div>
   <div class='ocr_carea' id='block_1_45' title="bbox 280 2960 1879 3033">
    <p class='ocr_par' dir='ltr' id='par_1_45' title="bbox 280 2960 1879 3033">
     <span class='ocr_line' id='line_1_45' title="bbox 280 2960 1879 3033; baseline -0.003 -14"><span class='ocrx_word' id='word_1_313' title='bbox 280 2965 419 3020; x_wconf 90' lang='lat' dir='ltr'><strong>liter</strong></span> <span class='ocrx_word' id='word_1_314' title='bbox 468 2972 646 3019; x_wconf 89' lang='lat' dir='ltr'><strong>actum</strong></span> <span class='ocrx_word' id='word_1_315' title='bbox 690 2972 795 3029; x_wconf 92' lang='lat' dir='ltr'><strong>est,</strong></span> <span class='ocrx_word' id='word_1_316' title='bbox 844 2978 964 3033; x_wconf 79' lang='lat' dir='ltr'><strong>qme</strong></span> <span class='ocrx_word' id='word_1_317' title='bbox 1010 2962 1219 3017; x_wconf 85' lang='lat' dir='ltr'><strong>adverti</strong></span> <span class='ocrx_word' id='word_1_318' title='bbox 1277 2960 1561 3027; x_wconf 86' lang='lat' dir='ltr'><strong>debentur,</strong></span> <span class='ocrx_word' id='word_1_319' title='bbox 1595 2962 1879 3033; x_wconf 80' lang='lat' dir='ltr'><strong>ingeram;</strong></span> 
     </span>
    </p>
   </div>
   <div class='ocr_carea' id='block_1_46' title="bbox 280 3052 1883 3126">
    <p class='ocr_par' dir='ltr' id='par_1_46' title="bbox 280 3052 1883 3126">
     <span class='ocr_line' id='line_1_46' title="bbox 280 3052 1883 3126; baseline -0.004 -13"><span class='ocrx_word' id='word_1_320' title='bbox 280 3067 440 3113; x_wconf 87' lang='lat' dir='ltr'><strong>certe</strong></span> <span class='ocrx_word' id='word_1_321' title='bbox 463 3063 589 3111; x_wconf 86' lang='lat' dir='ltr'><strong>ante</strong></span> <span class='ocrx_word' id='word_1_322' title='bbox 612 3054 952 3126; x_wconf 80' lang='lat' dir='ltr'><strong>:cgritudinis</strong></span> <span class='ocrx_word' id='word_1_323' title='bbox 975 3068 1108 3110; x_wconf 73' lang='lat' dir='ltr'><strong>mea:</strong></span> <span class='ocrx_word' id='word_1_324' title='bbox 1136 3052 1502 3123; x_wconf 90' lang='lat' dir='ltr'><strong>dispendium,</strong></span> <span class='ocrx_word' id='word_1_325' title='bbox 1528 3061 1582 3108; x_wconf 92' lang='lat' dir='ltr'><strong>et</strong></span> <span class='ocrx_word' id='word_1_326' title='bbox 1617 3052 1883 3123; x_wconf 83' lang='lat' dir='ltr'><strong>poeniten-</strong></span> 
     </span>
    </p>
   </div>
   <div class='ocr_carea' id='block_1_47' title="bbox 284 3143 1878 3220">
    <p class='ocr_par' dir='ltr' id='par_1_47' title="bbox 284 3143 1878 3220">
     <span class='ocr_line' id='line_1_47' title="bbox 284 3143 1878 3220; baseline -0.004 -15"><span class='ocrx_word' id='word_1_327' title='bbox 284 3150 383 3205; x_wconf 77' lang='lat' dir='ltr'><strong>tiae</strong></span> <span class='ocrx_word' id='word_1_328' title='bbox 406 3163 567 3220; x_wconf 88' lang='lat' dir='ltr'><strong>quam</strong></span> <span class='ocrx_word' id='word_1_329' title='bbox 613 3147 667 3202; x_wconf 92' lang='lat' dir='ltr'><strong>in</strong></span> <span class='ocrx_word' id='word_1_330' title='bbox 709 3145 903 3201; x_wconf 87' lang='lat' dir='ltr'><strong>ultima</strong></span> <span class='ocrx_word' id='word_1_331' title='bbox 954 3145 1279 3201; x_wconf 88' lang='lat' dir='ltr'><strong>necessitate</strong></span> <span class='ocrx_word' id='word_1_332' title='bbox 1327 3144 1511 3214; x_wconf 87' lang='lat' dir='ltr'><strong>accepi</strong></span> <span class='ocrx_word' id='word_1_333' title='bbox 1563 3143 1878 3209; x_wconf 90' lang='lat' dir='ltr'><strong>remedium,</strong></span> 
     </span>
    </p>
   </div>
   <div class='ocr_carea' id='block_1_48' title="bbox 284 3239 1882 3312">
    <p class='ocr_par' dir='ltr' id='par_1_48' title="bbox 284 3239 1882 3312">
     <span class='ocr_line' id='line_1_48' title="bbox 284 3239 1882 3312; baseline -0.003 -12"><span class='ocrx_word' id='word_1_334' title='bbox 284 3244 483 3300; x_wconf 83' lang='lat' dir='ltr'><strong>multis</strong></span> <span class='ocrx_word' id='word_1_335' title='bbox 502 3242 658 3299; x_wconf 90' lang='lat' dir='ltr'><strong>donis</strong></span> <span class='ocrx_word' id='word_1_336' title='bbox 690 3241 980 3312; x_wconf 84' lang='lat' dir='ltr'><strong>multisque</strong></span> <span class='ocrx_word' id='word_1_337' title='bbox 1011 3241 1173 3298; x_wconf 91' lang='lat' dir='ltr'><strong>rebus</strong></span> <span class='ocrx_word' id='word_1_338' title='bbox 1221 3249 1470 3296; x_wconf 90' lang='lat' dir='ltr'><strong>sanctum</strong></span> <span class='ocrx_word' id='word_1_339' title='bbox 1510 3239 1659 3296; x_wconf 92' lang='lat' dir='ltr'><strong>illum</strong></span> <span class='ocrx_word' id='word_1_340' title='bbox 1689 3256 1882 3297; x_wconf 89' lang='lat' dir='ltr'><strong>mona-</strong></span> 
     </span>
    </p>
   </div>
   <div class='ocr_carea' id='block_1_49' title="bbox 283 3310 1957 3406">
    <p class='ocr_par' dir='ltr' id='par_1_49' title="bbox 283 3310 1957 3406">
     <span class='ocr_line' id='line_1_49' title="bbox 283 3310 1957 3406; baseline -0.004 -10"><span class='ocrx_word' id='word_1_341' title='bbox 283 3339 520 3396; x_wconf 84' lang='lat' dir='ltr'><strong>sterium</strong></span> <span class='ocrx_word' id='word_1_342' title='bbox 565 3336 732 3392; x_wconf 90' lang='lat' dir='ltr'><strong>ditavi</strong></span> <span class='ocrx_word' id='word_1_343' title='bbox 774 3310 972 3392; x_wconf 82' lang='lat' dir='ltr'><strong>locum.</strong></span> <span class='ocrx_word' id='word_1_344' title='bbox 1011 3334 1080 3390; x_wconf 86' lang='lat' dir='ltr'><strong>Et</strong></span> <span class='ocrx_word' id='word_1_345' title='bbox 1120 3334 1264 3406; x_wconf 90' lang='lat' dir='ltr'><strong>quod</strong></span> <span class='ocrx_word' id='word_1_346' title='bbox 1302 3334 1515 3406; x_wconf 88' lang='lat' dir='ltr'><strong>genitor</strong></span> <span class='ocrx_word' id='word_1_347' title='bbox 1566 3347 1721 3390; x_wconf 90' lang='lat' dir='ltr'><strong>meus</strong></span> <span class='ocrx_word' id='word_1_348' title='bbox 1747 3334 1885 3389; x_wconf 77' lang='lat' dir='ltr'><strong>diva:</strong></span> <span class='ocrx_word' id='word_1_349' title='bbox 1911 3310 1957 3373; x_wconf 66' lang='grc' dir='ltr'><strong>Ο</strong></span> 
     </span>
    </p>
   </div>
   <div class='ocr_carea' id='block_1_50' title="bbox 286 3429 1887 3503">
    <p class='ocr_par' dir='ltr' id='par_1_50' title="bbox 286 3429 1887 3503">
     <span class='ocr_line' id='line_1_50' title="bbox 286 3429 1887 3503; baseline -0.005 -10"><span class='ocrx_word' id='word_1_350' title='bbox 286 3434 594 3498; x_wconf 60' lang='lat' dir='ltr'><strong>memoriae,</strong></span> <span class='ocrx_word' id='word_1_351' title='bbox 620 3448 722 3489; x_wconf 75' lang='lat' dir='ltr'><strong>nec</strong></span> <span class='ocrx_word' id='word_1_352' title='bbox 748 3440 876 3487; x_wconf 89' lang='lat' dir='ltr'><strong>ante</strong></span> <span class='ocrx_word' id='word_1_353' title='bbox 905 3447 992 3488; x_wconf 91' lang='lat' dir='ltr'><strong>me</strong></span> <span class='ocrx_word' id='word_1_354' title='bbox 1043 3446 1110 3486; x_wconf 78' lang='lat' dir='ltr'><strong>ex</strong></span> <span class='ocrx_word' id='word_1_355' title='bbox 1138 3430 1311 3487; x_wconf 90' lang='lat' dir='ltr'><strong>nostri</strong></span> <span class='ocrx_word' id='word_1_356' title='bbox 1358 3429 1561 3487; x_wconf 88' lang='lat' dir='ltr'><strong>fecerat</strong></span> <span class='ocrx_word' id='word_1_357' title='bbox 1591 3430 1750 3495; x_wconf 90' lang='lat' dir='ltr'><strong>nllus,</strong></span> <span class='ocrx_word' id='word_1_358' title='bbox 1786 3445 1887 3503; x_wconf 81' lang='lat' dir='ltr'><strong>ego</strong></span> 
     </span>
    </p>
   </div>
   <div class='ocr_carea' id='block_1_51' title="bbox 287 3524 1888 3601">
    <p class='ocr_par' dir='ltr' id='par_1_51' title="bbox 287 3524 1888 3601">
     <span class='ocr_line' id='line_1_51' title="bbox 287 3524 1888 3601; baseline -0.004 -14"><span class='ocrx_word' id='word_1_359' title='bbox 287 3537 598 3601; x_wconf 86' lang='lat' dir='ltr'><strong>spontanea</strong></span> <span class='ocrx_word' id='word_1_360' title='bbox 667 3534 847 3583; x_wconf 91' lang='lat' dir='ltr'><strong>mente</strong></span> <span class='ocrx_word' id='word_1_361' title='bbox 900 3525 1249 3597; x_wconf 78' lang='lat' dir='ltr'><strong>impleveram</strong></span> <span class='ocrx_word' id='word_1_362' title='bbox 1314 3524 1482 3580; x_wconf 90' lang='lat' dir='ltr'><strong>solus.</strong></span> <span class='ocrx_word' id='word_1_363' title='bbox 1548 3524 1703 3593; x_wconf 85' lang='lat' dir='ltr'><strong>Quod</strong></span> <span class='ocrx_word' id='word_1_364' title='bbox 1773 3525 1888 3595; x_wconf 90' lang='lat' dir='ltr'><strong>ipse</strong></span> 
     </span>
    </p>
   </div>
   <div class='ocr_carea' id='block_1_52' title="bbox 288 3618 1890 3692">
    <p class='ocr_par' dir='ltr' id='par_1_52' title="bbox 288 3618 1890 3692">
     <span class='ocr_line' id='line_1_52' title="bbox 288 3618 1890 3692; baseline -0.004 -12"><span class='ocrx_word' id='word_1_365' title='bbox 288 3624 579 3680; x_wconf 88' lang='lat' dir='ltr'><strong>incnsator</strong></span> <span class='ocrx_word' id='word_1_366' title='bbox 606 3635 803 3692; x_wconf 84' lang='lat' dir='ltr'><strong>negare</strong></span> <span class='ocrx_word' id='word_1_367' title='bbox 830 3633 936 3675; x_wconf 92' lang='lat' dir='ltr'><strong>non</strong></span> <span class='ocrx_word' id='word_1_368' title='bbox 977 3618 1141 3684; x_wconf 88' lang='lat' dir='ltr'><strong>valet,</strong></span> <span class='ocrx_word' id='word_1_369' title='bbox 1172 3626 1230 3674; x_wconf 92' lang='lat' dir='ltr'><strong>et</strong></span> <span class='ocrx_word' id='word_1_370' title='bbox 1274 3618 1341 3674; x_wconf 88' lang='lat' dir='ltr'><strong>de</strong></span> <span class='ocrx_word' id='word_1_371' title='bbox 1386 3633 1494 3689; x_wconf 91' lang='lat' dir='ltr'><strong>quo</strong></span> <span class='ocrx_word' id='word_1_372' title='bbox 1534 3618 1713 3674; x_wconf 89' lang='lat' dir='ltr'><strong>omnis</strong></span> <span class='ocrx_word' id='word_1_373' title='bbox 1757 3618 1890 3674; x_wconf 87' lang='lat' dir='ltr'><strong>vici-</strong></span> 
     </span>
    </p>
   </div>
   <div class='ocr_carea' id='block_1_53' title="bbox 287 3712 1893 3783">
    <p class='ocr_par' dir='ltr' id='par_1_53' title="bbox 287 3712 1893 3783">
     <span class='ocr_line' id='line_1_53' title="bbox 287 3712 1893 3783; baseline -0.003 -9"><span class='ocrx_word' id='word_1_374' title='bbox 287 3717 444 3774; x_wconf 86' lang='lat' dir='ltr'><strong>nitas</strong></span> <span class='ocrx_word' id='word_1_375' title='bbox 474 3713 838 3771; x_wconf 82' lang='lat' dir='ltr'><strong>testimonium</strong></span> <span class='ocrx_word' id='word_1_376' title='bbox 865 3712 1049 3768; x_wconf 90' lang='lat' dir='ltr'><strong>habet.</strong></span> <span class='ocrx_word' id='word_1_377' title='bbox 1102 3712 1169 3767; x_wconf 78' lang='lat' dir='ltr'><strong>Et</strong></span> <span class='ocrx_word' id='word_1_378' title='bbox 1199 3727 1341 3767; x_wconf 86' lang='lat' dir='ltr'><strong>nunc</strong></span> <span class='ocrx_word' id='word_1_379' title='bbox 1369 3713 1586 3783; x_wconf 87' lang='lat' dir='ltr'><strong>quando</strong></span> <span class='ocrx_word' id='word_1_380' title='bbox 1627 3713 1893 3783; x_wconf 65' lang='lat' dir='ltr'><strong>poeniten-</strong></span> 
     </span>
    </p>
   </div>
   <div class='ocr_carea' id='block_1_54' title="bbox 291 3802 1892 3876">
    <p class='ocr_par' dir='ltr' id='par_1_54' title="bbox 291 3802 1892 3876">
     <span class='ocr_line' id='line_1_54' title="bbox 291 3802 1892 3876; baseline -0.002 -12"><span class='ocrx_word' id='word_1_381' title='bbox 291 3808 389 3864; x_wconf 70' lang='lat' dir='ltr'><strong>tizr</strong></span> <span class='ocrx_word' id='word_1_382' title='bbox 422 3805 509 3862; x_wconf 78' lang='lat' dir='ltr'><strong>lex</strong></span> <span class='ocrx_word' id='word_1_383' title='bbox 546 3805 912 3861; x_wconf 84' lang='lat' dir='ltr'><strong>miserrimum</strong></span> <span class='ocrx_word' id='word_1_384' title='bbox 937 3802 1149 3868; x_wconf 88' lang='lat' dir='ltr'><strong>cnrbat,</strong></span> <span class='ocrx_word' id='word_1_385' title='bbox 1182 3812 1238 3859; x_wconf 92' lang='lat' dir='ltr'><strong>et</strong></span> <span class='ocrx_word' id='word_1_386' title='bbox 1267 3804 1517 3859; x_wconf 88' lang='lat' dir='ltr'><strong>debilitas</strong></span> <span class='ocrx_word' id='word_1_387' title='bbox 1537 3802 1649 3873; x_wconf 91' lang='lat' dir='ltr'><strong>jam</strong></span> <span class='ocrx_word' id='word_1_388' title='bbox 1668 3805 1892 3876; x_wconf 87' lang='lat' dir='ltr'><strong>jamque</strong></span> 
     </span>
    </p>
   </div>
   <div class='ocr_carea' id='block_1_55' title="bbox 293 3894 1890 3966">
    <p class='ocr_par' dir='ltr' id='par_1_55' title="bbox 293 3894 1890 3966">
     <span class='ocr_line' id='line_1_55' title="bbox 293 3894 1890 3966; baseline -0.002 -10"><span class='ocrx_word' id='word_1_389' title='bbox 293 3900 627 3956; x_wconf 88' lang='lat' dir='ltr'><strong>moriturum</strong></span> <span class='ocrx_word' id='word_1_390' title='bbox 671 3898 933 3961; x_wconf 89' lang='lat' dir='ltr'><strong>incurrat,</strong></span> <span class='ocrx_word' id='word_1_391' title='bbox 973 3895 1199 3966; x_wconf 89' lang='lat' dir='ltr'><strong>jannam</strong></span> <span class='ocrx_word' id='word_1_392' title='bbox 1251 3894 1384 3950; x_wconf 90' lang='lat' dir='ltr'><strong>mibi</strong></span> <span class='ocrx_word' id='word_1_393' title='bbox 1430 3894 1556 3949; x_wconf 71' lang='lat' dir='ltr'><strong>vita:</strong></span> <span class='ocrx_word' id='word_1_394' title='bbox 1595 3895 1890 3965; x_wconf 70' lang='lat' dir='ltr'><strong>prteclude-</strong></span> 
     </span>
    </p>
   </div>
   <div class='ocr_carea' id='block_1_56' title="bbox 296 3986 1893 4057">
    <p class='ocr_par' dir='ltr' id='par_1_56' title="bbox 296 3986 1893 4057">
     <span class='ocr_line' id='line_1_56' title="bbox 296 3986 1893 4057; baseline -0.003 -9"><span class='ocrx_word' id='word_1_395' title='bbox 296 4008 440 4057; x_wconf 89' lang='lat' dir='ltr'><strong>rem,</strong></span> <span class='ocrx_word' id='word_1_396' title='bbox 462 4000 517 4046; x_wconf 91' lang='lat' dir='ltr'><strong>et</strong></span> <span class='ocrx_word' id='word_1_397' title='bbox 546 3991 599 4045; x_wconf 92' lang='lat' dir='ltr'><strong>in</strong></span> <span class='ocrx_word' id='word_1_398' title='bbox 630 3998 789 4045; x_wconf 91' lang='lat' dir='ltr'><strong>antro</strong></span> <span class='ocrx_word' id='word_1_399' title='bbox 813 3988 1056 4044; x_wconf 89' lang='lat' dir='ltr'><strong>barathri</strong></span> <span class='ocrx_word' id='word_1_400' title='bbox 1098 3988 1251 4057; x_wconf 87' lang='lat' dir='ltr'><strong>lapsu</strong></span> <span class='ocrx_word' id='word_1_401' title='bbox 1276 3986 1538 4057; x_wconf 71' lang='lat' dir='ltr'><strong>praecipiti</strong></span> <span class='ocrx_word' id='word_1_402' title='bbox 1569 3989 1893 4044; x_wconf 82' lang='lat' dir='ltr'><strong>currerem?</strong></span> 
     </span>
    </p>
   </div>
   <div class='ocr_carea' id='block_1_57' title="bbox 295 4080 1893 4153">
    <p class='ocr_par' dir='ltr' id='par_1_57' title="bbox 295 4080 1893 4153">
     <span class='ocr_line' id='line_1_57' title="bbox 295 4080 1893 4153; baseline -0.004 -10"><span class='ocrx_word' id='word_1_403' title='bbox 295 4086 412 4143; x_wconf 87' lang='lat' dir='ltr'><strong>Sed</strong></span> <span class='ocrx_word' id='word_1_404' title='bbox 440 4083 675 4153; x_wconf 87' lang='lat' dir='ltr'><strong>qualiter</strong></span> <span class='ocrx_word' id='word_1_405' title='bbox 711 4090 914 4147; x_wconf 88' lang='lat' dir='ltr'><strong>actum,</strong></span> <span class='ocrx_word' id='word_1_406' title='bbox 943 4095 1161 4152; x_wconf 90' lang='lat' dir='ltr'><strong>quoque</strong></span> <span class='ocrx_word' id='word_1_407' title='bbox 1182 4080 1444 4150; x_wconf 87' lang='lat' dir='ltr'><strong>dispositu</strong></span> <span class='ocrx_word' id='word_1_408' title='bbox 1476 4082 1641 4136; x_wconf 85' lang='lat' dir='ltr'><strong>exstit</strong></span> <span class='ocrx_word' id='word_1_409' title='bbox 1668 4098 1893 4153; x_wconf 89' lang='lat' dir='ltr'><strong>usurpa-</strong></span> 
     </span>
    </p>
   </div>
   <div class='ocr_carea' id='block_1_58' title="bbox 295 4174 1894 4248">
    <p class='ocr_par' dir='ltr' id='par_1_58' title="bbox 295 4174 1894 4248">
     <span class='ocr_line' id='line_1_58' title="bbox 295 4174 1894 4248; baseline -0.001 -13"><span class='ocrx_word' id='word_1_410' title='bbox 295 4189 416 4235; x_wconf 91' lang='lat' dir='ltr'><strong>tum</strong></span> <span class='ocrx_word' id='word_1_411' title='bbox 447 4186 585 4234; x_wconf 88' lang='lat' dir='ltr'><strong>teste</strong></span> <span class='ocrx_word' id='word_1_412' title='bbox 615 4176 727 4233; x_wconf 83' lang='lat' dir='ltr'><strong>Deo</strong></span> <span class='ocrx_word' id='word_1_413' title='bbox 772 4184 830 4232; x_wconf 91' lang='lat' dir='ltr'><strong>et</strong></span> <span class='ocrx_word' id='word_1_414' title='bbox 872 4174 1231 4246; x_wconf 60' lang='lat' dir='ltr'><strong>prxsentibus</strong></span> <span class='ocrx_word' id='word_1_415' title='bbox 1275 4176 1685 4233; x_wconf 88' lang='lat' dir='ltr'><strong>accusatoribus</strong></span> <span class='ocrx_word' id='word_1_416' title='bbox 1711 4177 1894 4248; x_wconf 86' lang='lat' dir='ltr'><strong>profe-</strong></span> 
     </span>
    </p>
   </div>
   <div class='ocr_carea' id='block_1_59' title="bbox 296 4260 1311 4340">
    <p class='ocr_par' dir='ltr' id='par_1_59' title="bbox 296 4260 1311 4340">
     <span class='ocr_line' id='line_1_59' title="bbox 296 4260 1311 4340; baseline -0.008 -15"><span class='ocrx_word' id='word_1_417' title='bbox 296 4285 422 4325; x_wconf 85' lang='lat' dir='ltr'><strong>ram</strong></span> <span class='ocrx_word' id='word_1_418' title='bbox 453 4269 695 4340; x_wconf 88' lang='lat' dir='ltr'><strong>planum.</strong></span> <span class='ocrx_word' id='word_1_419' title='bbox 1306 4260 1311 4263; x_wconf 68' lang='grc'><strong>⁷</strong></span> 
     </span>
    </p>
   </div>
   <div class='ocr_carea' id='block_1_60' title="bbox 372 4358 1887 4428">
    <p class='ocr_par' dir='ltr' id='par_1_60' title="bbox 372 4358 1887 4428">
     <span class='ocr_line' id='line_1_60' title="bbox 372 4358 1887 4428; baseline 0.001 -12"><span class='ocrx_word' id='word_1_420' title='bbox 372 4360 429 4417; x_wconf 70' lang='grc'><strong>4.</strong></span> <span class='ocrx_word' id='word_1_421' title='bbox 476 4359 626 4416; x_wconf 69' lang='lat' dir='ltr'><strong>Volui</strong></span> <span class='ocrx_word' id='word_1_422' title='bbox 656 4360 969 4416; x_wconf 88' lang='lat' dir='ltr'><strong>universum</strong></span> <span class='ocrx_word' id='word_1_423' title='bbox 1019 4358 1170 4415; x_wconf 91' lang='lat' dir='ltr'><strong>illum</strong></span> <span class='ocrx_word' id='word_1_424' title='bbox 1225 4360 1401 4417; x_wconf 89' lang='lat' dir='ltr'><strong>locum</strong></span> <span class='ocrx_word' id='word_1_425' title='bbox 1432 4360 1565 4416; x_wconf 89' lang='lat' dir='ltr'><strong>mihi</strong></span> <span class='ocrx_word' id='word_1_426' title='bbox 1602 4361 1887 4428; x_wconf 90' lang='lat' dir='ltr'><strong>redimere,</strong></span> 
     </span>
    </p>
   </div>
   <div class='ocr_carea' id='block_1_61' title="bbox 292 4450 1892 4526">
    <p class='ocr_par' dir='ltr' id='par_1_61' title="bbox 292 4450 1892 4526">
     <span class='ocr_line' id='line_1_61' title="bbox 292 4450 1892 4526; baseline 0 -15"><span class='ocrx_word' id='word_1_427' title='bbox 292 4464 355 4512; x_wconf 92' lang='lat' dir='ltr'><strong>et</strong></span> <span class='ocrx_word' id='word_1_428' title='bbox 386 4452 814 4526; x_wconf 88' lang='lat' dir='ltr'><strong>inquietudinem</strong></span> <span class='ocrx_word' id='word_1_429' title='bbox 831 4450 1198 4508; x_wconf 81' lang='lat' dir='ltr'><strong>Romanorum</strong></span> <span class='ocrx_word' id='word_1_430' title='bbox 1224 4464 1245 4491; x_wconf 66' lang='grc' dir='ltr'><strong>σε</strong></span> <span class='ocrx_word' id='word_1_431' title='bbox 1273 4453 1505 4524; x_wconf 85' lang='lat' dir='ltr'><strong>fugiens,</strong></span> <span class='ocrx_word' id='word_1_432' title='bbox 1529 4454 1703 4523; x_wconf 90' lang='lat' dir='ltr'><strong>ipsum</strong></span> <span class='ocrx_word' id='word_1_433' title='bbox 1729 4470 1892 4525; x_wconf 86' lang='lat' dir='ltr'><strong>quem</strong></span> 
     </span>
    </p>
   </div>
   <div class='ocr_carea' id='block_1_62' title="bbox 294 4546 1894 4621">
    <p class='ocr_par' dir='ltr' id='par_1_62' title="bbox 294 4546 1894 4621">
     <span class='ocr_line' id='line_1_62' title="bbox 294 4546 1894 4621; baseline -0.002 -16"><span class='ocrx_word' id='word_1_434' title='bbox 294 4548 479 4605; x_wconf 89' lang='lat' dir='ltr'><strong>nostis</strong></span> <span class='ocrx_word' id='word_1_435' title='bbox 507 4549 804 4621; x_wconf 89' lang='lat' dir='ltr'><strong>principem</strong></span> <span class='ocrx_word' id='word_1_436' title='bbox 830 4547 992 4602; x_wconf 90' lang='lat' dir='ltr'><strong>malui</strong></span> <span class='ocrx_word' id='word_1_437' title='bbox 1019 4547 1312 4617; x_wconf 83' lang='lat' dir='ltr'><strong>inquirere.</strong></span> <span class='ocrx_word' id='word_1_438' title='bbox 1336 4546 1491 4604; x_wconf 84' lang='lat' dir='ltr'><strong>Juste</strong></span> <span class='ocrx_word' id='word_1_439' title='bbox 1515 4562 1749 4618; x_wconf 87' lang='lat' dir='ltr'><strong>namque</strong></span> <span class='ocrx_word' id='word_1_440' title='bbox 1768 4563 1894 4603; x_wconf 89' lang='lat' dir='ltr'><strong>con-</strong></span> 
     </span>
    </p>
   </div>
   <div class='ocr_carea' id='block_1_63' title="bbox 1973 2045 3565 2126">
    <p class='ocr_par' dir='ltr' id='par_1_63' title="bbox 1973 2045 3565 2126">
     <span class='ocr_line' id='line_1_63' title="bbox 1973 2045 3565 2126; baseline -0.006 -19"><span class='ocrx_word' id='word_1_441' title='bbox 1973 2055 2322 2126; x_wconf 88' lang='lat' dir='ltr'><strong>putabamur,</strong></span> <span class='ocrx_word' id='word_1_442' title='bbox 2366 2061 2422 2108; x_wconf 92' lang='lat' dir='ltr'><strong>et</strong></span> <span class='ocrx_word' id='word_1_443' title='bbox 2478 2052 2566 2107; x_wconf 92' lang='lat' dir='ltr'><strong>ille</strong></span> <span class='ocrx_word' id='word_1_444' title='bbox 2604 2052 2695 2122; x_wconf 89' lang='lat' dir='ltr'><strong>qui</strong></span> <span class='ocrx_word' id='word_1_445' title='bbox 2743 2049 3207 2120; x_wconf 87' lang='lat' dir='ltr'><strong>comparationem</strong></span> <span class='ocrx_word' id='word_1_446' title='bbox 3241 2045 3295 2109; x_wconf 66' lang='grc' dir='ltr'><strong>δ,</strong></span> <span class='ocrx_word' id='word_1_447' title='bbox 3331 2045 3565 2112; x_wconf 88' lang='lat' dir='ltr'><strong>fecerat,</strong></span> 
     </span>
    </p>
   </div>
   <div class='ocr_carea' id='block_1_64' title="bbox 1974 2136 3566 2210">
    <p class='ocr_par' dir='ltr' id='par_1_64' title="bbox 1974 2136 3566 2210">
     <span class='ocr_line' id='line_1_64' title="bbox 1974 2136 3566 2210; baseline -0.007 -9"><span class='ocrx_word' id='word_1_448' title='bbox 1974 2146 2255 2201; x_wconf 87' lang='lat' dir='ltr'><strong>vindicare</strong></span> <span class='ocrx_word' id='word_1_449' title='bbox 2287 2144 2600 2200; x_wconf 81' lang='lat' dir='ltr'><strong>invasiones</strong></span> <span class='ocrx_word' id='word_1_450' title='bbox 2630 2143 2865 2198; x_wconf 85' lang='lat' dir='ltr'><strong>volebat.</strong></span> <span class='ocrx_word' id='word_1_451' title='bbox 2896 2142 2953 2198; x_wconf 93' lang='lat' dir='ltr'><strong>ln</strong></span> <span class='ocrx_word' id='word_1_452' title='bbox 2982 2141 3074 2196; x_wconf 67' lang='lat' dir='ltr'><strong>tali</strong></span> <span class='ocrx_word' id='word_1_453' title='bbox 3096 2138 3347 2195; x_wconf 74' lang='lat' dir='ltr'><strong>conflictu</strong></span> <span class='ocrx_word' id='word_1_454' title='bbox 3377 2136 3566 2210; x_wconf 89' lang='lat' dir='ltr'><strong>positi,</strong></span> 
     </span>
    </p>
   </div>
   <div class='ocr_carea' id='block_1_65' title="bbox 1976 2229 3568 2310">
    <p class='ocr_par' dir='ltr' id='par_1_65' title="bbox 1976 2229 3568 2310">
     <span class='ocr_line' id='line_1_65' title="bbox 1976 2229 3568 2310; baseline -0.007 -14"><span class='ocrx_word' id='word_1_455' title='bbox 1976 2240 2313 2310; x_wconf 83' lang='lat' dir='ltr'><strong>paenitudine</strong></span> <span class='ocrx_word' id='word_1_456' title='bbox 2366 2237 2565 2302; x_wconf 86' lang='lat' dir='ltr'><strong>affecti,</strong></span> <span class='ocrx_word' id='word_1_457' title='bbox 2622 2238 2843 2294; x_wconf 90' lang='lat' dir='ltr'><strong>contriti</strong></span> <span class='ocrx_word' id='word_1_458' title='bbox 2896 2235 3215 2308; x_wconf 89' lang='lat' dir='ltr'><strong>lngebamus</strong></span> <span class='ocrx_word' id='word_1_459' title='bbox 3257 2243 3313 2288; x_wconf 87' lang='lat' dir='ltr'><strong>et</strong></span> <span class='ocrx_word' id='word_1_460' title='bbox 3358 2229 3568 2287; x_wconf 73' lang='lat' dir='ltr'><strong>incesti.</strong></span> 
     </span>
    </p>
   </div>
   <div class='ocr_carea' id='block_1_66' title="bbox 1976 2322 3569 2400">
    <p class='ocr_par' dir='ltr' id='par_1_66' title="bbox 1976 2322 3569 2400">
     <span class='ocr_line' id='line_1_66' title="bbox 1976 2322 3569 2400; baseline -0.004 -14"><span class='ocrx_word' id='word_1_461' title='bbox 1976 2330 2106 2386; x_wconf 90' lang='lat' dir='ltr'><strong>Post</strong></span> <span class='ocrx_word' id='word_1_462' title='bbox 2145 2346 2360 2387; x_wconf 80' lang='lat' dir='ltr'><strong>menses</strong></span> <span class='ocrx_word' id='word_1_463' title='bbox 2380 2346 2475 2386; x_wconf 78' lang='lat' dir='ltr'><strong>sex</strong></span> <span class='ocrx_word' id='word_1_464' title='bbox 2500 2339 2595 2386; x_wconf 90' lang='lat' dir='ltr'><strong>ant</strong></span> <span class='ocrx_word' id='word_1_465' title='bbox 2623 2329 2856 2400; x_wconf 90' lang='lat' dir='ltr'><strong>amplius</strong></span> <span class='ocrx_word' id='word_1_466' title='bbox 2877 2329 2992 2400; x_wconf 90' lang='lat' dir='ltr'><strong>ipse</strong></span> <span class='ocrx_word' id='word_1_467' title='bbox 3022 2329 3274 2398; x_wconf 90' lang='lat' dir='ltr'><strong>princeps</strong></span> <span class='ocrx_word' id='word_1_468' title='bbox 3301 2341 3398 2396; x_wconf 90' lang='lat' dir='ltr'><strong>per</strong></span> <span class='ocrx_word' id='word_1_469' title='bbox 3421 2339 3479 2380; x_wconf 90' lang='lat' dir='ltr'><strong>se</strong></span> <span class='ocrx_word' id='word_1_470' title='bbox 3496 2322 3569 2380; x_wconf 88' lang='lat' dir='ltr'><strong>ad</strong></span> 
     </span>
    </p>
   </div>
   <div class='ocr_carea' id='block_1_67' title="bbox 1978 2423 3565 2495">
    <p class='ocr_par' dir='ltr' id='par_1_67' title="bbox 1978 2423 3565 2495">
     <span class='ocr_line' id='line_1_67' title="bbox 1978 2423 3565 2495; baseline -0.003 -15"><span class='ocrx_word' id='word_1_471' title='bbox 1978 2440 2066 2481; x_wconf 90' lang='lat' dir='ltr'><strong>me</strong></span> <span class='ocrx_word' id='word_1_472' title='bbox 2093 2425 2240 2481; x_wconf 79' lang='lat' dir='ltr'><strong>venit</strong></span> <span class='ocrx_word' id='word_1_473' title='bbox 2267 2434 2323 2481; x_wconf 91' lang='lat' dir='ltr'><strong>et</strong></span> <span class='ocrx_word' id='word_1_474' title='bbox 2343 2425 2661 2495; x_wconf 89' lang='lat' dir='ltr'><strong>postulavit,</strong></span> <span class='ocrx_word' id='word_1_475' title='bbox 2694 2434 2754 2479; x_wconf 92' lang='lat' dir='ltr'><strong>ut</strong></span> <span class='ocrx_word' id='word_1_476' title='bbox 2780 2423 2926 2495; x_wconf 90' lang='lat' dir='ltr'><strong>quod</strong></span> <span class='ocrx_word' id='word_1_477' title='bbox 2950 2423 3105 2493; x_wconf 88' lang='lat' dir='ltr'><strong>quasi</strong></span> <span class='ocrx_word' id='word_1_478' title='bbox 3132 2427 3565 2492; x_wconf 86' lang='lat' dir='ltr'><strong>comparaverat,</strong></span> 
     </span>
    </p>
   </div>
   <div class='ocr_carea' id='block_1_68' title="bbox 1980 2506 3568 2589">
    <p class='ocr_par' dir='ltr' id='par_1_68' title="bbox 1980 2506 3568 2589">
     <span class='ocr_line' id='line_1_68' title="bbox 1980 2506 3568 2589; baseline -0.002 -18"><span class='ocrx_word' id='word_1_479' title='bbox 1980 2518 2161 2573; x_wconf 88' lang='lat' dir='ltr'><strong>verius</strong></span> <span class='ocrx_word' id='word_1_480' title='bbox 2181 2527 2407 2574; x_wconf 90' lang='lat' dir='ltr'><strong>emeret.</strong></span> <span class='ocrx_word' id='word_1_481' title='bbox 2438 2506 2494 2573; x_wconf 86' lang='lat' dir='ltr'><strong>In</strong></span> <span class='ocrx_word' id='word_1_482' title='bbox 2524 2518 2715 2589; x_wconf 91' lang='lat' dir='ltr'><strong>primis</strong></span> <span class='ocrx_word' id='word_1_483' title='bbox 2747 2526 2886 2573; x_wconf 89' lang='lat' dir='ltr'><strong>teste</strong></span> <span class='ocrx_word' id='word_1_484' title='bbox 2915 2516 3025 2571; x_wconf 84' lang='lat' dir='ltr'><strong>Deo</strong></span> <span class='ocrx_word' id='word_1_485' title='bbox 3048 2517 3225 2579; x_wconf 85' lang='lat' dir='ltr'><strong>renui,</strong></span> <span class='ocrx_word' id='word_1_486' title='bbox 3256 2525 3310 2570; x_wconf 90' lang='lat' dir='ltr'><strong>et</strong></span> <span class='ocrx_word' id='word_1_487' title='bbox 3333 2512 3568 2570; x_wconf 65' lang='lat' dir='ltr'><strong>haeredi-</strong></span> 
     </span>
    </p>
   </div>
   <div class='ocr_carea' id='block_1_69' title="bbox 1982 2605 3570 2679">
    <p class='ocr_par' dir='ltr' id='par_1_69' title="bbox 1982 2605 3570 2679">
     <span class='ocr_line' id='line_1_69' title="bbox 1982 2605 3570 2679; baseline -0.004 -12"><span class='ocrx_word' id='word_1_488' title='bbox 1982 2621 2150 2667; x_wconf 89' lang='lat' dir='ltr'><strong>tatem</strong></span> <span class='ocrx_word' id='word_1_489' title='bbox 2181 2628 2361 2668; x_wconf 89' lang='lat' dir='ltr'><strong>meam</strong></span> <span class='ocrx_word' id='word_1_490' title='bbox 2404 2627 2474 2667; x_wconf 92' lang='lat' dir='ltr'><strong>ne</strong></span> <span class='ocrx_word' id='word_1_491' title='bbox 2514 2613 2853 2667; x_wconf 90' lang='lat' dir='ltr'><strong>traducerem</strong></span> <span class='ocrx_word' id='word_1_492' title='bbox 2904 2609 3089 2665; x_wconf 89' lang='lat' dir='ltr'><strong>multis</strong></span> <span class='ocrx_word' id='word_1_493' title='bbox 3127 2605 3570 2679; x_wconf 85' lang='lat' dir='ltr'><strong>suggessionibus</strong></span> 
     </span>
    </p>
   </div>
   <div class='ocr_carea' id='block_1_70' title="bbox 1981 2697 3572 2778">
    <p class='ocr_par' dir='ltr' id='par_1_70' title="bbox 1981 2697 3572 2778">
     <span class='ocr_line' id='line_1_70' title="bbox 1981 2697 3572 2778; baseline -0.006 -15"><span class='ocrx_word' id='word_1_494' title='bbox 1981 2706 2289 2778; x_wconf 69' lang='lat' dir='ltr'><strong>deprecavi.</strong></span> <span class='ocrx_word' id='word_1_495' title='bbox 2322 2705 2429 2761; x_wconf 88' lang='lat' dir='ltr'><strong>Sed</strong></span> <span class='ocrx_word' id='word_1_496' title='bbox 2474 2705 2542 2759; x_wconf 91' lang='lat' dir='ltr'><strong>ad</strong></span> <span class='ocrx_word' id='word_1_497' title='bbox 2589 2704 2734 2775; x_wconf 92' lang='lat' dir='ltr'><strong>quod</strong></span> <span class='ocrx_word' id='word_1_498' title='bbox 2778 2702 2867 2758; x_wconf 89' lang='lat' dir='ltr'><strong>ille</strong></span> <span class='ocrx_word' id='word_1_499' title='bbox 2892 2702 3219 2759; x_wconf 83' lang='lat' dir='ltr'><strong>beneficium</strong></span> <span class='ocrx_word' id='word_1_500' title='bbox 3247 2715 3403 2757; x_wconf 90' lang='lat' dir='ltr'><strong>suum</strong></span> <span class='ocrx_word' id='word_1_501' title='bbox 3435 2697 3572 2754; x_wconf 89' lang='lat' dir='ltr'><strong>mihi</strong></span> 
     </span>
    </p>
   </div>
   <div class='ocr_carea' id='block_1_71' title="bbox 1982 2794 3569 2872">
    <p class='ocr_par' dir='ltr' id='par_1_71' title="bbox 1982 2794 3569 2872">
     <span class='ocr_line' id='line_1_71' title="bbox 1982 2794 3569 2872; baseline -0.005 -16"><span class='ocrx_word' id='word_1_502' title='bbox 1982 2800 2254 2872; x_wconf 78' lang='lat' dir='ltr'><strong>Opposuit,</strong></span> <span class='ocrx_word' id='word_1_503' title='bbox 2284 2808 2341 2855; x_wconf 91' lang='lat' dir='ltr'><strong>et</strong></span> <span class='ocrx_word' id='word_1_504' title='bbox 2366 2799 2493 2869; x_wconf 88' lang='lat' dir='ltr'><strong>quia</strong></span> <span class='ocrx_word' id='word_1_505' title='bbox 2519 2798 2565 2853; x_wconf 89' lang='lat' dir='ltr'><strong>si</strong></span> <span class='ocrx_word' id='word_1_506' title='bbox 2595 2798 2851 2853; x_wconf 87' lang='lat' dir='ltr'><strong>donatum</strong></span> <span class='ocrx_word' id='word_1_507' title='bbox 2884 2809 2933 2863; x_wconf 77' lang='grc' dir='ltr'><strong>ο,</strong></span> <span class='ocrx_word' id='word_1_508' title='bbox 2972 2796 3104 2852; x_wconf 91' lang='lat' dir='ltr'><strong>illud</strong></span> <span class='ocrx_word' id='word_1_509' title='bbox 3126 2812 3156 2851; x_wconf 89' lang='lat' dir='ltr'><strong>a</strong></span> <span class='ocrx_word' id='word_1_510' title='bbox 3201 2810 3289 2851; x_wconf 89' lang='lat' dir='ltr'><strong>me</strong></span> <span class='ocrx_word' id='word_1_511' title='bbox 3321 2794 3569 2858; x_wconf 89' lang='lat' dir='ltr'><strong>haberet,</strong></span> 
     </span>
    </p>
   </div>
   <div class='ocr_carea' id='block_1_72' title="bbox 1984 2884 3574 2959">
    <p class='ocr_par' dir='ltr' id='par_1_72' title="bbox 1984 2884 3574 2959">
     <span class='ocr_line' id='line_1_72' title="bbox 1984 2884 3574 2959; baseline -0.006 -13"><span class='ocrx_word' id='word_1_512' title='bbox 1984 2891 2114 2947; x_wconf 91' lang='lat' dir='ltr'><strong>nihil</strong></span> <span class='ocrx_word' id='word_1_513' title='bbox 2168 2899 2313 2946; x_wconf 87' lang='lat' dir='ltr'><strong>esset</strong></span> <span class='ocrx_word' id='word_1_514' title='bbox 2339 2904 2438 2959; x_wconf 94' lang='lat' dir='ltr'><strong>pro</strong></span> <span class='ocrx_word' id='word_1_515' title='bbox 2485 2888 2649 2943; x_wconf 76' lang='lat' dir='ltr'><strong>tantis</strong></span> <span class='ocrx_word' id='word_1_516' title='bbox 2686 2887 2731 2953; x_wconf 75' lang='grc' dir='ltr'><strong>ί,</strong></span> <span class='ocrx_word' id='word_1_517' title='bbox 2758 2902 2880 2957; x_wconf 69' lang='lat' dir='ltr'><strong>qua:</strong></span> <span class='ocrx_word' id='word_1_518' title='bbox 2906 2886 2961 2942; x_wconf 93' lang='lat' dir='ltr'><strong>in</strong></span> <span class='ocrx_word' id='word_1_519' title='bbox 3008 2884 3379 2949; x_wconf 48' lang='lat' dir='ltr'><strong>nos‘fecerat,</strong></span> <span class='ocrx_word' id='word_1_520' title='bbox 3421 2896 3574 2937; x_wconf 89' lang='lat' dir='ltr'><strong>asse-</strong></span> 
     </span>
    </p>
   </div>
   <div class='ocr_carea' id='block_1_73' title="bbox 1987 2975 3575 3044">
    <p class='ocr_par' dir='ltr' id='par_1_73' title="bbox 1987 2975 3575 3044">
     <span class='ocr_line' id='line_1_73' title="bbox 1987 2975 3575 3044; baseline -0.004 -9"><span class='ocrx_word' id='word_1_521' title='bbox 1987 2982 2113 3036; x_wconf 91' lang='lat' dir='ltr'><strong>ruit.</strong></span> <span class='ocrx_word' id='word_1_522' title='bbox 2173 2978 2278 3034; x_wconf 86' lang='lat' dir='ltr'><strong>Sed</strong></span> <span class='ocrx_word' id='word_1_523' title='bbox 2320 2979 2409 3033; x_wconf 90' lang='lat' dir='ltr'><strong>ubi</strong></span> <span class='ocrx_word' id='word_1_524' title='bbox 2448 2979 2500 3034; x_wconf 92' lang='lat' dir='ltr'><strong>in</strong></span> <span class='ocrx_word' id='word_1_525' title='bbox 2538 2993 2624 3033; x_wconf 90' lang='lat' dir='ltr'><strong>me</strong></span> <span class='ocrx_word' id='word_1_526' title='bbox 2674 2992 2924 3033; x_wconf 87' lang='lat' dir='ltr'><strong>reversus</strong></span> <span class='ocrx_word' id='word_1_527' title='bbox 2972 2975 3369 3041; x_wconf 88' lang='lat' dir='ltr'><strong>venditionem,</strong></span> <span class='ocrx_word' id='word_1_528' title='bbox 3408 2986 3575 3044; x_wconf 88' lang='lat' dir='ltr'><strong>quam</strong></span> 
     </span>
    </p>
   </div>
   <div class='ocr_carea' id='block_1_74' title="bbox 1984 3065 3576 3142">
    <p class='ocr_par' dir='ltr' id='par_1_74' title="bbox 1984 3065 3576 3142">
     <span class='ocr_line' id='line_1_74' title="bbox 1984 3065 3576 3142; baseline -0.006 -13"><span class='ocrx_word' id='word_1_529' title='bbox 1984 3074 2032 3129; x_wconf 90' lang='lat' dir='ltr'><strong>ci</strong></span> <span class='ocrx_word' id='word_1_530' title='bbox 2056 3073 2169 3142; x_wconf 89' lang='lat' dir='ltr'><strong>jam</strong></span> <span class='ocrx_word' id='word_1_531' title='bbox 2218 3071 2474 3137; x_wconf 88' lang='lat' dir='ltr'><strong>feceram,</strong></span> <span class='ocrx_word' id='word_1_532' title='bbox 2509 3070 2772 3142; x_wconf 86' lang='lat' dir='ltr'><strong>cogitavi,</strong></span> <span class='ocrx_word' id='word_1_533' title='bbox 2817 3080 2874 3125; x_wconf 89' lang='lat' dir='ltr'><strong>et</strong></span> <span class='ocrx_word' id='word_1_534' title='bbox 2920 3077 3247 3139; x_wconf 90' lang='lat' dir='ltr'><strong>potestatem</strong></span> <span class='ocrx_word' id='word_1_535' title='bbox 3287 3065 3405 3136; x_wconf 89' lang='lat' dir='ltr'><strong>ejus</strong></span> <span class='ocrx_word' id='word_1_536' title='bbox 3449 3079 3576 3120; x_wconf 91' lang='lat' dir='ltr'><strong>cum</strong></span> 
     </span>
    </p>
   </div>
   <div class='ocr_carea' id='block_1_75' title="bbox 1985 3156 3575 3234">
    <p class='ocr_par' dir='ltr' id='par_1_75' title="bbox 1985 3156 3575 3234">
     <span class='ocr_line' id='line_1_75' title="bbox 1985 3156 3575 3234; baseline -0.005 -13"><span class='ocrx_word' id='word_1_537' title='bbox 1985 3164 2264 3221; x_wconf 88' lang='lat' dir='ltr'><strong>debilitate</strong></span> <span class='ocrx_word' id='word_1_538' title='bbox 2316 3179 2435 3219; x_wconf 89' lang='lat' dir='ltr'><strong>mea</strong></span> <span class='ocrx_word' id='word_1_539' title='bbox 2487 3163 2732 3234; x_wconf 88' lang='lat' dir='ltr'><strong>pensavi,</strong></span> <span class='ocrx_word' id='word_1_540' title='bbox 2784 3162 2930 3217; x_wconf 90' lang='lat' dir='ltr'><strong>illico</strong></span> <span class='ocrx_word' id='word_1_541' title='bbox 2982 3161 3252 3217; x_wconf 88' lang='lat' dir='ltr'><strong>assentire</strong></span> <span class='ocrx_word' id='word_1_542' title='bbox 3309 3156 3575 3231; x_wconf 88' lang='lat' dir='ltr'><strong>disposui,</strong></span> 
     </span>
    </p>
   </div>
   <div class='ocr_carea' id='block_1_76' title="bbox 1987 3251 3593 3335">
    <p class='ocr_par' dir='ltr' id='par_1_76' title="bbox 1987 3251 3593 3335">
     <span class='ocr_line' id='line_1_76' title="bbox 1987 3251 3593 3335; baseline -0.002 -25"><span class='ocrx_word' id='word_1_543' title='bbox 1987 3259 2114 3329; x_wconf 89' lang='lat' dir='ltr'><strong>quia</strong></span> <span class='ocrx_word' id='word_1_544' title='bbox 2154 3256 2300 3311; x_wconf 89' lang='lat' dir='ltr'><strong>aliud</strong></span> <span class='ocrx_word' id='word_1_545' title='bbox 2326 3260 2491 3328; x_wconf 84' lang='lat' dir='ltr'><strong>agere</strong></span> <span class='ocrx_word' id='word_1_546' title='bbox 2537 3255 2763 3310; x_wconf 90' lang='lat' dir='ltr'><strong>minime</strong></span> <span class='ocrx_word' id='word_1_547' title='bbox 2807 3254 2979 3325; x_wconf 90' lang='lat' dir='ltr'><strong>potui.</strong></span> <span class='ocrx_word' id='word_1_548' title='bbox 3027 3253 3134 3309; x_wconf 90' lang='lat' dir='ltr'><strong>Sed</strong></span> <span class='ocrx_word' id='word_1_549' title='bbox 3167 3251 3457 3308; x_wconf 87' lang='lat' dir='ltr'><strong>terminum</strong></span> <span class='ocrx_word' id='word_1_550' title='bbox 3484 3264 3593 3335; x_wconf 54' lang='grc' dir='ltr'><strong>(ιο-ι</strong></span> 
     </span>
    </p>
   </div>
   <div class='ocr_carea' id='block_1_77' title="bbox 1988 3348 3579 3424">
    <p class='ocr_par' dir='ltr' id='par_1_77' title="bbox 1988 3348 3579 3424">
     <span class='ocr_line' id='line_1_77' title="bbox 1988 3348 3579 3424; baseline -0.007 -12"><span class='ocrx_word' id='word_1_551' title='bbox 1988 3354 2190 3420; x_wconf 70' lang='lat' dir='ltr'><strong>clesiae,</strong></span> <span class='ocrx_word' id='word_1_552' title='bbox 2216 3369 2379 3424; x_wconf 89' lang='lat' dir='ltr'><strong>quem</strong></span> <span class='ocrx_word' id='word_1_553' title='bbox 2409 3367 2516 3408; x_wconf 89' lang='lat' dir='ltr'><strong>non</strong></span> <span class='ocrx_word' id='word_1_554' title='bbox 2560 3351 2773 3424; x_wconf 77' lang='lat' dir='ltr'><strong>genitor</strong></span> <span class='ocrx_word' id='word_1_555' title='bbox 2802 3365 2977 3415; x_wconf 87' lang='lat' dir='ltr'><strong>meus,</strong></span> <span class='ocrx_word' id='word_1_556' title='bbox 3010 3349 3106 3405; x_wconf 89' lang='lat' dir='ltr'><strong>sed</strong></span> <span class='ocrx_word' id='word_1_557' title='bbox 3153 3363 3255 3421; x_wconf 84' lang='lat' dir='ltr'><strong>ego</strong></span> <span class='ocrx_word' id='word_1_558' title='bbox 3297 3348 3579 3413; x_wconf 84' lang='lat' dir='ltr'><strong>dederam,</strong></span> 
     </span>
    </p>
   </div>
   <div class='ocr_carea' id='block_1_78' title="bbox 1990 3438 3583 3514">
    <p class='ocr_par' dir='ltr' id='par_1_78' title="bbox 1990 3438 3583 3514">
     <span class='ocr_line' id='line_1_78' title="bbox 1990 3438 3583 3514; baseline -0.005 -11"><span class='ocrx_word' id='word_1_559' title='bbox 1990 3446 2226 3503; x_wconf 89' lang='lat' dir='ltr'><strong>iudicavi</strong></span> <span class='ocrx_word' id='word_1_560' title='bbox 2260 3455 2356 3502; x_wconf 89' lang='lat' dir='ltr'><strong>:et</strong></span> <span class='ocrx_word' id='word_1_561' title='bbox 2382 3445 2435 3501; x_wconf 92' lang='lat' dir='ltr'><strong>in</strong></span> <span class='ocrx_word' id='word_1_562' title='bbox 2461 3443 2871 3514; x_wconf 90' lang='lat' dir='ltr'><strong>comparatione</strong></span> <span class='ocrx_word' id='word_1_563' title='bbox 2905 3443 3023 3514; x_wconf 90' lang='lat' dir='ltr'><strong>ejus</strong></span> <span class='ocrx_word' id='word_1_564' title='bbox 3054 3441 3415 3514; x_wconf 72' lang='lat' dir='ltr'><strong>przesentibns</strong></span> <span class='ocrx_word' id='word_1_565' title='bbox 3452 3438 3583 3495; x_wconf 83' lang='lat' dir='ltr'><strong>sub-</strong></span> 
     </span>
    </p>
   </div>
   <div class='ocr_carea' id='block_1_79' title="bbox 1990 3528 3581 3603">
    <p class='ocr_par' dir='ltr' id='par_1_79' title="bbox 1990 3528 3581 3603">
     <span class='ocr_line' id='line_1_79' title="bbox 1990 3528 3581 3603; baseline -0.006 -9"><span class='ocrx_word' id='word_1_566' title='bbox 1990 3538 2352 3594; x_wconf 79' lang='lat' dir='ltr'><strong>scribentibus</strong></span> <span class='ocrx_word' id='word_1_567' title='bbox 2376 3536 2752 3599; x_wconf 84' lang='lat' dir='ltr'><strong>terminavi,et</strong></span> <span class='ocrx_word' id='word_1_568' title='bbox 2771 3532 3112 3589; x_wconf 87' lang='lat' dir='ltr'><strong>confessores</strong></span> <span class='ocrx_word' id='word_1_569' title='bbox 3137 3533 3281 3603; x_wconf 90' lang='lat' dir='ltr'><strong>ipsos</strong></span> <span class='ocrx_word' id='word_1_570' title='bbox 3306 3528 3581 3586; x_wconf 88' lang='lat' dir='ltr'><strong>multotics</strong></span> 
     </span>
    </p>
   </div>
   <div class='ocr_carea' id='block_1_80' title="bbox 1992 3623 3583 3698">
    <p class='ocr_par' dir='ltr' id='par_1_80' title="bbox 1992 3623 3583 3698">
     <span class='ocr_line' id='line_1_80' title="bbox 1992 3623 3583 3698; baseline -0.007 -12"><span class='ocrx_word' id='word_1_571' title='bbox 1992 3628 2389 3693; x_wconf 88' lang='lat' dir='ltr'><strong>commendavi,</strong></span> <span class='ocrx_word' id='word_1_572' title='bbox 2413 3637 2468 3683; x_wconf 91' lang='lat' dir='ltr'><strong>et</strong></span> <span class='ocrx_word' id='word_1_573' title='bbox 2505 3636 2769 3698; x_wconf 90' lang='lat' dir='ltr'><strong>quantum</strong></span> <span class='ocrx_word' id='word_1_574' title='bbox 2813 3624 2954 3679; x_wconf 89' lang='lat' dir='ltr'><strong>valui</strong></span> <span class='ocrx_word' id='word_1_575' title='bbox 2996 3640 3097 3695; x_wconf 91' lang='lat' dir='ltr'><strong>pro</strong></span> <span class='ocrx_word' id='word_1_576' title='bbox 3141 3624 3259 3693; x_wconf 88' lang='lat' dir='ltr'><strong>ipso</strong></span> <span class='ocrx_word' id='word_1_577' title='bbox 3307 3623 3429 3677; x_wconf 87' lang='lat' dir='ltr'><strong>loco</strong></span> <span class='ocrx_word' id='word_1_578' title='bbox 3457 3635 3583 3693; x_wconf 87' lang='lat' dir='ltr'><strong>sng-</strong></span> 
     </span>
    </p>
   </div>
   <div class='ocr_carea' id='block_1_81' title="bbox 1991 3711 3585 3796">
    <p class='ocr_par' dir='ltr' id='par_1_81' title="bbox 1991 3711 3585 3796">
     <span class='ocr_line' id='line_1_81' title="bbox 1991 3711 3585 3796; baseline -0.006 -19"><span class='ocrx_word' id='word_1_579' title='bbox 1991 3737 2182 3796; x_wconf 84' lang='lat' dir='ltr'><strong>gercre</strong></span> <span class='ocrx_word' id='word_1_580' title='bbox 2224 3735 2329 3776; x_wconf 91' lang='lat' dir='ltr'><strong>non</strong></span> <span class='ocrx_word' id='word_1_581' title='bbox 2380 3719 2608 3775; x_wconf 81' lang='lat' dir='ltr'><strong>cessavi.</strong></span> <span class='ocrx_word' id='word_1_582' title='bbox 2641 3715 2843 3772; x_wconf 85' lang='lat' dir='ltr'><strong>Verum</strong></span> <span class='ocrx_word' id='word_1_583' title='bbox 2886 3715 3084 3771; x_wconf 89' lang='lat' dir='ltr'><strong>delicto</strong></span> <span class='ocrx_word' id='word_1_584' title='bbox 3121 3728 3242 3769; x_wconf 85' lang='lat' dir='ltr'><strong>meo</strong></span> <span class='ocrx_word' id='word_1_585' title='bbox 3279 3722 3335 3769; x_wconf 91' lang='lat' dir='ltr'><strong>et</strong></span> <span class='ocrx_word' id='word_1_586' title='bbox 3387 3711 3585 3767; x_wconf 91' lang='lat' dir='ltr'><strong>merito</strong></span> 
     </span>
    </p>
   </div>
   <div class='ocr_carea' id='block_1_82' title="bbox 1992 3806 3585 3875">
    <p class='ocr_par' dir='ltr' id='par_1_82' title="bbox 1992 3806 3585 3875">
     <span class='ocr_line' id='line_1_82' title="bbox 1992 3806 3585 3875; baseline -0.009 -5"><span class='ocrx_word' id='word_1_587' title='bbox 1992 3814 2221 3871; x_wconf 91' lang='lat' dir='ltr'><strong>multum</strong></span> <span class='ocrx_word' id='word_1_588' title='bbox 2243 3811 2387 3866; x_wconf 91' lang='lat' dir='ltr'><strong>olido</strong></span> <span class='ocrx_word' id='word_1_589' title='bbox 2409 3813 2433 3852; x_wconf 80' lang='grc' dir='ltr'><em>ε</em></span> <span class='ocrx_word' id='word_1_590' title='bbox 2462 3808 2775 3874; x_wconf 85' lang='lat' dir='ltr'><strong>infestante,</strong></span> <span class='ocrx_word' id='word_1_591' title='bbox 2796 3806 2953 3862; x_wconf 89' lang='lat' dir='ltr'><strong>aliter</strong></span> <span class='ocrx_word' id='word_1_592' title='bbox 2979 3814 3159 3861; x_wconf 87' lang='lat' dir='ltr'><strong>actum</strong></span> <span class='ocrx_word' id='word_1_593' title='bbox 3185 3813 3270 3861; x_wconf 90' lang='lat' dir='ltr'><strong>est</strong></span> <span class='ocrx_word' id='word_1_594' title='bbox 3294 3818 3456 3875; x_wconf 90' lang='lat' dir='ltr'><strong>quam</strong></span> <span class='ocrx_word' id='word_1_595' title='bbox 3484 3816 3585 3873; x_wconf 88' lang='lat' dir='ltr'><strong>pu-</strong></span> 
     </span>
    </p>
   </div>
   <div class='ocr_carea' id='block_1_83' title="bbox 1996 3893 3586 3975">
    <p class='ocr_par' dir='ltr' id='par_1_83' title="bbox 1996 3893 3586 3975">
     <span class='ocr_line' id='line_1_83' title="bbox 1996 3893 3586 3975; baseline -0.008 -12"><span class='ocrx_word' id='word_1_596' title='bbox 1996 3909 2125 3963; x_wconf 86' lang='lat' dir='ltr'><strong>tavi.</strong></span> <span class='ocrx_word' id='word_1_597' title='bbox 2178 3906 2449 3975; x_wconf 90' lang='lat' dir='ltr'><strong>Quantum</strong></span> <span class='ocrx_word' id='word_1_598' title='bbox 2484 3903 2654 3959; x_wconf 88' lang='lat' dir='ltr'><strong>voluit</strong></span> <span class='ocrx_word' id='word_1_599' title='bbox 2677 3915 2733 3959; x_wconf 89' lang='lat' dir='ltr'><strong>et</strong></span> <span class='ocrx_word' id='word_1_600' title='bbox 2772 3900 2991 3972; x_wconf 88' lang='lat' dir='ltr'><strong>quando</strong></span> <span class='ocrx_word' id='word_1_601' title='bbox 3019 3900 3208 3967; x_wconf 88' lang='lat' dir='ltr'><strong>voluit,</strong></span> <span class='ocrx_word' id='word_1_602' title='bbox 3236 3906 3293 3955; x_wconf 93' lang='lat' dir='ltr'><strong>et</strong></span> <span class='ocrx_word' id='word_1_603' title='bbox 3312 3893 3586 3969; x_wconf 89' lang='lat' dir='ltr'><strong>quomodo</strong></span> 
     </span>
    </p>
   </div>
   <div class='ocr_carea' id='block_1_84' title="bbox 1994 3999 2393 4065">
    <p class='ocr_par' dir='ltr' id='par_1_84' title="bbox 1994 3999 2393 4065">
     <span class='ocr_line' id='line_1_84' title="bbox 1994 3999 2393 4065; baseline -0.01 -9"><span class='ocrx_word' id='word_1_604' title='bbox 1994 4000 2184 4065; x_wconf 85' lang='lat' dir='ltr'><strong>voluit,</strong></span> <span class='ocrx_word' id='word_1_605' title='bbox 2227 3999 2393 4054; x_wconf 91' lang='lat' dir='ltr'><strong>dedit.</strong></span> 
     </span>
    </p>
   </div>
   <div class='ocr_carea' id='block_1_85' title="bbox 2064 4080 3588 4159">
    <p class='ocr_par' dir='ltr' id='par_1_85' title="bbox 2064 4080 3588 4159">
     <span class='ocr_line' id='line_1_85' title="bbox 2064 4080 3588 4159; baseline -0.006 -14"><span class='ocrx_word' id='word_1_606' title='bbox 2064 4089 2119 4145; x_wconf 84' lang='lat'><strong>5.</strong></span> <span class='ocrx_word' id='word_1_607' title='bbox 2161 4089 2300 4159; x_wconf 85' lang='lat' dir='ltr'><strong>Quid</strong></span> <span class='ocrx_word' id='word_1_608' title='bbox 2331 4103 2473 4143; x_wconf 92' lang='lat' dir='ltr'><strong>nunc</strong></span> <span class='ocrx_word' id='word_1_609' title='bbox 2502 4087 2771 4159; x_wconf 86' lang='lat' dir='ltr'><strong>agendum</strong></span> <span class='ocrx_word' id='word_1_610' title='bbox 2801 4093 2921 4152; x_wconf 87' lang='lat' dir='ltr'><strong>est,</strong></span> <span class='ocrx_word' id='word_1_611' title='bbox 2954 4084 3305 4141; x_wconf 90' lang='lat' dir='ltr'><strong>serenissime</strong></span> <span class='ocrx_word' id='word_1_612' title='bbox 3334 4080 3588 4139; x_wconf 74' lang='lat' dir='ltr'><strong>domine?</strong></span> 
     </span>
    </p>
   </div>
   <div class='ocr_carea' id='block_1_86' title="bbox 1995 4173 3589 4255">
    <p class='ocr_par' dir='ltr' id='par_1_86' title="bbox 1995 4173 3589 4255">
     <span class='ocr_line' id='line_1_86' title="bbox 1995 4173 3589 4255; baseline -0.006 -14"><span class='ocrx_word' id='word_1_613' title='bbox 1995 4184 2105 4241; x_wconf 84' lang='lat' dir='ltr'><strong>Nec</strong></span> <span class='ocrx_word' id='word_1_614' title='bbox 2129 4181 2461 4255; x_wconf 87' lang='lat' dir='ltr'><strong>possibilitas</strong></span> <span class='ocrx_word' id='word_1_615' title='bbox 2493 4181 2546 4236; x_wconf 92' lang='lat' dir='ltr'><strong>in</strong></span> <span class='ocrx_word' id='word_1_616' title='bbox 2580 4180 2737 4235; x_wconf 88' lang='lat' dir='ltr'><strong>nobis</strong></span> <span class='ocrx_word' id='word_1_617' title='bbox 2765 4188 2849 4235; x_wconf 91' lang='lat' dir='ltr'><strong>est</strong></span> <span class='ocrx_word' id='word_1_618' title='bbox 2870 4178 3187 4255; x_wconf 85' lang='lat' dir='ltr'><strong>resistendi,</strong></span> <span class='ocrx_word' id='word_1_619' title='bbox 3220 4191 3321 4232; x_wconf 91' lang='lat' dir='ltr'><strong>nec</strong></span> <span class='ocrx_word' id='word_1_620' title='bbox 3358 4173 3589 4232; x_wconf 85' lang='lat' dir='ltr'><strong>facultas</strong></span> 
     </span>
    </p>
   </div>
   <div class='ocr_carea' id='block_1_87' title="bbox 1996 4254 3589 4342">
    <p class='ocr_par' dir='ltr' id='par_1_87' title="bbox 1996 4254 3589 4342">
     <span class='ocr_line' id='line_1_87' title="bbox 1996 4254 3589 4342; baseline -0.008 -7"><span class='ocrx_word' id='word_1_621' title='bbox 1996 4254 2279 4342; x_wconf 80' lang='lat' dir='ltr'><strong>reddendi,</strong></span> <span class='ocrx_word' id='word_1_622' title='bbox 2311 4289 2411 4331; x_wconf 89' lang='lat' dir='ltr'><strong>nec</strong></span> <span class='ocrx_word' id='word_1_623' title='bbox 2436 4273 2765 4328; x_wconf 88' lang='lat' dir='ltr'><strong>abundantia</strong></span> <span class='ocrx_word' id='word_1_624' title='bbox 2796 4254 3112 4326; x_wconf 80' lang='lat' dir='ltr'><strong>redimendi.</strong></span> <span class='ocrx_word' id='word_1_625' title='bbox 3139 4268 3299 4324; x_wconf 86' lang='lat' dir='ltr'><strong>Teste</strong></span> <span class='ocrx_word' id='word_1_626' title='bbox 3331 4267 3473 4333; x_wconf 87' lang='lat' dir='ltr'><strong>Deo,</strong></span> <span class='ocrx_word' id='word_1_627' title='bbox 3504 4268 3589 4323; x_wconf 81' lang='lat' dir='ltr'><strong>in-</strong></span> 
     </span>
    </p>
   </div>
   <div class='ocr_carea' id='block_1_88' title="bbox 1996 4360 3590 4444">
    <p class='ocr_par' dir='ltr' id='par_1_88' title="bbox 1996 4360 3590 4444">
     <span class='ocr_line' id='line_1_88' title="bbox 1996 4360 3590 4444; baseline -0.008 -17"><span class='ocrx_word' id='word_1_628' title='bbox 1996 4370 2255 4444; x_wconf 88' lang='lat' dir='ltr'><strong>gemisco,</strong></span> <span class='ocrx_word' id='word_1_629' title='bbox 2294 4367 2479 4439; x_wconf 89' lang='lat' dir='ltr'><strong>rugio,</strong></span> <span class='ocrx_word' id='word_1_630' title='bbox 2507 4376 2563 4422; x_wconf 88' lang='lat' dir='ltr'><strong>et</strong></span> <span class='ocrx_word' id='word_1_631' title='bbox 2588 4366 2812 4437; x_wconf 88' lang='lat' dir='ltr'><strong>deploro</strong></span> <span class='ocrx_word' id='word_1_632' title='bbox 2839 4363 2980 4434; x_wconf 87' lang='lat' dir='ltr'><strong>quod</strong></span> <span class='ocrx_word' id='word_1_633' title='bbox 3007 4362 3234 4428; x_wconf 88' lang='lat' dir='ltr'><strong>accidit;</strong></span> <span class='ocrx_word' id='word_1_634' title='bbox 3262 4360 3358 4416; x_wconf 88' lang='lat' dir='ltr'><strong>sed</strong></span> <span class='ocrx_word' id='word_1_635' title='bbox 3392 4374 3590 4415; x_wconf 88' lang='lat' dir='ltr'><strong>sanare</strong></span> 
     </span>
    </p>
   </div>
   <div class='ocr_carea' id='block_1_89' title="bbox 1996 4452 3587 4532">
    <p class='ocr_par' dir='ltr' id='par_1_89' title="bbox 1996 4452 3587 4532">
     <span class='ocr_line' id='line_1_89' title="bbox 1996 4452 3587 4532; baseline -0.009 -11"><span class='ocrx_word' id='word_1_636' title='bbox 1996 4475 2051 4522; x_wconf 91' lang='lat' dir='ltr'><strong>et</strong></span> <span class='ocrx_word' id='word_1_637' title='bbox 2079 4464 2314 4519; x_wconf 88' lang='lat' dir='ltr'><strong>solidare</strong></span> <span class='ocrx_word' id='word_1_638' title='bbox 2358 4476 2568 4532; x_wconf 88' lang='lat' dir='ltr'><strong>nequeo</strong></span> <span class='ocrx_word' id='word_1_639' title='bbox 2593 4460 2737 4530; x_wconf 89' lang='lat' dir='ltr'><strong>quod</strong></span> <span class='ocrx_word' id='word_1_640' title='bbox 2764 4458 2963 4514; x_wconf 83' lang='lat' dir='ltr'><strong>evenit.</strong></span> <span class='ocrx_word' id='word_1_641' title='bbox 2990 4454 3212 4512; x_wconf 83' lang='lat' dir='ltr'><strong>Vicibns</strong></span> <span class='ocrx_word' id='word_1_642' title='bbox 3233 4456 3281 4510; x_wconf 88' lang='lat' dir='ltr'><strong>ei</strong></span> <span class='ocrx_word' id='word_1_643' title='bbox 3310 4452 3551 4525; x_wconf 82' lang='lat' dir='ltr'><strong>suggessi</strong></span> <span class='ocrx_word' id='word_1_644' title='bbox 3570 4493 3587 4517; x_wconf 93' lang='lat'><strong>,</strong></span> 
     </span>
    </p>
   </div>
   <div class='ocr_carea' id='block_1_90' title="bbox 1996 4542 3586 4622">
    <p class='ocr_par' dir='ltr' id='par_1_90' title="bbox 1996 4542 3586 4622">
     <span class='ocr_line' id='line_1_90' title="bbox 1996 4542 3586 4622; baseline -0.011 -10"><span class='ocrx_word' id='word_1_645' title='bbox 1996 4568 2051 4612; x_wconf 90' lang='lat' dir='ltr'><strong>et</strong></span> <span class='ocrx_word' id='word_1_646' title='bbox 2079 4554 2445 4612; x_wconf 88' lang='lat' dir='ltr'><strong>abundantius</strong></span> <span class='ocrx_word' id='word_1_647' title='bbox 2467 4553 2493 4592; x_wconf 79' lang='grc' dir='ltr'><strong>ιι</strong></span> <span class='ocrx_word' id='word_1_648' title='bbox 2520 4552 2751 4622; x_wconf 90' lang='lat' dir='ltr'><strong>pretium</strong></span> <span class='ocrx_word' id='word_1_649' title='bbox 2779 4548 2949 4603; x_wconf 88' lang='lat' dir='ltr'><strong>multo</strong></span> <span class='ocrx_word' id='word_1_650' title='bbox 2969 4562 3131 4617; x_wconf 90' lang='lat' dir='ltr'><strong>quam</strong></span> <span class='ocrx_word' id='word_1_651' title='bbox 3159 4543 3306 4601; x_wconf 91' lang='lat' dir='ltr'><strong>dedit</strong></span> <span class='ocrx_word' id='word_1_652' title='bbox 3331 4542 3586 4615; x_wconf 88' lang='lat' dir='ltr'><strong>promisi:</strong></span> 
     </span>
    </p>
   </div>
   <div class='ocr_carea' id='block_1_91' title="bbox 293 4635 1880 4742">
    <p class='ocr_par' dir='ltr' id='par_1_91' title="bbox 293 4639 1880 4710">
     <span class='ocr_line' id='line_1_91' title="bbox 293 4639 1880 4710; baseline -0.003 -13"><span class='ocrx_word' id='word_1_653' title='bbox 293 4640 482 4697; x_wconf 70' lang='lat' dir='ltr'><strong>{essm</strong></span> <span class='ocrx_word' id='word_1_654' title='bbox 502 4642 734 4702; x_wconf 74' lang='lat' dir='ltr'><strong>dixerat,</strong></span> <span class='ocrx_word' id='word_1_655' title='bbox 759 4640 884 4710; x_wconf 90' lang='lat' dir='ltr'><strong>quia</strong></span> <span class='ocrx_word' id='word_1_656' title='bbox 911 4639 983 4693; x_wconf 91' lang='lat' dir='ltr'><strong>illi</strong></span> <span class='ocrx_word' id='word_1_657' title='bbox 1011 4654 1102 4710; x_wconf 84' lang='lat' dir='ltr'><strong>qut</strong></span> <span class='ocrx_word' id='word_1_658' title='bbox 1133 4656 1164 4694; x_wconf 91' lang='lat' dir='ltr'><strong>a</strong></span> <span class='ocrx_word' id='word_1_659' title='bbox 1194 4639 1442 4709; x_wconf 86' lang='lat' dir='ltr'><strong>genitore</strong></span> <span class='ocrx_word' id='word_1_660' title='bbox 1479 4654 1600 4695; x_wconf 89' lang='lat' dir='ltr'><strong>meo</strong></span> <span class='ocrx_word' id='word_1_661' title='bbox 1639 4639 1721 4695; x_wconf 90' lang='lat' dir='ltr'><strong>vel</strong></span> <span class='ocrx_word' id='word_1_662' title='bbox 1749 4654 1779 4693; x_wconf 93' lang='lat' dir='ltr'><strong>a</strong></span> <span class='ocrx_word' id='word_1_663' title='bbox 1807 4653 1880 4694; x_wconf 69' lang='lat' dir='ltr'><strong>me</strong></span> 
     </span>
    </p>
   </div>
   <div class='ocr_carea' id='block_1_92' title="bbox 1989 4635 3591 4742">
    <p class='ocr_par' dir='ltr' id='par_1_92' title="bbox 1997 4635 3591 4720">
     <span class='ocr_line' id='line_1_92' title="bbox 1997 4635 3591 4720; baseline -0.011 -11"><span class='ocrx_word' id='word_1_664' title='bbox 1997 4653 2091 4709; x_wconf 88' lang='lat' dir='ltr'><strong>sed</strong></span> <span class='ocrx_word' id='word_1_665' title='bbox 2118 4663 2412 4720; x_wconf 87' lang='lat' dir='ltr'><strong>suspensus</strong></span> <span class='ocrx_word' id='word_1_666' title='bbox 2446 4646 2710 4700; x_wconf 88' lang='lat' dir='ltr'><strong>hactenus</strong></span> <span class='ocrx_word' id='word_1_667' title='bbox 2745 4642 2939 4697; x_wconf 91' lang='lat' dir='ltr'><strong>mansi.</strong></span> <span class='ocrx_word' id='word_1_668' title='bbox 2976 4638 3273 4709; x_wconf 88' lang='lat' dir='ltr'><strong>Culpamur</strong></span> <span class='ocrx_word' id='word_1_669' title='bbox 3309 4637 3378 4690; x_wconf 89' lang='lat' dir='ltr'><strong>ab</strong></span> <span class='ocrx_word' id='word_1_670' title='bbox 3413 4635 3591 4691; x_wconf 83' lang='lat' dir='ltr'><strong>omni-</strong></span> 
     </span>
    </p>
   </div>
   <div class='ocr_carea' id='block_1_93' title="bbox 293 4731 1895 4803">
    <p class='ocr_par' dir='ltr' id='par_1_93' title="bbox 293 4731 1895 4803">
     <span class='ocr_line' id='line_1_93' title="bbox 293 4731 1895 4803; baseline -0.002 -14"><span class='ocrx_word' id='word_1_671' title='bbox 293 4744 487 4803; x_wconf 88' lang='lat' dir='ltr'><strong>empta</strong></span> <span class='ocrx_word' id='word_1_672' title='bbox 509 4731 780 4788; x_wconf 86' lang='lat' dir='ltr'><strong>habebant</strong></span> <span class='ocrx_word' id='word_1_673' title='bbox 830 4731 1066 4787; x_wconf 81' lang='lat' dir='ltr'><strong>vendere</strong></span> <span class='ocrx_word' id='word_1_674' title='bbox 1096 4732 1407 4802; x_wconf 86' lang='lat' dir='ltr'><strong>cupiebant,</strong></span> <span class='ocrx_word' id='word_1_675' title='bbox 1454 4741 1511 4787; x_wconf 91' lang='lat' dir='ltr'><strong>et</strong></span> <span class='ocrx_word' id='word_1_676' title='bbox 1539 4748 1643 4786; x_wconf 90' lang='lat' dir='ltr'><strong>una</strong></span> <span class='ocrx_word' id='word_1_677' title='bbox 1689 4732 1895 4803; x_wconf 86' lang='lat' dir='ltr'><strong>pariter</strong></span> 
     </span>
    </p>
   </div>
   <div class='ocr_carea' id='block_1_94' title="bbox 295 4824 1900 4896">
    <p class='ocr_par' dir='ltr' id='par_1_94' title="bbox 295 4824 1900 4896">
     <span class='ocr_line' id='line_1_94' title="bbox 295 4824 1900 4896; baseline -0.004 -13"><span class='ocrx_word' id='word_1_678' title='bbox 295 4840 432 4883; x_wconf 86' lang='lat' dir='ltr'><strong>cum</strong></span> <span class='ocrx_word' id='word_1_679' title='bbox 471 4840 537 4881; x_wconf 90' lang='lat' dir='ltr'><strong>eo</strong></span> <span class='ocrx_word' id='word_1_680' title='bbox 577 4824 829 4895; x_wconf 76' lang='lat' dir='ltr'><strong>pnevisio</strong></span> <span class='ocrx_word' id='word_1_681' title='bbox 854 4838 951 4879; x_wconf 78' lang='lat' dir='ltr'><strong>exs</strong></span> <span class='ocrx_word' id='word_1_682' title='bbox 978 4824 1060 4879; x_wconf 90' lang='lat' dir='ltr'><strong>itit</strong></span> <span class='ocrx_word' id='word_1_683' title='bbox 1098 4833 1302 4887; x_wconf 89' lang='lat' dir='ltr'><strong>nostra,</strong></span> <span class='ocrx_word' id='word_1_684' title='bbox 1337 4832 1822 4896; x_wconf 85' lang='lat' dir='ltr'><strong>utargumcntose,</strong></span> <span class='ocrx_word' id='word_1_685' title='bbox 1845 4830 1900 4879; x_wconf 93' lang='lat' dir='ltr'><strong>et</strong></span> 
     </span>
    </p>
   </div>
   <div class='ocr_carea' id='block_1_95' title="bbox 295 4915 1899 4987">
    <p class='ocr_par' dir='ltr' id='par_1_95' title="bbox 295 4915 1899 4987">
     <span class='ocr_line' id='line_1_95' title="bbox 295 4915 1899 4987; baseline -0.002 -14"><span class='ocrx_word' id='word_1_686' title='bbox 295 4930 414 4973; x_wconf 87' lang='lat' dir='ltr'><strong>non</strong></span> <span class='ocrx_word' id='word_1_687' title='bbox 449 4931 573 4973; x_wconf 89' lang='lat' dir='ltr'><strong>vere</strong></span> <span class='ocrx_word' id='word_1_688' title='bbox 615 4918 789 4987; x_wconf 87' lang='lat' dir='ltr'><strong>ipsum</strong></span> <span class='ocrx_word' id='word_1_689' title='bbox 820 4916 1119 4987; x_wconf 86' lang='lat' dir='ltr'><strong>principem</strong></span> <span class='ocrx_word' id='word_1_690' title='bbox 1164 4915 1535 4979; x_wconf 89' lang='lat' dir='ltr'><strong>mitteremus,</strong></span> <span class='ocrx_word' id='word_1_691' title='bbox 1565 4924 1622 4970; x_wconf 92' lang='lat' dir='ltr'><strong>et</strong></span> <span class='ocrx_word' id='word_1_692' title='bbox 1651 4929 1747 4985; x_wconf 87' lang='lat' dir='ltr'><strong>per</strong></span> <span class='ocrx_word' id='word_1_693' title='bbox 1774 4928 1899 4969; x_wconf 90' lang='lat' dir='ltr'><strong>eum</strong></span> 
     </span>
    </p>
   </div>
   <div class='ocr_carea' id='block_1_96' title="bbox 298 5006 1901 5082">
    <p class='ocr_par' dir='ltr' id='par_1_96' title="bbox 298 5006 1901 5082">
     <span class='ocr_line' id='line_1_96' title="bbox 298 5006 1901 5082; baseline -0.003 -15"><span class='ocrx_word' id='word_1_694' title='bbox 298 5020 495 5068; x_wconf 85' lang='lat' dir='ltr'><strong>nostra</strong></span> <span class='ocrx_word' id='word_1_695' title='bbox 518 5009 675 5067; x_wconf 88' lang='lat' dir='ltr'><strong>nobis</strong></span> <span class='ocrx_word' id='word_1_696' title='bbox 702 5022 1178 5082; x_wconf 83' lang='lat' dir='ltr'><strong>congregaremus,</strong></span> <span class='ocrx_word' id='word_1_697' title='bbox 1207 5009 1471 5064; x_wconf 88' lang='lat' dir='ltr'><strong>honorem</strong></span> <span class='ocrx_word' id='word_1_698' title='bbox 1498 5006 1617 5077; x_wconf 89' lang='lat' dir='ltr'><strong>ejus</strong></span> <span class='ocrx_word' id='word_1_699' title='bbox 1644 5017 1701 5064; x_wconf 91' lang='lat' dir='ltr'><strong>et</strong></span> <span class='ocrx_word' id='word_1_700' title='bbox 1725 5006 1901 5063; x_wconf 90' lang='lat' dir='ltr'><strong>locum</strong></span> 
     </span>
    </p>
   </div>
   <div class='ocr_carea' id='block_1_97' title="bbox 388 5209 1060 5283">
    <p class='ocr_par' dir='ltr' id='par_1_97' title="bbox 388 5209 1060 5283">
     <span class='ocr_line' id='line_1_97' title="bbox 388 5209 1060 5283; baseline -0.006 -14"><span class='ocrx_word' id='word_1_701' title='bbox 388 5226 415 5256; x_wconf 81' lang='grc' dir='ltr'>ι</span> <span class='ocrx_word' id='word_1_702' title='bbox 452 5213 578 5279; x_wconf 67' lang='grc' dir='ltr'><strong>Μς..</strong></span> <span class='ocrx_word' id='word_1_703' title='bbox 605 5211 878 5268; x_wconf 74' lang='lat' dir='ltr'><strong>Maniceus</strong></span> <span class='ocrx_word' id='word_1_704' title='bbox 912 5209 1060 5283; x_wconf 75' lang='lat' dir='ltr'><strong>felix.</strong></span> 
     </span>
    </p>
   </div>
   <div class='ocr_carea' id='block_1_98' title="bbox 401 5278 1840 5351">
    <p class='ocr_par' dir='ltr' id='par_1_98' title="bbox 401 5278 1840 5351">
     <span class='ocr_line' id='line_1_98' title="bbox 401 5278 1840 5351; baseline -0.004 -11"><span class='ocrx_word' id='word_1_705' title='bbox 401 5284 432 5329; x_wconf 72' lang='grc' dir='ltr'><strong>ι</strong></span> <span class='ocrx_word' id='word_1_706' title='bbox 459 5286 533 5341; x_wconf 89' lang='lat' dir='ltr'><strong>De</strong></span> <span class='ocrx_word' id='word_1_707' title='bbox 559 5278 887 5342; x_wconf 72' lang='lat' dir='ltr'><strong>Confessoris</strong></span> <span class='ocrx_word' id='word_1_708' title='bbox 912 5278 1044 5337; x_wconf 76' lang='lat' dir='ltr'><strong>voce</strong></span> <span class='ocrx_word' id='word_1_709' title='bbox 1072 5280 1194 5337; x_wconf 88' lang='lat' dir='ltr'><strong>vide</strong></span> <span class='ocrx_word' id='word_1_710' title='bbox 1216 5278 1356 5335; x_wconf 90' lang='lat' dir='ltr'><strong>infra</strong></span> <span class='ocrx_word' id='word_1_711' title='bbox 1378 5280 1537 5351; x_wconf 89' lang='lat' dir='ltr'><strong>epist.</strong></span> <span class='ocrx_word' id='word_1_712' title='bbox 1568 5282 1656 5343; x_wconf 77' lang='grc'><strong>15.</strong></span> <span class='ocrx_word' id='word_1_713' title='bbox 1686 5297 1741 5336; x_wconf 93' lang='lat' dir='ltr'><strong>n.</strong></span> <span class='ocrx_word' id='word_1_714' title='bbox 1789 5281 1840 5335; x_wconf 86' lang='lat' dir='ltr'><strong>l.</strong></span> 
     </span>
    </p>
   </div>
   <div class='ocr_carea' id='block_1_99' title="bbox 399 5349 1903 5419">
    <p class='ocr_par' dir='ltr' id='par_1_99' title="bbox 399 5349 1903 5419">
     <span class='ocr_line' id='line_1_99' title="bbox 399 5349 1903 5419; baseline -0.005 -8"><span class='ocrx_word' id='word_1_715' title='bbox 399 5367 422 5396; x_wconf 74' lang='grc' dir='ltr'><strong>ε</strong></span> <span class='ocrx_word' id='word_1_716' title='bbox 448 5355 747 5419; x_wconf 79' lang='lat' dir='ltr'><strong>Florezius,</strong></span> <span class='ocrx_word' id='word_1_717' title='bbox 792 5355 849 5409; x_wconf 89' lang='lat' dir='ltr'><strong>in</strong></span> <span class='ocrx_word' id='word_1_718' title='bbox 885 5352 1309 5419; x_wconf 82' lang='lat' dir='ltr'><strong>Prolegomenis,</strong></span> <span class='ocrx_word' id='word_1_719' title='bbox 1360 5349 1426 5406; x_wconf 84' lang='lat' dir='ltr'><strong>de</strong></span> <span class='ocrx_word' id='word_1_720' title='bbox 1461 5352 1561 5407; x_wconf 85' lang='lat' dir='ltr'><strong>hac</strong></span> <span class='ocrx_word' id='word_1_721' title='bbox 1590 5368 1765 5407; x_wconf 84' lang='lat' dir='ltr'><strong>voce:</strong></span> <span class='ocrx_word' id='word_1_722' title='bbox 1812 5349 1903 5405; x_wconf 79' lang='grc' dir='ltr'><strong>Αι-</strong></span> 
     </span>
    </p>
   </div>
   <div class='ocr_carea' id='block_1_100' title="bbox 307 5420 1905 5487">
    <p class='ocr_par' dir='ltr' id='par_1_100' title="bbox 307 5420 1905 5487">
     <span class='ocr_line' id='line_1_100' title="bbox 307 5420 1905 5487; baseline -0.005 -3"><span class='ocrx_word' id='word_1_723' title='bbox 307 5430 465 5484; x_wconf 82' lang='lat' dir='ltr'><strong>drete</strong></span> <span class='ocrx_word' id='word_1_724' title='bbox 514 5443 578 5482; x_wconf 79' lang='lat' dir='ltr'><strong>en</strong></span> <span class='ocrx_word' id='word_1_725' title='bbox 605 5425 654 5480; x_wconf 89' lang='lat' dir='ltr'><strong>el</strong></span> <span class='ocrx_word' id='word_1_726' title='bbox 681 5426 777 5480; x_wconf 84' lang='lat' dir='ltr'><strong>tib.</strong></span> <span class='ocrx_word' id='word_1_727' title='bbox 820 5440 857 5487; x_wconf 84' lang='grc' dir='ltr'><strong>ι,</strong></span> <span class='ocrx_word' id='word_1_728' title='bbox 895 5441 1011 5487; x_wconf 85' lang='lat' dir='ltr'><strong>cap.</strong></span> <span class='ocrx_word' id='word_1_729' title='bbox 1042 5420 1095 5487; x_wconf 80' lang='lat'><strong>6,</strong></span> <span class='ocrx_word' id='word_1_730' title='bbox 1132 5421 1375 5478; x_wconf 81' lang='lat' dir='ltr'><strong>enlendio</strong></span> <span class='ocrx_word' id='word_1_731' title='bbox 1400 5432 1506 5477; x_wconf 79' lang='lat' dir='ltr'><strong>esto</strong></span> <span class='ocrx_word' id='word_1_732' title='bbox 1532 5424 1743 5477; x_wconf 85' lang='lat' dir='ltr'><strong>nombre</strong></span> <span class='ocrx_word' id='word_1_733' title='bbox 1794 5420 1905 5476; x_wconf 84' lang='lat' dir='ltr'><strong>Ro-</strong></span> 
     </span>
    </p>
   </div>
   <div class='ocr_carea' id='block_1_101' title="bbox 309 5491 1983 5567">
    <p class='ocr_par' dir='ltr' id='par_1_101' title="bbox 309 5491 1983 5567">
     <span class='ocr_line' id='line_1_101' title="bbox 309 5491 1983 5567; baseline -0.007 -11"><span class='ocrx_word' id='word_1_734' title='bbox 309 5514 608 5557; x_wconf 84' lang='lat' dir='ltr'><strong>manorum</strong></span> <span class='ocrx_word' id='word_1_735' title='bbox 633 5497 697 5552; x_wconf 87' lang='lat' dir='ltr'><strong>de</strong></span> <span class='ocrx_word' id='word_1_736' title='bbox 727 5491 1016 5567; x_wconf 76' lang='lat' dir='ltr'><strong>Espanoles</strong></span> <span class='ocrx_word' id='word_1_737' title='bbox 1037 5494 1429 5567; x_wconf 57' lang='lat' dir='ltr'><strong>descendimus</strong></span> <span class='ocrx_word' id='word_1_738' title='bbox 1452 5493 1516 5547; x_wconf 83' lang='lat' dir='ltr'><strong>de</strong></span> <span class='ocrx_word' id='word_1_739' title='bbox 1532 5491 1824 5567; x_wconf 54' lang='lat' dir='ltr'><strong>flammma,</strong></span> <span class='ocrx_word' id='word_1_740' title='bbox 1871 5493 1905 5546; x_wconf 86' lang='grc' dir='ltr'><em>ὰ</em></span> <span class='ocrx_word' id='word_1_741' title='bbox 1978 5512 1983 5517; x_wconf 53' lang='grc' dir='ltr'><strong>ι</strong></span> 
     </span>
    </p>
   </div>
   <div class='ocr_carea' id='block_1_102' title="bbox 312 5560 1902 5639">
    <p class='ocr_par' dir='ltr' id='par_1_102' title="bbox 312 5560 1902 5639">
     <span class='ocr_line' id='line_1_102' title="bbox 312 5560 1902 5639; baseline -0.005 -14"><span class='ocrx_word' id='word_1_742' title='bbox 312 5570 617 5639; x_wconf 77' lang='lat' dir='ltr'><strong>diferencia</strong></span> <span class='ocrx_word' id='word_1_743' title='bbox 632 5569 701 5639; x_wconf 72' lang='lat' dir='ltr'><strong>de</strong></span> <span class='ocrx_word' id='word_1_744' title='bbox 718 5560 817 5639; x_wconf 24' lang='lat' dir='ltr'><strong>lost</strong></span> <span class='ocrx_word' id='word_1_745' title='bbox 833 5583 933 5637; x_wconf 82' lang='lat' dir='ltr'><strong>que</strong></span> <span class='ocrx_word' id='word_1_746' title='bbox 951 5564 1276 5639; x_wconf 12' lang='lat' dir='ltr'><strong>rdescendian</strong></span> <span class='ocrx_word' id='word_1_747' title='bbox 1320 5565 1384 5619; x_wconf 82' lang='lat' dir='ltr'><strong>de</strong></span> <span class='ocrx_word' id='word_1_748' title='bbox 1412 5563 1490 5619; x_wconf 79' lang='lat' dir='ltr'><strong>los</strong></span> <span class='ocrx_word' id='word_1_749' title='bbox 1521 5561 1716 5619; x_wconf 59' lang='grc' dir='ltr'><strong>(ἐθάσι.</strong></span> <span class='ocrx_word' id='word_1_750' title='bbox 1765 5560 1902 5617; x_wconf 85' lang='lat' dir='ltr'><strong>Pero</strong></span> 
     </span>
    </p>
   </div>
   <div class='ocr_carea' id='block_1_103' title="bbox 309 5636 1904 5720">
    <p class='ocr_par' dir='ltr' id='par_1_103' title="bbox 309 5636 1904 5720">
     <span class='ocr_line' id='line_1_103' title="bbox 309 5636 1904 5720; baseline -0.004 -25"><span class='ocrx_word' id='word_1_751' title='bbox 309 5636 454 5720; x_wconf 55' lang='lat' dir='ltr'><strong>para</strong></span> <span class='ocrx_word' id='word_1_752' title='bbox 484 5640 562 5720; x_wconf 70' lang='lat' dir='ltr'><strong>los</strong></span> <span class='ocrx_word' id='word_1_753' title='bbox 594 5636 771 5720; x_wconf 70' lang='lat' dir='ltr'><strong>ﬂoros</strong></span> <span class='ocrx_word' id='word_1_754' title='bbox 800 5637 852 5693; x_wconf 90' lang='lat' dir='ltr'><strong>lo</strong></span> <span class='ocrx_word' id='word_1_755' title='bbox 884 5638 1075 5720; x_wconf 67' lang='lat' dir='ltr'><strong>priamo</strong></span> <span class='ocrx_word' id='word_1_756' title='bbox 1120 5651 1419 5720; x_wconf 47' lang='lat' dir='ltr'><strong>eranynos</strong></span> <span class='ocrx_word' id='word_1_757' title='bbox 1456 5651 1556 5720; x_wconf 56' lang='lat' dir='ltr'><strong>qua</strong></span> <span class='ocrx_word' id='word_1_758' title='bbox 1594 5645 1755 5718; x_wconf 74' lang='lat' dir='ltr'><strong>atras,</strong></span> <span class='ocrx_word' id='word_1_759' title='bbox 1780 5650 1904 5720; x_wconf 50' lang='lat' dir='ltr'><strong>alga-</strong></span> 
     </span>
    </p>
   </div>
   <div class='ocr_carea' id='block_1_104' title="bbox 310 5703 1906 5793">
    <p class='ocr_par' dir='ltr' id='par_1_104' title="bbox 310 5703 1906 5793">
     <span class='ocr_line' id='line_1_104' title="bbox 310 5703 1906 5793; baseline -0.008 -23"><span class='ocrx_word' id='word_1_760' title='bbox 310 5703 558 5793; x_wconf 49' lang='grc' dir='ltr'><strong>ὶαιιαιξοε</strong></span> <span class='ocrx_word' id='word_1_761' title='bbox 578 5709 735 5793; x_wconf 52' lang='lat' dir='ltr'><strong>tedas</strong></span> <span class='ocrx_word' id='word_1_762' title='bbox 750 5707 1108 5793; x_wconf 67' lang='lat' dir='ltr'><strong>igaalmente;</strong></span> <span class='ocrx_word' id='word_1_763' title='bbox 1140 5724 1173 5779; x_wconf 72' lang='grc' dir='ltr'><strong><em>ν</em></strong></span> <span class='ocrx_word' id='word_1_764' title='bbox 1197 5707 1279 5762; x_wconf 76' lang='lat' dir='ltr'><strong>osi</strong></span> <span class='ocrx_word' id='word_1_765' title='bbox 1310 5703 1762 5793; x_wconf 44' lang='lat' dir='ltr'><strong>procediolmej&#39;or</strong></span> 
     </span>
    </p>
   </div>
   <div class='ocr_carea' id='block_1_105' title="bbox 314 5723 1904 5862">
    <p class='ocr_par' dir='ltr' id='par_1_105' title="bbox 314 5723 1904 5862">
     <span class='ocr_line' id='line_1_105' title="bbox 314 5723 1904 5830; baseline -0.007 -61"><span class='ocrx_word' id='word_1_766' title='bbox 314 5723 558 5769; x_wconf 67' lang='lat' dir='ltr'><strong>saltados</strong></span> <span class='ocrx_word' id='word_1_767' title='bbox 578 5723 735 5794; x_wconf 59' lang='lat' dir='ltr'><strong>toaos</strong></span> <span class='ocrx_word' id='word_1_768' title='bbox 750 5723 1108 5793; x_wconf 67' lang='lat' dir='ltr'><strong>tgaatmeme,‘</strong></span> <span class='ocrx_word' id='word_1_769' title='bbox 1140 5724 1173 5779; x_wconf 72' lang='grc' dir='ltr'><em>ν</em></span> <span class='ocrx_word' id='word_1_770' title='bbox 1197 5723 1279 5762; x_wconf 78' lang='lat' dir='ltr'><strong>au</strong></span> <span class='ocrx_word' id='word_1_771' title='bbox 1310 5723 1558 5790; x_wconf 62' lang='lat' dir='ltr'><strong>praecata</strong></span> <span class='ocrx_word' id='word_1_772' title='bbox 1593 5723 1762 5830; x_wconf 55' lang='lat' dir='ltr'><strong>mitur</strong></span> <span class='ocrx_word' id='word_1_773' title='bbox 1799 5723 1904 5788; x_wconf 47' lang='lat' dir='ltr'><strong>b.0-</strong></span> 
     </span>
     <span class='ocr_line' id='line_1_106' title="bbox 314 5777 1904 5862; baseline -0.005 -24"><span class='ocrx_word' id='word_1_774' title='bbox 314 5796 441 5862; x_wconf 59' lang='grc' dir='ltr'><strong>φεῖ</strong></span> <span class='ocrx_word' id='word_1_775' title='bbox 464 5780 660 5862; x_wconf 72' lang='lat' dir='ltr'><strong>Bravo,</strong></span> <span class='ocrx_word' id='word_1_776' title='bbox 680 5780 922 5862; x_wconf 62' lang='lat' dir='ltr'><strong>diciendo</strong></span> <span class='ocrx_word' id='word_1_777' title='bbox 950 5795 1051 5850; x_wconf 83' lang='lat' dir='ltr'><strong>que</strong></span> <span class='ocrx_word' id='word_1_778' title='bbox 1077 5795 1205 5862; x_wconf 54' lang='lat' dir='ltr'><strong>erat:</strong></span> <span class='ocrx_word' id='word_1_779' title='bbox 1250 5777 1517 5862; x_wconf 45' lang='lat' dir='ltr'><strong>militares.</strong></span> <span class='ocrx_word' id='word_1_780' title='bbox 1551 5778 1616 5862; x_wconf 60' lang='grc' dir='ltr'><strong>αξ</strong></span> <span class='ocrx_word' id='word_1_781' title='bbox 1697 5791 1904 5862; x_wconf 59' lang='lat' dir='ltr'><strong>ranam,</strong></span> 
     </span>
    </p>
   </div>
   <div class='ocr_carea' id='block_1_106' title="bbox 313 5846 1837 5927">
    <p class='ocr_par' dir='ltr' id='par_1_106' title="bbox 313 5846 1837 5927">
     <span class='ocr_line' id='line_1_107' title="bbox 313 5846 1837 5927; baseline -0.006 -17"><span class='ocrx_word' id='word_1_782' title='bbox 313 5851 613 5927; x_wconf 51' lang='lat' dir='ltr'><strong>(agitate)</strong></span> <span class='ocrx_word' id='word_1_783' title='bbox 643 5852 859 5927; x_wconf 64' lang='lat' dir='ltr'><strong>malum</strong></span> <span class='ocrx_word' id='word_1_784' title='bbox 908 5846 972 5905; x_wconf 70' lang='lat' dir='ltr'><strong>eri</strong></span> <span class='ocrx_word' id='word_1_785' title='bbox 1006 5849 1223 5906; x_wconf 77' lang='lat' dir='ltr'><strong>servicio</strong></span> <span class='ocrx_word' id='word_1_786' title='bbox 1262 5847 1347 5904; x_wconf 80' lang='lat' dir='ltr'><strong>del</strong></span> <span class='ocrx_word' id='word_1_787' title='bbox 1371 5865 1460 5927; x_wconf 73' lang='lat' dir='ltr'><strong>reg</strong></span> <span class='ocrx_word' id='word_1_788' title='bbox 1483 5849 1548 5927; x_wconf 83' lang='lat' dir='ltr'><strong>d_e</strong></span> <span class='ocrx_word' id='word_1_789' title='bbox 1575 5846 1837 5927; x_wconf 64' lang='lat' dir='ltr'><strong>Corduba,</strong></span> 
     </span>
    </p>
   </div>
   <div class='ocr_carea' id='block_1_107' title="bbox 311 5917 1791 6006">
    <p class='ocr_par' dir='ltr' id='par_1_107' title="bbox 311 5917 1791 6006">
     <span class='ocr_line' id='line_1_108' title="bbox 311 5917 1791 6006; baseline -0.005 -25"><span class='ocrx_word' id='word_1_790' title='bbox 311 5938 386 5988; x_wconf 70' lang='lat' dir='ltr'><strong>ac</strong></span> <span class='ocrx_word' id='word_1_791' title='bbox 404 5917 672 6003; x_wconf 56' lang='lat' dir='ltr'><strong>uastabant</strong></span> <span class='ocrx_word' id='word_1_792' title='bbox 711 5920 980 5997; x_wconf 64' lang='lat' dir='ltr'><strong>Romanos</strong></span> <span class='ocrx_word' id='word_1_793' title='bbox 1017 5936 1116 5994; x_wconf 82' lang='lat' dir='ltr'><strong>por</strong></span> <span class='ocrx_word' id='word_1_794' title='bbox 1150 5928 1346 5995; x_wconf 77' lang='lat' dir='ltr'><strong>quanto</strong></span> <span class='ocrx_word' id='word_1_795' title='bbox 1396 5917 1449 5975; x_wconf 73' lang='lat' dir='ltr'><strong>la</strong></span> <span class='ocrx_word' id='word_1_796' title='bbox 1485 5917 1722 5987; x_wconf 79' lang='lat' dir='ltr'><strong>Francia</strong></span> <span class='ocrx_word' id='word_1_797' title='bbox 1770 5932 1791 6006; x_wconf 40' lang='lat' dir='ltr'><strong>ei</strong></span> 
     </span>
    </p>
   </div>
   <div class='ocr_carea' id='block_1_108' title="bbox 2001 4729 3593 4803">
    <p class='ocr_par' dir='ltr' id='par_1_108' title="bbox 2001 4729 3593 4803">
     <span class='ocr_line' id='line_1_109' title="bbox 2001 4729 3593 4803; baseline -0.01 -1"><span class='ocrx_word' id='word_1_798' title='bbox 2001 4749 2103 4802; x_wconf 88' lang='lat' dir='ltr'><strong>bus</strong></span> <span class='ocrx_word' id='word_1_799' title='bbox 2131 4752 2187 4798; x_wconf 92' lang='lat' dir='ltr'><strong>et</strong></span> <span class='ocrx_word' id='word_1_800' title='bbox 2216 4742 2529 4796; x_wconf 90' lang='lat' dir='ltr'><strong>incusamur</strong></span> <span class='ocrx_word' id='word_1_801' title='bbox 2556 4756 2568 4791; x_wconf 93' lang='lat'><strong>:</strong></span> <span class='ocrx_word' id='word_1_802' title='bbox 2597 4736 2690 4792; x_wconf 88' lang='lat' dir='ltr'><strong>sed</strong></span> <span class='ocrx_word' id='word_1_803' title='bbox 2724 4734 3085 4803; x_wconf 88' lang='lat' dir='ltr'><strong>nosmetipsos</strong></span> <span class='ocrx_word' id='word_1_804' title='bbox 3109 4731 3208 4802; x_wconf 87' lang='lat' dir='ltr'><strong>ipsi</strong></span> <span class='ocrx_word' id='word_1_805' title='bbox 3239 4729 3470 4801; x_wconf 89' lang='lat' dir='ltr'><strong>amplius</strong></span> <span class='ocrx_word' id='word_1_806' title='bbox 3499 4729 3593 4786; x_wconf 84' lang='lat' dir='ltr'><strong>de-</strong></span> 
     </span>
    </p>
   </div>
   <div class='ocr_carea' id='block_1_109' title="bbox 2001 4828 3595 4901">
    <p class='ocr_par' dir='ltr' id='par_1_109' title="bbox 2001 4828 3595 4901">
     <span class='ocr_line' id='line_1_110' title="bbox 2001 4828 3595 4901; baseline -0.011 -8"><span class='ocrx_word' id='word_1_807' title='bbox 2001 4845 2290 4895; x_wconf 86' lang='lat' dir='ltr'><strong>testamus.</strong></span> <span class='ocrx_word' id='word_1_808' title='bbox 2326 4833 2391 4887; x_wconf 90' lang='lat' dir='ltr'><strong>Et</strong></span> <span class='ocrx_word' id='word_1_809' title='bbox 2422 4831 2545 4887; x_wconf 91' lang='lat' dir='ltr'><strong>licet</strong></span> <span class='ocrx_word' id='word_1_810' title='bbox 2565 4829 2722 4901; x_wconf 81' lang='lat' dir='ltr'><strong>juxta</strong></span> <span class='ocrx_word' id='word_1_811' title='bbox 2751 4828 3032 4885; x_wconf 88' lang='lat' dir='ltr'><strong>doctorum</strong></span> <span class='ocrx_word' id='word_1_812' title='bbox 3075 4834 3386 4879; x_wconf 88' lang='lat' dir='ltr'><strong>nostrorum</strong></span> <span class='ocrx_word' id='word_1_813' title='bbox 3423 4834 3595 4877; x_wconf 85' lang='lat' dir='ltr'><strong>vene-</strong></span> 
     </span>
    </p>
   </div>
   <div class='ocr_carea' id='block_1_110' title="bbox 2005 4917 3595 4987">
    <p class='ocr_par' dir='ltr' id='par_1_110' title="bbox 2005 4917 3595 4987">
     <span class='ocr_line' id='line_1_111' title="bbox 2005 4917 3595 4987; baseline -0.011 0"><span class='ocrx_word' id='word_1_814' title='bbox 2005 4930 2174 4987; x_wconf 90' lang='lat' dir='ltr'><strong>randa</strong></span> <span class='ocrx_word' id='word_1_815' title='bbox 2220 4927 2438 4983; x_wconf 91' lang='lat' dir='ltr'><strong>oracula</strong></span> <span class='ocrx_word' id='word_1_816' title='bbox 2492 4924 2546 4979; x_wconf 92' lang='lat' dir='ltr'><strong>in</strong></span> <span class='ocrx_word' id='word_1_817' title='bbox 2596 4921 2851 4977; x_wconf 91' lang='lat' dir='ltr'><strong>omnibus</strong></span> <span class='ocrx_word' id='word_1_818' title='bbox 2902 4917 3083 4975; x_wconf 89' lang='lat' dir='ltr'><strong>causis</strong></span> <span class='ocrx_word' id='word_1_819' title='bbox 3141 4931 3247 4971; x_wconf 89' lang='lat' dir='ltr'><strong>non</strong></span> <span class='ocrx_word' id='word_1_820' title='bbox 3304 4928 3595 4986; x_wconf 87' lang='lat' dir='ltr'><strong>processus</strong></span> 
     </span>
    </p>
   </div>
   <div class='ocr_carea' id='block_1_111' title="bbox 2003 5010 3595 5099">
    <p class='ocr_par' dir='ltr' id='par_1_111' title="bbox 2003 5010 3595 5099">
     <span class='ocr_line' id='line_1_112' title="bbox 2003 5010 3595 5099; baseline -0.014 -16"><span class='ocrx_word' id='word_1_821' title='bbox 2003 5024 2203 5099; x_wconf 90' lang='lat' dir='ltr'><strong>operis,</strong></span> <span class='ocrx_word' id='word_1_822' title='bbox 2237 5023 2331 5079; x_wconf 88' lang='lat' dir='ltr'><strong>sed</strong></span> <span class='ocrx_word' id='word_1_823' title='bbox 2356 5020 2609 5077; x_wconf 87' lang='lat' dir='ltr'><strong>voluntas</strong></span> <span class='ocrx_word' id='word_1_824' title='bbox 2637 5012 2920 5089; x_wconf 89' lang='lat' dir='ltr'><strong>operandi,</strong></span> <span class='ocrx_word' id='word_1_825' title='bbox 2945 5011 3019 5068; x_wconf 90' lang='lat' dir='ltr'><strong>sit</strong></span> <span class='ocrx_word' id='word_1_826' title='bbox 3045 5010 3323 5075; x_wconf 90' lang='lat' dir='ltr'><strong>intuenda,</strong></span> <span class='ocrx_word' id='word_1_827' title='bbox 3353 5023 3453 5065; x_wconf 91' lang='lat' dir='ltr'><strong>nec</strong></span> <span class='ocrx_word' id='word_1_828' title='bbox 3474 5016 3595 5063; x_wconf 81' lang='lat' dir='ltr'><strong>sta-</strong></span> 
     </span>
    </p>
   </div>
   <div class='ocr_carea' id='block_1_112' title="bbox 2009 5176 3607 5256">
    <p class='ocr_par' dir='ltr' id='par_1_112' title="bbox 2009 5176 3607 5256">
     <span class='ocr_line' id='line_1_113' title="bbox 2009 5176 3607 5256; baseline -0.013 -1"><span class='ocrx_word' id='word_1_829' title='bbox 2009 5197 2188 5255; x_wconf 81' lang='lat' dir='ltr'><strong>dental</strong></span> <span class='ocrx_word' id='word_1_830' title='bbox 2212 5214 2265 5253; x_wconf 78' lang='lat' dir='ltr'><strong>se</strong></span> <span class='ocrx_word' id='word_1_831' title='bbox 2291 5192 2571 5251; x_wconf 85' lang='lat' dir='ltr'><strong>intitulaba</strong></span> <span class='ocrx_word' id='word_1_832' title='bbox 2602 5189 2843 5245; x_wconf 81' lang='lat' dir='ltr'><strong>Romana</strong></span> <span class='ocrx_word' id='word_1_833' title='bbox 2870 5204 2967 5256; x_wconf 82' lang='lat' dir='ltr'><strong>por</strong></span> <span class='ocrx_word' id='word_1_834' title='bbox 2986 5185 3040 5241; x_wconf 88' lang='lat' dir='ltr'><strong>la</strong></span> <span class='ocrx_word' id='word_1_835' title='bbox 3073 5185 3286 5256; x_wconf 63' lang='lat' dir='ltr'><strong>lenqua,</strong></span> <span class='ocrx_word' id='word_1_836' title='bbox 3306 5183 3343 5237; x_wconf 75' lang='grc' dir='ltr'><strong><em>ὰ</em></strong></span> <span class='ocrx_word' id='word_1_837' title='bbox 3367 5176 3607 5256; x_wconf 71' lang='lat' dir='ltr'><strong>difereno‘</strong></span> 
     </span>
    </p>
   </div>
   <div class='ocr_carea' id='block_1_113' title="bbox 2010 5252 3600 5325">
    <p class='ocr_par' dir='ltr' id='par_1_113' title="bbox 2010 5252 3600 5325">
     <span class='ocr_line' id='line_1_114' title="bbox 2010 5252 3600 5325; baseline -0.013 1"><span class='ocrx_word' id='word_1_838' title='bbox 2010 5252 2181 5325; x_wconf 58' lang='lat' dir='ltr'><strong>Hdde</strong></span> <span class='ocrx_word' id='word_1_839' title='bbox 2203 5252 2253 5323; x_wconf 85' lang='lat' dir='ltr'><strong>la</strong></span> <span class='ocrx_word' id='word_1_840' title='bbox 2280 5265 2512 5321; x_wconf 72' lang='lat' dir='ltr'><strong>Francia</strong></span> <span class='ocrx_word' id='word_1_841' title='bbox 2544 5261 2764 5318; x_wconf 83' lang='lat' dir='ltr'><strong>orientul</strong></span> <span class='ocrx_word' id='word_1_842' title='bbox 2790 5277 2820 5314; x_wconf 93' lang='grc' dir='ltr'><strong>ο</strong></span> <span class='ocrx_word' id='word_1_843' title='bbox 2856 5252 3380 5314; x_wconf 67' lang='grc' dir='ltr'><strong>Τευιοηὶεηξνευηεε</strong></span> <span class='ocrx_word' id='word_1_844' title='bbox 3399 5252 3477 5308; x_wconf 76' lang='lat' dir='ltr'><strong>las</strong></span> <span class='ocrx_word' id='word_1_845' title='bbox 3498 5267 3600 5325; x_wconf 65' lang='lat' dir='ltr'><strong>att-</strong></span> 
     </span>
    </p>
   </div>
   <div class='ocr_carea' id='block_1_114' title="bbox 2010 5323 3602 5399">
    <p class='ocr_par' dir='ltr' id='par_1_114' title="bbox 2010 5323 3602 5399">
     <span class='ocr_line' id='line_1_115' title="bbox 2010 5323 3602 5399; baseline -0.012 -2"><span class='ocrx_word' id='word_1_846' title='bbox 2010 5323 2380 5397; x_wconf 12' lang='lat' dir='ltr'><strong>ioresicitados</strong></span> <span class='ocrx_word' id='word_1_847' title='bbox 2410 5353 2475 5391; x_wconf 84' lang='lat' dir='ltr'><strong>en</strong></span> <span class='ocrx_word' id='word_1_848' title='bbox 2503 5335 2550 5391; x_wconf 86' lang='lat' dir='ltr'><strong>el</strong></span> <span class='ocrx_word' id='word_1_849' title='bbox 2580 5332 2821 5387; x_wconf 79' lang='lat' dir='ltr'><strong>Glosario</strong></span> <span class='ocrx_word' id='word_1_850' title='bbox 2846 5330 2910 5384; x_wconf 86' lang='lat' dir='ltr'><strong>de</strong></span> <span class='ocrx_word' id='word_1_851' title='bbox 2939 5328 3137 5399; x_wconf 83' lang='lat' dir='ltr'><strong>Cange,</strong></span> <span class='ocrx_word' id='word_1_852' title='bbox 3172 5325 3234 5381; x_wconf 81' lang='grc' dir='ltr'><strong>γ.</strong></span> <span class='ocrx_word' id='word_1_853' title='bbox 3266 5325 3524 5390; x_wconf 68' lang='lat' dir='ltr'><strong>Flumen,</strong></span> <span class='ocrx_word' id='word_1_854' title='bbox 3564 5323 3602 5380; x_wconf 79' lang='grc' dir='ltr'>δ</span> 
     </span>
    </p>
   </div>
   <div class='ocr_carea' id='block_1_115' title="bbox 2011 5398 3123 5478">
    <p class='ocr_par' dir='ltr' id='par_1_115' title="bbox 2011 5398 3123 5478">
     <span class='ocr_line' id='line_1_116' title="bbox 2011 5398 3123 5478; baseline -0.013 -10"><span class='ocrx_word' id='word_1_855' title='bbox 2011 5431 2074 5469; x_wconf 86' lang='lat' dir='ltr'><strong>en</strong></span> <span class='ocrx_word' id='word_1_856' title='bbox 2098 5411 2231 5478; x_wconf 75' lang='lat' dir='ltr'><strong>Pagi</strong></span> <span class='ocrx_word' id='word_1_857' title='bbox 2258 5410 2409 5465; x_wconf 81' lang='lat' dir='ltr'><strong>sobre</strong></span> <span class='ocrx_word' id='word_1_858' title='bbox 2428 5406 2476 5461; x_wconf 87' lang='lat' dir='ltr'><strong>el</strong></span> <span class='ocrx_word' id='word_1_859' title='bbox 2500 5421 2603 5478; x_wconf 78' lang='lat' dir='ltr'><strong>ana</strong></span> <span class='ocrx_word' id='word_1_860' title='bbox 2632 5405 2695 5458; x_wconf 85' lang='lat' dir='ltr'><strong>de</strong></span> <span class='ocrx_word' id='word_1_861' title='bbox 2737 5401 3035 5478; x_wconf 80' lang='lat' dir='ltr'><strong>888,_num.</strong></span> <span class='ocrx_word' id='word_1_862' title='bbox 3069 5398 3123 5455; x_wconf 83' lang='lat'><strong>5.</strong></span> 
     </span>
    </p>
   </div>
   <div class='ocr_carea' id='block_1_116' title="bbox 2083 5473 2948 5553">
    <p class='ocr_par' dir='ltr' id='par_1_116' title="bbox 2083 5473 2948 5553">
     <span class='ocr_line' id='line_1_117' title="bbox 2083 5473 2948 5553; baseline -0.012 -16"><span class='ocrx_word' id='word_1_863' title='bbox 2083 5482 2110 5523; x_wconf 76' lang='grc' dir='ltr'><strong>«ι</strong></span> <span class='ocrx_word' id='word_1_864' title='bbox 2148 5473 2510 5553; x_wconf 74' lang='lat' dir='ltr'><strong>Comparatio,</strong></span> <span class='ocrx_word' id='word_1_865' title='bbox 2536 5475 2590 5531; x_wconf 90' lang='lat' dir='ltr'><strong>id</strong></span> <span class='ocrx_word' id='word_1_866' title='bbox 2617 5483 2704 5531; x_wconf 89' lang='lat' dir='ltr'><strong>est</strong></span> <span class='ocrx_word' id='word_1_867' title='bbox 2728 5473 2948 5544; x_wconf 89' lang='lat' dir='ltr'><strong>emptio.</strong></span> 
     </span>
    </p>
   </div>
   <div class='ocr_carea' id='block_1_117' title="bbox 2089 5551 2569 5619">
    <p class='ocr_par' dir='ltr' id='par_1_117' title="bbox 2089 5551 2569 5619">
     <span class='ocr_line' id='line_1_118' title="bbox 2089 5551 2569 5619; baseline -0.015 -9"><span class='ocrx_word' id='word_1_868' title='bbox 2089 5567 2113 5595; x_wconf 82' lang='grc' dir='ltr'><strong>ο</strong></span> <span class='ocrx_word' id='word_1_869' title='bbox 2151 5551 2285 5619; x_wconf 83' lang='lat' dir='ltr'><strong>Ms.,</strong></span> <span class='ocrx_word' id='word_1_870' title='bbox 2310 5551 2569 5605; x_wconf 83' lang='lat' dir='ltr'><strong>donitum.</strong></span> 
     </span>
    </p>
   </div>
   <div class='ocr_carea' id='block_1_118' title="bbox 2089 5624 3610 5693">
    <p class='ocr_par' dir='ltr' id='par_1_118' title="bbox 2089 5624 3610 5693">
     <span class='ocr_line' id='line_1_119' title="bbox 2089 5624 3610 5693; baseline 0.022 -27"><span class='ocrx_word' id='word_1_871' title='bbox 2089 5625 2109 5666; x_wconf 89' lang='lat' dir='ltr'><strong>t‘</strong></span> <span class='ocrx_word' id='word_1_872' title='bbox 2147 5624 2269 5690; x_wconf 55' lang='grc' dir='ltr'><strong>Μελ,</strong></span> <span class='ocrx_word' id='word_1_873' title='bbox 2301 5631 2587 5693; x_wconf 77' lang='lat' dir='ltr'><strong>protenta.</strong></span> <span class='ocrx_word' id='word_1_874' title='bbox 2986 5688 3015 5693; x_wconf 90' lang='lat'><strong>__</strong></span> <span class='ocrx_word' id='word_1_875' title='bbox 3252 5684 3263 5693; x_wconf 88' lang='lat'><strong>.</strong></span> <span class='ocrx_word' id='word_1_876' title='bbox 3582 5675 3610 5693; x_wconf 55' lang='lat'><strong>,-</strong></span> 
     </span>
    </p>
   </div>
   <div class='ocr_carea' id='block_1_119' title="bbox 2087 5682 3609 5772">
    <p class='ocr_par' dir='ltr' id='par_1_119' title="bbox 2087 5682 3609 5772">
     <span class='ocr_line' id='line_1_120' title="bbox 2087 5682 3609 5772; baseline -0.011 -20"><span class='ocrx_word' id='word_1_877' title='bbox 2087 5696 2218 5772; x_wconf 68' lang='lat' dir='ltr'><strong>8_Ex</strong></span> <span class='ocrx_word' id='word_1_878' title='bbox 2256 5682 2413 5772; x_wconf 48' lang='lat' dir='ltr'><strong>voce</strong></span> <span class='ocrx_word' id='word_1_879' title='bbox 2465 5692 2611 5772; x_wconf 82' lang='lat' dir='ltr'><strong>olim,</strong></span> <span class='ocrx_word' id='word_1_880' title='bbox 2663 5689 2907 5748; x_wconf 90' lang='lat' dir='ltr'><strong>nonnulli</strong></span> <span class='ocrx_word' id='word_1_881' title='bbox 2943 5688 3154 5755; x_wconf 83' lang='lat' dir='ltr'><strong>alitum,</strong></span> <span class='ocrx_word' id='word_1_882' title='bbox 3181 5682 3453 5743; x_wconf 81' lang='lat' dir='ltr'><strong>veloh’dm</strong></span> <span class='ocrx_word' id='word_1_883' title='bbox 3503 5692 3609 5772; x_wconf 10' lang='lat' dir='ltr'><strong>pro,</strong></span> 
     </span>
    </p>
   </div>
   <div class='ocr_carea' id='block_1_120' title="bbox 2013 5765 2631 5841">
    <p class='ocr_par' dir='ltr' id='par_1_120' title="bbox 2013 5765 2631 5841">
     <span class='ocr_line' id='line_1_121' title="bbox 2013 5765 2631 5841; baseline -0.013 -15"><span class='ocrx_word' id='word_1_884' title='bbox 2013 5768 2230 5841; x_wconf 63' lang='lat' dir='ltr'><strong>antiquo</strong></span> <span class='ocrx_word' id='word_1_885' title='bbox 2273 5765 2631 5841; x_wconf 75' lang='lat' dir='ltr'><strong>deduxerunt.</strong></span> 
     </span>
    </p>
   </div>
   <div class='ocr_carea' id='block_1_121' title="bbox 2085 5834 3400 5915">
    <p class='ocr_par' dir='ltr' id='par_1_121' title="bbox 2085 5834 3400 5915">
     <span class='ocr_line' id='line_1_122' title="bbox 2085 5834 3400 5915; baseline 0.018 -33"><span class='ocrx_word' id='word_1_886' title='bbox 2085 5840 2115 5882; x_wconf 77' lang='grc' dir='ltr'><strong>ιι</strong></span> <span class='ocrx_word' id='word_1_887' title='bbox 2138 5834 2284 5905; x_wconf 55' lang='grc' dir='ltr'><strong>’δίδη</strong></span> <span class='ocrx_word' id='word_1_888' title='bbox 2312 5834 2769 5893; x_wconf 81' lang='lat' dir='ltr'><strong>abundantiorem.</strong></span> <span class='ocrx_word' id='word_1_889' title='bbox 3032 5910 3063 5915; x_wconf 35' lang='grc' dir='ltr'>η</span> <span class='ocrx_word' id='word_1_890' title='bbox 3154 5882 3159 5889; x_wconf 66' lang='grc' dir='ltr'><strong><em>η</em></strong></span> <span class='ocrx_word' id='word_1_891' title='bbox 3326 5904 3347 5914; x_wconf 49' lang='grc'><strong>,,</strong></span> <span class='ocrx_word' id='word_1_892' title='bbox 3362 5886 3400 5915; x_wconf 66' lang='grc' dir='ltr'><strong>,ι</strong></span> 
     </span>
    </p>
   </div>
   <div class='ocr_carea' id='block_1_122' title="bbox 3546 5920 3601 5965">
    <p class='ocr_par' dir='ltr' id='par_1_122' title="bbox 3546 5920 3601 5965">
     <span class='ocr_line' id='line_1_123' title="bbox 3546 5920 3601 5965; baseline 0 -2"><span class='ocrx_word' id='word_1_893' title='bbox 3546 5920 3601 5965; x_wconf 53' lang='grc' dir='ltr'><em>θ</em></span> 
     </span>
    </p>
   </div>
  </div>
