4034 6350
583 394 687 453 ιη

1832 402 2092 464 ALVARI
2131 410 2158 464 ί

2260 396 2610 465 ιῡυιιΕΝδιδ
3703 422 3780 478 tu

580 516 677 571 tim
706 517 829 588 quis
857 519 986 587 quid
1015 520 1206 589 egerit,
1236 516 1334 575 sed
1366 535 1474 593 quo
1511 528 1637 578 voto
1674 522 1730 579 id
1774 523 1947 595 egerit
1990 524 2168 595 inqui-
2195 535 2243 593 Α
2272 532 2489 579 nostras
2524 513 2634 592 jam
2681 524 2838 579 solita
2885 523 3170 579 clementia
3214 534 3414 597 tergat,
3450 542 3573 597 quas
3604 546 3781 602 propere

582 609 832 676 rc'udum,
856 626 954 666 nec
978 625 1066 667 res
1093 613 1209 681 ipsa
1231 627 1352 683 qua:
1377 615 1606 686 geritur,
1637 616 1732 672 sed
1757 610 1990 688 qualitas
2017 632 2169 674 men-

580 702 651 757 tis
672 743 686 768 ,
721 712 777 759 et
803 701 1056 760 facientis
1095 704 1166 759 sit
1199 709 1539 777 propositum
1571 710 1955 782 judicandum;
1986 724 2168 769 tamen

580 808 798 866 quoquo
823 797 980 851 modo
1008 810 1219 868 gesmm
1247 799 1318 854 sit
1344 803 1547 858 nostris
1576 805 1788 860 meritis
1817 806 2166 877 imputamus,

578 894 637 942 et
658 884 921 955 judicium
950 888 1165 946 Domini
1197 896 1451 951 trementi
1492 898 1654 953 corde
1683 901 1923 969 quotidie
1958 916 2058 956 nos
2089 902 2172 956 in-

572 980 882 1049 sequendos
909 981 1223 1053 lugimoniis
1254 1002 1360 1042 non
1393 989 1587 1045 mediis
1624 1000 1993 1060 protestamus
2018 1007 2066 1060 ιι,
2101 995 2169 1050 de

583 1083 771 1130 nostra
811 1076 1164 1147 desperantes
1192 1083 1432 1152 pessima
1462 1099 1627 1155 opera
1652 1086 1706 1152 ιι,
1737 1087 1803 1141 de
1828 1087 1972 1143 illius
1998 1088 2168 1144 conii-

574 1168 768 1227 dentes
789 1170 1161 1228 misericordia
1180 1184 1459 1230 consueta.
1479 1177 1619 1231 Ecce
1641 1178 1874 1247 qualiter
1889 1186 2172 1233 estactum

582 1268 778 1314 vestras
801 1262 1106 1331 prudentia:
1150 1273 1323 1320 totum
1351 1276 1431 1322 est
1465 1267 1797 1338 patefactum
1825 1287 1839 1324 :
1872 1271 2015 1340 quod
2052 1270 2172 1326 ideo

582 1351 738 1407 vobis
768 1352 833 1406 ad
864 1354 1073 1426 singula
1096 1370 1355 1413 enarrare
1374 1363 1584 1427 curavi,
1616 1363 1741 1431 quia
1764 1377 1832 1417 ex
1855 1364 2025 1432 ipsius
2046 1378 2174 1418 con-

578 1440 807 1500 fessoris
837 1444 994 1503 laude
1018 1448 1187 1505 multa
1215 1453 1369 1521 quasi
1402 1468 1431 1507 a
1463 1453 1618 1511 vobis
1641 1456 1784 1511 dicta
1813 1457 2023 1523 audivi,
2052 1472 2173 1528 qua:

583 1536 808 1593 minime
836 1542 1063 1605 credidi,
1095 1544 1222 1614 quia
1247 1554 1488 1602 vestrum
1516 1548 1756 1605 animum
1782 1565 1912 1621 erga
1936 1566 2021 1615 me
2052 1567 2174 1623 pro-

580 1626 760 1697 prium
790 1631 990 1701 saepius
1020 1635 1185 1691 sensi.

650 1719 705 1775 6.
739 1720 796 1777 1η
825 1723 986 1780 linem
1011 1743 1139 1785 vero
1158 1731 1400 1801 epistolae
1421 1734 1707 1792 advolutus
1728 1737 1955 1808 pedibus
1975 1740 2173 1797 vestris

570 1830 828 1889 suggero,
861 1829 923 1875 ut
949 1822 1076 1891 quia
1106 1836 1498 1897 paupertaset
1538 1831 1789 1888 debilitas
1833 1848 1983 1888 mea
2015 1834 2171 1890 vobis

2276 614 2669 680 contraximus,
2698 614 2907 687 culpas.
2940 613 3095 672 Valet
3125 617 3322 672 etenim
3348 620 3515 674 oratio
3547 620 3782 691 impetrare

2265 704 2400 773 justi
2432 707 2670 773 assidua,
2700 707 2841 778 quod
2874 709 3176 779 peccatoris
3203 711 3387 780 nequit
3424 716 3687 781 promereri
3716 732 3784 773 ne-

2274 799 2465 869 quitia.
2516 799 2768 855 Vestrum
2824 809 2907 856 est
2956 815 3225 873 namque,
3284 802 3357 857 mi
3404 804 3630 872 domine,
3666 806 3785 868 fratri

2274 890 2539 947 laboranti
2568 906 2787 947 manum
2814 894 3094 964 porrigere
3113 935 3128 958 ,
3160 903 3214 949 et
3242 896 3539 951 morborum
3566 897 3785 971 languori-

2273 985 2374 1041 bus
2400 986 2586 1041 saucio
2609 1001 2765 1057 opem
2795 986 2971 1043 solatii
3005 988 3311 1060 praelargire
3340 1007 3352 1043 :
3385 994 3626 1059 Quatenus
3644 1001 3690 1047 et
3711 1009 3785 1050 no-

2274 1077 2358 1133 bis
2392 1079 2632 1134 debitum
2664 1081 2989 1150 impertiatis
3020 1081 3338 1146 remedium,
3370 1090 3424 1136 et
3442 1091 3656 1137 vestrum
3678 1087 3788 1154 quod

2273 1183 2372 1239 pro
2397 1170 2544 1226 omni
2570 1170 2808 1226 Ecclesia
2840 1171 3137 1241 injunctum
3168 1172 3380 1228 habetis
3401 1171 3636 1241 cilicium,
3661 1175 3788 1249 incly-

2276 1275 2390 1321 tum
2428 1277 2450 1305 ο
2484 1268 2793 1336 perducatis
2817 1269 2883 1322 ad
2915 1268 3225 1322 terminum.
3254 1268 3444 1323 Amen.

2344 1358 2399 1413 2.
2438 1358 2514 1414 De
2541 1369 2761 1425 czetero,
2786 1361 2857 1415 mi
2879 1361 3117 1426 domine,
3144 1377 3250 1417 non
3284 1376 3407 1417 reor
3428 1361 3583 1418 latere
3606 1375 3790 1421 vestram

2274 1449 2619 1520 prudentiam
2649 1451 3015 1507 calamitatem
3047 1453 3270 1524 hujusce
3297 1458 3491 1510 nostrrc
3524 1457 3788 1525 provincia,

2275 1556 2395 1612 qua:
2421 1542 2702 1613 multiplici
2731 1553 2882 1615 peste
2901 1587 2916 1608 ,
2944 1561 3008 1600 ac
3036 1547 3241 1618 ingenti
3286 1546 3461 1604 ulcere
3497 1550 3683 1613 mucis,
3709 1550 3790 1606 imo

2276 1634 2342 1688 ad
2373 1635 2579 1689 exitum
2612 1636 2736 1690 vitae
2758 1651 2928 1707 usque
2967 1638 3231 1706 deducta,
3264 1638 3471 1693 bestiali
3513 1641 3636 1695 rictu
3659 1640 3791 1697 etbe-

2276 1724 2421 1781 luina
2449 1725 2671 1783 etl‘erata
2704 1728 2973 1794 barbarie,
3001 1729 3264 1785 hactenus
3290 1745 3427 1786 saeve
3454 1730 3706 1785 dilacinata
3731 1739 3790 1786 est

2276 1817 2441 1874 ell‘ero
2469 1820 2649 1876 dente.
2676 1820 2782 1877 Sed
2810 1822 2934 1893 quia
2972 1834 3221 1894 respectu
3257 1823 3500 1879 altissimi
3521 1832 3573 1880 et
3603 1839 3788 1894 prasen-

568 1906 703 1965 fecit
753 1911 1031 1969 absentem
1056 1958 1070 1981 ,
1116 1917 1329 1976 bonitas
1363 1931 1547 1977 vestra
1599 1939 1683 1980 me
1727 1939 1944 1996 semper
1985 1926 2168 1982 animo
2202 1906 2246 1965 Β
2279 1914 2472 1969 tissimi
2499 1915 2795 1971 conditoris
2822 1925 3096 1987 utcunque
3124 1918 3394 1988 respirare
3433 1925 3547 1988 post
3588 1916 3710 1972 diras
3746 1932 3791 1973 ac

573 1992 768 2057 reddat
808 2017 1167 2074 praesentem:
1198 2015 1686 2086 suggessionesque
1732 1992 2028 2075 malevolas
2078 2019 2167 2075 illa

581 2094 909 2153 discretione
931 2103 1213 2170 paternali,
1241 2120 1346 2175 qua
1373 2121 1467 2162 vos
1489 2108 1614 2163 novi
1645 2109 1847 2180 vigere,
1876 2111 2160 2176 discutite;

573 2198 628 2243 et
657 2206 789 2248 aure
819 2196 983 2249 surda
1008 2188 1292 2252 discordiae
1335 2200 1728 2259 incantationes
1771 2205 2013 2268 transite,
2043 2220 2167 2262 nos-

576 2296 682 2350 que
696 2283 1000 2342 visceribus
1022 2289 1257 2359 propriis
1277 2293 1628 2350 comendatos
1647 2294 1864 2350 habete.
1891 2296 2164 2369 Quidquid

568 2387 700 2429 vero
745 2375 930 2445 Felix,
977 2378 1215 2437 Gratiosi
1257 2384 1465 2454 judicis
1495 2385 1656 2452 illius,
1685 2389 1738 2443 in
1769 2406 1929 2446 aures
1959 2393 2163 2448 domini

568 2466 837 2528 Servandi
881 2476 1100 2531 comitis
1152 2493 1275 2532 cum
1322 2480 1635 2537 confessore
1680 2482 1771 2539 illo
1814 2484 2159 2553 immisserit;

568 2569 748 2617 vestra
779 2566 1101 2633 paternitas,
1132 2569 1177 2623 si
1207 2568 1459 2636 voluerit,
1485 2580 1597 2627 tota
1631 2574 1859 2629 radebit.
1896 2574 2161 2647 Tempore

564 2656 766 2727 quippe
795 2668 977 2716 vestro
999 2661 1228 2718 aliorum
1260 2679 1453 2721 causas
1473 2675 1593 2722 erat
1612 2668 1770 2731 nobis
1795 2667 2065 2739 explicere
2091 2669 2159 2724 li-

564 2750 773 2806 citum:
808 2760 1012 2821 quanto
1042 2755 1214 2826 magis
1257 2767 1501 2813 nostrum
1547 2762 1827 2832 proprium
1856 2778 1962 2817 non
1995 2778 2160 2832 expe-

563 2843 779 2899 diamus
805 2846 1118 2916 negotium?
1139 2848 1406 2916 Recolite,
1433 2852 1682 2918 obsecro,
1713 2862 2024 2910 nostrorum
2061 2872 2158 2911 an-

564 2935 839 3005 tiquorum
867 2941 1123 2996 amicitia:
1153 2942 1426 2998 vinculum
1449 2985 1464 3008 ,
1497 2953 1552 3000 et
1577 2954 1817 3001 vestrum
1846 2949 2155 3018 amplectite

558 3025 870 3084 visceribus
895 3028 1084 3084 lilium.
1118 3030 1277 3086 Plura
1302 3034 1580 3090 volueram
1622 3037 1746 3095 licet
1785 3036 1997 3109 plebeio
2042 3055 2159 3107 ser-

564 3131 728 3173 mone
771 3119 1096 3189 disputando
1143 3126 1454 3182 coniicere:
1491 3130 1585 3184 sed
1637 3133 1854 3186 modum
1912 3131 2155 3202 epistolae

540 3210 826 3279 egredere
850 3213 1015 3278 nolui,
1047 3225 1100 3269 et
1137 3216 1490 3285 prudentibus
1520 3220 1681 3275 stulta
1724 3235 2051 3293 componere
2089 3224 2152 3278 ti-

569 3302 701 3356 mui.
733 3302 837 3358 Sed
870 3320 1019 3377 rogo,
1051 3316 1110 3362 ut
1135 3323 1255 3378 qua:
1290 3312 1462 3382 magis
1501 3312 1798 3377 currendo,
1837 3328 2000 3383 quam
2045 3323 2154 3368 tra-

564 3396 762 3450 ctando
779 3399 1101 3470 conscripsi,
1116 3410 1172 3456 et
1192 3402 1314 3473 plus
1328 3403 1515 3459 dolore
1527 3419 1691 3475 quam
1716 3406 1892 3461 nitore
1913 3406 2149 3477 depinxi,

566 3499 671 3540 non
713 3488 1039 3546 scholastice
1066 3500 1120 3547 et
1148 3508 1246 3563 per
1274 3494 1551 3551 liberalem
1600 3505 1775 3552 artem
1809 3507 1830 3535 ε
1866 3506 2152 3565 tractetur,

562 3576 659 3634 sed
701 3594 837 3650 pure
860 3591 918 3637 et
941 3584 1283 3655 simpliciter,
1325 3596 1383 3642 ut
1422 3589 1686 3658 scriptum
1716 3598 1830 3655 est,
1861 3589 2149 3662 relegatur.

634 3673 687 3729 7.
724 3676 923 3749 Vigens
966 3678 1156 3736 ﬂoreat
1180 3683 1527 3753 paternitatis
1558 3696 1752 3741 vestras
1794 3695 1951 3742 aucta
1985 3687 2154 3743 felici-

562 3771 647 3819 tas
673 3780 772 3835 per
797 3770 972 3839 spatia
1005 3787 1292 3829 annorum.
1315 3776 1509 3832 Amen.

1330 3888 1399 3943 Χ.

562 3991 809 4052 Εινιεεσιιι
837 3995 907 4067 (et
929 4007 990 4052 ut
1011 4010 1228 4070 apparet
1266 4016 1420 4057 sxum
1457 4004 1839 4076 connuesnsrs)
1880 4021 1949 4062 AD
1986 4021 2153 4062 ALTE-

954 4104 1061 4144 nun
1099 4106 1389 4149 EPISCOPUM
1427 4111 1686 4152 EPISTOLA
1711 4097 1758 4151 (ί.

636 4205 688 4258 1.
727 4204 936 4274 Quibus
956 4209 1357 4269 calamitatibus
1382 4216 1647 4286 quibusve
1682 4220 1919 4276 miseriis
1954 4223 2151 4278 merito

562 4294 813 4366 exigente
845 4298 1107 4357 hactenus
1134 4313 1405 4372 conterar,
1433 4324 1609 4378 quove
1647 4312 1917 4368 acerrimo
1952 4313 2150 4369 intole-

564 4387 723 4444 rabili
775 4391 960 4449 dolore
1011 4409 1077 4449 ex
1136 4396 1365 4455 diversis
1415 4402 1663 4472 partibus
1714 4405 1934 4470 insuar,
1989 4408 2150 4462 credo

560 4495 759 4542 vestra!
786 4487 1105 4546 beatitudini
1137 4501 1192 4546 et
1219 4508 1436 4551 rumore
1463 4497 1663 4553 celebri
1691 4499 2023 4570 divulgatum
2048 4544 2060 4563 ,
2095 4510 2149 4558 et

562 4581 831 4637 veraciori
863 4585 1304 4656 comprobatione
1332 4591 1657 4659 prtesentiae,
1688 4594 1841 4663 quasi
1868 4597 2146 4667 proprium

2276 2006 2571 2077 palpabiles
2597 2022 2739 2063 nunc
2764 2009 2879 2063 nisa
2902 2018 2985 2064 est
3018 2010 3302 2075 tenebras,
3331 2017 3385 2065 et
3414 2008 3621 2063 liberum
3661 2009 3793 2078 potuit

2278 2109 2550 2169 utcunque
2578 2114 2684 2155 non
2724 2101 2962 2156 humano
2994 2103 3213 2176 ingenip
3233 2144 3248 2169 ,
3277 2103 3369 2159 sed
3395 2103 3564 2157 divino
3588 2103 3790 2170 imperio,

2272 2193 2547 2264 respicere
2574 2192 2787 2260 lumen;
2822 2201 2998 2248 actum
3025 2204 3129 2261 est,
3160 2204 3217 2249 ut
3251 2196 3339 2250 illa
3380 2195 3680 2251 admirabilis
3698 2194 3792 2249 dex-

2274 2294 2406 2351 tera,
2432 2299 2552 2356 qum
2578 2285 2728 2341 novit
2758 2285 3045 2342 humiliare
3075 2286 3348 2353 sublimia,
3378 2294 3430 2342 et
3454 2286 3601 2342 altius
3628 2285 3790 2340 elevare

2268 2385 2536 2449 prostrata
2558 2418 2572 2441 ,
2600 2387 2808 2447 pestem
2852 2393 3012 2447 quam
3061 2385 3288 2433 extensa
3320 2379 3398 2433 ira
3430 2379 3711 2441 induterat,
3733 2375 3791 2429 di-

2268 2470 2375 2524 lata
2426 2470 2800 2526 misericordia
2853 2471 3222 2526 subtraheret.
3274 2470 3440 2542 Cujus
3478 2470 3725 2541 benignam
3751 2477 3790 2524 et

2264 2559 2588 2616 laudabilem
2654 2559 3144 2618 administrationis
3201 2563 3259 2618 in
3315 2560 3559 2635 operibus
3612 2561 3789 2632 gratiam

2266 2653 2644 2708 abundantiori
2686 2653 2844 2709 laude
2889 2668 3224 2725 prosequere
3278 2655 3574 2726 cupienttas,
3612 2662 3661 2709 et
3696 2649 3789 2706 ede-

2263 2754 2452 2801 ctuoso
2486 2730 2682 2801 conatu
2711 2760 2775 2800 ex
2805 2761 3019 2817 quaqua
3046 2754 3202 2817 parte
3222 2784 3238 2812 ,
3268 2761 3375 2817 qua
3402 2756 3551 2817 posse
3574 2745 3704 2799 nobis
3726 2744 3786 2797 in-

2254 2836 2504 2906 junctum
2536 2846 2639 2903 est,
2671 2838 3008 2908 aequiperare
3034 2839 3314 2905 volentes,
3349 2838 3662 2894 unanimitati
3685 2849 3786 2908 prae-

2260 2929 2450 2984 bentes
2477 2930 2848 2995 concordiam,
2877 2937 2930 2985 et
2960 2931 3251 2986 discordia:
3274 2931 3525 2987 radicitus
3547 2930 3786 2985 ambientes

2258 3021 2563 3089 exstirpare
2605 3018 2848 3075 funditus
2893 3036 3166 3089 massam,
3217 3025 3551 3095 prae’sentiam
3593 3028 3784 3076 nostram

2257 3109 2519 3166 fratribus
2547 3111 2749 3166 nostris
2777 3120 2833 3167 et
2861 3113 3354 3170 consacerdotihus
3374 3156 3388 3179 ,
3422 3115 3529 3169 sive
3558 3111 3694 3174 llliis,
3717 3122 3785 3178 ρει

2257 3200 2555 3267 culiarem,
2606 3201 2864 3257 exhibere
2912 3204 3163 3273 protinus
3212 3205 3439 3270 nancti,
3481 3211 3532 3259 et
3555 3216 3659 3271 qua:
3690 3210 3785 3251 vera

2259 3304 2402 3357 sunt,
2444 3292 2643 3363 partim
2676 3294 2972 3350 severitate
3005 3295 3219 3367 judicii,
3260 3296 3456 3366 partim
3482 3294 3786 3350 lenitatem-

2258 3386 2439 3440 tentim
2464 3386 2753 3457 gliscentes
2780 3402 3110 3459 exsequere;
3137 3389 3308 3444 tantis
3336 3404 3394 3444 se
3414 3382 3785 3442 testimoniorum

2255 3481 2669 3552 probationibus
2701 3484 3032 3549 munierunt,
3065 3485 3343 3556 tantisque
3380 3485 3591 3541 Patrum
3624 3486 3787 3536 senten-

2256 3577 2364 3643 tiis,
2390 3592 2511 3647 quae
2534 3578 2910 3647 compassione
2933 3588 3160 3649 egerant
3180 3579 3442 3651 plevium,
3464 3576 3784 3634 ﬁrmaverunt;

2256 3681 2313 3723 ut
2340 3685 2480 3741 pene
2502 3670 2704 3726 eisdem
2741 3671 2794 3725 in
2823 3670 3027 3741 aliquid
3056 3672 3284 3728 obviare
3315 3671 3333 3711 ί
3371 3686 3473 3727 non
3494 3668 3559 3725 sit
3585 3665 3702 3735 ejus,
3719 3658 3786 3732 qui

2256 3773 2451 3820 cuncta
2500 3780 2558 3819 se
2583 3765 2792 3836 judicio
2818 3775 2874 3820 et
2913 3764 3161 3836 exemplo
3201 3764 3428 3821 Patrum
3466 3760 3642 3818 asserit
3671 3757 3787 3811 inno-

2254 3857 2404 3912 dare.
2445 3855 2663 3923 Fateor,
2697 3858 2771 3912 mi
2814 3858 3158 3913 sanctissime
3204 3858 3462 3923 domine,
3504 3853 3567 3909 ad
3601 3859 3727 3907 tanta
3746 3852 3788 3899 et

2257 3949 2383 4003 talia
2416 3964 2537 4020 qua:
2565 3964 2631 4005 ex
2660 3949 2901 4005 virorum
2929 3949 3195 4004 industria
3222 3949 3533 4006 obtulerunt
3558 3936 3786 4014 opuscula.

2253 4043 2505 4113 obstupui
2535 4045 2560 4083 Β
2588 4052 2645 4097 et
2668 4044 2992 4097 sententiam
3015 4058 3191 4098 meam
3215 4042 3377 4098 aliter
3397 4043 3642 4097 hactenus
3663 4043 3788 4087 aucu-

2253 4144 2467 4205 patam,
2513 4135 2779 4191 veraciori
2808 4142 2863 4189 et
2902 4135 3200 4206 probatiori
3248 4133 3586 4205 indagatione
3609 4124 3786 4225 probata

2255 4226 2308 4280 in
2350 4226 2560 4282 meliori
2592 4225 2756 4282 ductu
2793 4238 2846 4281 et
2885 4226 3179 4282 universali
3210 4227 3441 4293 collegio
3480 4227 3787 4279 commota".

2254 4334 2322 4373 ne
2350 4318 2743 4385 obstinatione,
2786 4319 2929 4390 quod
2964 4319 3136 4383 absit,
3169 4319 3341 4374 animi
3382 4318 3569 4372 ductus
3596 4310 3789 4367 fomitem

2251 4407 2452 4464 alerem
2482 4408 2788 4474 discordiae,
2817 4418 2873 4465 et
2913 4410 3215 4464 membrum
3257 4424 3452 4464 secans
3490 4422 3518 4462 a
3553 4402 3707 4473 capite
3730 4397 3790 4451 in-

2252 4508 2438 4555 sontes
2463 4516 2598 4568 quos
2622 4500 2953 4556 conscientia
2980 4499 3201 4564 liberos,
3230 4509 3286 4555 et
3312 4496 3611 4554 innocentia
3637 4493 3790 4546 ἰηιηιιι·

2255 4609 2350 4647 nes
2374 4595 2723 4660 ostenderat,
2755 4602 2942 4649 nostra
2974 4591 3211 4647 indebita
3249 4591 3514 4647 sententia
3544 4603 3572 4642 a
3611 4584 3788 4639 Patrum

989 4642 1005 4656 ι
1288 4642 1296 4644 ν
1334 4642 1381 4659 r’
1402 4642 1657 4658 "v—-"w-v
1693 4642 1841 4663 “ι“”“·”“
1871 4642 2146 4667 ι’·νιη·“··”

561 4674 938 4744 compassione
983 4678 1369 4737 misericordiae
1418 4687 1846 4753 comprobatum.
1895 4686 1960 4741 Et
2004 4689 2143 4756 ideo,

2260 4685 2609 4756 intelligentia
2636 4685 2894 4741 exsulans
2921 4695 3144 4741 conaret
3166 4685 3402 4747 abicere,
3437 4690 3688 4747 totamque
3708 4671 3787 4727 Ec-

559 4763 636 4818 mi
672 4765 1060 4825 sublimissime
1107 4770 1347 4841 domine,
1399 4778 1764 4845 apostolorum
1820 4781 2041 4846 vicarie,
2092 4790 2148 4837 et

559 4870 743 4912 rerum
769 4860 981 4929 opificis
1010 4862 1210 4921 Christi
1234 4869 1527 4938 sequipede
1547 4911 1561 4936 ,
1596 4870 1997 4942 suifragationis
2034 4874 2147 4930 fra~

563 4950 766 5005 ternale
807 4955 1063 5010 auxilium
1121 4967 1270 5014 tanto
1322 4961 1703 5019 abundantiori
1755 4965 1966 5022 fusione
2017 4969 2147 5024 mihi

556 5040 775 5110 porrige
796 5042 1181 5116 lacrymarum,
1205 5063 1408 5121 quanto
1431 5070 1515 5108 me
1542 5072 1652 5126 prae
1674 5059 1883 5113 cunctis
1905 5076 2148 5129 pressum

559 5129 704 5185 mole
732 5147 995 5192 noxnrum
1040 5155 1136 5208 per
1162 5143 1552 5200 immanitatem
1592 5150 1867 5218 conspicis
1906 5149 2143 5222 ﬂagello-

560 5233 712 5287 rum;
742 5232 802 5278 ut
830 5227 1008 5283 divina
1037 5230 1229 5300 pietas,
1261 5250 1383 5304 quze
1411 5238 1707 5295 sceleribus
1738 5242 1873 5296 meis
1899 5242 2146 5299 innume—

558 5312 635 5367 ris
656 5312 862 5371 ofl‘ensa
884 5358 898 5384 ,
939 5317 1240 5388 justissima
1270 5325 1536 5384 ultionum
1568 5336 1932 5403 temperantes
1959 5334 2146 5388 hacte-

558 5416 662 5459 nus
707 5405 918 5479 inrogat
962 5410 1177 5484 plagas,
1226 5418 1403 5489 dignis
1449 5422 1647 5478 vestris
1686 5421 1935 5492 precibus
1974 5422 2143 5489 ﬂexa,

627 5546 655 5609 ξ
691 5534 748 5609 Id
774 5550 878 5604 est,
910 5540 1139 5602 luctibus
1171 5563 1275 5603 non
1308 5550 1690 5609 mediocribus.

625 5603 655 5690 ξ
692 5603 888 5690 ρρειυ,
914 5617 1247 5690 ωλίμάρηιηειο
1273 5603 1422 5690 opu}.

628 5686 654 5753 ξ
696 5685 821 5753 ριβτ,
857 5699 949 5753 per
973 5685 1178 5741 liberali
1207 5685 1339 5746 orte.

626 5745 653 5829 ξ
694 5745 831 5829 Ϊίάε
857 5745 1126 5829 holitiam,
1152 5774 1333 5829 supra.

630 5827 657 5860 ⁸
693 5819 890 5887 Bravo,
921 5841 974 5897 p.
1004 5819 1124 5893 H9,
1153 5819 1428 5888 indictum.

2252 4778 2496 4844 clesiam,
2528 4779 2671 4849 quod
2700 4778 2887 4849 procul
2923 4781 2996 4834 sit
3024 4795 3053 4833 a
3079 4780 3388 4850 pastoribus
3415 4776 3529 4840 Dei,
3549 4765 3790 4867 crudelita-

2256 4872 2325 4927 tis
2360 4872 2538 4927 edictu
2563 4913 2576 4935 ,
2609 4872 2717 4927 imo
2757 4871 3044 4942 imperitia:
3082 4870 3222 4927 fastu
3252 4912 3264 4937 ,
3302 4868 3527 4925 maculis
3571 4861 3789 4919 intlebetis

2254 4963 2478 5036 pollueri
2500 5003 2514 5028 ,
2548 4964 2926 5036 hzereticisque
2954 4966 3004 5019 in
3033 4965 3323 5021 contemtia
3351 4965 3378 5005 ιι
3408 4956 3785 5018 οοιιοοῐιιειηιεει

2256 5057 2543 5126 parvisque
2576 5057 2920 5113 homunculis
2947 5056 3245 5127 inexpertis
3285 5064 3340 5113 ct
3377 5054 3554 5110 insciis
3591 5042 3784 5141 compla-

2257 5154 2462 5210 centes,
2487 5146 2910 5202 Itniversalitatis
2941 5163 3136 5201 nomen
3157 5186 3173 5211 ,
3208 5147 3258 5202 id
3285 5155 3367 5201 est
3389 5141 3719 5200 catholicum,
3746 5145 3787 5184 ιιι

2254 5247 2426 5309 parte,
2459 5248 2513 5295 et
2538 5256 2644 5294 non
2667 5239 2720 5294 in
2755 5247 2888 5303 toto,
2918 5249 2976 5293 ut
3001 5238 3221 5309 dignum
3251 5247 3333 5294 est
3362 5236 3587 5324 retinere
3613 5232 3628 5269 ί
3656 5235 3783 5324 zenon

2248 5329 2403 5398 juxta
2448 5331 2741 5387 canonicus
2788 5331 3094 5386 verissimas
3132 5332 3187 5385 et
3222 5321 3575 5384 universalisi
3613 5312 3783 5374 εεειιιίε

2257 5422 2667 5491 probatissimas
2694 5424 3033 5491 sanctiones,
3063 5432 3342 5494 peceatum
3387 5415 3557 5491 populi
3588 5408 3776 5469 inultum

2331 5557 2350 5596 ί
2393 5558 2639 5627 Obviare,
2671 5559 2725 5616 id
2749 5569 2835 5615 est
2863 5561 3267 5623 contradicere,
3296 5558 3435 5613 sicut
3473 5552 3639 5609 οιιιοὶιιι
3677 5554 3778 5603 con-

2254 5637 2333 5683 tra
2343 5631 2471 5684 rius.
3453 5643 3461 5646 ’

2330 5702 2355 5741 ³
2395 5699 2517 5773 Msa,
2559 5704 2770 5773 oslipm'.

2322 5773 2346 5811 ιι
2389 5769 2668 5841 βοηιεηιὶά
2692 5775 2830 5829 idem
2861 5791 2923 5830 ac
2955 5776 3238 5841 contentio,
3266 5777 3358 5830 nis.

2329 5846 2343 5917 ξ
2480 5853 2535 5897 ut
2559 5845 2770 5917 (lignum
2797 5858 2888 5911 est,
2925 5848 3213 5902 retinerem.

2325 5912 2343 5981 ἱ
2390 5910 2449 5971 F.
2484 5910 2759 5973 universis.
