4034 6350
213 389 340 450 ξω

1687 379 2084 454 amarem.-
2132 409 2136 413 -
2222 399 2236 416 ·-

3400 395 3504 448 4ῖῦ

233 499 519 582 praitéi-ire
547 505 574 546 6
597 499 753 588 )ἰιὶἰίι
777 505 918 577 quod
952 497 1275 565 venerabilis
1302 509 1439 581 papa
1480 509 1823 565 Innocentius
1851 511 1902 574 Α
1928 509 2052 579 quia
2094 518 2312 564 sanctus
2340 509 2392 563 in
2427 523 2490 564 ea
2512 517 2739 564 manens
2769 493 3008 579 Spiritus
3043 505 3290 560 eumdem
3326 520 3505 558 sacra-

237 589 305 652 δᾶ
333 597 568 652 Rubiuin
599 597 628 638 δ
651 597 964 679 "episcopum
989 599 1384 670 probatissimis
1423 601 1600 655 sanxit
1643 599 1826 655 decre-
1927 597 2234 658 mentorum
2265 591 2500 658 latenter
2528 599 2782 672 operatur
2804 599 3072 657 eﬂ‘ectum.
3113 599 3265 655 Unde
3289 611 3380 651 seu
3412 612 3510 668 per

239 691 334 747 tis.
385 689 540 758 Quod
583 692 627 746 si
674 700 958 762 peccatum
1013 708 1176 764 opere
1218 693 1299 746 vel
1345 693 1572 764 testibus
1621 691 1828 747 idoneis
1927 693 2117 759 bonos,
2151 709 2244 748 seu
2273 709 2367 764 per
2390 693 2558 749 malos
2589 694 2864 748 ministros
2891 693 3032 746 intra
3083 686 3176 745 Dei
3211 688 3508 744 Ecclesiam

241 782 659 852 comprobatum
697 797 795 851 pro
823 783 1068 838 custodia
1100 776 1382 838 charitatis
1419 782 1648 837 intritum
1687 797 1826 851 prae-

242 874 408 929 terire
431 873 668 943 iubetur,
692 883 895 944 quanto
916 875 1093 945 potius
1121 873 1186 928 ad
1219 873 1386 943 culpae
1413 890 1518 928 non
1547 872 1831 929 deducitur

243 963 498 1028 titulum,
531 965 674 1033 quod
710 965 954 1019 veritatis
1001 964 1252 1036 indagine
1298 975 1349 1018 et
1397 965 1829 1020 testimoniorum

243 1058 511 1120 scientiae,
546 1072 650 1112 non
681 1058 1003 1112 temeritatis
1033 1067 1188 1121 ausu,
1222 1073 1318 1112 nec
1346 1059 1708 1128 usurpationis
1745 1059 1828 1114 in-

244 1148 483 1210 stinctu,
529 1147 626 1201 sed
669 1147 785 1202 solo
823 1151 1032 1201 terrore
1078 1157 1133 1202 et
1163 1147 1502 1203 immanitate
1545 1147 1831 1202 s-.evissimi

241 1242 513 1312 temporis
556 1241 901 1305 imminente,
936 1255 1041 1296 non
1080 1242 1430 1305 intentatum,
1481 1241 1574 1295 Sed
1610 1239 1831 1296 discre-

243 1334 398 1388 tione
445 1333 747 1402 praecipua,
796 1340 851 1386 et
906 1328 1302 1402 dispensatione
1350 1333 1574 1387 bdnesta
1627 1333 1835 1387 exstitit

243 1422 651 1494 temperatum?
677 1421 887 1490 Quanta
911 1439 1040 1479 vero
1067 1439 1164 1493 pro
1191 1430 1432 1494 tempore
1455 1440 1482 1478 a
1507 1425 1836 1480 beatissimls

243 1516 373 1572 ﬁdei
400 1522 600 1569 nostra:
623 1517 958 1580 auctoribus,
984 1517 1035 1571 id
1058 1524 1140 1572 est
1165 1515 1441 1586 apostolis,
1467 1518 1835 1586 temperantia:

243 1605 388 1678 lege,
423 1615 477 1660 et
507 1605 855 1661 disc'retibnis
878 1605 1019 1661 bono
1039 1648 1053 1672 ,
1079 1606 1385 1677 dispensata
1418 1607 1754 1671 exstiterint,
1784 1615 1838 1662 et

245 1710 374 1754 acta
421 1713 608 1755 eorum
639 1699 981 1770 apertissima
1012 1698 1147 1759 luce,
1175 1699 1567 1768 pers'picuaque
1599 1695 1841 1753 referunt

245 1790 540 1847 claritate:
567 1793 623 1846 et
658 1791 988 1845 Sanctissimi
1030 1789 1344 1860 Hieronymi
1385 1785 1752 1853 admirabilis,
1784 1795 1838 1842 et

1932 785 2336 856 dispensentur,
2372 796 2551 840 tamen
2578 785 2701 855 quia
2757 783 2992 854 Spiritus
3023 790 3244 837 sanctus
3284 780 3512 851 mystice
3593 793 3598 798 '

1932 881 2021 937 illa
2049 882 2304 946 vivificat,
2331 882 2421 952 qui
2455 875 2723 951 quondam
2755 879 3048 952 apostolico
3081 880 3132 933 in
3165 889 3404 947 tempore
3435 876 3511 928 vi-

1934 969 2178 1027 sibilibus
2205 973 2501 1042 apparebat
2545 971 2842 1035 obtutibus,
2872 985 2971 1025 nec
2999 971 3260 1024 bonorum
3305 966 3514 1022 meritis

1935 1063 2365 1135 dispensatorum
2382 1063 2778 1133 amplificantur
2797 1064 2910 1117 lizec
2937 1064 3100 1127 dona,
3124 1072 3222 1115 nec
3251 1058 3514 1115 malorum

1936 1151 2284 1212 attenuantur
2338 1175 2350 1210 :
2408 1156 2533 1226 quia
2582 1171 2742 1227 neque
2786 1155 2873 1227 qui
2923 1155 3126 1225 plantat
3173 1161 3248 1208 est
3297 1151 3518 1222 aliquid,

1938 1256 2098 1320 neque
2116 1251 2206 1320 qui
2237 1249 2495 1320 rigat,sed
2515 1249 2604 1319 qui
2619 1249 2992 1302 incrementum
3016 1247 3128 1311 dat,
3159 1245 3297 1300 Deus
3319 1243 3372 1314 (1
3397 1243 3520 1298 Cof.

1939 1355 2020 1404 ιιι,
2063 1338 2138 1410 7).
2176 1337 2327 1395 Unde
2353 1351 2407 1395 et
2443 1338 2631 1395 Graece
2656 1339 2957 1410 mysterium
3003 1333 3217 1402 dicitur,
3247 1325 3391 1406 quod
3440 1329 3524 1389 se-

1940 1439 2144 1484 cretam
2174 1431 2575 1485 etreconditam
2605 1429 2802 1484 habeat
2832 1427 3294 1500 edispositionem.
3322 1445 3339 1477 ι
3369 1421 3524 1493 Quod

1939 1526 1995 1572 'et
2022 1520 2347 1574 venerabilis
2375 1519 2691 1574 Anastasius
2723 1531 2857 1590 papa
2889 1519 2957 1574 ad
2982 1517 3329 1573 Anastasium
3360 1516 3528 1584 impe-

1943 1619 2178 1667 ratorem
2215 1628 2314 1684 pro
2347 1613 2897 1668 communicatur-ibus
2925 1609 3109 1666 Acacii
3151 1606 3389 1664 bzeretici
3427 1606 3526 1660 ho~

1943 1703 2106 1759 minis
2155 1713 2210 1760 et
2255 1705 2517 1769 damnati,
2571 1706 2623 1759 in
2659 1704 3034 1759 auctoritatem
3072 1699 3354 1773 splendido
3395 1696 3530 1752 satis

1895 1857 1898 1860 _
1943 1790 2134 1848 eodem
2172 1807 2354 1856 sensu,
2388 1795 2511 1864 quia
2537 1805 2594 1849 'et
2621 1795 2808 1850 eodem
2837 1793 3052 1864 spiritu,
3083 1803 3132 1846 et
3168 1796 3530 1856 accurateque

247 1883 464 1938 cunctis
483 1881 697 1937 amomis
723 1881 1096 1952 prteconabilis
1121 1881 1239 1943 viri,
1267 1879 1536 1935 testantur
1558 1879 1834 1950 epistolas:
1868 1873 1916 1934 Β
1946 1897 2213 1948 sermone,
2264 1885 2595 1954 exsequitur.
2647 1884 2787 1940 Dicit
2829 1885 2973 1938 enim
3005 1884 3061 1938 in
3101 1882 3256 1936 titulo
3301 1879 3532 1948 septimo

247 1983 307 2030 et
334 1975 397 2028 ut
417 1973 682 2046 separatis
706 1978 998 2044 parumper
1021 1973 1382 2038 testimoniis,
1407 1985 1471 2027 ac
1500 1981 1842 2042 sequestrata

247 2069 582 2122 auctoritate
602 2061 846 2130 Patrum,
883 2083 1004 2136 qure
1027 2066 1289 2121 debentur
1330 2063 1590 2136 pastorali
1637 2064 1845 2121 adverti

252 2159 543 2229 regimine,
571 2166 625 2212 et
645 2157 912 2228 pateruali
937 2159 1201 2213 industria
1235 2153 1543 2227 prteviileri,
1567 2155 1846 2211 attentiori

249 2259 307 2304 et
339 2249 657 2304 liminatiori
687 2249 986 2304 intentione
1013 2257 1332 2303 tractentur.
1356 2248 1518 2302 Certe
1560 2249 1609 2302 in
1653 2249 1847 2303 horum

252 2342 634 2399 consensionis
684 2342 953 2396 sententia
985 2356 1092 2396 non
1130 2339 1414 2395 inferiores
1454 2341 1624 2393 nostri
1670 2337 1848 2393 ordini

249 2433 533 2491 habentur
562 2435 802 2506 episcopi
832 2449 848 2489 :
876 2444 930 2489 et
960 2449 1066 2489 non
1098 2433 1270 2489 solum
1295 2433 1535 2504 'episc0pi
1557 2475 1572 2498 ,
1608 2434 1700 2487 sed
1739 2447 1850 2487 me-

251 2525 706 2596 tropolitanorum
756 2525 950 2595 partim
1006 2523 1284 2595 epistulari
1330 2523 1587 2588 decreto,
1651 2523 1848 2593 partim

249 2615 588 2687 praemisit
636 2610 1074 2686 participatioms
1131 2615 1439 2670 communio
1479 2624 1501 2652 ο
1551 2612 1853 2668 manifestis

249 2707 672 2778 probationibus
703 2711 815 2777 prae
856 2707 1106 2762 manibus
1132 2707 1458 2763 exhibentur
1487 2725 1497 2759 :
1528 2713 1582 2761 et
1620 2704 1854 2760 insolen-

255 2803 356 2856 tiae
380 2800 465 2855 vel
493 2801 696 2856 levitati
719 2801 1052 2856 adscribitur
1085 2800 1368 2854 imminuto
1405 2798 1854 2868 metropOlitano-

258 2900 388 2951 rum
419 2896 652 2965 primatu
683 2903 875 2951 contra
907 2895 1177 2950 terminos
1208 2893 1480 2963 aquitatis
1527 2893 1662 2947 libra
1713 2903 1854 2947 eom-

256 2990 475 3061 positds
516 2988 781 3058 superbiae
809 2988 1022 3043 elevare
1062 2987 1376 3043 ealcaneum
1403 3000 1416 3040 ε
1442 3001 1565 3042 cum
1594 2986 1856 3039 inreetra-

257 3079 485 3137 ctabilis
514 3080 602 3134 illa
630 3080 836 3151 iugiter
859 3078 1124 3136 habeatur
1151 3079 1296 3134 omni
1325 3079 1526 3134 mundo
1551 3075 1820 3132 sententia
1839 3117 1852 3139 ,

261 3187 377 3244 qua
401 3171 638 3243 iubetur,
672 3177 778 3227 non
807 3171 1182 3236 continitimis,
1215 3171 1310 3226 sed
1341 3170 1649 3241 apestolicte
1679 3167 1853 3231 sedis,

259 3264 814 3334 metropolitanorum
845 3264 1123 3334 privilegia
1148 3265 1432 3319 ventilare.

341 3358 397 3411 5.
427 3354 678 3425 Nunquid
707 3369 813 3409 non
862 3353 1014 3423 juxta
1059 3353 1200 3409 beati
1233 3353 1428 3410 Juliani
1473 3351 1718 3410 Tuletani
1749 3367 1862 3410 me-

265 3446 584 3518 tropolitani
634 3448 870 3518 episcopi
920 3449 1288 3502 venerandum
1333 3447 1642 3518 eloquium,
1685 3448 1862 3502 insani

265 3542 473 3612 capitis
492 3546 745 3596 censetur
765 3553 906 3607 esse,
930 3550 985 3598 et
1012 3543 1156 3607 vani,
1183 3543 1273 3612 qui
1298 3542 1408 3597 illic
1427 3542 1591 3613 pedes
1607 3541 1864 3606 erexerit,

267 3633 367 3688 ubi
398 3633 593 3703 capitis
619 3634 761 3689 ratio
805 3648 911 3688 non
939 3635 1189 3689 suaserit.
1221 3633 1328 3690 Sed
1355 3635 1443 3689 siti
1467 3644 1592 3688 sunt
1629 3633 1866 3688 nonnulli

269 3723 496 3778 fervore
522 3723 735 3779 Domini
787 3724 931 3795 l'rigi,
964 3730 1116 3779 vanae
1146 3724 1329 3796 gloriae
1351 3724 1628 3794 iactantiae
1659 3723 1865 3789 tumidi,

271 3818 512 3874 scientia
548 3809 705 3883 nudi,
741 3819 993 3888 superbia
1044 3819 1219 3888 rigidi,
1250 3819 1341 3889 qui
1391 3807 1787 3873 dissensiOnum
1818 3824 1872 3870 et

272 3910 624 3966 simultatum
673 3912 915 3965 serentes
961 3910 1208 3981 contagia
1261 3916 1452 3964 contra
1505 3907 1790 3963 charitatis
1819 3915 1874 3961 et

273 4001 660 4057 unanimitati's
687 4007 958 4072 prtecepta
1007 4001 1101 4056 Dei
1141 4001 1492 4056 veneratione
1526 3999 1787 4073 mysterii,
1821 4007 1875 4053 et

275 4096 469 4154 divina
499 4089 839 4152 inVocatiorie
867 4097 1088 4163 sacrati,
1119 4096 1385 4152 infamare
1426 4092 1640 4151 tentant
1659 4093 1876 4164 quibus-

277 4187 412 4242 dam
449 4187 659 4243 levibus
707 4187 1051 4258 opinionibus
1081 4195 1446 4252 sacramenta,
1479 4186 1719 4241 dicentes
1749 4193 1876 4240 tunc

277 4293 412 4336 esse
440 4279 780 4336 solummodo
809 4288 1019 4345 sancta,
1049 4295 1170 4334 eum
1200 4288 1512 4334 sanctorum
1541 4277 1743 4332 fuerint
1768 4293 1880 4331 ma-

279 4373 456 4428 nibus
497 4373 792 4444 praelibata,
839 4380 1028 4428 contra
1073 4372 1217 4427 illam
1262 4373 1560 4428 beatissimi
1597 4372 1878 4443 Augustini

281 4465 654 4530 sententiam,
699 4479 860 4534 quam
918 4465 970 4518 in
1031 4464 1374 4535 expositione
1424 4464 1617 4520 decimi
1680 4463 1881 4520 Psalmi

281 4567 487 4615 contra
522 4559 715 4613 borum
756 4556 1012 4613 similium
1043 4559 1330 4614 intentavit
1361 4556 1700 4628 falsiloquam
1730 4558 1882 4611 vani-

1946 1977 2188 2046 ejusdem
2217 1977 2456 2046 epistolae
2481 1993 2493 2030 :
2528 1996 2545 2026 ι
2580 1977 2715 2032 Nam
2745 1977 3040 2032 secundum
3071 1973 3324 2029 Ecclesiae
3345 1971 3532 2027 catho-

1948 2068 2066 2124 lica:
2101 2071 2544 2124 consuetudinem
2594 2071 3019 2125 sacratissimum
3076 2064 3384 2122 serenitatis
3431 2071 3534 2117 tua

1947 2171 2136 2232 pectus
2157 2163 2428 2234 agnoscat,
2466 2162 2606 2232 quod
2643 2162 2846 2217 nullum
2873 2163 2939 2215 de
2961 2163 3046 2216 bis
3089 2159 3170 2215 vel
3197 2174 3332 2230 quos
3359 2157 3534 2228 bapti-

1951 2258 2093 2310 zavit
2135 2254 2385 2318 Aeacius,
2425 2256 2507 2309 vel
2564 2271 2697 2326 quos
2741 2255 3074 2320 Sacerdotes,
3127 2255 3241 2309 sive
3297 2251 3533 2316 Levitas,

1950 2345 2246 2401 secundum
2296 2351 2531 2401 canunes
2576 2347 2870 2408 ordinavit,
2899 2344 3004 2400 ulla
3053 2350 3147 2400 eos
3197 2359 3261 2398 ex
3318 2344 3536 2397 nomine

1951 2438 2134 2493 Acacii
2169 2440 2344 2511 portio
2373 2438 2605 2494 liesionis
2644 2440 2893 2508 attingat,
2928 2453 3034 2508 quo
3066 2437 3288 2491 farsitan
3318 2449 3414 2504 per
3437 2433 3538 2488 ini-

1953 2545 2117 2600 quum
2176 2531 2372 2585 tradita
2430 2533 2770 2585 sacramenta
2814 2530 2992 2583 minus
3021 2528 3174 2582 ﬁrma
3231 2527 3535 2586 videantur,

1954 2637 2078 2678 nam
2109 2633 2162 2677 et
2183 2624 2530 2693 baptismum,
2557 2623 2698 2691 quod
2727 2622 2916 2692 procul
2945 2622 3013 2676 sit
3041 2622 3111 2675 ab
3126 2620 3389 2683 Ecclesia,
3424 2619 3539 2673 sive

1956 2715 2024 2771 ab
2052 2716 2318 2781 adultero,
2343 2717 2456 2771 sive
2494 2724 2522 2770 ‘a
2553 2715 2672 2771 l'ure
2711 2716 2873 2771 fuerit
2903 2714 3109 2777 datum,
3145 2713 3210 2768 ad
3234 2713 3532 2784 percipien-

1958 2809 2065 2863 tem
2118 2823 2312 2863 munus
2337 2809 2583 2877 pervenit
2614 2808 2918 2862 inlibatum.
2968 2805 3102 2874 Quia
3132 2817 3232 2860 vox
3280 2805 3391 2869 illa,
3424 2817 3542 2873 quae

1958 2901 2136 2955 sonuit
2159 2915 2257 2970 per
2281 2900 2609 2962 columbam,
2642 2913 2856 2954 omnem
2881 2897 3146 2954 maculam
3160 2897 3412 2952 iiu'manae
3433 2894 3546 2963 pol-

1959 2993 2178 3046 lutionis
2212 2991 2468 3057 excludit,
2517 3007 2622 3062 qua
2661 2991 2678 3026 τ
2725 2990 3053 3055 declaratur,
3085 3001 3150 3044 ac
3178 2985 3414 3042 dicitur:
3448 2983 3546 3037 Hic

1959 3087 2031 3143 est
2056 3093 2145 3160 qui
2179 3088 2407 3159 baptiznt
2445 3089 2500 3142 in
2525 3086 2724 3158 Spiritu
2764 3097 2810 3141 et
2832 3087 2948 3156 igne
2978 3083 3160 3155 (ἴσαῆ.
3191 3099 3230 3144 1,
3261 3081 3378 3150 55).
3417 3079 3547 3133 Nam

1963 3186 2004 3241 si
2032 3184 2255 3240 visibilis
2283 3183 2412 3239 solis
2434 3184 2589 3238 istius
2610 3182 2746 3236 radii
2775 3195 2895 3235 cum
2921 3187 3016 3249 per
3046 3165 3204 3232 Bluea
3229 3163 3548 3231 l‘etidi‘ssima

1963 3287 2268 3342 transeunt,
2295 3277 2437 3330 nulla
2465 3283 2747 3330 contactus
2777 3273 3152 3343 inquinatione
3173 3269 3550 3328 maculantur;

1966 3371 2133 3426 multo
2176 3371 2346 3440 magis
2377 3369 2518 3424 illius
2567 3371 2657 3439 qui
2687 3369 2848 3423 istum
2880 3365 3143 3421 visibilem
3201 3363 3330 3418 facit
3359 3364 3554 3423 virtus,

1969 3557 2064 3612 das
2095 3572 2215 3611 cum
2265 3555 2428 3610 fuerit
2479 3555 2775 3621 sacrilegus
2815 3551 2976 3620 atque
3010 3549 3114 3614 ὢν,
3145 3543 3404 3617 quidquid
3450 3543 3560 3613 egit

1971 3652 2110 3702 inter
2157 3647 2431 3716 apostolos
2472 3632 2579 3714 'pro
2634 3641 2895 3711 dignitate
2931 3639 3241 3701 commissa,
3298 3625 3559 3689 beneficis

1970 3753 2067 3810 per
2098 3737 2372 3808 indignum
2417 3737 2562 3798 data,
2612 3731 2754 3789 nulla
2789 3748 2854 3788 ex
2884 3733 2988 3786 hoc
3033 3729 3356 3783 detrimenta
3385 3735 3565 3779 sense-

1975 3839 2121 3896 runt,
2154 3827 2466 3885 declarante
2490 3829 2593 3883 hoc
2640 3827 2816 3897 ipsum
2859 3823 3088 3878 Domino
3117 3815 3562 3874 manifestissima

1975 3937 2108 3980 voce
2139 3937 2154 3976 :
2183 3919 2403 3986 Scribw,
2447 3920 2644 3989 inquit,
2681 3928 2729 3972 et
2778 3915 3039 3970 Pharisa’i
3068 3929 3225 3982 super
3261 3901 3563 3964 cathedram

1979 4013 2187 4086 Moyses
2212 4013 2389 4068 sedent
2414 4028 2430 4067 :
2454 4028 2570 4082 qua:
2594 4010 2772 4064 dicunt
2805 4007 2980 4077 facile,
3004 4020 3121 4076 qua!
3145 4011 3317 4056 autem
3343 3999 3564 4070 faciunt,

1980 4105 2153 4174 facere
2180 4103 2371 4167 nolite;
2403 4103 2580 4156 dicunt
2626 4101 2785 4163 enim,
2835 4105 2880 4153 et
2935 4112 3038 4151 non
3091 4095 3292 4164 faciunt
3347 4091 3563 4163 (Matth.

1980 4215 2139 4264 xxm,
2173 4199 2249 4267 '5).
2291 4196 2558 4264 Quidquid
2585 4209 2715 4265 ergo
2737 4193 2801 4248 ad
2827 4190 3036 4246 Domini
3075 4191 3091 4230 ί
3128 4187 3428 4259 profectum
3455 4183 3549 4254 qui

1981 4291 2111 4346 libet
2142 4292 2194 4345 in
2224 4289 2466 4344 Ecclesia
2494 4287 2742 4342 minister
2762 4282 2937 4340 cilicio
2966 4297 3064 4338 suo
3096 4279 3306 4335 videtur
3329 4274 3566 4347 operari,

1985 4382 2088 4436 hoc
2132 4390 2302 4434 tomm
2353 4378 2618 4434 contineri
2652 4375 2909 4444 implente
2957 4370 3255 4429 divinitzitis
3295 4363 3488 4423 eifectu
3521 4363 3569 4428 ἱ,

1987 4471 2058 4525 ita
2089 4470 2175 4525 ille
2203 4485 2300 4541 per
2330 4485 2489 4539 quem
2515 4467 2766 4522 Christus
2804 4465 3046 4535 loquitur
3070 4461 3273 4516 Paulus
3298 4453 3528 4513 aﬂirmat
3553 4470 3570 4508 :

1991 4563 2103 4634 Ego
2147 4563 2403 4645 plttntat'i,
2424 4560 2608 4632 Apollo
2633 4559 2818 4629 rigavit
2842 4573 2859 4612 :
2885 4557 2974 4612 sed
3005 4555 3262 4609 Dominus
3283 4553 3577 4604 incremen-

283 4657 488 4705 tatem.
515 4649 630 4706 Non
653 4649 818 4715 enim,
849 4650 948 4714 ait,
972 4650 1251 4705 conﬁdunt
1279 4651 1330 4704 in
1361 4621 1604 4715 Domino,
1629 4649 1721 4719 qui
1754 4659 1881 4704 tunc
1915 4621 1964 4683 θ
1989 4621 2096 4708 tuin
2120 4621 2280 4708 (tedii.
2315 4621 2501 4723 Itaque
2531 4621 2701 4721 neque
2717 4651 2805 4720 qui
2826 4648 3028 4718 plantat
3070 4655 3143 4699 est
3166 4641 3387 4714 aliquid,
3415 4653 3576 4710 neque

285 4744 489 4798 dicunt
527 4749 717 4798 sancta
772 4753 1134 4808 sacramenta,
1171 4745 1216 4799 si
1261 4760 1356 4815 per
1385 4754 1603 4800 sanctos
1637 4744 1884 4798 homines

286 4835 517 4889 dentur.
565 4832 676 4889 Sed
717 4843 770 4889 et
820 4834 1155 4892 admirabilis
1183 4835 1375 4892 doctor
1433 4835 1673 4891 Isidorus
1709 4833 1737 4874 ἀ
1790 4835 1886 4890 ho-

285 4937 425 4981 mm
457 4925 827 4982 inanissimam
852 4942 916 4983 ac
940 4926 1310 4983 detestabilem
1340 4927 1776 4998 praesumptionis
1797 4941 1889 4981 au-

287 5017 516 5072 daciam
533 5017 616 5071 bis
628 5018 965 5073 documentis
985 5017 1221 5074 veritieis
1233 5019 1556 5088 extirpando
1571 5019 1887 5073 detruncat:

297 5127 318 5159 ι
362 5108 411 5162 A
441 5109 688 5176 secretis,
710 5109 906 5180 inquit,
931 5109 1014 5164 vel
1039 5109 1208 5164 sacris
1240 5109 1531 5166 virtutibus
1551 5119 1888 5166 sacramenta

293 5204 583 5268 dicuntur,
615 5215 734 5273 quae
772 5203 894 5259 ideo
915 5201 1192 5258 fructuose
1218 5216 1384 5273 penes
1404 5203 1702 5260 Ecclesiam
1735 5202 1887 5266 ﬁunt,

383 5374 408 5404 ι
446 5361 662 5432 Aliquid
695 5363 864 5424 deest,
894 5376 1084 5432 nempe
1108 5361 1409 5432 debeamus,
1441 5360 1530 5432 vel
1557 5360 1844 5429 jubeamur
1875 5375 1892 5413 :

297 5435 385 5488 ait
417 5430 568 5491 enim
589 5433 770 5488 statim
796 5453 808 5488 :
835 5433 892 5489 Si
917 5430 1141 5487 inultum
1163 5431 1428 5500 prwterire
1445 5430 1680 5499 jubetur,
1715 5439 1821 5483 etc.

385 5506 414 5545 δ
454 5501 649 5574 Rufum
679 5505 990 5574 legendum:
1016 5503 1289 5574 decretum
1314 5500 1700 5574 namqueillud
1723 5509 1900 5574 exstat

302 5577 400 5631 tit.
427 5591 478 5628 vt
500 5569 656 5646 epist.
691 5569 760 5630 2‘2
799 5569 1121 5646 innocentii.
1138 5573 1206 5625 ad
1244 5569 1507 5641 episcopos
1549 5569 1893 5636 Macedoniw.

299 5644 547 5728 quorum
569 5647 788 5728 primus
817 5645 987 5728 Rufus
1018 5644 1214 5699 ibidem
1241 5645 1551 5700 nominatur

391 5727 413 5756 ο
458 5715 617 5770 Forte
646 5715 1026 5770 communione.

390 5787 414 5827 «1
440 5787 656 5851 lsidor.,
678 5786 771 5840 lib.
798 5802 849 5840 νι
875 5785 1077 5857 Etym.,
1106 5803 1153 5844 c.
1190 5785 1272 5840 19.

396 5878 414 5895 υ
457 5857 579 5924 Mm,
609 5857 850 5913 habeant.

1987 4748 2077 4818 qui
2125 4747 2282 4814 rigat,
2310 4745 2398 4798 sed
2443 4744 2532 4814 qui
2580 4743 2955 4796 incrementum
2983 4739 3076 4792 dat
3099 4736 3242 4790 Deus
3265 4732 3319 4802 (1
3343 4731 3465 4786 Cor.
3490 4745 3576 4816 tu,

1989 4839 2064 4912 7).
2103 4840 2146 4892 A
2175 4839 2402 4893 Domino
2451 4844 2630 4890 autem
2658 4849 2764 4889 non
2814 4831 3078 4904 quaeritur
3105 4828 3228 4898 quis
3275 4824 3360 4880 vel
3401 4821 3578 4894 qualis

1988 4929 2268 5001 praedicet,
2321 4936 2380 4982 ut
2432 4925 2642 4981 invidos
2691 4926 2857 4980 etiam
2899 4923 3036 4977 bene
3081 4919 3355 4974 Christum
3383 4912 3582 4984 praedi-

1995 5037 2149 5080 casse
2190 5020 2495 5087 conﬁrmet,
2527 5035 2636 5090 quo
2683 5018 2826 5074 maio
2844 5015 3090 5071 diabolus
3115 5014 3232 5084 ipse
3260 5012 3519 5080 deceptus
3549 5006 3579 5046 ι

1996 5127 2099 5182 est,
2144 5125 2200 5172 et
2230 5117 2330 5170 hoc
2378 5115 2491 5185 ipse
2537 5113 2876 5184 praecipitare
2932 5107 3083 5163 lnon
3113 5106 3327 5162 desinit.
3361 5113 3380 5154 ι
3416 5103 3481 5157 Et
3524 5101 3580 5178 in

1995 5216 2192 5268 Octavo
2237 5209 2474 5279 capitulo
2526 5208 2720 5263 iterum
2764 5222 2779 5260 :
2815 5225 2834 5260 ι
2869 5205 3000 5260 Ideo
3021 5217 3152 5274 ergo
3177 5210 3234 5257 et
3291 5201 3381 5257 hic
3427 5198 3584 5268 cujus

2075 5365 2094 5403 ί
2127 5363 2218 5419 Sic
2245 5362 2516 5416 Anastasii
2546 5360 2791 5431 epistola.
2817 5358 2940 5424 Ms.,
2961 5360 3107 5431 quia.

2075 5437 2102 5477 ⁸
2133 5434 2228 5488 Ms.
2241 5475 2256 5500 ,
2283 5449 2664 5504 quacuumque.

2074 5507 2100 5546 h
2131 5505 2255 5571 Ms.,
2279 5500 2511 5574 mysterii
2536 5500 2846 5572 indignitate
2867 5500 3160 5574 conﬁcitur.

2082 5581 2097 5616 ί
2128 5575 2296 5642 Epist.
2325 5571 2513 5628 Anast.
2549 5574 2616 5626 ad
2640 5571 2908 5626 Iiantinum
2930 5571 3238 5642 profectum.

2081 5646 2093 5696 i
2134 5643 2254 5710 Μελ,
2286 5645 2545 5712 implenda
2576 5644 2860 5698 divinitatis
2891 5643 3151 5712 affectum.

2081 5720 2102 5757 ¹ι
2145 5718 2338 5787 Epist.,
2369 5716 2625 5787 dejectus.

2085 5788 2102 5826 ι
2134 5786 2328 5860 Epist.,
2359 5786 2666 5856 pra’dicare.
