  <div class='ocr_page' id='page_1' title='image "/cluster/home/n/w/nwhite01/storage/ocr_20150623/121/hvd.32044015471642/241.png"; bbox 0 0 4034 6350; ppageno 0'>
   <div class='ocr_carea' id='block_1_1' title="bbox 637 339 699 393">
    <p class='ocr_par' dir='ltr' id='par_1_1' title="bbox 637 339 699 393">
     <span class='ocr_line' id='line_1_1' title="bbox 637 339 699 393; baseline 0 0"><span class='ocrx_word' id='word_1_1' title='bbox 637 339 699 393; x_wconf 79' lang='grc'><strong>71</strong></span> 
     </span>
    </p>
   </div>
   <div class='ocr_carea' id='block_1_2' title="bbox 1838 337 2612 398">
    <p class='ocr_par' dir='ltr' id='par_1_2' title="bbox 1838 337 2612 398">
     <span class='ocr_line' id='line_1_2' title="bbox 1838 337 2612 398; baseline -0.003 -1"><span class='ocrx_word' id='word_1_2' title='bbox 1838 339 2097 397; x_wconf 77' lang='lat' dir='ltr'><strong>ALVARI</strong></span> <span class='ocrx_word' id='word_1_3' title='bbox 2131 337 2612 398; x_wconf 79' lang='lat' dir='ltr'><strong>CORDUBENSIS</strong></span> 
     </span>
    </p>
   </div>
   <div class='ocr_carea' id='block_1_3' title="bbox 3712 351 3794 410">
    <p class='ocr_par' dir='ltr' id='par_1_3' title="bbox 3712 351 3794 410">
     <span class='ocr_line' id='line_1_3' title="bbox 3712 351 3794 410; baseline 0.049 -4"><span class='ocrx_word' id='word_1_4' title='bbox 3712 351 3794 410; x_wconf 70' lang='grc' dir='ltr'><strong>ιη</strong></span> 
     </span>
    </p>
   </div>
   <div class='ocr_carea' id='block_1_4' title="bbox 598 454 3790 537">
    <p class='ocr_par' dir='ltr' id='par_1_4' title="bbox 598 454 3790 537">
     <span class='ocr_line' id='line_1_4' title="bbox 598 454 3790 537; baseline 0.001 -28"><span class='ocrx_word' id='word_1_5' title='bbox 598 469 798 512; x_wconf 86' lang='lat' dir='ltr'><strong>nomen</strong></span> <span class='ocrx_word' id='word_1_6' title='bbox 845 455 1078 512; x_wconf 84' lang='lat' dir='ltr'><strong>dicimus</strong></span> <span class='ocrx_word' id='word_1_7' title='bbox 1103 470 1226 512; x_wconf 86' lang='lat' dir='ltr'><strong>esse</strong></span> <span class='ocrx_word' id='word_1_8' title='bbox 1274 457 1634 524; x_wconf 87' lang='lat' dir='ltr'><strong>reticendum,</strong></span> <span class='ocrx_word' id='word_1_9' title='bbox 1669 457 1815 514; x_wconf 87' lang='lat' dir='ltr'><strong>male</strong></span> <span class='ocrx_word' id='word_1_10' title='bbox 1856 456 1997 513; x_wconf 88' lang='lat' dir='ltr'><strong>bona</strong></span> <span class='ocrx_word' id='word_1_11' title='bbox 2024 455 2183 513; x_wconf 83' lang='lat' dir='ltr'><strong>mini-</strong></span> <span class='ocrx_word' id='word_1_12' title='bbox 2210 459 2264 519; x_wconf 81' lang='grc' dir='ltr'>Α</span> <span class='ocrx_word' id='word_1_13' title='bbox 2288 470 2386 527; x_wconf 91' lang='lat' dir='ltr'><strong>pro</strong></span> <span class='ocrx_word' id='word_1_14' title='bbox 2430 455 2608 513; x_wconf 90' lang='lat' dir='ltr'><strong>salute</strong></span> <span class='ocrx_word' id='word_1_15' title='bbox 2633 454 2865 513; x_wconf 73' lang='lat' dir='ltr'><strong>libenter</strong></span> <span class='ocrx_word' id='word_1_16' title='bbox 2893 455 2949 522; x_wconf 79' lang='grc' dir='ltr'><strong>ιι,</strong></span> <span class='ocrx_word' id='word_1_17' title='bbox 2968 464 3163 514; x_wconf 86' lang='lat' dir='ltr'><strong>contra</strong></span> <span class='ocrx_word' id='word_1_18' title='bbox 3186 465 3348 529; x_wconf 85' lang='lat' dir='ltr'><strong>caput</strong></span> <span class='ocrx_word' id='word_1_19' title='bbox 3389 460 3540 537; x_wconf 82' lang='lat' dir='ltr'><strong>etiam</strong></span> <span class='ocrx_word' id='word_1_20' title='bbox 3562 461 3602 518; x_wconf 88' lang='lat' dir='ltr'><strong>si</strong></span> <span class='ocrx_word' id='word_1_21' title='bbox 3629 462 3790 523; x_wconf 70' lang='grc' dir='ltr'><strong>ῖιεὶειι.</strong></span> 
     </span>
    </p>
   </div>
   <div class='ocr_carea' id='block_1_5' title="bbox 597 547 2189 605">
    <p class='ocr_par' dir='ltr' id='par_1_5' title="bbox 597 547 2189 605">
     <span class='ocr_line' id='line_1_5' title="bbox 597 547 2189 605; baseline 0.001 -2"><span class='ocrx_word' id='word_1_22' title='bbox 597 548 822 603; x_wconf 89' lang='lat' dir='ltr'><strong>strando</strong></span> <span class='ocrx_word' id='word_1_23' title='bbox 865 547 968 604; x_wconf 87' lang='lat' dir='ltr'><strong>sibi</strong></span> <span class='ocrx_word' id='word_1_24' title='bbox 1002 557 1211 603; x_wconf 90' lang='lat' dir='ltr'><strong>tantum</strong></span> <span class='ocrx_word' id='word_1_25' title='bbox 1239 549 1440 604; x_wconf 92' lang='lat' dir='ltr'><strong>nocuit.</strong></span> <span class='ocrx_word' id='word_1_26' title='bbox 1468 547 1604 605; x_wconf 85' lang='lat' dir='ltr'><strong>Nam</strong></span> <span class='ocrx_word' id='word_1_27' title='bbox 1659 547 1968 605; x_wconf 83' lang='lat' dir='ltr'><strong>inviolabile</strong></span> <span class='ocrx_word' id='word_1_28' title='bbox 2001 563 2189 605; x_wconf 82' lang='lat' dir='ltr'><strong>sacra-</strong></span> 
     </span>
    </p>
   </div>
   <div class='ocr_carea' id='block_1_6' title="bbox 596 639 2190 713">
    <p class='ocr_par' dir='ltr' id='par_1_6' title="bbox 596 639 2190 713">
     <span class='ocr_line' id='line_1_6' title="bbox 596 639 2190 713; baseline 0.001 -17"><span class='ocrx_word' id='word_1_29' title='bbox 596 649 860 703; x_wconf 91' lang='lat' dir='ltr'><strong>mentum,</strong></span> <span class='ocrx_word' id='word_1_30' title='bbox 908 639 1054 711; x_wconf 89' lang='lat' dir='ltr'><strong>quod</strong></span> <span class='ocrx_word' id='word_1_31' title='bbox 1099 655 1198 712; x_wconf 89' lang='lat' dir='ltr'><strong>per</strong></span> <span class='ocrx_word' id='word_1_32' title='bbox 1225 640 1375 696; x_wconf 91' lang='lat' dir='ltr'><strong>illum</strong></span> <span class='ocrx_word' id='word_1_33' title='bbox 1412 641 1598 697; x_wconf 92' lang='lat' dir='ltr'><strong>datum</strong></span> <span class='ocrx_word' id='word_1_34' title='bbox 1627 650 1733 707; x_wconf 91' lang='lat' dir='ltr'><strong>est,</strong></span> <span class='ocrx_word' id='word_1_35' title='bbox 1757 641 1877 697; x_wconf 90' lang='lat' dir='ltr'><strong>aliis</strong></span> <span class='ocrx_word' id='word_1_36' title='bbox 1901 639 2190 713; x_wconf 85' lang='lat' dir='ltr'><strong>perfectio-</strong></span> 
     </span>
    </p>
   </div>
   <div class='ocr_carea' id='block_1_7' title="bbox 595 733 2187 807">
    <p class='ocr_par' dir='ltr' id='par_1_7' title="bbox 595 733 2187 807">
     <span class='ocr_line' id='line_1_7' title="bbox 595 733 2187 807; baseline 0.003 -21"><span class='ocrx_word' id='word_1_37' title='bbox 595 749 722 788; x_wconf 97' lang='lat' dir='ltr'><strong>nem</strong></span> <span class='ocrx_word' id='word_1_38' title='bbox 751 747 861 788; x_wconf 75' lang='lat' dir='ltr'><strong>sua:</strong></span> <span class='ocrx_word' id='word_1_39' title='bbox 884 733 1100 789; x_wconf 89' lang='lat' dir='ltr'><strong>virtutis</strong></span> <span class='ocrx_word' id='word_1_40' title='bbox 1129 734 1383 790; x_wconf 91' lang='lat' dir='ltr'><strong>obtinuit.</strong></span> <span class='ocrx_word' id='word_1_41' title='bbox 1409 735 1562 803; x_wconf 87' lang='lat' dir='ltr'><strong>Quod</strong></span> <span class='ocrx_word' id='word_1_42' title='bbox 1593 735 1639 791; x_wconf 92' lang='lat' dir='ltr'><strong>si</strong></span> <span class='ocrx_word' id='word_1_43' title='bbox 1664 745 1748 791; x_wconf 90' lang='lat' dir='ltr'><strong>est</strong></span> <span class='ocrx_word' id='word_1_44' title='bbox 1777 735 2081 807; x_wconf 90' lang='lat' dir='ltr'><strong>aliquorum</strong></span> <span class='ocrx_word' id='word_1_45' title='bbox 2131 734 2187 791; x_wconf 88' lang='lat' dir='ltr'><strong>in</strong></span> 
     </span>
    </p>
   </div>
   <div class='ocr_carea' id='block_1_8' title="bbox 593 827 2188 899">
    <p class='ocr_par' dir='ltr' id='par_1_8' title="bbox 593 827 2188 899">
     <span class='ocr_line' id='line_1_8' title="bbox 593 827 2188 899; baseline 0.003 -20"><span class='ocrx_word' id='word_1_46' title='bbox 593 833 804 881; x_wconf 86' lang='lat' dir='ltr'><strong>tantum</strong></span> <span class='ocrx_word' id='word_1_47' title='bbox 836 841 896 880; x_wconf 86' lang='lat' dir='ltr'><strong>se</strong></span> <span class='ocrx_word' id='word_1_48' title='bbox 927 827 1226 883; x_wconf 90' lang='lat' dir='ltr'><strong>extendens</strong></span> <span class='ocrx_word' id='word_1_49' title='bbox 1275 828 1535 899; x_wconf 73' lang='lat' dir='ltr'><strong>suspicio,</strong></span> <span class='ocrx_word' id='word_1_50' title='bbox 1579 839 1638 884; x_wconf 92' lang='lat' dir='ltr'><strong>ut</strong></span> <span class='ocrx_word' id='word_1_51' title='bbox 1668 827 2029 899; x_wconf 75' lang='lat' dir='ltr'><strong>imaginentur</strong></span> <span class='ocrx_word' id='word_1_52' title='bbox 2062 843 2188 899; x_wconf 88' lang='lat' dir='ltr'><strong>pro-</strong></span> 
     </span>
    </p>
   </div>
   <div class='ocr_carea' id='block_1_9' title="bbox 592 917 2184 990">
    <p class='ocr_par' dir='ltr' id='par_1_9' title="bbox 592 917 2184 990">
     <span class='ocr_line' id='line_1_9' title="bbox 592 917 2184 990; baseline 0.004 -20"><span class='ocrx_word' id='word_1_53' title='bbox 592 917 703 970; x_wconf 89' lang='lat' dir='ltr'><strong>lato</strong></span> <span class='ocrx_word' id='word_1_54' title='bbox 733 932 762 970; x_wconf 91' lang='lat' dir='ltr'><strong>a</strong></span> <span class='ocrx_word' id='word_1_55' title='bbox 795 932 930 988; x_wconf 90' lang='lat' dir='ltr'><strong>papa</strong></span> <span class='ocrx_word' id='word_1_56' title='bbox 977 917 1140 974; x_wconf 80' lang='lat' dir='ltr'><strong>Felici</strong></span> <span class='ocrx_word' id='word_1_57' title='bbox 1171 917 1378 987; x_wconf 87' lang='lat' dir='ltr'><strong>judicio</strong></span> <span class='ocrx_word' id='word_1_58' title='bbox 1414 930 1598 990; x_wconf 90' lang='lat' dir='ltr'><strong>postea</strong></span> <span class='ocrx_word' id='word_1_59' title='bbox 1633 919 1980 976; x_wconf 82' lang='lat' dir='ltr'><strong>inefficaciter</strong></span> <span class='ocrx_word' id='word_1_60' title='bbox 2009 920 2062 974; x_wconf 90' lang='lat' dir='ltr'><strong>in</strong></span> <span class='ocrx_word' id='word_1_61' title='bbox 2094 935 2184 976; x_wconf 83' lang='lat' dir='ltr'><strong>sa-</strong></span> 
     </span>
    </p>
   </div>
   <div class='ocr_carea' id='block_1_10' title="bbox 592 1007 2188 1084">
    <p class='ocr_par' dir='ltr' id='par_1_10' title="bbox 592 1007 2188 1084">
     <span class='ocr_line' id='line_1_10' title="bbox 592 1007 2188 1084; baseline 0.004 -23"><span class='ocrx_word' id='word_1_62' title='bbox 592 1007 886 1063; x_wconf 84' lang='lat' dir='ltr'><strong>cramentis</strong></span> <span class='ocrx_word' id='word_1_63' title='bbox 911 1025 1034 1079; x_wconf 76' lang='lat' dir='ltr'><strong>quae</strong></span> <span class='ocrx_word' id='word_1_64' title='bbox 1059 1009 1290 1066; x_wconf 88' lang='lat' dir='ltr'><strong>Aeacius</strong></span> <span class='ocrx_word' id='word_1_65' title='bbox 1315 1011 1596 1082; x_wconf 87' lang='lat' dir='ltr'><strong>usurpavit</strong></span> <span class='ocrx_word' id='word_1_66' title='bbox 1621 1013 1817 1084; x_wconf 82' lang='lat' dir='ltr'><strong>egisse,</strong></span> <span class='ocrx_word' id='word_1_67' title='bbox 1858 1027 1924 1066; x_wconf 90' lang='lat' dir='ltr'><strong>ac</strong></span> <span class='ocrx_word' id='word_1_68' title='bbox 1962 1012 2188 1081; x_wconf 88' lang='lat' dir='ltr'><strong>perinde</strong></span> 
     </span>
    </p>
   </div>
   <div class='ocr_carea' id='block_1_11' title="bbox 588 1101 2184 1170">
    <p class='ocr_par' dir='ltr' id='par_1_11' title="bbox 588 1101 2184 1170">
     <span class='ocr_line' id='line_1_11' title="bbox 588 1101 2184 1170; baseline 0.004 -19"><span class='ocrx_word' id='word_1_69' title='bbox 588 1109 680 1151; x_wconf 90' lang='lat' dir='ltr'><strong>eos</strong></span> <span class='ocrx_word' id='word_1_70' title='bbox 709 1113 971 1163; x_wconf 71' lang='lat' dir='ltr'><strong>metuere.</strong></span> <span class='ocrx_word' id='word_1_71' title='bbox 1004 1115 1125 1170; x_wconf 75' lang='lat' dir='ltr'><strong>qua:</strong></span> <span class='ocrx_word' id='word_1_72' title='bbox 1153 1114 1178 1142; x_wconf 71' lang='grc' dir='ltr'><strong><em>α</em></strong></span> <span class='ocrx_word' id='word_1_73' title='bbox 1225 1101 1305 1157; x_wconf 91' lang='lat' dir='ltr'><strong>vel</strong></span> <span class='ocrx_word' id='word_1_74' title='bbox 1357 1102 1408 1156; x_wconf 93' lang='lat' dir='ltr'><strong>in</strong></span> <span class='ocrx_word' id='word_1_75' title='bbox 1438 1103 1955 1168; x_wconf 78' lang='lat' dir='ltr'><strong>consecrationibus,</strong></span> <span class='ocrx_word' id='word_1_76' title='bbox 1987 1103 2070 1157; x_wconf 87' lang='lat' dir='ltr'><strong>vel</strong></span> <span class='ocrx_word' id='word_1_77' title='bbox 2132 1103 2184 1158; x_wconf 91' lang='lat' dir='ltr'><strong>in</strong></span> 
     </span>
    </p>
   </div>
   <div class='ocr_carea' id='block_1_12' title="bbox 588 1187 2185 1263">
    <p class='ocr_par' dir='ltr' id='par_1_12' title="bbox 588 1187 2185 1263">
     <span class='ocr_line' id='line_1_12' title="bbox 588 1187 2185 1263; baseline 0.005 -21"><span class='ocrx_word' id='word_1_78' title='bbox 588 1187 918 1259; x_wconf 83' lang='lat' dir='ltr'><strong>baptismate</strong></span> <span class='ocrx_word' id='word_1_79' title='bbox 951 1190 1204 1262; x_wconf 88' lang='lat' dir='ltr'><strong>mysteria</strong></span> <span class='ocrx_word' id='word_1_80' title='bbox 1253 1193 1448 1246; x_wconf 89' lang='lat' dir='ltr'><strong>tradita</strong></span> <span class='ocrx_word' id='word_1_81' title='bbox 1503 1202 1876 1263; x_wconf 79' lang='lat' dir='ltr'><strong>susceperunt.</strong></span> <span class='ocrx_word' id='word_1_82' title='bbox 1910 1207 1976 1249; x_wconf 91' lang='lat' dir='ltr'><strong>ne</strong></span> <span class='ocrx_word' id='word_1_83' title='bbox 2032 1194 2185 1250; x_wconf 86' lang='lat' dir='ltr'><strong>irrita</strong></span> 
     </span>
    </p>
   </div>
   <div class='ocr_carea' id='block_1_13' title="bbox 577 1278 2185 1360">
    <p class='ocr_par' dir='ltr' id='par_1_13' title="bbox 577 1278 2185 1360">
     <span class='ocr_line' id='line_1_13' title="bbox 577 1278 2185 1360; baseline 0.004 -25"><span class='ocrx_word' id='word_1_84' title='bbox 577 1278 853 1336; x_wconf 78' lang='lat' dir='ltr'><strong>beneficia</strong></span> <span class='ocrx_word' id='word_1_85' title='bbox 878 1282 1057 1360; x_wconf 54' lang='lat' dir='ltr'><strong>divi._a</strong></span> <span class='ocrx_word' id='word_1_86' title='bbox 1084 1283 1402 1350; x_wconf 84' lang='lat' dir='ltr'><strong>vidcantur;</strong></span> <span class='ocrx_word' id='word_1_87' title='bbox 1457 1288 1801 1343; x_wconf 90' lang='lat' dir='ltr'><strong>meminerint</strong></span> <span class='ocrx_word' id='word_1_88' title='bbox 1831 1287 1884 1342; x_wconf 91' lang='lat' dir='ltr'><strong>in</strong></span> <span class='ocrx_word' id='word_1_89' title='bbox 1914 1289 2016 1344; x_wconf 91' lang='lat' dir='ltr'><strong>hac</strong></span> <span class='ocrx_word' id='word_1_90' title='bbox 2052 1303 2185 1358; x_wconf 81' lang='lat' dir='ltr'><strong>quo-</strong></span> 
     </span>
    </p>
   </div>
   <div class='ocr_carea' id='block_1_14' title="bbox 586 1375 2182 1449">
    <p class='ocr_par' dir='ltr' id='par_1_14' title="bbox 586 1375 2182 1449">
     <span class='ocr_line' id='line_1_14' title="bbox 586 1375 2182 1449; baseline 0.005 -23"><span class='ocrx_word' id='word_1_91' title='bbox 586 1388 692 1444; x_wconf 89' lang='lat' dir='ltr'><strong>que</strong></span> <span class='ocrx_word' id='word_1_92' title='bbox 722 1384 876 1444; x_wconf 87' lang='lat' dir='ltr'><strong>parte</strong></span> <span class='ocrx_word' id='word_1_93' title='bbox 921 1375 1176 1431; x_wconf 88' lang='lat' dir='ltr'><strong>similiter</strong></span> <span class='ocrx_word' id='word_1_94' title='bbox 1203 1385 1434 1433; x_wconf 88' lang='lat' dir='ltr'><strong>tractum</strong></span> <span class='ocrx_word' id='word_1_95' title='bbox 1488 1379 1786 1448; x_wconf 72' lang='lat' dir='ltr'><strong>prmvalere</strong></span> <span class='ocrx_word' id='word_1_96' title='bbox 1823 1380 2182 1449; x_wconf 85' lang='lat' dir='ltr'><strong>superiorem,</strong></span> 
     </span>
    </p>
   </div>
   <div class='ocr_carea' id='block_1_15' title="bbox 585 1467 2185 1547">
    <p class='ocr_par' dir='ltr' id='par_1_15' title="bbox 585 1467 2185 1547">
     <span class='ocr_line' id='line_1_15' title="bbox 585 1467 2185 1547; baseline 0.004 -25"><span class='ocrx_word' id='word_1_97' title='bbox 585 1467 712 1536; x_wconf 88' lang='lat' dir='ltr'><strong>quia</strong></span> <span class='ocrx_word' id='word_1_98' title='bbox 731 1483 835 1523; x_wconf 93' lang='lat' dir='ltr'><strong>non</strong></span> <span class='ocrx_word' id='word_1_99' title='bbox 851 1469 970 1524; x_wconf 90' lang='lat' dir='ltr'><strong>sine</strong></span> <span class='ocrx_word' id='word_1_100' title='bbox 983 1472 1332 1541; x_wconf 84' lang='lat' dir='ltr'><strong>usurpatione</strong></span> <span class='ocrx_word' id='word_1_101' title='bbox 1349 1473 1584 1528; x_wconf 88' lang='lat' dir='ltr'><strong>nominis</strong></span> <span class='ocrx_word' id='word_1_102' title='bbox 1599 1474 1888 1547; x_wconf 68' lang='lat' dir='ltr'><strong>sacerdotii</strong></span> <span class='ocrx_word' id='word_1_103' title='bbox 1906 1473 2185 1541; x_wconf 86' lang='lat' dir='ltr'><strong>adjudica-</strong></span> 
     </span>
    </p>
   </div>
   <div class='ocr_carea' id='block_1_16' title="bbox 587 1559 2186 1639">
    <p class='ocr_par' dir='ltr' id='par_1_16' title="bbox 587 1559 2186 1639">
     <span class='ocr_line' id='line_1_16' title="bbox 587 1559 2186 1639; baseline 0.008 -29"><span class='ocrx_word' id='word_1_104' title='bbox 587 1567 673 1614; x_wconf 90' lang='lat' dir='ltr'><strong>tus</strong></span> <span class='ocrx_word' id='word_1_105' title='bbox 704 1559 806 1615; x_wconf 90' lang='lat' dir='ltr'><strong>hoc</strong></span> <span class='ocrx_word' id='word_1_106' title='bbox 826 1561 936 1632; x_wconf 83' lang='lat' dir='ltr'><strong>egit</strong></span> <span class='ocrx_word' id='word_1_107' title='bbox 965 1580 978 1616; x_wconf 91' lang='lat'><strong>:</strong></span> <span class='ocrx_word' id='word_1_108' title='bbox 1004 1563 1060 1617; x_wconf 94' lang='lat' dir='ltr'><strong>In</strong></span> <span class='ocrx_word' id='word_1_109' title='bbox 1086 1578 1194 1633; x_wconf 94' lang='lat' dir='ltr'><strong>quo</strong></span> <span class='ocrx_word' id='word_1_110' title='bbox 1227 1565 1479 1620; x_wconf 84' lang='lat' dir='ltr'><strong>virtutem</strong></span> <span class='ocrx_word' id='word_1_111' title='bbox 1505 1582 1656 1620; x_wconf 89' lang='lat' dir='ltr'><strong>suam</strong></span> <span class='ocrx_word' id='word_1_112' title='bbox 1673 1565 2048 1622; x_wconf 88' lang='lat' dir='ltr'><strong>obtinentibus</strong></span> <span class='ocrx_word' id='word_1_113' title='bbox 2071 1581 2186 1639; x_wconf 83' lang='lat' dir='ltr'><strong>my-</strong></span> 
     </span>
    </p>
   </div>
   <div class='ocr_carea' id='block_1_17' title="bbox 585 1652 2180 1728">
    <p class='ocr_par' dir='ltr' id='par_1_17' title="bbox 585 1652 2180 1728">
     <span class='ocr_line' id='line_1_17' title="bbox 585 1652 2180 1728; baseline 0.006 -23"><span class='ocrx_word' id='word_1_114' title='bbox 585 1652 766 1706; x_wconf 86' lang='lat' dir='ltr'><strong>steriis</strong></span> <span class='ocrx_word' id='word_1_115' title='bbox 783 1653 833 1706; x_wconf 91' lang='lat' dir='ltr'><strong>in</strong></span> <span class='ocrx_word' id='word_1_116' title='bbox 864 1654 966 1708; x_wconf 88' lang='lat' dir='ltr'><strong>hoc</strong></span> <span class='ocrx_word' id='word_1_117' title='bbox 991 1670 1208 1726; x_wconf 85' lang='lat' dir='ltr'><strong>quoque</strong></span> <span class='ocrx_word' id='word_1_118' title='bbox 1229 1656 1349 1712; x_wconf 85' lang='lat' dir='ltr'><strong>aliis</strong></span> <span class='ocrx_word' id='word_1_119' title='bbox 1373 1673 1458 1712; x_wconf 88' lang='lat' dir='ltr'><strong>rea</strong></span> <span class='ocrx_word' id='word_1_120' title='bbox 1484 1659 1585 1712; x_wconf 86' lang='lat' dir='ltr'><strong>sibi</strong></span> <span class='ocrx_word' id='word_1_121' title='bbox 1613 1674 1960 1728; x_wconf 88' lang='lat' dir='ltr'><strong>personanon</strong></span> <span class='ocrx_word' id='word_1_122' title='bbox 1977 1659 2180 1715; x_wconf 81' lang='lat' dir='ltr'><strong>nocuit.</strong></span> 
     </span>
    </p>
   </div>
   <div class='ocr_carea' id='block_1_18' title="bbox 584 1740 2178 1818">
    <p class='ocr_par' dir='ltr' id='par_1_18' title="bbox 584 1740 2178 1818">
     <span class='ocr_line' id='line_1_18' title="bbox 584 1740 2178 1818; baseline 0.005 -22"><span class='ocrx_word' id='word_1_123' title='bbox 584 1740 717 1796; x_wconf 85' lang='lat' dir='ltr'><strong>Nam</strong></span> <span class='ocrx_word' id='word_1_124' title='bbox 743 1745 808 1797; x_wconf 89' lang='lat' dir='ltr'><strong>ad</strong></span> <span class='ocrx_word' id='word_1_125' title='bbox 839 1744 984 1799; x_wconf 90' lang='lat' dir='ltr'><strong>illum</strong></span> <span class='ocrx_word' id='word_1_126' title='bbox 1011 1746 1269 1816; x_wconf 91' lang='lat' dir='ltr'><strong>pertinuit</strong></span> <span class='ocrx_word' id='word_1_127' title='bbox 1292 1749 1434 1818; x_wconf 83' lang='lat' dir='ltr'><strong>quod</strong></span> <span class='ocrx_word' id='word_1_128' title='bbox 1463 1749 1587 1803; x_wconf 90' lang='lat' dir='ltr'><strong>tuba</strong></span> <span class='ocrx_word' id='word_1_129' title='bbox 1616 1749 1867 1805; x_wconf 87' lang='lat' dir='ltr'><strong>Davidica</strong></span> <span class='ocrx_word' id='word_1_130' title='bbox 1889 1749 2178 1805; x_wconf 64' lang='lat' dir='ltr'><strong>ltcanitur:</strong></span> 
     </span>
    </p>
   </div>
   <div class='ocr_carea' id='block_1_19' title="bbox 2293 547 3792 616">
    <p class='ocr_par' dir='ltr' id='par_1_19' title="bbox 2293 547 3792 616">
     <span class='ocr_line' id='line_1_19' title="bbox 2293 547 3792 616; baseline 0.009 -14"><span class='ocrx_word' id='word_1_131' title='bbox 2293 549 2419 604; x_wconf 92' lang='lat' dir='ltr'><strong>dum</strong></span> <span class='ocrx_word' id='word_1_132' title='bbox 2446 556 2531 604; x_wconf 91' lang='lat' dir='ltr'><strong>est</strong></span> <span class='ocrx_word' id='word_1_133' title='bbox 2551 564 2660 605; x_wconf 90' lang='lat' dir='ltr'><strong>non</strong></span> <span class='ocrx_word' id='word_1_134' title='bbox 2699 547 2936 606; x_wconf 89' lang='lat' dir='ltr'><strong>libenter</strong></span> <span class='ocrx_word' id='word_1_135' title='bbox 2963 549 3192 606; x_wconf 88' lang='lat' dir='ltr'><strong>admitto</strong></span> <span class='ocrx_word' id='word_1_136' title='bbox 3221 568 3238 616; x_wconf 87' lang='lat'><strong>;</strong></span> <span class='ocrx_word' id='word_1_137' title='bbox 3277 571 3295 603; x_wconf 74' lang='grc' dir='ltr'><strong><em>ι</em></strong></span> <span class='ocrx_word' id='word_1_138' title='bbox 3329 565 3393 607; x_wconf 91' lang='lat' dir='ltr'><strong>ac</strong></span> <span class='ocrx_word' id='word_1_139' title='bbox 3416 551 3460 609; x_wconf 93' lang='lat' dir='ltr'><strong>si</strong></span> <span class='ocrx_word' id='word_1_140' title='bbox 3479 551 3690 610; x_wconf 85' lang='lat' dir='ltr'><strong>diceret:</strong></span> <span class='ocrx_word' id='word_1_141' title='bbox 3712 553 3792 615; x_wconf 78' lang='lat' dir='ltr'><strong>Pro</strong></span> 
     </span>
    </p>
   </div>
   <div class='ocr_carea' id='block_1_20' title="bbox 2289 638 3791 714">
    <p class='ocr_par' dir='ltr' id='par_1_20' title="bbox 2289 638 3791 714">
     <span class='ocr_line' id='line_1_20' title="bbox 2289 638 3791 714; baseline 0.007 -18"><span class='ocrx_word' id='word_1_142' title='bbox 2289 639 2588 696; x_wconf 91' lang='lat' dir='ltr'><strong>commodis</strong></span> <span class='ocrx_word' id='word_1_143' title='bbox 2638 638 2820 710; x_wconf 84' lang='lat' dir='ltr'><strong>itaque</strong></span> <span class='ocrx_word' id='word_1_144' title='bbox 2844 650 2902 696; x_wconf 91' lang='lat' dir='ltr'><strong>et</strong></span> <span class='ocrx_word' id='word_1_145' title='bbox 2941 655 3075 710; x_wconf 80' lang='lat' dir='ltr'><strong>pace</strong></span> <span class='ocrx_word' id='word_1_146' title='bbox 3123 639 3479 698; x_wconf 83' lang='lat' dir='ltr'><strong>Eeclesiarum</strong></span> <span class='ocrx_word' id='word_1_147' title='bbox 3509 645 3698 714; x_wconf 83' lang='lat' dir='ltr'><strong>provida</strong></span> <span class='ocrx_word' id='word_1_148' title='bbox 3722 661 3791 706; x_wconf 74' lang='lat' dir='ltr'><strong>vos</strong></span> 
     </span>
    </p>
   </div>
   <div class='ocr_carea' id='block_1_21' title="bbox 2289 729 3792 811">
    <p class='ocr_par' dir='ltr' id='par_1_21' title="bbox 2289 729 3792 811">
     <span class='ocr_line' id='line_1_21' title="bbox 2289 729 3792 811; baseline 0.008 -27"><span class='ocrx_word' id='word_1_149' title='bbox 2289 745 2481 801; x_wconf 80' lang='lat' dir='ltr'><strong>gerere</strong></span> <span class='ocrx_word' id='word_1_150' title='bbox 2525 729 2745 786; x_wconf 87' lang='lat' dir='ltr'><strong>solertia</strong></span> <span class='ocrx_word' id='word_1_151' title='bbox 2785 730 2995 800; x_wconf 88' lang='lat' dir='ltr'><strong>jubeo:</strong></span> <span class='ocrx_word' id='word_1_152' title='bbox 3049 741 3235 788; x_wconf 91' lang='lat' dir='ltr'><strong>contra</strong></span> <span class='ocrx_word' id='word_1_153' title='bbox 3287 742 3443 804; x_wconf 91' lang='lat' dir='ltr'><strong>caput</strong></span> <span class='ocrx_word' id='word_1_154' title='bbox 3485 745 3643 792; x_wconf 85' lang='lat' dir='ltr'><strong>autem</strong></span> <span class='ocrx_word' id='word_1_155' title='bbox 3666 740 3792 811; x_wconf 84' lang='lat' dir='ltr'><strong>ctqui</strong></span> 
     </span>
    </p>
   </div>
   <div class='ocr_carea' id='block_1_22' title="bbox 2282 822 3793 903">
    <p class='ocr_par' dir='ltr' id='par_1_22' title="bbox 2282 822 3793 903">
     <span class='ocr_line' id='line_1_22' title="bbox 2282 822 3793 903; baseline 0.009 -25"><span class='ocrx_word' id='word_1_156' title='bbox 2282 822 2407 894; x_wconf 83' lang='lat' dir='ltr'><strong>jure</strong></span> <span class='ocrx_word' id='word_1_157' title='bbox 2429 824 2484 878; x_wconf 92' lang='lat' dir='ltr'><strong>in</strong></span> <span class='ocrx_word' id='word_1_158' title='bbox 2523 825 2676 880; x_wconf 86' lang='lat' dir='ltr'><strong>vobis</strong></span> <span class='ocrx_word' id='word_1_159' title='bbox 2697 826 2990 896; x_wconf 90' lang='lat' dir='ltr'><strong>primatum</strong></span> <span class='ocrx_word' id='word_1_160' title='bbox 3021 827 3245 894; x_wconf 87' lang='lat' dir='ltr'><strong>obtinet,</strong></span> <span class='ocrx_word' id='word_1_161' title='bbox 3275 831 3436 886; x_wconf 90' lang='lat' dir='ltr'><strong>etiam</strong></span> <span class='ocrx_word' id='word_1_162' title='bbox 3471 831 3512 885; x_wconf 89' lang='lat' dir='ltr'><strong>si</strong></span> <span class='ocrx_word' id='word_1_163' title='bbox 3559 834 3793 903; x_wconf 82' lang='lat' dir='ltr'><strong>reprehen-</strong></span> 
     </span>
    </p>
   </div>
   <div class='ocr_carea' id='block_1_23' title="bbox 2289 916 3796 996">
    <p class='ocr_par' dir='ltr' id='par_1_23' title="bbox 2289 916 3796 996">
     <span class='ocr_line' id='line_1_23' title="bbox 2289 916 3796 996; baseline 0.007 -24"><span class='ocrx_word' id='word_1_164' title='bbox 2289 916 2462 972; x_wconf 88' lang='lat' dir='ltr'><strong>denda</strong></span> <span class='ocrx_word' id='word_1_165' title='bbox 2513 918 2870 980; x_wconf 86' lang='lat' dir='ltr'><strong>couuuiserit.</strong></span> <span class='ocrx_word' id='word_1_166' title='bbox 2921 918 3226 976; x_wconf 84' lang='lat' dir='ltr'><strong>nullatenus</strong></span> <span class='ocrx_word' id='word_1_167' title='bbox 3299 922 3650 993; x_wconf 76' lang='lat' dir='ltr'><strong>insurgentium</strong></span> <span class='ocrx_word' id='word_1_168' title='bbox 3706 941 3796 996; x_wconf 83' lang='lat' dir='ltr'><strong>per-</strong></span> 
     </span>
    </p>
   </div>
   <div class='ocr_carea' id='block_1_24' title="bbox 2288 1008 3794 1088">
    <p class='ocr_par' dir='ltr' id='par_1_24' title="bbox 2288 1008 3794 1088">
     <span class='ocr_line' id='line_1_24' title="bbox 2288 1008 3794 1088; baseline 0.006 -24"><span class='ocrx_word' id='word_1_169' title='bbox 2288 1024 2508 1064; x_wconf 88' lang='lat' dir='ltr'><strong>censeo.</strong></span> <span class='ocrx_word' id='word_1_170' title='bbox 2538 1008 2691 1076; x_wconf 84' lang='lat' dir='ltr'><strong>Quod</strong></span> <span class='ocrx_word' id='word_1_171' title='bbox 2729 1011 2773 1066; x_wconf 91' lang='lat' dir='ltr'><strong>si</strong></span> <span class='ocrx_word' id='word_1_172' title='bbox 2801 1010 3179 1083; x_wconf 88' lang='lat' dir='ltr'><strong>episcoporum</strong></span> <span class='ocrx_word' id='word_1_173' title='bbox 3228 1015 3632 1086; x_wconf 81' lang='lat' dir='ltr'><strong>superinspectio</strong></span> <span class='ocrx_word' id='word_1_174' title='bbox 3655 1016 3794 1088; x_wconf 78' lang='lat' dir='ltr'><strong>hujus-</strong></span> 
     </span>
    </p>
   </div>
   <div class='ocr_carea' id='block_1_25' title="bbox 2287 1099 3796 1177">
    <p class='ocr_par' dir='ltr' id='par_1_25' title="bbox 2287 1099 3796 1177">
     <span class='ocr_line' id='line_1_25' title="bbox 2287 1099 3796 1177; baseline 0.005 -21"><span class='ocrx_word' id='word_1_175' title='bbox 2287 1101 2432 1156; x_wconf 88' lang='lat' dir='ltr'><strong>mndi</strong></span> <span class='ocrx_word' id='word_1_176' title='bbox 2463 1099 2620 1156; x_wconf 84' lang='lat' dir='ltr'><strong>freno</strong></span> <span class='ocrx_word' id='word_1_177' title='bbox 2671 1103 2968 1158; x_wconf 81' lang='lat' dir='ltr'><strong>sant-tionis</strong></span> <span class='ocrx_word' id='word_1_178' title='bbox 3019 1103 3449 1175; x_wconf 67' lang='lat' dir='ltr'><strong>constringitur;</strong></span> <span class='ocrx_word' id='word_1_179' title='bbox 3481 1121 3580 1177; x_wconf 89' lang='lat' dir='ltr'><strong>quo</strong></span> <span class='ocrx_word' id='word_1_180' title='bbox 3615 1107 3796 1177; x_wconf 83' lang='lat' dir='ltr'><strong>plebium</strong></span> 
     </span>
    </p>
   </div>
   <div class='ocr_carea' id='block_1_26' title="bbox 2287 1194 3859 1265">
    <p class='ocr_par' dir='ltr' id='par_1_26' title="bbox 2287 1194 3859 1265">
     <span class='ocr_line' id='line_1_26' title="bbox 2287 1194 3859 1265; baseline 0.003 -15"><span class='ocrx_word' id='word_1_181' title='bbox 2287 1210 2445 1250; x_wconf 77' lang='lat' dir='ltr'><strong>cauto</strong></span> <span class='ocrx_word' id='word_1_182' title='bbox 2465 1211 2560 1249; x_wconf 91' lang='lat' dir='ltr'><strong>ora</strong></span> <span class='ocrx_word' id='word_1_183' title='bbox 2589 1194 2812 1251; x_wconf 88' lang='lat' dir='ltr'><strong>cludere</strong></span> <span class='ocrx_word' id='word_1_184' title='bbox 2833 1205 3011 1251; x_wconf 87' lang='lat' dir='ltr'><strong>ratum</strong></span> <span class='ocrx_word' id='word_1_185' title='bbox 3045 1207 3147 1257; x_wconf 85' lang='lat' dir='ltr'><strong>est,</strong></span> <span class='ocrx_word' id='word_1_186' title='bbox 3174 1211 3294 1265; x_wconf 75' lang='lat' dir='ltr'><strong>qua:</strong></span> <span class='ocrx_word' id='word_1_187' title='bbox 3319 1197 3518 1253; x_wconf 89' lang='lat' dir='ltr'><strong>inlicita</strong></span> <span class='ocrx_word' id='word_1_188' title='bbox 3539 1211 3697 1254; x_wconf 89' lang='lat' dir='ltr'><strong>etnon</strong></span> <span class='ocrx_word' id='word_1_189' title='bbox 3722 1200 3796 1256; x_wconf 88' lang='lat' dir='ltr'><strong>sibi</strong></span> <span class='ocrx_word' id='word_1_190' title='bbox 3857 1226 3859 1228; x_wconf 88' lang='grc'>·</span> 
     </span>
    </p>
   </div>
   <div class='ocr_carea' id='block_1_27' title="bbox 2287 1284 3796 1357">
    <p class='ocr_par' dir='ltr' id='par_1_27' title="bbox 2287 1284 3796 1357">
     <span class='ocr_line' id='line_1_27' title="bbox 2287 1284 3796 1357; baseline 0.003 -17"><span class='ocrx_word' id='word_1_191' title='bbox 2287 1284 2465 1340; x_wconf 89' lang='lat' dir='ltr'><strong>debita</strong></span> <span class='ocrx_word' id='word_1_192' title='bbox 2495 1286 2763 1341; x_wconf 88' lang='lat' dir='ltr'><strong>intentare</strong></span> <span class='ocrx_word' id='word_1_193' title='bbox 2784 1301 3120 1356; x_wconf 82' lang='lat' dir='ltr'><strong>praesumens</strong></span> <span class='ocrx_word' id='word_1_194' title='bbox 3141 1288 3208 1344; x_wconf 87' lang='lat' dir='ltr'><strong>de</strong></span> <span class='ocrx_word' id='word_1_195' title='bbox 3232 1288 3560 1357; x_wconf 77' lang='lat' dir='ltr'><strong>sacerdotum</strong></span> <span class='ocrx_word' id='word_1_196' title='bbox 3581 1289 3666 1343; x_wconf 89' lang='lat' dir='ltr'><strong>sibi</strong></span> <span class='ocrx_word' id='word_1_197' title='bbox 3687 1304 3796 1344; x_wconf 86' lang='lat' dir='ltr'><strong>arro-</strong></span> 
     </span>
    </p>
   </div>
   <div class='ocr_carea' id='block_1_28' title="bbox 2285 1375 3797 1449">
    <p class='ocr_par' dir='ltr' id='par_1_28' title="bbox 2285 1375 3797 1449">
     <span class='ocr_line' id='line_1_28' title="bbox 2285 1375 3797 1449; baseline 0.003 -22"><span class='ocrx_word' id='word_1_198' title='bbox 2285 1383 2376 1445; x_wconf 88' lang='lat' dir='ltr'><strong>gat</strong></span> <span class='ocrx_word' id='word_1_199' title='bbox 2397 1375 2714 1430; x_wconf 76' lang='lat' dir='ltr'><strong>excessibus</strong></span> <span class='ocrx_word' id='word_1_200' title='bbox 2732 1375 3086 1444; x_wconf 88' lang='lat' dir='ltr'><strong>judicandnm</strong></span> <span class='ocrx_word' id='word_1_201' title='bbox 3114 1376 3270 1434; x_wconf 86' lang='lat' dir='ltr'><strong>?Nec</strong></span> <span class='ocrx_word' id='word_1_202' title='bbox 3296 1377 3480 1444; x_wconf 78' lang='lat' dir='ltr'><strong>ignoro</strong></span> <span class='ocrx_word' id='word_1_203' title='bbox 3502 1378 3736 1449; x_wconf 78' lang='lat' dir='ltr'><strong>generales</strong></span> <span class='ocrx_word' id='word_1_204' title='bbox 3757 1379 3797 1432; x_wconf 72' lang='lat' dir='ltr'><strong>il.</strong></span> 
     </span>
    </p>
   </div>
   <div class='ocr_carea' id='block_1_29' title="bbox 2286 1466 3794 1540">
    <p class='ocr_par' dir='ltr' id='par_1_29' title="bbox 2286 1466 3794 1540">
     <span class='ocr_line' id='line_1_29' title="bbox 2286 1466 3794 1540; baseline 0.003 -20"><span class='ocrx_word' id='word_1_205' title='bbox 2286 1466 2366 1522; x_wconf 89' lang='lat' dir='ltr'><strong>las</strong></span> <span class='ocrx_word' id='word_1_206' title='bbox 2386 1466 2582 1538; x_wconf 81' lang='lat' dir='ltr'><strong>Opponi</strong></span> <span class='ocrx_word' id='word_1_207' title='bbox 2608 1467 2783 1522; x_wconf 90' lang='lat' dir='ltr'><strong>solere</strong></span> <span class='ocrx_word' id='word_1_208' title='bbox 2813 1469 3131 1534; x_wconf 83' lang='lat' dir='ltr'><strong>sententias,</strong></span> <span class='ocrx_word' id='word_1_209' title='bbox 3155 1485 3276 1540; x_wconf 73' lang='lat' dir='ltr'><strong>qua:</strong></span> <span class='ocrx_word' id='word_1_210' title='bbox 3300 1470 3462 1526; x_wconf 91' lang='lat' dir='ltr'><strong>libero</strong></span> <span class='ocrx_word' id='word_1_211' title='bbox 3492 1481 3544 1525; x_wconf 89' lang='lat' dir='ltr'><strong>et</strong></span> <span class='ocrx_word' id='word_1_212' title='bbox 3568 1471 3794 1539; x_wconf 86' lang='lat' dir='ltr'><strong>tranquillo</strong></span> 
     </span>
    </p>
   </div>
   <div class='ocr_carea' id='block_1_30' title="bbox 2286 1557 3794 1632">
    <p class='ocr_par' dir='ltr' id='par_1_30' title="bbox 2286 1557 3794 1632">
     <span class='ocr_line' id='line_1_30' title="bbox 2286 1557 3794 1632; baseline 0.003 -21"><span class='ocrx_word' id='word_1_213' title='bbox 2286 1563 2528 1625; x_wconf 91' lang='lat' dir='ltr'><strong>tempore</strong></span> <span class='ocrx_word' id='word_1_214' title='bbox 2570 1557 2938 1615; x_wconf 81' lang='lat' dir='ltr'><strong>discurrentes</strong></span> <span class='ocrx_word' id='word_1_215' title='bbox 2990 1560 3302 1630; x_wconf 83' lang='lat' dir='ltr'><strong>generalem</strong></span> <span class='ocrx_word' id='word_1_216' title='bbox 3358 1563 3679 1632; x_wconf 88' lang='lat' dir='ltr'><strong>superborum</strong></span> <span class='ocrx_word' id='word_1_217' title='bbox 3719 1577 3794 1616; x_wconf 88' lang='lat' dir='ltr'><strong>non</strong></span> 
     </span>
    </p>
   </div>
   <div class='ocr_carea' id='block_1_31' title="bbox 2284 1649 3796 1721">
    <p class='ocr_par' dir='ltr' id='par_1_31' title="bbox 2284 1649 3796 1721">
     <span class='ocr_line' id='line_1_31' title="bbox 2284 1649 3796 1721; baseline 0.003 -18"><span class='ocrx_word' id='word_1_218' title='bbox 2284 1649 2679 1706; x_wconf 90' lang='lat' dir='ltr'><strong>consulentium</strong></span> <span class='ocrx_word' id='word_1_219' title='bbox 2707 1651 2920 1721; x_wconf 66' lang='lat' dir='ltr'><strong>patriae,</strong></span> <span class='ocrx_word' id='word_1_220' title='bbox 2964 1652 3058 1708; x_wconf 87' lang='lat' dir='ltr'><strong>sed</strong></span> <span class='ocrx_word' id='word_1_221' title='bbox 3091 1654 3347 1709; x_wconf 88' lang='lat' dir='ltr'><strong>scanda&#39;a</strong></span> <span class='ocrx_word' id='word_1_222' title='bbox 3376 1663 3432 1708; x_wconf 91' lang='lat' dir='ltr'><strong>et</strong></span> <span class='ocrx_word' id='word_1_223' title='bbox 3469 1653 3796 1708; x_wconf 81' lang='lat' dir='ltr'><strong>controversias</strong></span> 
     </span>
    </p>
   </div>
   <div class='ocr_carea' id='block_1_32' title="bbox 2284 1739 3794 1816">
    <p class='ocr_par' dir='ltr' id='par_1_32' title="bbox 2284 1739 3794 1816">
     <span class='ocr_line' id='line_1_32' title="bbox 2284 1739 3794 1816; baseline 0.001 -18"><span class='ocrx_word' id='word_1_224' title='bbox 2284 1743 2642 1800; x_wconf 87' lang='lat' dir='ltr'><strong>asserentimu</strong></span> <span class='ocrx_word' id='word_1_225' title='bbox 2671 1753 2863 1814; x_wconf 88' lang='lat' dir='ltr'><strong>putant</strong></span> <span class='ocrx_word' id='word_1_226' title='bbox 2891 1745 3224 1802; x_wconf 85' lang='lat' dir='ltr'><strong>simultates.</strong></span> <span class='ocrx_word' id='word_1_227' title='bbox 3251 1745 3356 1802; x_wconf 88' lang='lat' dir='ltr'><strong>Sed</strong></span> <span class='ocrx_word' id='word_1_228' title='bbox 3381 1747 3463 1801; x_wconf 90' lang='lat' dir='ltr'><strong>his</strong></span> <span class='ocrx_word' id='word_1_229' title='bbox 3485 1761 3687 1816; x_wconf 88' lang='lat' dir='ltr'><strong>quorum</strong></span> <span class='ocrx_word' id='word_1_230' title='bbox 3706 1739 3794 1800; x_wconf 56' lang='lat' dir='ltr'><strong>cer?</strong></span> 
     </span>
    </p>
   </div>
   <div class='ocr_carea' id='block_1_33' title="bbox 593 1825 2166 1910">
    <p class='ocr_par' dir='ltr' id='par_1_33' title="bbox 593 1830 2166 1910">
     <span class='ocr_line' id='line_1_33' title="bbox 593 1830 2166 1910; baseline 0.008 -24"><span class='ocrx_word' id='word_1_231' title='bbox 593 1830 963 1891; x_wconf 80' lang='lat' dir='ltr'><strong>Verumtamen</strong></span> <span class='ocrx_word' id='word_1_232' title='bbox 981 1837 1122 1892; x_wconf 82' lang='lat' dir='ltr'><strong>Deus</strong></span> <span class='ocrx_word' id='word_1_233' title='bbox 1145 1841 1513 1910; x_wconf 77' lang='lat' dir='ltr'><strong>conquassabit</strong></span> <span class='ocrx_word' id='word_1_234' title='bbox 1530 1837 1700 1907; x_wconf 77' lang='lat' dir='ltr'><strong>capita</strong></span> <span class='ocrx_word' id='word_1_235' title='bbox 1717 1843 2046 1898; x_wconf 82' lang='lat' dir='ltr'><strong>inimicorum</strong></span> <span class='ocrx_word' id='word_1_236' title='bbox 2059 1861 2166 1899; x_wconf 85' lang='lat' dir='ltr'><strong>suo-</strong></span> 
     </span>
    </p>
   </div>
   <div class='ocr_carea' id='block_1_34' title="bbox 2261 1825 3795 1910">
    <p class='ocr_par' dir='ltr' id='par_1_34' title="bbox 2287 1835 3795 1906">
     <span class='ocr_line' id='line_1_34' title="bbox 2287 1835 3795 1906; baseline 0.001 -18"><span class='ocrx_word' id='word_1_237' title='bbox 2287 1836 2432 1890; x_wconf 90' lang='lat' dir='ltr'><strong>vices</strong></span> <span class='ocrx_word' id='word_1_238' title='bbox 2485 1843 2668 1890; x_wconf 92' lang='lat' dir='ltr'><strong>tumor</strong></span> <span class='ocrx_word' id='word_1_239' title='bbox 2693 1837 2963 1906; x_wconf 76' lang='lat' dir='ltr'><strong>superbia:</strong></span> <span class='ocrx_word' id='word_1_240' title='bbox 3012 1835 3186 1900; x_wconf 83' lang='lat' dir='ltr'><strong>inflat,</strong></span> <span class='ocrx_word' id='word_1_241' title='bbox 3216 1847 3274 1892; x_wconf 88' lang='lat' dir='ltr'><strong>et</strong></span> <span class='ocrx_word' id='word_1_242' title='bbox 3318 1837 3541 1892; x_wconf 77' lang='lat' dir='ltr'><strong>licentia:</strong></span> <span class='ocrx_word' id='word_1_243' title='bbox 3579 1837 3795 1892; x_wconf 88' lang='lat' dir='ltr'><strong>studentes</strong></span> 
     </span>
    </p>
   </div>
   <div class='ocr_carea' id='block_1_35' title="bbox 582 1932 2176 2001">
    <p class='ocr_par' dir='ltr' id='par_1_35' title="bbox 582 1932 2176 2001">
     <span class='ocr_line' id='line_1_35' title="bbox 582 1932 2176 2001; baseline 0.006 -18"><span class='ocrx_word' id='word_1_244' title='bbox 582 1946 722 1994; x_wconf 73' lang='lat' dir='ltr'><strong>rimi,</strong></span> <span class='ocrx_word' id='word_1_245' title='bbox 754 1932 992 1985; x_wconf 86' lang='lat' dir='ltr'><strong>verticem</strong></span> <span class='ocrx_word' id='word_1_246' title='bbox 1023 1933 1201 2001; x_wconf 78' lang='lat' dir='ltr'><strong>capilli</strong></span> <span class='ocrx_word' id='word_1_247' title='bbox 1232 1933 1714 2001; x_wconf 85' lang='lat' dir='ltr'><strong>perambulantium</strong></span> <span class='ocrx_word' id='word_1_248' title='bbox 1741 1936 1796 1989; x_wconf 89' lang='lat' dir='ltr'><strong>in</strong></span> <span class='ocrx_word' id='word_1_249' title='bbox 1828 1935 2034 1991; x_wconf 79' lang='lat' dir='ltr'><strong>delictis</strong></span> <span class='ocrx_word' id='word_1_250' title='bbox 2065 1939 2176 1992; x_wconf 79' lang='lat' dir='ltr'><strong>suis</strong></span> 
     </span>
    </p>
   </div>
   <div class='ocr_carea' id='block_1_36' title="bbox 581 2018 2174 2097">
    <p class='ocr_par' dir='ltr' id='par_1_36' title="bbox 581 2018 2174 2097">
     <span class='ocr_line' id='line_1_36' title="bbox 581 2018 2174 2097; baseline 0.007 -25"><span class='ocrx_word' id='word_1_251' title='bbox 581 2018 756 2092; x_wconf 83' lang='lat' dir='ltr'><strong>(Psal.</strong></span> <span class='ocrx_word' id='word_1_252' title='bbox 786 2038 954 2088; x_wconf 74' lang='lat' dir='ltr'><strong>uvu,</strong></span> <span class='ocrx_word' id='word_1_253' title='bbox 1003 2022 1116 2094; x_wconf 71' lang='lat'><strong>22).</strong></span> <span class='ocrx_word' id='word_1_254' title='bbox 1171 2022 1306 2078; x_wconf 85' lang='lat' dir='ltr'><strong>Nam</strong></span> <span class='ocrx_word' id='word_1_255' title='bbox 1349 2026 1600 2096; x_wconf 88' lang='lat' dir='ltr'><strong>superbia</strong></span> <span class='ocrx_word' id='word_1_256' title='bbox 1641 2042 1857 2097; x_wconf 90' lang='lat' dir='ltr'><strong>semper</strong></span> <span class='ocrx_word' id='word_1_257' title='bbox 1907 2028 2032 2093; x_wconf 85' lang='lat' dir='ltr'><strong>sibi,</strong></span> <span class='ocrx_word' id='word_1_258' title='bbox 2067 2044 2174 2084; x_wconf 92' lang='lat' dir='ltr'><strong>non</strong></span> 
     </span>
    </p>
   </div>
   <div class='ocr_carea' id='block_1_37' title="bbox 580 2112 2172 2191">
    <p class='ocr_par' dir='ltr' id='par_1_37' title="bbox 580 2112 2172 2191">
     <span class='ocr_line' id='line_1_37' title="bbox 580 2112 2172 2191; baseline 0.006 -25"><span class='ocrx_word' id='word_1_259' title='bbox 580 2112 723 2177; x_wconf 90' lang='lat' dir='ltr'><strong>aliis,</strong></span> <span class='ocrx_word' id='word_1_260' title='bbox 768 2113 899 2169; x_wconf 87' lang='lat' dir='ltr'><strong>facit</strong></span> <span class='ocrx_word' id='word_1_261' title='bbox 953 2116 1206 2172; x_wconf 89' lang='lat' dir='ltr'><strong>ruinam:</strong></span> <span class='ocrx_word' id='word_1_262' title='bbox 1267 2118 1411 2188; x_wconf 91' lang='lat' dir='ltr'><strong>quod</strong></span> <span class='ocrx_word' id='word_1_263' title='bbox 1462 2118 1714 2175; x_wconf 86' lang='lat' dir='ltr'><strong>universa</strong></span> <span class='ocrx_word' id='word_1_264' title='bbox 1765 2119 2172 2191; x_wconf 90' lang='lat' dir='ltr'><strong>Scripturarum</strong></span> 
     </span>
    </p>
   </div>
   <div class='ocr_carea' id='block_1_38' title="bbox 577 2206 2168 2285">
    <p class='ocr_par' dir='ltr' id='par_1_38' title="bbox 577 2206 2168 2285">
     <span class='ocr_line' id='line_1_38' title="bbox 577 2206 2168 2285; baseline 0.006 -25"><span class='ocrx_word' id='word_1_265' title='bbox 577 2206 878 2261; x_wconf 74' lang='lat' dir='ltr'><strong>etelestium</strong></span> <span class='ocrx_word' id='word_1_266' title='bbox 911 2217 1143 2263; x_wconf 90' lang='lat' dir='ltr'><strong>testatur</strong></span> <span class='ocrx_word' id='word_1_267' title='bbox 1171 2210 1486 2267; x_wconf 89' lang='lat' dir='ltr'><strong>auctoritas.</strong></span> <span class='ocrx_word' id='word_1_268' title='bbox 1515 2210 1668 2267; x_wconf 87' lang='lat' dir='ltr'><strong>Sicut</strong></span> <span class='ocrx_word' id='word_1_269' title='bbox 1713 2214 1877 2268; x_wconf 86' lang='lat' dir='ltr'><strong>etiam</strong></span> <span class='ocrx_word' id='word_1_270' title='bbox 1913 2230 2009 2285; x_wconf 90' lang='lat' dir='ltr'><strong>per</strong></span> <span class='ocrx_word' id='word_1_271' title='bbox 2044 2213 2168 2284; x_wconf 83' lang='lat' dir='ltr'><strong>Spi-</strong></span> 
     </span>
    </p>
   </div>
   <div class='ocr_carea' id='block_1_39' title="bbox 576 2297 2169 2370">
    <p class='ocr_par' dir='ltr' id='par_1_39' title="bbox 576 2297 2169 2370">
     <span class='ocr_line' id='line_1_39' title="bbox 576 2297 2169 2370; baseline 0.004 -20"><span class='ocrx_word' id='word_1_272' title='bbox 576 2297 742 2351; x_wconf 84' lang='lat' dir='ltr'><strong>ritum</strong></span> <span class='ocrx_word' id='word_1_273' title='bbox 773 2297 971 2352; x_wconf 89' lang='lat' dir='ltr'><strong>dicitur</strong></span> <span class='ocrx_word' id='word_1_274' title='bbox 1018 2299 1071 2354; x_wconf 93' lang='lat' dir='ltr'><strong>in</strong></span> <span class='ocrx_word' id='word_1_275' title='bbox 1100 2297 1369 2370; x_wconf 83' lang='lat' dir='ltr'><strong>Propheta</strong></span> <span class='ocrx_word' id='word_1_276' title='bbox 1399 2319 1414 2354; x_wconf 90' lang='lat'><strong>:</strong></span> <span class='ocrx_word' id='word_1_277' title='bbox 1460 2300 1583 2356; x_wconf 85' lang='lat' dir='ltr'><strong>Non</strong></span> <span class='ocrx_word' id='word_1_278' title='bbox 1620 2301 1876 2356; x_wconf 81' lang='lat' dir='ltr'><strong>habitabit</strong></span> <span class='ocrx_word' id='word_1_279' title='bbox 1917 2304 1972 2357; x_wconf 86' lang='lat' dir='ltr'><strong>in</strong></span> <span class='ocrx_word' id='word_1_280' title='bbox 1999 2304 2169 2358; x_wconf 84' lang='lat' dir='ltr'><strong>medio</strong></span> 
     </span>
    </p>
   </div>
   <div class='ocr_carea' id='block_1_40' title="bbox 574 2389 2170 2467">
    <p class='ocr_par' dir='ltr' id='par_1_40' title="bbox 574 2389 2170 2467">
     <span class='ocr_line' id='line_1_40' title="bbox 574 2389 2170 2467; baseline 0.006 -24"><span class='ocrx_word' id='word_1_281' title='bbox 574 2389 760 2444; x_wconf 82' lang='lat' dir='ltr'><strong>domus</strong></span> <span class='ocrx_word' id='word_1_282' title='bbox 776 2407 907 2445; x_wconf 69' lang='lat' dir='ltr'><strong>meo:</strong></span> <span class='ocrx_word' id='word_1_283' title='bbox 927 2393 1017 2462; x_wconf 84' lang='lat' dir='ltr'><strong>qui</strong></span> <span class='ocrx_word' id='word_1_284' title='bbox 1037 2391 1162 2462; x_wconf 79' lang='lat' dir='ltr'><strong>facit</strong></span> <span class='ocrx_word' id='word_1_285' title='bbox 1179 2393 1476 2464; x_wconf 82' lang='lat' dir='ltr'><strong>superbiant</strong></span> <span class='ocrx_word' id='word_1_286' title='bbox 1501 2392 1674 2467; x_wconf 83' lang='lat' dir='ltr'><strong>(Psal.</strong></span> <span class='ocrx_word' id='word_1_287' title='bbox 1693 2411 1743 2460; x_wconf 89' lang='lat' dir='ltr'><strong>c,</strong></span> <span class='ocrx_word' id='word_1_288' title='bbox 1769 2394 1844 2467; x_wconf 89' lang='grc'><strong>7).</strong></span> <span class='ocrx_word' id='word_1_289' title='bbox 1872 2394 2024 2451; x_wconf 85' lang='lat' dir='ltr'><strong>Unde</strong></span> <span class='ocrx_word' id='word_1_290' title='bbox 2045 2412 2170 2454; x_wconf 88' lang='lat' dir='ltr'><strong>cum</strong></span> 
     </span>
    </p>
   </div>
   <div class='ocr_carea' id='block_1_41' title="bbox 573 2485 2168 2554">
    <p class='ocr_par' dir='ltr' id='par_1_41' title="bbox 573 2485 2168 2554">
     <span class='ocr_line' id='line_1_41' title="bbox 573 2485 2168 2554; baseline 0.004 -15"><span class='ocrx_word' id='word_1_291' title='bbox 573 2485 674 2539; x_wconf 85' lang='lat' dir='ltr'><strong>sibi</strong></span> <span class='ocrx_word' id='word_1_292' title='bbox 704 2487 1007 2542; x_wconf 87' lang='lat' dir='ltr'><strong>sacerdotis</strong></span> <span class='ocrx_word' id='word_1_293' title='bbox 1039 2502 1234 2543; x_wconf 92' lang='lat' dir='ltr'><strong>nomen</strong></span> <span class='ocrx_word' id='word_1_294' title='bbox 1267 2489 1626 2546; x_wconf 86' lang='lat' dir='ltr'><strong>vindicaverit</strong></span> <span class='ocrx_word' id='word_1_295' title='bbox 1660 2489 2078 2554; x_wconf 87' lang='lat' dir='ltr'><strong>condemnatus,</strong></span> <span class='ocrx_word' id='word_1_296' title='bbox 2111 2491 2168 2546; x_wconf 88' lang='lat' dir='ltr'><strong>in</strong></span> 
     </span>
    </p>
   </div>
   <div class='ocr_carea' id='block_1_42' title="bbox 572 2578 2165 2650">
    <p class='ocr_par' dir='ltr' id='par_1_42' title="bbox 572 2578 2165 2650">
     <span class='ocr_line' id='line_1_42' title="bbox 572 2578 2165 2650; baseline 0.002 -18"><span class='ocrx_word' id='word_1_297' title='bbox 572 2578 744 2647; x_wconf 88' lang='lat' dir='ltr'><strong>ipsius</strong></span> <span class='ocrx_word' id='word_1_298' title='bbox 779 2578 1040 2635; x_wconf 86' lang='lat' dir='ltr'><strong>verticem</strong></span> <span class='ocrx_word' id='word_1_299' title='bbox 1071 2579 1340 2650; x_wconf 69' lang='lat' dir='ltr'><strong>superbiae</strong></span> <span class='ocrx_word' id='word_1_300' title='bbox 1383 2589 1562 2636; x_wconf 89' lang='lat' dir='ltr'><strong>tumor</strong></span> <span class='ocrx_word' id='word_1_301' title='bbox 1604 2579 1840 2636; x_wconf 75' lang='lat' dir='ltr'><strong>inuictus</strong></span> <span class='ocrx_word' id='word_1_302' title='bbox 1886 2590 1994 2643; x_wconf 92' lang='lat' dir='ltr'><strong>est,</strong></span> <span class='ocrx_word' id='word_1_303' title='bbox 2038 2580 2165 2650; x_wconf 90' lang='lat' dir='ltr'><strong>quia</strong></span> 
     </span>
    </p>
   </div>
   <div class='ocr_carea' id='block_1_43' title="bbox 571 2671 2166 2743">
    <p class='ocr_par' dir='ltr' id='par_1_43' title="bbox 571 2671 2166 2743">
     <span class='ocr_line' id='line_1_43' title="bbox 571 2671 2166 2743; baseline 0.003 -20"><span class='ocrx_word' id='word_1_304' title='bbox 571 2684 678 2724; x_wconf 89' lang='lat' dir='ltr'><strong>non</strong></span> <span class='ocrx_word' id='word_1_305' title='bbox 722 2671 948 2742; x_wconf 88' lang='lat' dir='ltr'><strong>populus</strong></span> <span class='ocrx_word' id='word_1_306' title='bbox 988 2671 1079 2742; x_wconf 91' lang='lat' dir='ltr'><strong>qui</strong></span> <span class='ocrx_word' id='word_1_307' title='bbox 1111 2672 1163 2726; x_wconf 95' lang='lat' dir='ltr'><strong>in</strong></span> <span class='ocrx_word' id='word_1_308' title='bbox 1191 2672 1468 2743; x_wconf 79' lang='lat' dir='ltr'><strong>mysteriis</strong></span> <span class='ocrx_word' id='word_1_309' title='bbox 1497 2672 1702 2726; x_wconf 89' lang='lat' dir='ltr'><strong>donum</strong></span> <span class='ocrx_word' id='word_1_310' title='bbox 1749 2671 1919 2742; x_wconf 90' lang='lat' dir='ltr'><strong>ipsius</strong></span> <span class='ocrx_word' id='word_1_311' title='bbox 1947 2671 2166 2728; x_wconf 87' lang='lat' dir='ltr'><strong>sitiebat</strong></span> 
     </span>
    </p>
   </div>
   <div class='ocr_carea' id='block_1_44' title="bbox 571 2762 2164 2835">
    <p class='ocr_par' dir='ltr' id='par_1_44' title="bbox 571 2762 2164 2835">
     <span class='ocr_line' id='line_1_44' title="bbox 571 2762 2164 2835; baseline 0.002 -19"><span class='ocrx_word' id='word_1_312' title='bbox 571 2762 828 2818; x_wconf 82' lang='lat' dir='ltr'><strong>exclusus</strong></span> <span class='ocrx_word' id='word_1_313' title='bbox 864 2773 968 2827; x_wconf 89' lang='lat' dir='ltr'><strong>est,</strong></span> <span class='ocrx_word' id='word_1_314' title='bbox 1016 2764 1110 2818; x_wconf 87' lang='lat' dir='ltr'><strong>sed</strong></span> <span class='ocrx_word' id='word_1_315' title='bbox 1156 2765 1334 2818; x_wconf 89' lang='lat' dir='ltr'><strong>anima</strong></span> <span class='ocrx_word' id='word_1_316' title='bbox 1381 2763 1493 2819; x_wconf 87' lang='lat' dir='ltr'><strong>sola</strong></span> <span class='ocrx_word' id='word_1_317' title='bbox 1539 2763 1628 2820; x_wconf 90' lang='lat' dir='ltr'><strong>illa</strong></span> <span class='ocrx_word' id='word_1_318' title='bbox 1676 2779 1797 2835; x_wconf 74' lang='lat' dir='ltr'><strong>qnze</strong></span> <span class='ocrx_word' id='word_1_319' title='bbox 1843 2771 2164 2835; x_wconf 88' lang='lat' dir='ltr'><strong>peccaverat</strong></span> 
     </span>
    </p>
   </div>
   <div class='ocr_carea' id='block_1_45' title="bbox 566 2853 2167 2926">
    <p class='ocr_par' dir='ltr' id='par_1_45' title="bbox 566 2853 2167 2926">
     <span class='ocr_line' id='line_1_45' title="bbox 566 2853 2167 2926; baseline 0 -18"><span class='ocrx_word' id='word_1_320' title='bbox 566 2855 714 2925; x_wconf 85' lang='lat' dir='ltr'><strong>justo</strong></span> <span class='ocrx_word' id='word_1_321' title='bbox 734 2853 902 2922; x_wconf 92' lang='lat' dir='ltr'><strong>judici</strong></span> <span class='ocrx_word' id='word_1_322' title='bbox 924 2855 1145 2926; x_wconf 88' lang='lat' dir='ltr'><strong>proprie</strong></span> <span class='ocrx_word' id='word_1_323' title='bbox 1175 2865 1198 2894; x_wconf 74' lang='grc' dir='ltr'><strong>ε</strong></span> <span class='ocrx_word' id='word_1_324' title='bbox 1227 2864 1348 2910; x_wconf 91' lang='lat' dir='ltr'><strong>erat</strong></span> <span class='ocrx_word' id='word_1_325' title='bbox 1367 2856 1622 2910; x_wconf 86' lang='lat' dir='ltr'><strong>obnoxia.</strong></span> <span class='ocrx_word' id='word_1_326' title='bbox 1655 2855 1809 2924; x_wconf 82' lang='lat' dir='ltr'><strong>Quod</strong></span> <span class='ocrx_word' id='word_1_327' title='bbox 1840 2856 2040 2925; x_wconf 89' lang='lat' dir='ltr'><strong>ubique</strong></span> <span class='ocrx_word' id='word_1_328' title='bbox 2067 2871 2167 2909; x_wconf 88' lang='lat' dir='ltr'><strong>nu-</strong></span> 
     </span>
    </p>
   </div>
   <div class='ocr_carea' id='block_1_46' title="bbox 572 2946 2163 3018">
    <p class='ocr_par' dir='ltr' id='par_1_46' title="bbox 572 2946 2163 3018">
     <span class='ocr_line' id='line_1_46' title="bbox 572 2946 2163 3018; baseline 0.001 -16"><span class='ocrx_word' id='word_1_329' title='bbox 572 2963 791 3002; x_wconf 89' lang='lat' dir='ltr'><strong>merosa</strong></span> <span class='ocrx_word' id='word_1_330' title='bbox 820 2946 1235 3018; x_wconf 89' lang='lat' dir='ltr'><strong>Scripturarum</strong></span> <span class='ocrx_word' id='word_1_331' title='bbox 1271 2957 1502 3006; x_wconf 87' lang='lat' dir='ltr'><strong>testatur</strong></span> <span class='ocrx_word' id='word_1_332' title='bbox 1545 2949 1852 3005; x_wconf 88' lang='lat' dir='ltr'><strong>instructio.</strong></span> <span class='ocrx_word' id='word_1_333' title='bbox 1886 2948 2040 3005; x_wconf 86' lang='lat' dir='ltr'><strong>Unde</strong></span> <span class='ocrx_word' id='word_1_334' title='bbox 2070 2963 2163 3004; x_wconf 84' lang='lat' dir='ltr'><strong>re-</strong></span> 
     </span>
    </p>
   </div>
   <div class='ocr_carea' id='block_1_47' title="bbox 570 3040 2161 3108">
    <p class='ocr_par' dir='ltr' id='par_1_47' title="bbox 570 3040 2161 3108">
     <span class='ocr_line' id='line_1_47' title="bbox 570 3040 2161 3108; baseline 0.003 -14"><span class='ocrx_word' id='word_1_335' title='bbox 570 3040 736 3095; x_wconf 88' lang='lat' dir='ltr'><strong>motis</strong></span> <span class='ocrx_word' id='word_1_336' title='bbox 770 3042 1011 3097; x_wconf 92' lang='lat' dir='ltr'><strong>omnium</strong></span> <span class='ocrx_word' id='word_1_337' title='bbox 1035 3040 1064 3082; x_wconf 77' lang='grc' dir='ltr'>ἀ</span> <span class='ocrx_word' id='word_1_338' title='bbox 1095 3043 1291 3098; x_wconf 89' lang='lat' dir='ltr'><strong>studiis</strong></span> <span class='ocrx_word' id='word_1_339' title='bbox 1314 3043 1428 3098; x_wconf 88' lang='lat' dir='ltr'><strong>sive</strong></span> <span class='ocrx_word' id='word_1_340' title='bbox 1449 3043 1726 3108; x_wconf 91' lang='lat' dir='ltr'><strong>versutiis,</strong></span> <span class='ocrx_word' id='word_1_341' title='bbox 1757 3043 1810 3097; x_wconf 93' lang='lat' dir='ltr'><strong>in</strong></span> <span class='ocrx_word' id='word_1_342' title='bbox 1847 3043 1951 3098; x_wconf 89' lang='lat' dir='ltr'><strong>hac</strong></span> <span class='ocrx_word' id='word_1_343' title='bbox 1982 3043 2161 3098; x_wconf 90' lang='lat' dir='ltr'><strong>adhuc</strong></span> 
     </span>
    </p>
   </div>
   <div class='ocr_carea' id='block_1_48' title="bbox 569 3134 2159 3207">
    <p class='ocr_par' dir='ltr' id='par_1_48' title="bbox 569 3134 2159 3207">
     <span class='ocr_line' id='line_1_48' title="bbox 569 3134 2159 3207; baseline 0.002 -19"><span class='ocrx_word' id='word_1_344' title='bbox 569 3135 825 3204; x_wconf 65' lang='lat' dir='ltr'><strong>praesenti</strong></span> <span class='ocrx_word' id='word_1_345' title='bbox 857 3135 1150 3206; x_wconf 79' lang='lat' dir='ltr'><strong>fragilitate</strong></span> <span class='ocrx_word' id='word_1_346' title='bbox 1178 3135 1605 3207; x_wconf 88' lang='lat' dir='ltr'><strong>propositorum,</strong></span> <span class='ocrx_word' id='word_1_347' title='bbox 1637 3134 1935 3191; x_wconf 89' lang='lat' dir='ltr'><strong>secundum</strong></span> <span class='ocrx_word' id='word_1_348' title='bbox 1967 3149 2159 3206; x_wconf 88' lang='lat' dir='ltr'><strong>preces</strong></span> 
     </span>
    </p>
   </div>
   <div class='ocr_carea' id='block_1_49' title="bbox 570 3226 2162 3298">
    <p class='ocr_par' dir='ltr' id='par_1_49' title="bbox 570 3226 2162 3298">
     <span class='ocr_line' id='line_1_49' title="bbox 570 3226 2162 3298; baseline 0.001 -17"><span class='ocrx_word' id='word_1_349' title='bbox 570 3237 789 3281; x_wconf 90' lang='lat' dir='ltr'><strong>nostras</strong></span> <span class='ocrx_word' id='word_1_350' title='bbox 820 3227 1021 3282; x_wconf 83' lang='lat' dir='ltr'><strong>adnixu</strong></span> <span class='ocrx_word' id='word_1_351' title='bbox 1053 3238 1109 3283; x_wconf 90' lang='lat' dir='ltr'><strong>et</strong></span> <span class='ocrx_word' id='word_1_352' title='bbox 1138 3229 1462 3283; x_wconf 89' lang='lat' dir='ltr'><strong>auctoritate</strong></span> <span class='ocrx_word' id='word_1_353' title='bbox 1507 3226 1773 3298; x_wconf 86' lang='lat' dir='ltr'><strong>imperiali</strong></span> <span class='ocrx_word' id='word_1_354' title='bbox 1831 3226 2019 3283; x_wconf 71' lang='lat' dir='ltr'><strong>offerte</strong></span> <span class='ocrx_word' id='word_1_355' title='bbox 2050 3227 2162 3282; x_wconf 90' lang='lat' dir='ltr'><strong>Deo</strong></span> 
     </span>
    </p>
   </div>
   <div class='ocr_carea' id='block_1_50' title="bbox 568 3320 2165 3392">
    <p class='ocr_par' dir='ltr' id='par_1_50' title="bbox 568 3320 2165 3392">
     <span class='ocr_line' id='line_1_50' title="bbox 568 3320 2165 3392; baseline -0.001 -16"><span class='ocrx_word' id='word_1_356' title='bbox 568 3331 757 3376; x_wconf 88' lang='lat' dir='ltr'><strong>nostro</strong></span> <span class='ocrx_word' id='word_1_357' title='bbox 785 3323 838 3378; x_wconf 91' lang='lat' dir='ltr'><strong>in</strong></span> <span class='ocrx_word' id='word_1_358' title='bbox 880 3338 1043 3378; x_wconf 90' lang='lat' dir='ltr'><strong>unam</strong></span> <span class='ocrx_word' id='word_1_359' title='bbox 1069 3333 1094 3363; x_wconf 76' lang='grc' dir='ltr'><strong>ο</strong></span> <span class='ocrx_word' id='word_1_360' title='bbox 1124 3323 1448 3378; x_wconf 90' lang='lat' dir='ltr'><strong>catholicam</strong></span> <span class='ocrx_word' id='word_1_361' title='bbox 1483 3321 1778 3378; x_wconf 85' lang='lat' dir='ltr'><strong>Ecclesiam</strong></span> <span class='ocrx_word' id='word_1_362' title='bbox 1809 3329 1865 3376; x_wconf 93' lang='lat' dir='ltr'><strong>et</strong></span> <span class='ocrx_word' id='word_1_363' title='bbox 1909 3320 2165 3392; x_wconf 88' lang='lat' dir='ltr'><strong>apostoli-</strong></span> 
     </span>
    </p>
   </div>
   <div class='ocr_carea' id='block_1_51' title="bbox 569 3411 2164 3488">
    <p class='ocr_par' dir='ltr' id='par_1_51' title="bbox 569 3411 2164 3488">
     <span class='ocr_line' id='line_1_51' title="bbox 569 3411 2164 3488; baseline -0.001 -20"><span class='ocrx_word' id='word_1_364' title='bbox 569 3427 720 3469; x_wconf 90' lang='lat' dir='ltr'><strong>cam:</strong></span> <span class='ocrx_word' id='word_1_365' title='bbox 748 3415 873 3486; x_wconf 90' lang='lat' dir='ltr'><strong>quia</strong></span> <span class='ocrx_word' id='word_1_366' title='bbox 899 3415 1003 3472; x_wconf 88' lang='lat' dir='ltr'><strong>hoc</strong></span> <span class='ocrx_word' id='word_1_367' title='bbox 1029 3414 1202 3471; x_wconf 90' lang='lat' dir='ltr'><strong>solum</strong></span> <span class='ocrx_word' id='word_1_368' title='bbox 1231 3424 1335 3488; x_wconf 85' lang='lat' dir='ltr'><strong>est,</strong></span> <span class='ocrx_word' id='word_1_369' title='bbox 1364 3415 1415 3469; x_wconf 90' lang='lat' dir='ltr'><strong>in</strong></span> <span class='ocrx_word' id='word_1_370' title='bbox 1443 3429 1551 3485; x_wconf 92' lang='lat' dir='ltr'><strong>quo</strong></span> <span class='ocrx_word' id='word_1_371' title='bbox 1585 3412 1606 3452; x_wconf 71' lang='grc' dir='ltr'>ί</span> <span class='ocrx_word' id='word_1_372' title='bbox 1637 3429 1742 3468; x_wconf 90' lang='lat' dir='ltr'><strong>non</strong></span> <span class='ocrx_word' id='word_1_373' title='bbox 1768 3411 1942 3468; x_wconf 92' lang='lat' dir='ltr'><strong>solum</strong></span> <span class='ocrx_word' id='word_1_374' title='bbox 1975 3413 2027 3468; x_wconf 91' lang='lat' dir='ltr'><strong>in</strong></span> <span class='ocrx_word' id='word_1_375' title='bbox 2054 3421 2164 3470; x_wconf 86' lang='lat' dir='ltr'><strong>ter-</strong></span> 
     </span>
    </p>
   </div>
   <div class='ocr_carea' id='block_1_52' title="bbox 565 3504 2157 3579">
    <p class='ocr_par' dir='ltr' id='par_1_52' title="bbox 565 3504 2157 3579">
     <span class='ocr_line' id='line_1_52' title="bbox 565 3504 2157 3579; baseline -0.001 -19"><span class='ocrx_word' id='word_1_376' title='bbox 565 3504 664 3571; x_wconf 91' lang='lat' dir='ltr'><strong>ris,</strong></span> <span class='ocrx_word' id='word_1_377' title='bbox 694 3507 787 3562; x_wconf 89' lang='lat' dir='ltr'><strong>sed</strong></span> <span class='ocrx_word' id='word_1_378' title='bbox 812 3508 977 3562; x_wconf 88' lang='lat' dir='ltr'><strong>etiam</strong></span> <span class='ocrx_word' id='word_1_379' title='bbox 1002 3509 1054 3564; x_wconf 93' lang='lat' dir='ltr'><strong>in</strong></span> <span class='ocrx_word' id='word_1_380' title='bbox 1076 3508 1216 3565; x_wconf 66' lang='lat' dir='ltr'><strong>caelo</strong></span> <span class='ocrx_word' id='word_1_381' title='bbox 1252 3508 1588 3579; x_wconf 89' lang='lat' dir='ltr'><strong>triumphare</strong></span> <span class='ocrx_word' id='word_1_382' title='bbox 1609 3507 1725 3562; x_wconf 90' lang='lat' dir='ltr'><strong>sine</strong></span> <span class='ocrx_word' id='word_1_383' title='bbox 1758 3505 1864 3562; x_wconf 86' lang='lat' dir='ltr'><strong>fine</strong></span> <span class='ocrx_word' id='word_1_384' title='bbox 1892 3505 2105 3577; x_wconf 90' lang='lat' dir='ltr'><strong>positis.</strong></span> <span class='ocrx_word' id='word_1_385' title='bbox 2138 3526 2157 3559; x_wconf 70' lang='grc' dir='ltr'><strong>ι</strong></span> 
     </span>
    </p>
   </div>
   <div class='ocr_carea' id='block_1_53' title="bbox 564 3596 2160 3670">
    <p class='ocr_par' dir='ltr' id='par_1_53' title="bbox 564 3596 2160 3670">
     <span class='ocr_line' id='line_1_53' title="bbox 564 3596 2160 3670; baseline 0.001 -17"><span class='ocrx_word' id='word_1_386' title='bbox 564 3596 632 3653; x_wconf 85' lang='grc' dir='ltr'><strong>Ει</strong></span> <span class='ocrx_word' id='word_1_387' title='bbox 659 3600 783 3669; x_wconf 91' lang='lat' dir='ltr'><strong>quia</strong></span> <span class='ocrx_word' id='word_1_388' title='bbox 817 3609 876 3656; x_wconf 90' lang='lat' dir='ltr'><strong>ut</strong></span> <span class='ocrx_word' id='word_1_389' title='bbox 915 3602 1176 3658; x_wconf 89' lang='lat' dir='ltr'><strong>canonica</strong></span> <span class='ocrx_word' id='word_1_390' title='bbox 1204 3602 1470 3657; x_wconf 90' lang='lat' dir='ltr'><strong>institutio</strong></span> <span class='ocrx_word' id='word_1_391' title='bbox 1499 3602 1696 3658; x_wconf 91' lang='lat' dir='ltr'><strong>iterum</strong></span> <span class='ocrx_word' id='word_1_392' title='bbox 1727 3615 1826 3670; x_wconf 90' lang='lat' dir='ltr'><strong>per</strong></span> <span class='ocrx_word' id='word_1_393' title='bbox 1859 3615 1922 3655; x_wconf 86' lang='lat' dir='ltr'><strong>os</strong></span> <span class='ocrx_word' id='word_1_394' title='bbox 1954 3599 2160 3656; x_wconf 85' lang='lat' dir='ltr'><strong>beatis-</strong></span> 
     </span>
    </p>
   </div>
   <div class='ocr_carea' id='block_1_54' title="bbox 564 3690 2160 3764">
    <p class='ocr_par' dir='ltr' id='par_1_54' title="bbox 564 3690 2160 3764">
     <span class='ocr_line' id='line_1_54' title="bbox 564 3690 2160 3764; baseline -0.001 -18"><span class='ocrx_word' id='word_1_395' title='bbox 564 3690 686 3746; x_wconf 88' lang='lat' dir='ltr'><strong>simi</strong></span> <span class='ocrx_word' id='word_1_396' title='bbox 717 3708 869 3763; x_wconf 71' lang='lat' dir='ltr'><strong>papa:</strong></span> <span class='ocrx_word' id='word_1_397' title='bbox 895 3691 1175 3750; x_wconf 81' lang='lat' dir='ltr'><strong>C(elestini</strong></span> <span class='ocrx_word' id='word_1_398' title='bbox 1205 3693 1274 3750; x_wconf 88' lang='lat' dir='ltr'><strong>ad</strong></span> <span class='ocrx_word' id='word_1_399' title='bbox 1297 3693 1580 3764; x_wconf 85' lang='lat' dir='ltr'><strong>episcopos</strong></span> <span class='ocrx_word' id='word_1_400' title='bbox 1629 3706 1728 3762; x_wconf 90' lang='lat' dir='ltr'><strong>per</strong></span> <span class='ocrx_word' id='word_1_401' title='bbox 1750 3690 2000 3762; x_wconf 84' lang='lat' dir='ltr'><strong>Apuliam</strong></span> <span class='ocrx_word' id='word_1_402' title='bbox 2029 3706 2160 3746; x_wconf 88' lang='lat' dir='ltr'><strong>eon-</strong></span> 
     </span>
    </p>
   </div>
   <div class='ocr_carea' id='block_1_55' title="bbox 564 3783 2159 3855">
    <p class='ocr_par' dir='ltr' id='par_1_55' title="bbox 564 3783 2159 3855">
     <span class='ocr_line' id='line_1_55' title="bbox 564 3783 2159 3855; baseline 0.004 -20"><span class='ocrx_word' id='word_1_403' title='bbox 564 3783 790 3839; x_wconf 90' lang='lat' dir='ltr'><strong>stitutos</strong></span> <span class='ocrx_word' id='word_1_404' title='bbox 817 3784 1191 3841; x_wconf 87' lang='lat' dir='ltr'><strong>celeberrimis</strong></span> <span class='ocrx_word' id='word_1_405' title='bbox 1217 3787 1439 3842; x_wconf 89' lang='lat' dir='ltr'><strong>vocibus</strong></span> <span class='ocrx_word' id='word_1_406' title='bbox 1471 3786 1688 3847; x_wconf 91' lang='lat' dir='ltr'><strong>clamat,</strong></span> <span class='ocrx_word' id='word_1_407' title='bbox 1717 3786 1859 3855; x_wconf 93' lang='lat' dir='ltr'><strong>quod</strong></span> <span class='ocrx_word' id='word_1_408' title='bbox 1883 3786 2159 3841; x_wconf 89' lang='lat' dir='ltr'><strong>docendus</strong></span> 
     </span>
    </p>
   </div>
   <div class='ocr_carea' id='block_1_56' title="bbox 564 3872 2159 3948">
    <p class='ocr_par' dir='ltr' id='par_1_56' title="bbox 564 3872 2159 3948">
     <span class='ocr_line' id='line_1_56' title="bbox 564 3872 2159 3948; baseline 0.003 -21"><span class='ocrx_word' id='word_1_409' title='bbox 564 3872 636 3927; x_wconf 90' lang='lat' dir='ltr'><strong>sit</strong></span> <span class='ocrx_word' id='word_1_410' title='bbox 665 3874 915 3945; x_wconf 89' lang='lat' dir='ltr'><strong>populus,</strong></span> <span class='ocrx_word' id='word_1_411' title='bbox 949 3893 1055 3931; x_wconf 90' lang='lat' dir='ltr'><strong>non</strong></span> <span class='ocrx_word' id='word_1_412' title='bbox 1084 3878 1412 3947; x_wconf 82' lang='lat' dir='ltr'><strong>sequendus,</strong></span> <span class='ocrx_word' id='word_1_413' title='bbox 1442 3892 1644 3948; x_wconf 90' lang='lat' dir='ltr'><strong>eosque</strong></span> <span class='ocrx_word' id='word_1_414' title='bbox 1670 3877 1716 3931; x_wconf 91' lang='lat' dir='ltr'><strong>si</strong></span> <span class='ocrx_word' id='word_1_415' title='bbox 1749 3877 2000 3932; x_wconf 89' lang='lat' dir='ltr'><strong>nesciunt</strong></span> <span class='ocrx_word' id='word_1_416' title='bbox 2029 3875 2159 3946; x_wconf 92' lang='lat' dir='ltr'><strong>quid</strong></span> 
     </span>
    </p>
   </div>
   <div class='ocr_carea' id='block_1_57' title="bbox 563 3962 2154 4034">
    <p class='ocr_par' dir='ltr' id='par_1_57' title="bbox 563 3962 2154 4034">
     <span class='ocr_line' id='line_1_57' title="bbox 563 3962 2154 4034; baseline 0.003 -18"><span class='ocrx_word' id='word_1_417' title='bbox 563 3962 744 4026; x_wconf 89' lang='lat' dir='ltr'><strong>liceat,</strong></span> <span class='ocrx_word' id='word_1_418' title='bbox 774 3965 974 4034; x_wconf 82' lang='lat' dir='ltr'><strong>quidve</strong></span> <span class='ocrx_word' id='word_1_419' title='bbox 1000 3982 1107 4020; x_wconf 94' lang='lat' dir='ltr'><strong>non</strong></span> <span class='ocrx_word' id='word_1_420' title='bbox 1137 3967 1318 4034; x_wconf 91' lang='lat' dir='ltr'><strong>liceat,</strong></span> <span class='ocrx_word' id='word_1_421' title='bbox 1351 3981 1720 4033; x_wconf 89' lang='lat' dir='ltr'><strong>commonere,</strong></span> <span class='ocrx_word' id='word_1_422' title='bbox 1752 3981 1863 4023; x_wconf 90' lang='lat' dir='ltr'><strong>non</strong></span> <span class='ocrx_word' id='word_1_423' title='bbox 1910 3966 1996 4022; x_wconf 86' lang='lat' dir='ltr'><strong>his</strong></span> <span class='ocrx_word' id='word_1_424' title='bbox 2021 3980 2154 4021; x_wconf 91' lang='lat' dir='ltr'><strong>con-</strong></span> 
     </span>
    </p>
   </div>
   <div class='ocr_carea' id='block_1_58' title="bbox 563 4054 1293 4124">
    <p class='ocr_par' dir='ltr' id='par_1_58' title="bbox 563 4054 1293 4124">
     <span class='ocr_line' id='line_1_58' title="bbox 563 4054 1293 4124; baseline 0.008 -20"><span class='ocrx_word' id='word_1_425' title='bbox 563 4064 786 4107; x_wconf 89' lang='lat' dir='ltr'><strong>sensum</strong></span> <span class='ocrx_word' id='word_1_426' title='bbox 813 4054 1056 4124; x_wconf 85' lang='lat' dir='ltr'><strong>praebere</strong></span> <span class='ocrx_word' id='word_1_427' title='bbox 1079 4055 1293 4112; x_wconf 87' lang='lat' dir='ltr'><strong>debere.</strong></span> 
     </span>
    </p>
   </div>
   <div class='ocr_carea' id='block_1_59' title="bbox 633 4143 2156 4220">
    <p class='ocr_par' dir='ltr' id='par_1_59' title="bbox 633 4143 2156 4220">
     <span class='ocr_line' id='line_1_59' title="bbox 633 4143 2156 4220; baseline 0.005 -22"><span class='ocrx_word' id='word_1_428' title='bbox 633 4143 690 4199; x_wconf 69' lang='lat'><strong>4.</strong></span> <span class='ocrx_word' id='word_1_429' title='bbox 720 4145 918 4202; x_wconf 80' lang='lat' dir='ltr'><strong>Ratum</strong></span> <span class='ocrx_word' id='word_1_430' title='bbox 942 4149 1194 4204; x_wconf 85' lang='lat' dir='ltr'><strong>duximus</strong></span> <span class='ocrx_word' id='word_1_431' title='bbox 1218 4149 1529 4206; x_wconf 87' lang='lat' dir='ltr'><strong>necessitati</strong></span> <span class='ocrx_word' id='word_1_432' title='bbox 1553 4150 1838 4207; x_wconf 89' lang='lat' dir='ltr'><strong>consulere</strong></span> <span class='ocrx_word' id='word_1_433' title='bbox 1860 4159 1916 4205; x_wconf 89' lang='lat' dir='ltr'><strong>et</strong></span> <span class='ocrx_word' id='word_1_434' title='bbox 1939 4150 2156 4220; x_wconf 89' lang='lat' dir='ltr'><strong>dispen-</strong></span> 
     </span>
    </p>
   </div>
   <div class='ocr_carea' id='block_1_60' title="bbox 560 4237 2156 4313">
    <p class='ocr_par' dir='ltr' id='par_1_60' title="bbox 560 4237 2156 4313">
     <span class='ocr_line' id='line_1_60' title="bbox 560 4237 2156 4313; baseline 0.003 -20"><span class='ocrx_word' id='word_1_435' title='bbox 560 4237 802 4294; x_wconf 86' lang='lat' dir='ltr'><strong>sationes</strong></span> <span class='ocrx_word' id='word_1_436' title='bbox 845 4237 1244 4297; x_wconf 87' lang='lat' dir='ltr'><strong>ecclesiasticas</strong></span> <span class='ocrx_word' id='word_1_437' title='bbox 1287 4257 1388 4312; x_wconf 90' lang='lat' dir='ltr'><strong>pro</strong></span> <span class='ocrx_word' id='word_1_438' title='bbox 1433 4252 1678 4313; x_wconf 89' lang='lat' dir='ltr'><strong>tempore</strong></span> <span class='ocrx_word' id='word_1_439' title='bbox 1729 4257 1839 4297; x_wconf 88' lang='lat' dir='ltr'><strong>non</strong></span> <span class='ocrx_word' id='word_1_440' title='bbox 1893 4258 2156 4313; x_wconf 84' lang='lat' dir='ltr'><strong>praesum-</strong></span> 
     </span>
    </p>
   </div>
   <div class='ocr_carea' id='block_1_61' title="bbox 557 4332 2155 4407">
    <p class='ocr_par' dir='ltr' id='par_1_61' title="bbox 557 4332 2155 4407">
     <span class='ocr_line' id='line_1_61' title="bbox 557 4332 2155 4407; baseline 0.004 -21"><span class='ocrx_word' id='word_1_441' title='bbox 557 4332 746 4405; x_wconf 90' lang='lat' dir='ltr'><strong>ptione</strong></span> <span class='ocrx_word' id='word_1_442' title='bbox 778 4333 825 4400; x_wconf 73' lang='grc'><strong>⁸,</strong></span> <span class='ocrx_word' id='word_1_443' title='bbox 856 4334 953 4390; x_wconf 90' lang='lat' dir='ltr'><strong>sed</strong></span> <span class='ocrx_word' id='word_1_444' title='bbox 999 4336 1327 4390; x_wconf 83' lang='lat' dir='ltr'><strong>necessitate</strong></span> <span class='ocrx_word' id='word_1_445' title='bbox 1371 4336 1650 4407; x_wconf 66' lang='lat' dir='ltr'><strong>prazvisas,</strong></span> <span class='ocrx_word' id='word_1_446' title='bbox 1683 4335 1997 4406; x_wconf 90' lang='lat' dir='ltr'><strong>apostolica,</strong></span> <span class='ocrx_word' id='word_1_447' title='bbox 2046 4336 2155 4392; x_wconf 90' lang='lat' dir='ltr'><strong>imo</strong></span> 
     </span>
    </p>
   </div>
   <div class='ocr_carea' id='block_1_62' title="bbox 557 4425 2155 4498">
    <p class='ocr_par' dir='ltr' id='par_1_62' title="bbox 557 4425 2155 4498">
     <span class='ocr_line' id='line_1_62' title="bbox 557 4425 2155 4498; baseline 0.001 -19"><span class='ocrx_word' id='word_1_448' title='bbox 557 4425 820 4482; x_wconf 91' lang='lat' dir='ltr'><strong>canonica</strong></span> <span class='ocrx_word' id='word_1_449' title='bbox 849 4425 1190 4484; x_wconf 89' lang='lat' dir='ltr'><strong>institutione</strong></span> <span class='ocrx_word' id='word_1_450' title='bbox 1212 4427 1430 4483; x_wconf 87' lang='lat' dir='ltr'><strong>formati</strong></span> <span class='ocrx_word' id='word_1_451' title='bbox 1481 4428 1782 4484; x_wconf 88' lang='lat' dir='ltr'><strong>verissimis</strong></span> <span class='ocrx_word' id='word_1_452' title='bbox 1811 4427 2155 4498; x_wconf 80' lang='lat' dir='ltr'><strong>constitutio-</strong></span> 
     </span>
    </p>
   </div>
   <div class='ocr_carea' id='block_1_63' title="bbox 557 4518 2148 4594">
    <p class='ocr_par' dir='ltr' id='par_1_63' title="bbox 557 4518 2148 4594">
     <span class='ocr_line' id='line_1_63' title="bbox 557 4518 2148 4594; baseline 0.001 -20"><span class='ocrx_word' id='word_1_453' title='bbox 557 4518 720 4576; x_wconf 90' lang='lat' dir='ltr'><strong>nibus</strong></span> <span class='ocrx_word' id='word_1_454' title='bbox 751 4521 1076 4592; x_wconf 87' lang='lat' dir='ltr'><strong>approbare,</strong></span> <span class='ocrx_word' id='word_1_455' title='bbox 1101 4537 1170 4577; x_wconf 89' lang='lat' dir='ltr'><strong>ne</strong></span> <span class='ocrx_word' id='word_1_456' title='bbox 1213 4530 1401 4577; x_wconf 92' lang='lat' dir='ltr'><strong>contra</strong></span> <span class='ocrx_word' id='word_1_457' title='bbox 1443 4521 1642 4594; x_wconf 86' lang='lat' dir='ltr'><strong>Moysis</strong></span> <span class='ocrx_word' id='word_1_458' title='bbox 1669 4519 1874 4592; x_wconf 77' lang='lat' dir='ltr'><strong>legiferi</strong></span> <span class='ocrx_word' id='word_1_459' title='bbox 1908 4521 2148 4577; x_wconf 90' lang='lat' dir='ltr'><strong>sanctio-</strong></span> 
     </span>
    </p>
   </div>
   <div class='ocr_carea' id='block_1_64' title="bbox 557 4612 2150 4684">
    <p class='ocr_par' dir='ltr' id='par_1_64' title="bbox 557 4612 2150 4684">
     <span class='ocr_line' id='line_1_64' title="bbox 557 4612 2150 4684; baseline 0.002 -18"><span class='ocrx_word' id='word_1_460' title='bbox 557 4627 680 4666; x_wconf 86' lang='lat' dir='ltr'><strong>nem</strong></span> <span class='ocrx_word' id='word_1_461' title='bbox 721 4612 773 4668; x_wconf 91' lang='lat' dir='ltr'><strong>id</strong></span> <span class='ocrx_word' id='word_1_462' title='bbox 804 4613 947 4684; x_wconf 88' lang='lat' dir='ltr'><strong>quod</strong></span> <span class='ocrx_word' id='word_1_463' title='bbox 973 4612 1178 4682; x_wconf 89' lang='lat' dir='ltr'><strong>justum</strong></span> <span class='ocrx_word' id='word_1_464' title='bbox 1217 4623 1304 4669; x_wconf 91' lang='lat' dir='ltr'><strong>est</strong></span> <span class='ocrx_word' id='word_1_465' title='bbox 1349 4628 1454 4668; x_wconf 93' lang='lat' dir='ltr'><strong>non</strong></span> <span class='ocrx_word' id='word_1_466' title='bbox 1491 4612 1640 4683; x_wconf 87' lang='lat' dir='ltr'><strong>juste</strong></span> <span class='ocrx_word' id='word_1_467' title='bbox 1669 4614 2016 4684; x_wconf 87' lang='lat' dir='ltr'><strong>insequentes</strong></span> <span class='ocrx_word' id='word_1_468' title='bbox 2051 4613 2150 4669; x_wconf 89' lang='lat' dir='ltr'><strong>ad-</strong></span> 
     </span>
    </p>
   </div>
   <div class='ocr_carea' id='block_1_65' title="bbox 556 4707 2148 4779">
    <p class='ocr_par' dir='ltr' id='par_1_65' title="bbox 556 4707 2148 4779">
     <span class='ocr_line' id='line_1_65' title="bbox 556 4707 2148 4779; baseline 0 -17"><span class='ocrx_word' id='word_1_469' title='bbox 556 4721 770 4762; x_wconf 85' lang='lat' dir='ltr'><strong>versum</strong></span> <span class='ocrx_word' id='word_1_470' title='bbox 813 4707 1120 4764; x_wconf 89' lang='lat' dir='ltr'><strong>Salomonis</strong></span> <span class='ocrx_word' id='word_1_471' title='bbox 1149 4717 1479 4779; x_wconf 73' lang='lat' dir='ltr'><strong>przeceptum</strong></span> <span class='ocrx_word' id='word_1_472' title='bbox 1517 4708 1698 4763; x_wconf 72' lang='lat' dir='ltr'><strong>nimia:</strong></span> <span class='ocrx_word' id='word_1_473' title='bbox 1729 4708 1956 4778; x_wconf 68' lang='lat' dir='ltr'><strong>justitice</strong></span> <span class='ocrx_word' id='word_1_474' title='bbox 1983 4718 2037 4763; x_wconf 88' lang='lat' dir='ltr'><strong>et</strong></span> <span class='ocrx_word' id='word_1_475' title='bbox 2067 4708 2148 4762; x_wconf 86' lang='lat' dir='ltr'><strong>in-</strong></span> 
     </span>
    </p>
   </div>
   <div class='ocr_carea' id='block_1_66' title="bbox 554 4803 2150 4870">
    <p class='ocr_par' dir='ltr' id='par_1_66' title="bbox 554 4803 2150 4870">
     <span class='ocr_line' id='line_1_66' title="bbox 554 4803 2150 4870; baseline 0.003 -16"><span class='ocrx_word' id='word_1_476' title='bbox 554 4806 852 4870; x_wconf 90' lang='lat' dir='ltr'><strong>temperate</strong></span> <span class='ocrx_word' id='word_1_477' title='bbox 881 4819 980 4858; x_wconf 92' lang='lat' dir='ltr'><strong>nos</strong></span> <span class='ocrx_word' id='word_1_478' title='bbox 1007 4803 1394 4860; x_wconf 86' lang='lat' dir='ltr'><strong>denotaremus</strong></span> <span class='ocrx_word' id='word_1_479' title='bbox 1421 4803 1666 4859; x_wconf 82' lang='lat' dir='ltr'><strong>infamia.</strong></span> <span class='ocrx_word' id='word_1_480' title='bbox 1709 4803 2021 4860; x_wconf 81' lang='lat' dir='ltr'><strong>Recolenda</strong></span> <span class='ocrx_word' id='word_1_481' title='bbox 2065 4810 2150 4859; x_wconf 91' lang='lat' dir='ltr'><strong>est</strong></span> 
     </span>
    </p>
   </div>
   <div class='ocr_carea' id='block_1_67' title="bbox 556 4892 2150 4969">
    <p class='ocr_par' dir='ltr' id='par_1_67' title="bbox 556 4892 2150 4969">
     <span class='ocr_line' id='line_1_67' title="bbox 556 4892 2150 4969; baseline 0.003 -22"><span class='ocrx_word' id='word_1_482' title='bbox 556 4892 660 4947; x_wconf 89' lang='lat' dir='ltr'><strong>hoc</strong></span> <span class='ocrx_word' id='word_1_483' title='bbox 692 4893 809 4948; x_wconf 92' lang='lat' dir='ltr'><strong>loco</strong></span> <span class='ocrx_word' id='word_1_484' title='bbox 847 4894 1144 4951; x_wconf 87' lang='lat' dir='ltr'><strong>Innocentii</strong></span> <span class='ocrx_word' id='word_1_485' title='bbox 1177 4897 1464 4953; x_wconf 89' lang='lat' dir='ltr'><strong>clarissimi</strong></span> <span class='ocrx_word' id='word_1_486' title='bbox 1510 4913 1660 4969; x_wconf 73' lang='lat' dir='ltr'><strong>papzc</strong></span> <span class='ocrx_word' id='word_1_487' title='bbox 1702 4898 1767 4952; x_wconf 87' lang='lat' dir='ltr'><strong>ad</strong></span> <span class='ocrx_word' id='word_1_488' title='bbox 1811 4896 2044 4953; x_wconf 81' lang='lat' dir='ltr'><strong>Rubium</strong></span> <span class='ocrx_word' id='word_1_489' title='bbox 2093 4904 2150 4952; x_wconf 91' lang='lat' dir='ltr'><strong>et</strong></span> 
     </span>
    </p>
   </div>
   <div class='ocr_carea' id='block_1_68' title="bbox 554 4980 2147 5061">
    <p class='ocr_par' dir='ltr' id='par_1_68' title="bbox 554 4980 2147 5061">
     <span class='ocr_line' id='line_1_68' title="bbox 554 4980 2147 5061; baseline 0.004 -24"><span class='ocrx_word' id='word_1_490' title='bbox 554 4980 847 5040; x_wconf 86' lang='lat' dir='ltr'><strong>Eusebium</strong></span> <span class='ocrx_word' id='word_1_491' title='bbox 881 4987 1502 5061; x_wconf 60' lang='lat' dir='ltr'><strong>caeterisqueppiseopis</strong></span> <span class='ocrx_word' id='word_1_492' title='bbox 1527 5004 1688 5060; x_wconf 83' lang='lat' dir='ltr'><strong>quam</strong></span> <span class='ocrx_word' id='word_1_493' title='bbox 1715 5004 1814 5060; x_wconf 91' lang='lat' dir='ltr'><strong>pro</strong></span> <span class='ocrx_word' id='word_1_494' title='bbox 1846 4987 2026 5043; x_wconf 79' lang='lat' dir='ltr'><strong>Fotini</strong></span> <span class='ocrx_word' id='word_1_495' title='bbox 2060 5003 2147 5044; x_wconf 88' lang='lat' dir='ltr'><strong>re-</strong></span> 
     </span>
    </p>
   </div>
   <div class='ocr_carea' id='block_1_69' title="bbox 552 5073 2146 5147">
    <p class='ocr_par' dir='ltr' id='par_1_69' title="bbox 552 5073 2146 5147">
     <span class='ocr_line' id='line_1_69' title="bbox 552 5073 2146 5147; baseline 0.003 -20"><span class='ocrx_word' id='word_1_496' title='bbox 552 5073 890 5130; x_wconf 82' lang='lat' dir='ltr'><strong>stauratione</strong></span> <span class='ocrx_word' id='word_1_497' title='bbox 919 5075 1204 5132; x_wconf 88' lang='lat' dir='ltr'><strong>intentavit</strong></span> <span class='ocrx_word' id='word_1_498' title='bbox 1233 5079 1584 5144; x_wconf 87' lang='lat' dir='ltr'><strong>sententiam,</strong></span> <span class='ocrx_word' id='word_1_499' title='bbox 1613 5087 1667 5135; x_wconf 91' lang='lat' dir='ltr'><strong>et</strong></span> <span class='ocrx_word' id='word_1_500' title='bbox 1693 5077 1810 5147; x_wconf 84' lang='lat' dir='ltr'><strong>ejus</strong></span> <span class='ocrx_word' id='word_1_501' title='bbox 1835 5078 1924 5133; x_wconf 87' lang='lat' dir='ltr'><strong>hie</strong></span> <span class='ocrx_word' id='word_1_502' title='bbox 1955 5091 2146 5132; x_wconf 86' lang='lat' dir='ltr'><strong>recen-</strong></span> 
     </span>
    </p>
   </div>
   <div class='ocr_carea' id='block_1_70' title="bbox 553 5165 2144 5243">
    <p class='ocr_par' dir='ltr' id='par_1_70' title="bbox 553 5165 2144 5243">
     <span class='ocr_line' id='line_1_70' title="bbox 553 5165 2144 5243; baseline 0.001 -20"><span class='ocrx_word' id='word_1_503' title='bbox 553 5165 720 5223; x_wconf 87' lang='lat' dir='ltr'><strong>senda</strong></span> <span class='ocrx_word' id='word_1_504' title='bbox 743 5176 870 5225; x_wconf 90' lang='lat' dir='ltr'><strong>sunt</strong></span> <span class='ocrx_word' id='word_1_505' title='bbox 887 5170 1108 5227; x_wconf 90' lang='lat' dir='ltr'><strong>oracula</strong></span> <span class='ocrx_word' id='word_1_506' title='bbox 1142 5173 1468 5238; x_wconf 89' lang='lat' dir='ltr'><strong>veneranda,</strong></span> <span class='ocrx_word' id='word_1_507' title='bbox 1501 5172 1592 5242; x_wconf 92' lang='lat' dir='ltr'><strong>qui</strong></span> <span class='ocrx_word' id='word_1_508' title='bbox 1616 5180 1739 5243; x_wconf 89' lang='lat' dir='ltr'><strong>post</strong></span> <span class='ocrx_word' id='word_1_509' title='bbox 1766 5171 1934 5226; x_wconf 90' lang='lat' dir='ltr'><strong>multa</strong></span> <span class='ocrx_word' id='word_1_510' title='bbox 1963 5169 2144 5241; x_wconf 88' lang='lat' dir='ltr'><strong>splen-</strong></span> 
     </span>
    </p>
   </div>
   <div class='ocr_carea' id='block_1_71' title="bbox 553 5256 2138 5330">
    <p class='ocr_par' dir='ltr' id='par_1_71' title="bbox 553 5256 2138 5330">
     <span class='ocr_line' id='line_1_71' title="bbox 553 5256 2138 5330; baseline 0.004 -17"><span class='ocrx_word' id='word_1_511' title='bbox 553 5256 675 5315; x_wconf 88' lang='lat' dir='ltr'><strong>dide</strong></span> <span class='ocrx_word' id='word_1_512' title='bbox 695 5265 1026 5330; x_wconf 88' lang='lat' dir='ltr'><strong>pertractata</strong></span> <span class='ocrx_word' id='word_1_513' title='bbox 1056 5263 1237 5321; x_wconf 86' lang='lat' dir='ltr'><strong>taliter</strong></span> <span class='ocrx_word' id='word_1_514' title='bbox 1266 5264 1448 5322; x_wconf 89' lang='lat' dir='ltr'><strong>intulit</strong></span> <span class='ocrx_word' id='word_1_515' title='bbox 1474 5281 1488 5320; x_wconf 87' lang='lat'><strong>:</strong></span> <span class='ocrx_word' id='word_1_516' title='bbox 1512 5283 1532 5316; x_wconf 72' lang='grc' dir='ltr'>ι</span> <span class='ocrx_word' id='word_1_517' title='bbox 1564 5263 1838 5320; x_wconf 90' lang='lat' dir='ltr'><strong>Sollicitos</strong></span> <span class='ocrx_word' id='word_1_518' title='bbox 1867 5263 2013 5319; x_wconf 89' lang='lat' dir='ltr'><strong>enim</strong></span> <span class='ocrx_word' id='word_1_519' title='bbox 2043 5277 2138 5319; x_wconf 90' lang='lat' dir='ltr'><strong>vos</strong></span> 
     </span>
    </p>
   </div>
   <div class='ocr_carea' id='block_1_72' title="bbox 619 5435 1014 5510">
    <p class='ocr_par' dir='ltr' id='par_1_72' title="bbox 619 5435 1014 5510">
     <span class='ocr_line' id='line_1_72' title="bbox 619 5435 1014 5510; baseline 0.008 -18"><span class='ocrx_word' id='word_1_520' title='bbox 619 5447 648 5510; x_wconf 60' lang='grc' dir='ltr'><strong><em>ξ</em></strong></span> <span class='ocrx_word' id='word_1_521' title='bbox 673 5435 872 5510; x_wconf 63' lang='lat' dir='ltr'><strong>Epist,</strong></span> <span class='ocrx_word' id='word_1_522' title='bbox 901 5441 1014 5510; x_wconf 82' lang='lat' dir='ltr'><strong>qui.</strong></span> 
     </span>
    </p>
   </div>
   <div class='ocr_carea' id='block_1_73' title="bbox 618 5506 984 5567">
    <p class='ocr_par' dir='ltr' id='par_1_73' title="bbox 618 5506 984 5567">
     <span class='ocr_line' id='line_1_73' title="bbox 618 5506 984 5567; baseline 0.014 -6"><span class='ocrx_word' id='word_1_523' title='bbox 618 5506 648 5548; x_wconf 67' lang='grc' dir='ltr'>δ</span> <span class='ocrx_word' id='word_1_524' title='bbox 673 5506 793 5567; x_wconf 60' lang='lat' dir='ltr'><strong>us.</strong></span> <span class='ocrx_word' id='word_1_525' title='bbox 819 5506 984 5567; x_wconf 81' lang='lat' dir='ltr'><strong>davit.</strong></span> 
     </span>
    </p>
   </div>
   <div class='ocr_carea' id='block_1_74' title="bbox 619 5578 1698 5656">
    <p class='ocr_par' dir='ltr' id='par_1_74' title="bbox 619 5578 1698 5656">
     <span class='ocr_line' id='line_1_74' title="bbox 619 5578 1698 5656; baseline -0.003 -19"><span class='ocrx_word' id='word_1_526' title='bbox 619 5589 642 5656; x_wconf 66' lang='grc' dir='ltr'><strong>ξ</strong></span> <span class='ocrx_word' id='word_1_527' title='bbox 673 5578 872 5656; x_wconf 48' lang='lat' dir='ltr'><strong>Epist&quot;</strong></span> <span class='ocrx_word' id='word_1_528' title='bbox 890 5582 1100 5654; x_wconf 75' lang='lat' dir='ltr'><strong>judicio</strong></span> <span class='ocrx_word' id='word_1_529' title='bbox 1117 5599 1345 5655; x_wconf 71' lang='lat' dir='ltr'><strong>propria:</strong></span> <span class='ocrx_word' id='word_1_530' title='bbox 1373 5585 1541 5656; x_wconf 75' lang='lat' dir='ltr'><strong>culpa-</strong></span> <span class='ocrx_word' id='word_1_531' title='bbox 1564 5593 1698 5639; x_wconf 74' lang='lat' dir='ltr'><strong>erat.</strong></span> 
     </span>
    </p>
   </div>
   <div class='ocr_carea' id='block_1_75' title="bbox 611 5649 1109 5719">
    <p class='ocr_par' dir='ltr' id='par_1_75' title="bbox 611 5649 1109 5719">
     <span class='ocr_line' id='line_1_75' title="bbox 611 5649 1109 5719; baseline 0.01 -14"><span class='ocrx_word' id='word_1_532' title='bbox 611 5649 638 5689; x_wconf 77' lang='grc' dir='ltr'>ά</span> <span class='ocrx_word' id='word_1_533' title='bbox 670 5649 792 5719; x_wconf 53' lang='lat' dir='ltr'><strong>Et»,</strong></span> <span class='ocrx_word' id='word_1_534' title='bbox 815 5649 1109 5710; x_wconf 74' lang='lat' dir='ltr'><strong>hominum.</strong></span> 
     </span>
    </p>
   </div>
   <div class='ocr_carea' id='block_1_76' title="bbox 618 5718 1438 5791">
    <p class='ocr_par' dir='ltr' id='par_1_76' title="bbox 618 5718 1438 5791">
     <span class='ocr_line' id='line_1_76' title="bbox 618 5718 1438 5791; baseline 0.002 -11"><span class='ocrx_word' id='word_1_535' title='bbox 618 5733 641 5791; x_wconf 52' lang='grc' dir='ltr'><strong>ὲ</strong></span> <span class='ocrx_word' id='word_1_536' title='bbox 671 5718 799 5791; x_wconf 47' lang='lat' dir='ltr'><strong>Ep”</strong></span> <span class='ocrx_word' id='word_1_537' title='bbox 841 5725 1032 5791; x_wconf 75' lang='lat' dir='ltr'><strong>o/l‘erre</strong></span> <span class='ocrx_word' id='word_1_538' title='bbox 1062 5724 1129 5780; x_wconf 83' lang='grc' dir='ltr'><strong>ι).</strong></span> <span class='ocrx_word' id='word_1_539' title='bbox 1170 5745 1224 5781; x_wconf 86' lang='grc' dir='ltr'><strong>η.</strong></span> <span class='ocrx_word' id='word_1_540' title='bbox 1255 5742 1438 5782; x_wconf 78' lang='lat' dir='ltr'><strong>unam.</strong></span> 
     </span>
    </p>
   </div>
   <div class='ocr_carea' id='block_1_77' title="bbox 616 5787 1028 5862">
    <p class='ocr_par' dir='ltr' id='par_1_77' title="bbox 616 5787 1028 5862">
     <span class='ocr_line' id='line_1_77' title="bbox 616 5787 1028 5862; baseline 0.015 -19"><span class='ocrx_word' id='word_1_541' title='bbox 616 5789 637 5829; x_wconf 68' lang='grc' dir='ltr'><strong><em>ἲ</em></strong></span> <span class='ocrx_word' id='word_1_542' title='bbox 671 5787 768 5844; x_wconf 80' lang='lat' dir='ltr'><strong>Ms.</strong></span> <span class='ocrx_word' id='word_1_543' title='bbox 781 5831 796 5859; x_wconf 84' lang='lat'><strong>,</strong></span> <span class='ocrx_word' id='word_1_544' title='bbox 823 5787 1028 5862; x_wconf 64' lang='lat' dir='ltr'><strong>inquit.</strong></span> 
     </span>
    </p>
   </div>
   <div class='ocr_carea' id='block_1_78' title="bbox 2275 1925 3795 1998">
    <p class='ocr_par' dir='ltr' id='par_1_78' title="bbox 2275 1925 3795 1998">
     <span class='ocr_line' id='line_1_78' title="bbox 2275 1925 3795 1998; baseline 0.001 -20"><span class='ocrx_word' id='word_1_545' title='bbox 2275 1925 2572 1995; x_wconf 88' lang='lat' dir='ltr'><strong>quemlibet</strong></span> <span class='ocrx_word' id='word_1_546' title='bbox 2600 1927 3044 1997; x_wconf 85' lang='lat' dir='ltr'><strong>superbissimum</strong></span> <span class='ocrx_word' id='word_1_547' title='bbox 3080 1938 3332 1998; x_wconf 88' lang='lat' dir='ltr'><strong>proterve</strong></span> <span class='ocrx_word' id='word_1_548' title='bbox 3369 1926 3654 1992; x_wconf 85' lang='lat' dir='ltr'><strong>defendere,</strong></span> <span class='ocrx_word' id='word_1_549' title='bbox 3674 1926 3737 1981; x_wconf 86' lang='lat' dir='ltr'><strong>vel</strong></span> <span class='ocrx_word' id='word_1_550' title='bbox 3757 1927 3795 1980; x_wconf 90' lang='lat' dir='ltr'><strong>in</strong></span> 
     </span>
    </p>
   </div>
   <div class='ocr_carea' id='block_1_79' title="bbox 2273 2017 3796 2090">
    <p class='ocr_par' dir='ltr' id='par_1_79' title="bbox 2273 2017 3796 2090">
     <span class='ocr_line' id='line_1_79' title="bbox 2273 2017 3796 2090; baseline 0 -20"><span class='ocrx_word' id='word_1_551' title='bbox 2273 2025 2428 2087; x_wconf 89' lang='lat' dir='ltr'><strong>parte</strong></span> <span class='ocrx_word' id='word_1_552' title='bbox 2455 2017 2708 2071; x_wconf 88' lang='lat' dir='ltr'><strong>sedentes</strong></span> <span class='ocrx_word' id='word_1_553' title='bbox 2741 2017 3111 2072; x_wconf 91' lang='lat' dir='ltr'><strong>universitatis</strong></span> <span class='ocrx_word' id='word_1_554' title='bbox 3137 2017 3511 2090; x_wconf 85' lang='lat' dir='ltr'><strong>derelinquere</strong></span> <span class='ocrx_word' id='word_1_555' title='bbox 3536 2033 3654 2072; x_wconf 90' lang='lat' dir='ltr'><strong>ausu</strong></span> <span class='ocrx_word' id='word_1_556' title='bbox 3677 2027 3796 2071; x_wconf 71' lang='lat' dir='ltr'><strong>teme</strong></span> 
     </span>
    </p>
   </div>
   <div class='ocr_carea' id='block_1_80' title="bbox 2274 2107 3794 2181">
    <p class='ocr_par' dir='ltr' id='par_1_80' title="bbox 2274 2107 3794 2181">
     <span class='ocr_line' id='line_1_80' title="bbox 2274 2107 3794 2181; baseline -0.003 -17"><span class='ocrx_word' id='word_1_557' title='bbox 2274 2110 2418 2164; x_wconf 90' lang='lat' dir='ltr'><strong>rario</strong></span> <span class='ocrx_word' id='word_1_558' title='bbox 2444 2108 2622 2163; x_wconf 92' lang='lat' dir='ltr'><strong>nitunt</strong></span> <span class='ocrx_word' id='word_1_559' title='bbox 2646 2107 2952 2181; x_wconf 82' lang='lat' dir='ltr'><strong>collegium,</strong></span> <span class='ocrx_word' id='word_1_560' title='bbox 2981 2108 3330 2166; x_wconf 84' lang='lat' dir='ltr'><strong>maledictum</strong></span> <span class='ocrx_word' id='word_1_561' title='bbox 3356 2108 3690 2166; x_wconf 88' lang='lat' dir='ltr'><strong>obstinatione</strong></span> <span class='ocrx_word' id='word_1_562' title='bbox 3708 2121 3794 2176; x_wconf 80' lang='lat' dir='ltr'><strong>per-</strong></span> 
     </span>
    </p>
   </div>
   <div class='ocr_carea' id='block_1_81' title="bbox 2273 2198 3794 2272">
    <p class='ocr_par' dir='ltr' id='par_1_81' title="bbox 2273 2198 3794 2272">
     <span class='ocr_line' id='line_1_81' title="bbox 2273 2198 3794 2272; baseline -0.001 -18"><span class='ocrx_word' id='word_1_563' title='bbox 2273 2198 2414 2255; x_wconf 66' lang='lat' dir='ltr'><strong>ﬁdiae</strong></span> <span class='ocrx_word' id='word_1_564' title='bbox 2434 2210 2800 2272; x_wconf 81' lang='lat' dir='ltr'><strong>protegentes,</strong></span> <span class='ocrx_word' id='word_1_565' title='bbox 2824 2209 2878 2256; x_wconf 91' lang='lat' dir='ltr'><strong>et</strong></span> <span class='ocrx_word' id='word_1_566' title='bbox 2897 2201 3062 2270; x_wconf 90' lang='lat' dir='ltr'><strong>impio</strong></span> <span class='ocrx_word' id='word_1_567' title='bbox 3087 2201 3316 2257; x_wconf 86' lang='lat' dir='ltr'><strong>cuilibet</strong></span> <span class='ocrx_word' id='word_1_568' title='bbox 3330 2201 3555 2259; x_wconf 82' lang='lat' dir='ltr'><strong>ferentes</strong></span> <span class='ocrx_word' id='word_1_569' title='bbox 3574 2199 3794 2264; x_wconf 78' lang='lat' dir='ltr'><strong>auxilium,</strong></span> 
     </span>
    </p>
   </div>
   <div class='ocr_carea' id='block_1_82' title="bbox 2272 2290 3793 2368">
    <p class='ocr_par' dir='ltr' id='par_1_82' title="bbox 2272 2290 3793 2368">
     <span class='ocr_line' id='line_1_82' title="bbox 2272 2290 3793 2368; baseline -0.001 -20"><span class='ocrx_word' id='word_1_570' title='bbox 2272 2291 2392 2348; x_wconf 92' lang='lat' dir='ltr'><strong>illas</strong></span> <span class='ocrx_word' id='word_1_571' title='bbox 2419 2292 2699 2361; x_wconf 78' lang='lat' dir='ltr'><strong>generales</strong></span> <span class='ocrx_word' id='word_1_572' title='bbox 2723 2293 3023 2347; x_wconf 88' lang='lat' dir='ltr'><strong>sententias</strong></span> <span class='ocrx_word' id='word_1_573' title='bbox 3049 2295 3343 2352; x_wconf 88' lang='lat' dir='ltr'><strong>verissime</strong></span> <span class='ocrx_word' id='word_1_574' title='bbox 3385 2303 3669 2368; x_wconf 75' lang='lat' dir='ltr'><strong>cctnpctunt</strong></span> <span class='ocrx_word' id='word_1_575' title='bbox 3693 2311 3704 2347; x_wconf 88' lang='lat'><strong>:</strong></span> <span class='ocrx_word' id='word_1_576' title='bbox 3730 2290 3793 2347; x_wconf 89' lang='lat' dir='ltr'><strong>isti</strong></span> 
     </span>
    </p>
   </div>
   <div class='ocr_carea' id='block_1_83' title="bbox 2273 2383 3791 2455">
    <p class='ocr_par' dir='ltr' id='par_1_83' title="bbox 2273 2383 3791 2455">
     <span class='ocr_line' id='line_1_83' title="bbox 2273 2383 3791 2455; baseline -0.001 -16"><span class='ocrx_word' id='word_1_577' title='bbox 2273 2399 2402 2439; x_wconf 90' lang='lat' dir='ltr'><strong>vero</strong></span> <span class='ocrx_word' id='word_1_578' title='bbox 2441 2398 2579 2454; x_wconf 87' lang='lat' dir='ltr'><strong>quos</strong></span> <span class='ocrx_word' id='word_1_579' title='bbox 2629 2383 2827 2455; x_wconf 90' lang='lat' dir='ltr'><strong>impius</strong></span> <span class='ocrx_word' id='word_1_580' title='bbox 2873 2385 3194 2442; x_wconf 85' lang='lat' dir='ltr'><strong>crudelitate</strong></span> <span class='ocrx_word' id='word_1_581' title='bbox 3233 2396 3295 2443; x_wconf 91' lang='lat' dir='ltr'><strong>et</strong></span> <span class='ocrx_word' id='word_1_582' title='bbox 3348 2387 3624 2443; x_wconf 88' lang='lat' dir='ltr'><strong>acerbitate</strong></span> <span class='ocrx_word' id='word_1_583' title='bbox 3661 2384 3791 2438; x_wconf 78' lang='lat' dir='ltr'><strong>invisa</strong></span> 
     </span>
    </p>
   </div>
   <div class='ocr_carea' id='block_1_84' title="bbox 2269 2477 3792 2548">
    <p class='ocr_par' dir='ltr' id='par_1_84' title="bbox 2269 2477 3792 2548">
     <span class='ocr_line' id='line_1_84' title="bbox 2269 2477 3792 2548; baseline 0 -18"><span class='ocrx_word' id='word_1_584' title='bbox 2269 2477 2594 2548; x_wconf 86' lang='lat' dir='ltr'><strong>perdomuit,</strong></span> <span class='ocrx_word' id='word_1_585' title='bbox 2641 2479 3029 2548; x_wconf 89' lang='lat' dir='ltr'><strong>pcrearceralis</strong></span> <span class='ocrx_word' id='word_1_586' title='bbox 3071 2480 3312 2536; x_wconf 85' lang='lat' dir='ltr'><strong>claustra</strong></span> <span class='ocrx_word' id='word_1_587' title='bbox 3341 2483 3358 2523; x_wconf 77' lang='grc' dir='ltr'>ί</span> <span class='ocrx_word' id='word_1_588' title='bbox 3397 2493 3443 2538; x_wconf 92' lang='lat' dir='ltr'><strong>et</strong></span> <span class='ocrx_word' id='word_1_589' title='bbox 3473 2496 3624 2536; x_wconf 88' lang='lat' dir='ltr'><strong>onere</strong></span> <span class='ocrx_word' id='word_1_590' title='bbox 3653 2477 3792 2533; x_wconf 75' lang='lat' dir='ltr'><strong>nimia:</strong></span> 
     </span>
    </p>
   </div>
   <div class='ocr_carea' id='block_1_85' title="bbox 2269 2571 3792 2642">
    <p class='ocr_par' dir='ltr' id='par_1_85' title="bbox 2269 2571 3792 2642">
     <span class='ocr_line' id='line_1_85' title="bbox 2269 2571 3792 2642; baseline -0.005 -15"><span class='ocrx_word' id='word_1_591' title='bbox 2269 2586 2512 2627; x_wconf 74' lang='lat' dir='ltr'><strong>censurae</strong></span> <span class='ocrx_word' id='word_1_592' title='bbox 2566 2571 2846 2636; x_wconf 88' lang='lat' dir='ltr'><strong>contrivit,</strong></span> <span class='ocrx_word' id='word_1_593' title='bbox 2905 2573 2998 2642; x_wconf 87' lang='lat' dir='ltr'><strong>qui</strong></span> <span class='ocrx_word' id='word_1_594' title='bbox 3055 2573 3395 2630; x_wconf 87' lang='lat' dir='ltr'><strong>conscientia</strong></span> <span class='ocrx_word' id='word_1_595' title='bbox 3454 2582 3580 2630; x_wconf 90' lang='lat' dir='ltr'><strong>teste</strong></span> <span class='ocrx_word' id='word_1_596' title='bbox 3626 2583 3792 2640; x_wconf 79' lang='lat' dir='ltr'><strong>semper</strong></span> 
     </span>
    </p>
   </div>
   <div class='ocr_carea' id='block_1_86' title="bbox 2268 2664 3791 2740">
    <p class='ocr_par' dir='ltr' id='par_1_86' title="bbox 2268 2664 3791 2740">
     <span class='ocr_line' id='line_1_86' title="bbox 2268 2664 3791 2740; baseline -0.001 -20"><span class='ocrx_word' id='word_1_597' title='bbox 2268 2664 2610 2720; x_wconf 87' lang='lat' dir='ltr'><strong>maledictum</strong></span> <span class='ocrx_word' id='word_1_598' title='bbox 2637 2665 3110 2723; x_wconf 87' lang='lat' dir='ltr'><strong>maledictionibus</strong></span> <span class='ocrx_word' id='word_1_599' title='bbox 3133 2669 3500 2740; x_wconf 87' lang='lat' dir='ltr'><strong>insequentes,</strong></span> <span class='ocrx_word' id='word_1_600' title='bbox 3522 2683 3616 2724; x_wconf 92' lang='lat' dir='ltr'><strong>non</strong></span> <span class='ocrx_word' id='word_1_601' title='bbox 3635 2678 3791 2730; x_wconf 70' lang='lat' dir='ltr'><strong>arnore,</strong></span> 
     </span>
    </p>
   </div>
   <div class='ocr_carea' id='block_1_87' title="bbox 2267 2757 3792 2828">
    <p class='ocr_par' dir='ltr' id='par_1_87' title="bbox 2267 2757 3792 2828">
     <span class='ocr_line' id='line_1_87' title="bbox 2267 2757 3792 2828; baseline -0.001 -16"><span class='ocrx_word' id='word_1_602' title='bbox 2267 2772 2370 2812; x_wconf 89' lang='lat' dir='ltr'><strong>nec</strong></span> <span class='ocrx_word' id='word_1_603' title='bbox 2399 2757 2845 2828; x_wconf 53' lang='lat' dir='ltr'><strong>pertinacissimus</strong></span> <span class='ocrx_word' id='word_1_604' title='bbox 2875 2759 3170 2817; x_wconf 88' lang='lat' dir='ltr'><strong>voluntatis</strong></span> <span class='ocrx_word' id='word_1_605' title='bbox 3209 2772 3430 2828; x_wconf 90' lang='lat' dir='ltr'><strong>conatu,</strong></span> <span class='ocrx_word' id='word_1_606' title='bbox 3471 2761 3558 2818; x_wconf 88' lang='lat' dir='ltr'><strong>sed</strong></span> <span class='ocrx_word' id='word_1_607' title='bbox 3595 2758 3689 2815; x_wconf 81' lang='lat' dir='ltr'><strong>sola</strong></span> <span class='ocrx_word' id='word_1_608' title='bbox 3725 2772 3792 2811; x_wconf 85' lang='lat' dir='ltr'><strong>ne-</strong></span> 
     </span>
    </p>
   </div>
   <div class='ocr_carea' id='block_1_88' title="bbox 2266 2849 3794 2924">
    <p class='ocr_par' dir='ltr' id='par_1_88' title="bbox 2266 2849 3794 2924">
     <span class='ocr_line' id='line_1_88' title="bbox 2266 2849 3794 2924; baseline -0.001 -20"><span class='ocrx_word' id='word_1_609' title='bbox 2266 2849 2620 2916; x_wconf 86' lang='lat' dir='ltr'><strong>cessitudine,</strong></span> <span class='ocrx_word' id='word_1_610' title='bbox 2671 2859 2727 2907; x_wconf 86' lang='lat' dir='ltr'><strong>et</strong></span> <span class='ocrx_word' id='word_1_611' title='bbox 2770 2852 2933 2924; x_wconf 86' lang='lat' dir='ltr'><strong>regali</strong></span> <span class='ocrx_word' id='word_1_612' title='bbox 2975 2853 3218 2923; x_wconf 90' lang='lat' dir='ltr'><strong>jussione</strong></span> <span class='ocrx_word' id='word_1_613' title='bbox 3269 2855 3504 2920; x_wconf 84' lang='lat' dir='ltr'><strong>contriti,</strong></span> <span class='ocrx_word' id='word_1_614' title='bbox 3534 2849 3794 2909; x_wconf 84' lang='lat' dir='ltr'><strong>discretione</strong></span> 
     </span>
    </p>
   </div>
   <div class='ocr_carea' id='block_1_89' title="bbox 2267 2939 3791 3020">
    <p class='ocr_par' dir='ltr' id='par_1_89' title="bbox 2267 2939 3791 3020">
     <span class='ocr_line' id='line_1_89' title="bbox 2267 2939 3791 3020; baseline -0.003 -22"><span class='ocrx_word' id='word_1_615' title='bbox 2267 2941 2630 3009; x_wconf 89' lang='lat' dir='ltr'><strong>intendentes,</strong></span> <span class='ocrx_word' id='word_1_616' title='bbox 2697 2953 2753 3001; x_wconf 91' lang='lat' dir='ltr'><strong>et</strong></span> <span class='ocrx_word' id='word_1_617' title='bbox 2803 2945 3046 3016; x_wconf 85' lang='lat' dir='ltr'><strong>quotidie</strong></span> <span class='ocrx_word' id='word_1_618' title='bbox 3099 2949 3169 3004; x_wconf 90' lang='lat' dir='ltr'><strong>de</strong></span> <span class='ocrx_word' id='word_1_619' title='bbox 3221 2949 3332 3004; x_wconf 88' lang='lat' dir='ltr'><strong>vita</strong></span> <span class='ocrx_word' id='word_1_620' title='bbox 3383 2947 3586 3020; x_wconf 86' lang='lat' dir='ltr'><strong>propria</strong></span> <span class='ocrx_word' id='word_1_621' title='bbox 3627 2939 3791 3016; x_wconf 85' lang='lat' dir='ltr'><strong>pericli-</strong></span> 
     </span>
    </p>
   </div>
   <div class='ocr_carea' id='block_1_90' title="bbox 2268 3035 3790 3111">
    <p class='ocr_par' dir='ltr' id='par_1_90' title="bbox 2268 3035 3790 3111">
     <span class='ocr_line' id='line_1_90' title="bbox 2268 3035 3790 3111; baseline -0.004 -20"><span class='ocrx_word' id='word_1_622' title='bbox 2268 3044 2467 3098; x_wconf 88' lang='lat' dir='ltr'><strong>tantes,</strong></span> <span class='ocrx_word' id='word_1_623' title='bbox 2503 3035 2681 3107; x_wconf 90' lang='lat' dir='ltr'><strong>aliqua</strong></span> <span class='ocrx_word' id='word_1_624' title='bbox 2710 3051 2809 3108; x_wconf 92' lang='lat' dir='ltr'><strong>pro</strong></span> <span class='ocrx_word' id='word_1_625' title='bbox 2839 3045 3084 3109; x_wconf 90' lang='lat' dir='ltr'><strong>tempore</strong></span> <span class='ocrx_word' id='word_1_626' title='bbox 3113 3039 3434 3111; x_wconf 87' lang='lat' dir='ltr'><strong>dispensare</strong></span> <span class='ocrx_word' id='word_1_627' title='bbox 3475 3035 3636 3093; x_wconf 90' lang='lat' dir='ltr'><strong>conati</strong></span> <span class='ocrx_word' id='word_1_628' title='bbox 3665 3039 3790 3095; x_wconf 89' lang='lat' dir='ltr'><strong>sunt;</strong></span> 
     </span>
    </p>
   </div>
   <div class='ocr_carea' id='block_1_91' title="bbox 2268 3125 3790 3202">
    <p class='ocr_par' dir='ltr' id='par_1_91' title="bbox 2268 3125 3790 3202">
     <span class='ocr_line' id='line_1_91' title="bbox 2268 3125 3790 3202; baseline 0.003 -20"><span class='ocrx_word' id='word_1_629' title='bbox 2268 3143 2367 3183; x_wconf 94' lang='lat' dir='ltr'><strong>cur</strong></span> <span class='ocrx_word' id='word_1_630' title='bbox 2397 3129 2697 3201; x_wconf 86' lang='lat' dir='ltr'><strong>improvida</strong></span> <span class='ocrx_word' id='word_1_631' title='bbox 2720 3130 3079 3202; x_wconf 87' lang='lat' dir='ltr'><strong>insequuntur</strong></span> <span class='ocrx_word' id='word_1_632' title='bbox 3105 3132 3324 3190; x_wconf 88' lang='lat' dir='ltr'><strong>animus</strong></span> <span class='ocrx_word' id='word_1_633' title='bbox 3349 3132 3531 3188; x_wconf 89' lang='lat' dir='ltr'><strong>ordine</strong></span> <span class='ocrx_word' id='word_1_634' title='bbox 3561 3131 3574 3181; x_wconf 72' lang='grc' dir='ltr'><strong><em>ἱ</em></strong></span> <span class='ocrx_word' id='word_1_635' title='bbox 3605 3128 3672 3184; x_wconf 82' lang='lat' dir='ltr'><strong>vel</strong></span> <span class='ocrx_word' id='word_1_636' title='bbox 3697 3125 3790 3181; x_wconf 81' lang='lat' dir='ltr'><strong>alio-</strong></span> 
     </span>
    </p>
   </div>
   <div class='ocr_carea' id='block_1_92' title="bbox 2271 3216 3793 3295">
    <p class='ocr_par' dir='ltr' id='par_1_92' title="bbox 2271 3216 3793 3295">
     <span class='ocr_line' id='line_1_92' title="bbox 2271 3216 3793 3295; baseline -0.002 -19"><span class='ocrx_word' id='word_1_637' title='bbox 2271 3237 2390 3277; x_wconf 90' lang='lat' dir='ltr'><strong>rum</strong></span> <span class='ocrx_word' id='word_1_638' title='bbox 2422 3223 2488 3277; x_wconf 87' lang='lat' dir='ltr'><strong>de</strong></span> <span class='ocrx_word' id='word_1_639' title='bbox 2516 3223 2626 3278; x_wconf 89' lang='lat' dir='ltr'><strong>vita</strong></span> <span class='ocrx_word' id='word_1_640' title='bbox 2664 3224 2690 3265; x_wconf 69' lang='grc' dir='ltr'>ι</span> <span class='ocrx_word' id='word_1_641' title='bbox 2714 3223 3021 3295; x_wconf 88' lang='lat' dir='ltr'><strong>plectantur</strong></span> <span class='ocrx_word' id='word_1_642' title='bbox 3059 3226 3358 3290; x_wconf 89' lang='lat' dir='ltr'><strong>sententia,</strong></span> <span class='ocrx_word' id='word_1_643' title='bbox 3381 3225 3590 3282; x_wconf 91' lang='lat' dir='ltr'><strong>omnino</strong></span> <span class='ocrx_word' id='word_1_644' title='bbox 3628 3235 3714 3277; x_wconf 90' lang='lat' dir='ltr'><strong>non</strong></span> <span class='ocrx_word' id='word_1_645' title='bbox 3741 3216 3793 3272; x_wconf 47' lang='lat' dir='ltr'><strong>vi.</strong></span> 
     </span>
    </p>
   </div>
   <div class='ocr_carea' id='block_1_93' title="bbox 2271 3310 3791 3391">
    <p class='ocr_par' dir='ltr' id='par_1_93' title="bbox 2271 3310 3791 3391">
     <span class='ocr_line' id='line_1_93' title="bbox 2271 3310 3791 3391; baseline -0.004 -20"><span class='ocrx_word' id='word_1_646' title='bbox 2271 3315 2392 3371; x_wconf 90' lang='lat' dir='ltr'><strong>deo.</strong></span> <span class='ocrx_word' id='word_1_647' title='bbox 2417 3315 2776 3374; x_wconf 69' lang='lat' dir='ltr'><strong>Conscientiae</strong></span> <span class='ocrx_word' id='word_1_648' title='bbox 2797 3327 2996 3374; x_wconf 63' lang='lat' dir='ltr'><strong>nostra:</strong></span> <span class='ocrx_word' id='word_1_649' title='bbox 3012 3329 3062 3376; x_wconf 88' lang='lat' dir='ltr'><strong>et</strong></span> <span class='ocrx_word' id='word_1_650' title='bbox 3084 3318 3409 3391; x_wconf 89' lang='lat' dir='ltr'><strong>fragilitates</strong></span> <span class='ocrx_word' id='word_1_651' title='bbox 3431 3310 3791 3383; x_wconf 70' lang='lat' dir='ltr'><strong>liumanteinspi-</strong></span> 
     </span>
    </p>
   </div>
   <div class='ocr_carea' id='block_1_94' title="bbox 2269 3404 3791 3484">
    <p class='ocr_par' dir='ltr' id='par_1_94' title="bbox 2269 3404 3791 3484">
     <span class='ocr_line' id='line_1_94' title="bbox 2269 3404 3791 3484; baseline -0.003 -21"><span class='ocrx_word' id='word_1_652' title='bbox 2269 3407 2475 3464; x_wconf 62' lang='lat' dir='ltr'><strong>ciendm</strong></span> <span class='ocrx_word' id='word_1_653' title='bbox 2514 3419 2659 3474; x_wconf 91' lang='lat' dir='ltr'><strong>sunt,</strong></span> <span class='ocrx_word' id='word_1_654' title='bbox 2689 3419 2745 3466; x_wconf 91' lang='lat' dir='ltr'><strong>et</strong></span> <span class='ocrx_word' id='word_1_655' title='bbox 2773 3427 2840 3468; x_wconf 90' lang='lat' dir='ltr'><strong>ex</strong></span> <span class='ocrx_word' id='word_1_656' title='bbox 2869 3413 3026 3468; x_wconf 88' lang='lat' dir='ltr'><strong>nobis</strong></span> <span class='ocrx_word' id='word_1_657' title='bbox 3059 3413 3190 3484; x_wconf 90' lang='lat' dir='ltr'><strong>ipsis</strong></span> <span class='ocrx_word' id='word_1_658' title='bbox 3228 3413 3561 3469; x_wconf 89' lang='lat' dir='ltr'><strong>subditorum</strong></span> <span class='ocrx_word' id='word_1_659' title='bbox 3594 3404 3791 3464; x_wconf 70' lang='lat' dir='ltr'><strong>\itaefor-</strong></span> 
     </span>
    </p>
   </div>
   <div class='ocr_carea' id='block_1_95' title="bbox 2269 3499 3793 3577">
    <p class='ocr_par' dir='ltr' id='par_1_95' title="bbox 2269 3499 3793 3577">
     <span class='ocr_line' id='line_1_95' title="bbox 2269 3499 3793 3577; baseline -0.004 -20"><span class='ocrx_word' id='word_1_660' title='bbox 2269 3501 2497 3557; x_wconf 70' lang='lat' dir='ltr'><strong>mandze.</strong></span> <span class='ocrx_word' id='word_1_661' title='bbox 2521 3499 2734 3568; x_wconf 88' lang='lat' dir='ltr'><strong>Quanta</strong></span> <span class='ocrx_word' id='word_1_662' title='bbox 2751 3517 2985 3574; x_wconf 84' lang='lat' dir='ltr'><strong>namque</strong></span> <span class='ocrx_word' id='word_1_663' title='bbox 3002 3518 3100 3574; x_wconf 90' lang='lat' dir='ltr'><strong>pro</strong></span> <span class='ocrx_word' id='word_1_664' title='bbox 3118 3512 3385 3576; x_wconf 88' lang='lat' dir='ltr'><strong>tempore,</strong></span> <span class='ocrx_word' id='word_1_665' title='bbox 3408 3520 3503 3577; x_wconf 92' lang='lat' dir='ltr'><strong>pro</strong></span> <span class='ocrx_word' id='word_1_666' title='bbox 3519 3504 3793 3558; x_wconf 77' lang='lat' dir='ltr'><strong>instantem-</strong></span> 
     </span>
    </p>
   </div>
   <div class='ocr_carea' id='block_1_96' title="bbox 2267 3594 3790 3674">
    <p class='ocr_par' dir='ltr' id='par_1_96' title="bbox 2267 3594 3790 3674">
     <span class='ocr_line' id='line_1_96' title="bbox 2267 3594 3790 3674; baseline -0.003 -25"><span class='ocrx_word' id='word_1_667' title='bbox 2267 3594 2542 3674; x_wconf 85' lang='lat' dir='ltr'><strong>cessitate,</strong></span> <span class='ocrx_word' id='word_1_668' title='bbox 2562 3611 2659 3666; x_wconf 91' lang='lat' dir='ltr'><strong>pro</strong></span> <span class='ocrx_word' id='word_1_669' title='bbox 2676 3605 3009 3667; x_wconf 88' lang='lat' dir='ltr'><strong>potestatum</strong></span> <span class='ocrx_word' id='word_1_670' title='bbox 3033 3607 3268 3663; x_wconf 87' lang='lat' dir='ltr'><strong>terrore,</strong></span> <span class='ocrx_word' id='word_1_671' title='bbox 3295 3597 3642 3669; x_wconf 86' lang='lat' dir='ltr'><strong>unusquisque</strong></span> <span class='ocrx_word' id='word_1_672' title='bbox 3657 3607 3710 3648; x_wconf 81' lang='lat' dir='ltr'><strong>ex</strong></span> <span class='ocrx_word' id='word_1_673' title='bbox 3723 3605 3790 3645; x_wconf 52' lang='lat' dir='ltr'><strong>nov</strong></span> 
     </span>
    </p>
   </div>
   <div class='ocr_carea' id='block_1_97' title="bbox 2265 3679 3790 3762">
    <p class='ocr_par' dir='ltr' id='par_1_97' title="bbox 2265 3679 3790 3762">
     <span class='ocr_line' id='line_1_97' title="bbox 2265 3679 3790 3762; baseline -0.008 -18"><span class='ocrx_word' id='word_1_674' title='bbox 2265 3687 2350 3744; x_wconf 86' lang='lat' dir='ltr'><strong>bis</strong></span> <span class='ocrx_word' id='word_1_675' title='bbox 2364 3687 2604 3760; x_wconf 88' lang='lat' dir='ltr'><strong>pontifex</strong></span> <span class='ocrx_word' id='word_1_676' title='bbox 2628 3688 2680 3743; x_wconf 92' lang='lat' dir='ltr'><strong>in</strong></span> <span class='ocrx_word' id='word_1_677' title='bbox 2703 3689 2803 3744; x_wconf 90' lang='lat' dir='ltr'><strong>sibi</strong></span> <span class='ocrx_word' id='word_1_678' title='bbox 2820 3687 3058 3748; x_wconf 88' lang='lat' dir='ltr'><strong>creditos</strong></span> <span class='ocrx_word' id='word_1_679' title='bbox 3079 3691 3427 3762; x_wconf 87' lang='lat' dir='ltr'><strong>usurpaverit</strong></span> <span class='ocrx_word' id='word_1_680' title='bbox 3444 3702 3640 3762; x_wconf 84' lang='lat' dir='ltr'><strong>greges.</strong></span> <span class='ocrx_word' id='word_1_681' title='bbox 3655 3685 3692 3739; x_wconf 82' lang='lat' dir='ltr'><strong>si</strong></span> <span class='ocrx_word' id='word_1_682' title='bbox 3706 3679 3790 3737; x_wconf 89' lang='lat' dir='ltr'><strong>utili</strong></span> 
     </span>
    </p>
   </div>
   <div class='ocr_carea' id='block_1_98' title="bbox 2263 3777 3793 3851">
    <p class='ocr_par' dir='ltr' id='par_1_98' title="bbox 2263 3777 3793 3851">
     <span class='ocr_line' id='line_1_98' title="bbox 2263 3777 3793 3851; baseline -0.007 -15"><span class='ocrx_word' id='word_1_683' title='bbox 2263 3789 2318 3836; x_wconf 91' lang='lat' dir='ltr'><strong>et</strong></span> <span class='ocrx_word' id='word_1_684' title='bbox 2334 3781 2419 3850; x_wconf 88' lang='lat' dir='ltr'><strong>pia</strong></span> <span class='ocrx_word' id='word_1_685' title='bbox 2446 3781 2821 3851; x_wconf 74' lang='lat' dir='ltr'><strong>mmpassione</strong></span> <span class='ocrx_word' id='word_1_686' title='bbox 2848 3782 3179 3839; x_wconf 90' lang='lat' dir='ltr'><strong>voluerimus</strong></span> <span class='ocrx_word' id='word_1_687' title='bbox 3198 3782 3432 3849; x_wconf 90' lang='lat' dir='ltr'><strong>librare;</strong></span> <span class='ocrx_word' id='word_1_688' title='bbox 3466 3781 3598 3837; x_wconf 90' lang='lat' dir='ltr'><strong>illico</strong></span> <span class='ocrx_word' id='word_1_689' title='bbox 3613 3777 3688 3849; x_wconf 89' lang='lat' dir='ltr'><strong>qui</strong></span> <span class='ocrx_word' id='word_1_690' title='bbox 3705 3787 3793 3829; x_wconf 67' lang='lat' dir='ltr'><strong>nos</strong></span> 
     </span>
    </p>
   </div>
   <div class='ocr_carea' id='block_1_99' title="bbox 2264 3868 3792 3938">
    <p class='ocr_par' dir='ltr' id='par_1_99' title="bbox 2264 3868 3792 3938">
     <span class='ocr_line' id='line_1_99' title="bbox 2264 3868 3792 3938; baseline -0.005 -12"><span class='ocrx_word' id='word_1_691' title='bbox 2264 3872 2366 3928; x_wconf 89' lang='lat' dir='ltr'><strong>tris</strong></span> <span class='ocrx_word' id='word_1_692' title='bbox 2385 3872 2806 3929; x_wconf 88' lang='lat' dir='ltr'><strong>clementissime</strong></span> <span class='ocrx_word' id='word_1_693' title='bbox 2828 3873 3075 3929; x_wconf 90' lang='lat' dir='ltr'><strong>videmur</strong></span> <span class='ocrx_word' id='word_1_694' title='bbox 3093 3874 3353 3938; x_wconf 76' lang='lat' dir='ltr'><strong>existere,</strong></span> <span class='ocrx_word' id='word_1_695' title='bbox 3371 3875 3414 3931; x_wconf 91' lang='lat' dir='ltr'><strong>si</strong></span> <span class='ocrx_word' id='word_1_696' title='bbox 3435 3875 3585 3930; x_wconf 87' lang='lat' dir='ltr'><strong>aliter</strong></span> <span class='ocrx_word' id='word_1_697' title='bbox 3603 3868 3792 3927; x_wconf 90' lang='lat' dir='ltr'><strong>subdito-</strong></span> 
     </span>
    </p>
   </div>
   <div class='ocr_carea' id='block_1_100' title="bbox 2265 3961 3785 4032">
    <p class='ocr_par' dir='ltr' id='par_1_100' title="bbox 2265 3961 3785 4032">
     <span class='ocr_line' id='line_1_100' title="bbox 2265 3961 3785 4032; baseline 0.001 -16"><span class='ocrx_word' id='word_1_698' title='bbox 2265 3977 2382 4016; x_wconf 90' lang='lat' dir='ltr'><strong>rum</strong></span> <span class='ocrx_word' id='word_1_699' title='bbox 2409 3977 2572 4032; x_wconf 88' lang='lat' dir='ltr'><strong>quam</strong></span> <span class='ocrx_word' id='word_1_700' title='bbox 2600 3971 2910 4019; x_wconf 90' lang='lat' dir='ltr'><strong>nostrorum</strong></span> <span class='ocrx_word' id='word_1_701' title='bbox 2932 3964 3268 4020; x_wconf 86' lang='lat' dir='ltr'><strong>voluerimus</strong></span> <span class='ocrx_word' id='word_1_702' title='bbox 3291 3965 3549 4022; x_wconf 83' lang='lat' dir='ltr'><strong>ventilare</strong></span> <span class='ocrx_word' id='word_1_703' title='bbox 3577 3961 3785 4018; x_wconf 79' lang='lat' dir='ltr'><strong>festucas.</strong></span> 
     </span>
    </p>
   </div>
   <div class='ocr_carea' id='block_1_101' title="bbox 2262 4052 3788 4128">
    <p class='ocr_par' dir='ltr' id='par_1_101' title="bbox 2262 4052 3788 4128">
     <span class='ocr_line' id='line_1_101' title="bbox 2262 4052 3788 4128; baseline -0.006 -18"><span class='ocrx_word' id='word_1_704' title='bbox 2262 4055 2564 4110; x_wconf 89' lang='lat' dir='ltr'><strong>severiores</strong></span> <span class='ocrx_word' id='word_1_705' title='bbox 2595 4055 2649 4109; x_wconf 90' lang='lat' dir='ltr'><strong>in</strong></span> <span class='ocrx_word' id='word_1_706' title='bbox 2696 4055 3107 4127; x_wconf 90' lang='lat' dir='ltr'><strong>delinquentum</strong></span> <span class='ocrx_word' id='word_1_707' title='bbox 3145 4059 3463 4114; x_wconf 84' lang='lat' dir='ltr'><strong>excessibus</strong></span> <span class='ocrx_word' id='word_1_708' title='bbox 3497 4052 3788 4128; x_wconf 83' lang='lat' dir='ltr'><strong>probavier</strong></span> 
     </span>
    </p>
   </div>
   <div class='ocr_carea' id='block_1_102' title="bbox 2260 4145 3786 4218">
    <p class='ocr_par' dir='ltr' id='par_1_102' title="bbox 2260 4145 3786 4218">
     <span class='ocr_line' id='line_1_102' title="bbox 2260 4145 3786 4218; baseline -0.001 -18"><span class='ocrx_word' id='word_1_709' title='bbox 2260 4145 2483 4202; x_wconf 89' lang='lat' dir='ltr'><strong>insilere</strong></span> <span class='ocrx_word' id='word_1_710' title='bbox 2508 4164 2521 4201; x_wconf 91' lang='lat'><strong>:</strong></span> <span class='ocrx_word' id='word_1_711' title='bbox 2550 4162 2658 4218; x_wconf 90' lang='lat' dir='ltr'><strong>quo</strong></span> <span class='ocrx_word' id='word_1_712' title='bbox 2687 4147 2896 4218; x_wconf 88' lang='lat' dir='ltr'><strong>judicio</strong></span> <span class='ocrx_word' id='word_1_713' title='bbox 2924 4149 3068 4203; x_wconf 88' lang='lat' dir='ltr'><strong>enim</strong></span> <span class='ocrx_word' id='word_1_714' title='bbox 3098 4148 3542 4218; x_wconf 74' lang='lat' dir='ltr'><strong>iudicaverimus,</strong></span> <span class='ocrx_word' id='word_1_715' title='bbox 3562 4146 3610 4202; x_wconf 90' lang='lat' dir='ltr'><strong>in</strong></span> <span class='ocrx_word' id='word_1_716' title='bbox 3636 4158 3690 4199; x_wconf 88' lang='lat' dir='ltr'><strong>eo</strong></span> <span class='ocrx_word' id='word_1_717' title='bbox 3714 4153 3786 4195; x_wconf 67' lang='lat' dir='ltr'><strong>nor</strong></span> 
     </span>
    </p>
   </div>
   <div class='ocr_carea' id='block_1_103' title="bbox 2233 4233 3787 4311">
    <p class='ocr_par' dir='ltr' id='par_1_103' title="bbox 2233 4233 3787 4311">
     <span class='ocr_line' id='line_1_103' title="bbox 2233 4233 3787 4311; baseline -0.005 -17"><span class='ocrx_word' id='word_1_718' title='bbox 2233 4255 2236 4258; x_wconf 75' lang='lat'>&#39;</span> <span class='ocrx_word' id='word_1_719' title='bbox 2258 4238 2709 4309; x_wconf 87' lang='lat' dir='ltr'><strong>bisjudicabitur.</strong></span> <span class='ocrx_word' id='word_1_720' title='bbox 2731 4241 2797 4297; x_wconf 86' lang='lat' dir='ltr'><strong>Et</strong></span> <span class='ocrx_word' id='word_1_721' title='bbox 2821 4242 2940 4297; x_wconf 90' lang='lat' dir='ltr'><strong>ideo</strong></span> <span class='ocrx_word' id='word_1_722' title='bbox 2955 4240 3111 4311; x_wconf 73' lang='lat' dir='ltr'><strong>juxta</strong></span> <span class='ocrx_word' id='word_1_723' title='bbox 3135 4242 3280 4298; x_wconf 90' lang='lat' dir='ltr'><strong>beati</strong></span> <span class='ocrx_word' id='word_1_724' title='bbox 3303 4241 3497 4299; x_wconf 81' lang='lat' dir='ltr'><strong>Juliani</strong></span> <span class='ocrx_word' id='word_1_725' title='bbox 3520 4235 3696 4311; x_wconf 83' lang='lat' dir='ltr'><strong>egregii</strong></span> <span class='ocrx_word' id='word_1_726' title='bbox 3713 4233 3787 4288; x_wconf 62' lang='lat' dir='ltr'><strong>doc</strong></span> 
     </span>
    </p>
   </div>
   <div class='ocr_carea' id='block_1_104' title="bbox 2257 4332 3790 4407">
    <p class='ocr_par' dir='ltr' id='par_1_104' title="bbox 2257 4332 3790 4407">
     <span class='ocr_line' id='line_1_104' title="bbox 2257 4332 3790 4407; baseline -0.005 -19"><span class='ocrx_word' id='word_1_727' title='bbox 2257 4333 2424 4388; x_wconf 92' lang='lat' dir='ltr'><strong>ctoris</strong></span> <span class='ocrx_word' id='word_1_728' title='bbox 2467 4335 2809 4399; x_wconf 89' lang='lat' dir='ltr'><strong>sententiam,</strong></span> <span class='ocrx_word' id='word_1_729' title='bbox 2840 4350 2946 4391; x_wconf 91' lang='lat' dir='ltr'><strong>non</strong></span> <span class='ocrx_word' id='word_1_730' title='bbox 2983 4335 3210 4391; x_wconf 90' lang='lat' dir='ltr'><strong>minoris</strong></span> <span class='ocrx_word' id='word_1_731' title='bbox 3251 4346 3340 4393; x_wconf 89' lang='lat' dir='ltr'><strong>est</strong></span> <span class='ocrx_word' id='word_1_732' title='bbox 3366 4332 3691 4407; x_wconf 65' lang='lat' dir='ltr'><strong>providentia;</strong></span> <span class='ocrx_word' id='word_1_733' title='bbox 3722 4338 3790 4382; x_wconf 81' lang='lat' dir='ltr'><strong>ne-</strong></span> 
     </span>
    </p>
   </div>
   <div class='ocr_carea' id='block_1_105' title="bbox 2257 4418 3790 4502">
    <p class='ocr_par' dir='ltr' id='par_1_105' title="bbox 2257 4418 3790 4502">
     <span class='ocr_line' id='line_1_105' title="bbox 2257 4418 3790 4502; baseline -0.007 -20"><span class='ocrx_word' id='word_1_734' title='bbox 2257 4428 2494 4483; x_wconf 89' lang='lat' dir='ltr'><strong>cessitati</strong></span> <span class='ocrx_word' id='word_1_735' title='bbox 2552 4427 2856 4484; x_wconf 89' lang='lat' dir='ltr'><strong>imminenti</strong></span> <span class='ocrx_word' id='word_1_736' title='bbox 2905 4429 3229 4494; x_wconf 89' lang='lat' dir='ltr'><strong>consulere,</strong></span> <span class='ocrx_word' id='word_1_737' title='bbox 3285 4446 3450 4502; x_wconf 89' lang='lat' dir='ltr'><strong>quam</strong></span> <span class='ocrx_word' id='word_1_738' title='bbox 3497 4418 3790 4500; x_wconf 84' lang='lat' dir='ltr'><strong>plenitudinis</strong></span> 
     </span>
    </p>
   </div>
   <div class='ocr_carea' id='block_1_106' title="bbox 2256 4512 3789 4592">
    <p class='ocr_par' dir='ltr' id='par_1_106' title="bbox 2256 4512 3789 4592">
     <span class='ocr_line' id='line_1_106' title="bbox 2256 4512 3789 4592; baseline -0.003 -17"><span class='ocrx_word' id='word_1_739' title='bbox 2256 4519 2598 4577; x_wconf 87' lang='lat' dir='ltr'><strong>discretionis</strong></span> <span class='ocrx_word' id='word_1_740' title='bbox 2658 4520 3081 4592; x_wconf 84' lang='lat' dir='ltr'><strong>gubernaculum</strong></span> <span class='ocrx_word' id='word_1_741' title='bbox 3142 4521 3422 4579; x_wconf 87' lang='lat' dir='ltr'><strong>adhibere.</strong></span> <span class='ocrx_word' id='word_1_742' title='bbox 3499 4512 3789 4576; x_wconf 79' lang='lat' dir='ltr'><strong>Laudabilius</strong></span> 
     </span>
    </p>
   </div>
   <div class='ocr_carea' id='block_1_107' title="bbox 2255 4609 3788 4687">
    <p class='ocr_par' dir='ltr' id='par_1_107' title="bbox 2255 4609 3788 4687">
     <span class='ocr_line' id='line_1_107' title="bbox 2255 4609 3788 4687; baseline -0.001 -19"><span class='ocrx_word' id='word_1_743' title='bbox 2255 4627 2385 4686; x_wconf 89' lang='lat' dir='ltr'><strong>ergo</strong></span> <span class='ocrx_word' id='word_1_744' title='bbox 2423 4623 2506 4669; x_wconf 90' lang='lat' dir='ltr'><strong>est</strong></span> <span class='ocrx_word' id='word_1_745' title='bbox 2554 4629 2618 4670; x_wconf 84' lang='lat' dir='ltr'><strong>ex</strong></span> <span class='ocrx_word' id='word_1_746' title='bbox 2665 4615 2989 4672; x_wconf 88' lang='lat' dir='ltr'><strong>necessitate</strong></span> <span class='ocrx_word' id='word_1_747' title='bbox 3027 4616 3274 4684; x_wconf 67' lang='lat' dir='ltr'><strong>quaedam</strong></span> <span class='ocrx_word' id='word_1_748' title='bbox 3313 4623 3569 4687; x_wconf 84' lang='lat' dir='ltr'><strong>oportuna</strong></span> <span class='ocrx_word' id='word_1_749' title='bbox 3611 4609 3788 4680; x_wconf 68' lang='lat' dir='ltr'><strong>eligere.</strong></span> 
     </span>
    </p>
   </div>
   <div class='ocr_carea' id='block_1_108' title="bbox 2253 4692 3789 4777">
    <p class='ocr_par' dir='ltr' id='par_1_108' title="bbox 2253 4692 3789 4777">
     <span class='ocr_line' id='line_1_108' title="bbox 2253 4692 3789 4777; baseline -0.007 -19"><span class='ocrx_word' id='word_1_750' title='bbox 2253 4718 2414 4774; x_wconf 85' lang='lat' dir='ltr'><strong>quam</strong></span> <span class='ocrx_word' id='word_1_751' title='bbox 2445 4704 2498 4758; x_wconf 92' lang='lat' dir='ltr'><strong>in</strong></span> <span class='ocrx_word' id='word_1_752' title='bbox 2528 4704 2615 4758; x_wconf 91' lang='lat' dir='ltr'><strong>his</strong></span> <span class='ocrx_word' id='word_1_753' title='bbox 2639 4720 2758 4776; x_wconf 63' lang='lat' dir='ltr'><strong>quae</strong></span> <span class='ocrx_word' id='word_1_754' title='bbox 2788 4714 3080 4777; x_wconf 90' lang='lat' dir='ltr'><strong>suppetunt</strong></span> <span class='ocrx_word' id='word_1_755' title='bbox 3113 4705 3358 4777; x_wconf 85' lang='lat' dir='ltr'><strong>eligenda</strong></span> <span class='ocrx_word' id='word_1_756' title='bbox 3399 4705 3640 4760; x_wconf 88' lang='lat' dir='ltr'><strong>formare.</strong></span> <span class='ocrx_word' id='word_1_757' title='bbox 3688 4692 3789 4753; x_wconf 55' lang='grc' dir='ltr'><strong>Μαι,</strong></span> 
     </span>
    </p>
   </div>
   <div class='ocr_carea' id='block_1_109' title="bbox 2252 4791 3787 4864">
    <p class='ocr_par' dir='ltr' id='par_1_109' title="bbox 2252 4791 3787 4864">
     <span class='ocr_line' id='line_1_109' title="bbox 2252 4791 3787 4864; baseline -0.002 -14"><span class='ocrx_word' id='word_1_758' title='bbox 2252 4803 2417 4864; x_wconf 86' lang='lat' dir='ltr'><strong>toque</strong></span> <span class='ocrx_word' id='word_1_759' title='bbox 2460 4803 2545 4849; x_wconf 90' lang='lat' dir='ltr'><strong>est</strong></span> <span class='ocrx_word' id='word_1_760' title='bbox 2599 4796 2856 4864; x_wconf 83' lang='lat' dir='ltr'><strong>grandius</strong></span> <span class='ocrx_word' id='word_1_761' title='bbox 2911 4795 3180 4853; x_wconf 83' lang='lat' dir='ltr'><strong>defectum</strong></span> <span class='ocrx_word' id='word_1_762' title='bbox 3229 4797 3488 4854; x_wconf 88' lang='lat' dir='ltr'><strong>adhibere</strong></span> <span class='ocrx_word' id='word_1_763' title='bbox 3532 4791 3787 4851; x_wconf 73' lang='lat' dir='ltr'><strong>suffectum.</strong></span> 
     </span>
    </p>
   </div>
   <div class='ocr_carea' id='block_1_110' title="bbox 2253 4879 3784 4960">
    <p class='ocr_par' dir='ltr' id='par_1_110' title="bbox 2253 4879 3784 4960">
     <span class='ocr_line' id='line_1_110' title="bbox 2253 4879 3784 4960; baseline -0.007 -19"><span class='ocrx_word' id='word_1_764' title='bbox 2253 4901 2414 4956; x_wconf 90' lang='lat' dir='ltr'><strong>quam</strong></span> <span class='ocrx_word' id='word_1_765' title='bbox 2441 4887 2673 4956; x_wconf 68' lang='lat' dir='ltr'><strong>copiosa:</strong></span> <span class='ocrx_word' id='word_1_766' title='bbox 2699 4887 2774 4942; x_wconf 91' lang='lat' dir='ltr'><strong>rei</strong></span> <span class='ocrx_word' id='word_1_767' title='bbox 2806 4887 3176 4957; x_wconf 90' lang='lat' dir='ltr'><strong>dispositionis</strong></span> <span class='ocrx_word' id='word_1_768' title='bbox 3214 4903 3506 4960; x_wconf 86' lang='lat' dir='ltr'><strong>prorogare</strong></span> <span class='ocrx_word' id='word_1_769' title='bbox 3547 4879 3784 4956; x_wconf 87' lang='lat' dir='ltr'><strong>judicium.</strong></span> 
     </span>
    </p>
   </div>
   <div class='ocr_carea' id='block_1_111' title="bbox 2250 4965 3786 5052">
    <p class='ocr_par' dir='ltr' id='par_1_111' title="bbox 2250 4965 3786 5052">
     <span class='ocr_line' id='line_1_111' title="bbox 2250 4965 3786 5052; baseline 0 -18"><span class='ocrx_word' id='word_1_770' title='bbox 2250 4979 2343 5034; x_wconf 84' lang='lat' dir='ltr'><strong>Est</strong></span> <span class='ocrx_word' id='word_1_771' title='bbox 2369 4979 2515 5034; x_wconf 92' lang='lat' dir='ltr'><strong>enim</strong></span> <span class='ocrx_word' id='word_1_772' title='bbox 2549 4978 2716 5045; x_wconf 90' lang='lat' dir='ltr'><strong>salus,</strong></span> <span class='ocrx_word' id='word_1_773' title='bbox 2749 4989 2806 5036; x_wconf 92' lang='lat' dir='ltr'><strong>et</strong></span> <span class='ocrx_word' id='word_1_774' title='bbox 2850 4981 3041 5039; x_wconf 92' lang='lat' dir='ltr'><strong>salutis</strong></span> <span class='ocrx_word' id='word_1_775' title='bbox 3089 4981 3398 5038; x_wconf 83' lang='lat' dir='ltr'><strong>omnimoda</strong></span> <span class='ocrx_word' id='word_1_776' title='bbox 3445 4974 3712 5052; x_wconf 65' lang='lat' dir='ltr'><strong>plenitudo,</strong></span> <span class='ocrx_word' id='word_1_777' title='bbox 3745 4965 3786 5024; x_wconf 59' lang='grc' dir='ltr'><strong>εί</strong></span> 
     </span>
    </p>
   </div>
   <div class='ocr_carea' id='block_1_112' title="bbox 2248 5059 3786 5146">
    <p class='ocr_par' dir='ltr' id='par_1_112' title="bbox 2248 5059 3786 5146">
     <span class='ocr_line' id='line_1_112' title="bbox 2248 5059 3786 5146; baseline -0.006 -20"><span class='ocrx_word' id='word_1_778' title='bbox 2248 5071 2357 5128; x_wconf 81' lang='lat' dir='ltr'><strong>illic</strong></span> <span class='ocrx_word' id='word_1_779' title='bbox 2405 5071 2656 5128; x_wconf 88' lang='lat' dir='ltr'><strong>utilitatis</strong></span> <span class='ocrx_word' id='word_1_780' title='bbox 2696 5074 3007 5146; x_wconf 90' lang='lat' dir='ltr'><strong>porrigatur</strong></span> <span class='ocrx_word' id='word_1_781' title='bbox 3053 5075 3380 5140; x_wconf 88' lang='lat' dir='ltr'><strong>consultum,</strong></span> <span class='ocrx_word' id='word_1_782' title='bbox 3408 5073 3497 5130; x_wconf 91' lang='lat' dir='ltr'><strong>ubi</strong></span> <span class='ocrx_word' id='word_1_783' title='bbox 3525 5059 3786 5127; x_wconf 71' lang='lat' dir='ltr'><strong>omuirnoda</strong></span> 
     </span>
    </p>
   </div>
   <div class='ocr_carea' id='block_1_113' title="bbox 2247 5152 3786 5239">
    <p class='ocr_par' dir='ltr' id='par_1_113' title="bbox 2247 5152 3786 5239">
     <span class='ocr_line' id='line_1_113' title="bbox 2247 5152 3786 5239; baseline -0.005 -19"><span class='ocrx_word' id='word_1_784' title='bbox 2247 5164 2520 5236; x_wconf 91' lang='lat' dir='ltr'><strong>plenitudo</strong></span> <span class='ocrx_word' id='word_1_785' title='bbox 2564 5166 2891 5238; x_wconf 88' lang='lat' dir='ltr'><strong>perspicitur</strong></span> <span class='ocrx_word' id='word_1_786' title='bbox 2916 5187 2929 5222; x_wconf 87' lang='lat'><strong>:</strong></span> <span class='ocrx_word' id='word_1_787' title='bbox 2953 5168 3079 5239; x_wconf 89' lang='lat' dir='ltr'><strong>quia</strong></span> <span class='ocrx_word' id='word_1_788' title='bbox 3123 5168 3244 5224; x_wconf 91' lang='lat' dir='ltr'><strong>sine</strong></span> <span class='ocrx_word' id='word_1_789' title='bbox 3277 5167 3540 5224; x_wconf 86' lang='lat' dir='ltr'><strong>fracmine</strong></span> <span class='ocrx_word' id='word_1_790' title='bbox 3565 5152 3786 5234; x_wconf 86' lang='lat' dir='ltr'><strong>generalis</strong></span> 
     </span>
    </p>
   </div>
   <div class='ocr_carea' id='block_1_114' title="bbox 2244 5243 3785 5334">
    <p class='ocr_par' dir='ltr' id='par_1_114' title="bbox 2244 5243 3785 5334">
     <span class='ocr_line' id='line_1_114' title="bbox 2244 5243 3785 5334; baseline -0.006 -18"><span class='ocrx_word' id='word_1_791' title='bbox 2244 5260 2498 5332; x_wconf 66' lang='lat' dir='ltr'><strong>praecepti</strong></span> <span class='ocrx_word' id='word_1_792' title='bbox 2531 5260 2701 5317; x_wconf 93' lang='lat' dir='ltr'><strong>forma</strong></span> <span class='ocrx_word' id='word_1_793' title='bbox 2734 5261 3008 5318; x_wconf 90' lang='lat' dir='ltr'><strong>inducitur</strong></span> <span class='ocrx_word' id='word_1_794' title='bbox 3035 5261 3285 5334; x_wconf 87' lang='lat' dir='ltr'><strong>specialis</strong></span> <span class='ocrx_word' id='word_1_795' title='bbox 3303 5261 3512 5334; x_wconf 87' lang='lat' dir='ltr'><strong>judicii,</strong></span> <span class='ocrx_word' id='word_1_796' title='bbox 3539 5266 3593 5314; x_wconf 89' lang='lat' dir='ltr'><strong>et</strong></span> <span class='ocrx_word' id='word_1_797' title='bbox 3609 5243 3785 5312; x_wconf 80' lang='lat' dir='ltr'><strong>eventui</strong></span> 
     </span>
    </p>
   </div>
   <div class='ocr_carea' id='block_1_115' title="bbox 2321 5437 3620 5517">
    <p class='ocr_par' dir='ltr' id='par_1_115' title="bbox 2321 5437 3620 5517">
     <span class='ocr_line' id='line_1_115' title="bbox 2321 5437 3620 5517; baseline 0.002 -25"><span class='ocrx_word' id='word_1_798' title='bbox 2321 5437 2502 5517; x_wconf 46' lang='grc' dir='ltr'><strong>ηιξ.)</strong></span> <span class='ocrx_word' id='word_1_799' title='bbox 2541 5439 2982 5517; x_wconf 72' lang='lat' dir='ltr'><strong>pres_r_rmptionis._</strong></span> <span class='ocrx_word' id='word_1_800' title='bbox 3101 5509 3164 5517; x_wconf 50' lang='grc' dir='ltr'>η</span> <span class='ocrx_word' id='word_1_801' title='bbox 3216 5509 3236 5517; x_wconf 87' lang='lat'>_</span> <span class='ocrx_word' id='word_1_802' title='bbox 3491 5508 3502 5517; x_wconf 89' lang='lat'><strong><em>_</em></strong></span> <span class='ocrx_word' id='word_1_803' title='bbox 3610 5503 3620 5517; x_wconf 47' lang='lat'><em>.</em></span> 
     </span>
    </p>
   </div>
   <div class='ocr_carea' id='block_1_116' title="bbox 2193 5506 3784 5582">
    <p class='ocr_par' dir='ltr' id='par_1_116' title="bbox 2193 5506 3784 5582">
     <span class='ocr_line' id='line_1_116' title="bbox 2193 5506 3784 5582; baseline -0.009 -11"><span class='ocrx_word' id='word_1_804' title='bbox 2193 5563 2203 5571; x_wconf 90' lang='lat'><strong>.</strong></span> <span class='ocrx_word' id='word_1_805' title='bbox 2247 5580 2292 5582; x_wconf 21' lang='grc' dir='ltr'><strong><em>μ</em></strong></span> <span class='ocrx_word' id='word_1_806' title='bbox 2317 5511 2345 5549; x_wconf 75' lang='grc' dir='ltr'><strong>ιι</strong></span> <span class='ocrx_word' id='word_1_807' title='bbox 2376 5506 2852 5582; x_wconf 48' lang='lat' dir='ltr'><strong>Adde&#39;audio,&#39;ex</strong></span> <span class='ocrx_word' id='word_1_808' title='bbox 2899 5510 3058 5582; x_wconf 92' lang='lat' dir='ltr'><strong>epist.</strong></span> <span class='ocrx_word' id='word_1_809' title='bbox 3097 5509 3169 5565; x_wconf 62' lang='grc' dir='ltr'><strong>εξ</strong></span> <span class='ocrx_word' id='word_1_810' title='bbox 3216 5509 3399 5566; x_wconf 89' lang='lat' dir='ltr'><strong>lnnoc.</strong></span> <span class='ocrx_word' id='word_1_811' title='bbox 3438 5508 3503 5564; x_wconf 88' lang='lat' dir='ltr'><strong>ad</strong></span> <span class='ocrx_word' id='word_1_812' title='bbox 3542 5506 3784 5576; x_wconf 60' lang='lat' dir='ltr'><strong>episcopos</strong></span> 
     </span>
    </p>
   </div>
   <div class='ocr_carea' id='block_1_117' title="bbox 2245 5579 3604 5658">
    <p class='ocr_par' dir='ltr' id='par_1_117' title="bbox 2245 5579 3604 5658">
     <span class='ocr_line' id='line_1_117' title="bbox 2245 5579 3604 5658; baseline 0.01 -22"><span class='ocrx_word' id='word_1_813' title='bbox 2245 5580 2551 5658; x_wconf 42' lang='lat' dir='ltr'><strong>Macedon”</strong></span> <span class='ocrx_word' id='word_1_814' title='bbox 2579 5579 2664 5635; x_wconf 93' lang='lat' dir='ltr'><strong>tit.</strong></span> <span class='ocrx_word' id='word_1_815' title='bbox 2696 5580 2804 5658; x_wconf 81' lang='lat' dir='ltr'><strong>u_lt._</strong></span> <span class='ocrx_word' id='word_1_816' title='bbox 2891 5651 2902 5658; x_wconf 34' lang='lat'><em>.</em></span> <span class='ocrx_word' id='word_1_817' title='bbox 2934 5579 2961 5658; x_wconf 56' lang='lat'><strong>&#39;_</strong></span> <span class='ocrx_word' id='word_1_818' title='bbox 3552 5656 3560 5658; x_wconf 22' lang='grc' dir='ltr'><em>Α</em></span> <span class='ocrx_word' id='word_1_819' title='bbox 3592 5644 3604 5658; x_wconf 88' lang='grc'><em>,</em></span> 
     </span>
    </p>
   </div>
   <div class='ocr_carea' id='block_1_118' title="bbox 2319 5649 3783 5742">
    <p class='ocr_par' dir='ltr' id='par_1_118' title="bbox 2319 5649 3783 5742">
     <span class='ocr_line' id='line_1_118' title="bbox 2319 5649 3783 5742; baseline -0.003 -38"><span class='ocrx_word' id='word_1_820' title='bbox 2319 5654 2337 5732; x_wconf 60' lang='grc' dir='ltr'><strong>ξ</strong></span> <span class='ocrx_word' id='word_1_821' title='bbox 2374 5649 2620 5742; x_wconf 65' lang='grc' dir='ltr'><strong>ςιᾳιιδιτα</strong></span> <span class='ocrx_word' id='word_1_822' title='bbox 2651 5653 2750 5742; x_wconf 68' lang='lat' dir='ltr'><strong>sub</strong></span> <span class='ocrx_word' id='word_1_823' title='bbox 2779 5651 3038 5742; x_wconf 67' lang='lat' dir='ltr'><strong>feminino</strong></span> <span class='ocrx_word' id='word_1_824' title='bbox 3064 5667 3263 5725; x_wconf 89' lang='lat' dir='ltr'><strong>genere</strong></span> <span class='ocrx_word' id='word_1_825' title='bbox 3301 5656 3567 5742; x_wconf 51' lang='lat' dir='ltr'><strong>tuncIerat</strong></span> <span class='ocrx_word' id='word_1_826' title='bbox 3591 5649 3783 5742; x_wconf 41' lang='lat' dir='ltr'><strong>induit“</strong></span> 
     </span>
    </p>
   </div>
   <div class='ocr_carea' id='block_1_119' title="bbox 2318 5714 3777 5781">
    <p class='ocr_par' dir='ltr' id='par_1_119' title="bbox 2318 5714 3777 5781">
     <span class='ocr_line' id='line_1_119' title="bbox 2318 5714 3777 5781; baseline -0.006 -8"><span class='ocrx_word' id='word_1_827' title='bbox 2318 5722 2333 5773; x_wconf 89' lang='lat' dir='ltr'><strong>i</strong></span> <span class='ocrx_word' id='word_1_828' title='bbox 2367 5722 2584 5777; x_wconf 77' lang='lat' dir='ltr'><strong>Animus</strong></span> <span class='ocrx_word' id='word_1_829' title='bbox 2609 5722 2812 5777; x_wconf 85' lang='lat' dir='ltr'><strong>ordine.</strong></span> <span class='ocrx_word' id='word_1_830' title='bbox 2842 5723 2923 5778; x_wconf 86' lang='lat' dir='ltr'><strong>An</strong></span> <span class='ocrx_word' id='word_1_831' title='bbox 2951 5714 3095 5780; x_wconf 68' lang='lat' dir='ltr'><strong>idem</strong></span> <span class='ocrx_word' id='word_1_832' title='bbox 3118 5740 3183 5780; x_wconf 89' lang='lat' dir='ltr'><strong>ac</strong></span> <span class='ocrx_word' id='word_1_833' title='bbox 3201 5735 3348 5781; x_wconf 68' lang='lat' dir='ltr'><strong>extra</strong></span> <span class='ocrx_word' id='word_1_834' title='bbox 3367 5723 3448 5778; x_wconf 87' lang='lat' dir='ltr'><strong>vel</strong></span> <span class='ocrx_word' id='word_1_835' title='bbox 3468 5720 3576 5775; x_wconf 83' lang='lat' dir='ltr'><strong>sine</strong></span> <span class='ocrx_word' id='word_1_836' title='bbox 3595 5714 3777 5771; x_wconf 70' lang='lat' dir='ltr'><strong>ordine!</strong></span> 
     </span>
    </p>
   </div>
   <div class='ocr_carea' id='block_1_120' title="bbox 2317 5789 3034 5858">
    <p class='ocr_par' dir='ltr' id='par_1_120' title="bbox 2317 5789 3034 5858">
     <span class='ocr_line' id='line_1_120' title="bbox 2317 5789 3034 5858; baseline 0.001 -8"><span class='ocrx_word' id='word_1_837' title='bbox 2317 5795 2344 5833; x_wconf 75' lang='grc' dir='ltr'><strong>ιι</strong></span> <span class='ocrx_word' id='word_1_838' title='bbox 2371 5789 2534 5850; x_wconf 79' lang='lat' dir='ltr'><strong>Forte</strong></span> <span class='ocrx_word' id='word_1_839' title='bbox 2563 5792 2736 5847; x_wconf 80' lang='lat' dir='ltr'><strong>debita</strong></span> <span class='ocrx_word' id='word_1_840' title='bbox 2759 5795 3034 5858; x_wconf 77' lang='lat' dir='ltr'><strong>sententia.</strong></span> 
     </span>
    </p>
   </div>
  </div>
