4034 6350
242 385 355 443 873

1709 374 2067 434 ΕΡΙΞΤΟΙηΕ
2078 416 2090 430 .

3416 373 3523 430 ΠΙ

237 492 562 559 consulitur,
593 490 737 564 quod
769 490 1121 564 generalitate
1153 503 1261 546 non
1283 491 1462 545 datur.
1516 487 1635 542 Non
1666 486 1829 559 igitur
1857 499 1906 558 Α
1933 490 2087 559 cujus
2116 490 2263 560 justa
2287 488 2489 563 judicia
2524 489 2733 547 clarent
2769 490 2981 564 justitia
3028 507 3092 549 ac
3137 490 3338 564 pietate
3383 507 3521 564 prte-

236 588 609 649 subvertimus
665 584 970 657 primitiva,
1023 583 1116 640 sed
1168 581 1468 639 consultius
1520 581 1835 637 ordinamus

232 682 717 755 przesentiamum
761 685 817 734 et
863 675 993 731 illud
1035 673 1323 732 universali
1381 673 1581 741 edictu,
1625 682 1681 728 et
1720 673 1836 730 lucc

231 774 549 849 przepolleat
581 770 803 845 speciali
824 768 1051 840 judicio.

308 889 367 947 5.
426 888 494 945 Et
520 888 638 944 bzec
676 886 919 943 dicentes
966 900 1074 941 non
1120 882 1275 940 vobis
1320 882 1646 955 replicamus
1687 883 1837 938 inco-

233 985 413 1059 gnita,
446 982 540 1038 sed
570 988 695 1035 nota
727 978 1034 1034 reducimus
1080 976 1357 1033 recolenda
1391 991 1405 1030 :
1438 986 1496 1029 ut
1530 974 1573 1030 si
1622 973 1692 1029 ab
1740 975 1834 1029 ho-

232 1079 431 1134 dierno
458 1076 545 1130 die
574 1084 629 1130 ct
658 1082 932 1143 tempore,
964 1070 1161 1141 aliquis
1203 1084 1268 1125 ex
1320 1068 1691 1124 sacerdotibus
1734 1082 1831 1121 no-

232 1172 371 1227 stris
397 1179 587 1224 vestrze
619 1165 919 1238 praesentia:
961 1178 1286 1235 quacunque
1316 1162 1498 1218 saeculi
1524 1162 1835 1217 exhibuerit

232 1262 568 1325 necessitas;
599 1276 704 1315 non
734 1257 1083 1323 execrabilis,
1126 1257 1268 1327 quod
1313 1255 1497 1327 procul
1524 1255 1613 1318 sit,
1641 1263 1835 1310 vestrae

229 1352 664 1428 participationi,
694 1351 775 1407 vel
800 1350 991 1406 exulus
1018 1351 1298 1415 habeatur,
1323 1350 1415 1404 sed
1446 1348 1737 1418 recipiatur
1776 1356 1834 1403 ut

228 1447 507 1519 proprius,
535 1444 891 1514 amplectatur
913 1451 972 1496 ut
1000 1442 1163 1505 filius,
1193 1450 1354 1510 atque
1394 1439 1459 1494 ad
1499 1454 1659 1495 oume
1699 1438 1834 1492 alta-

228 1541 312 1595 ris
366 1536 598 1593 cilicium
659 1536 979 1592 admittatur
1031 1534 1286 1597 idoneus;
1335 1531 1563 1586 libenter
1602 1547 1631 1585 a
1680 1532 1832 1586 vobis

228 1632 423 1700 utique
453 1637 807 1700 percepturus
846 1635 1161 1683 consecrata
1212 1624 1486 1687 libamina,
1515 1624 1832 1693 (ueterisque

225 1721 646 1792 dispensaturus
670 1719 831 1773 etiam
856 1732 953 1787 per
977 1716 1326 1786 semetipsum
1353 1715 1597 1770 confecta
1628 1722 1829 1785 myste-

225 1813 313 1868 ria
351 1830 365 1866 :
408 1811 709 1883 praesertim
754 1825 877 1865 cum
911 1807 1225 1863 fraternitas
1267 1817 1452 1862 nostra
1479 1821 1696 1878 gregem
1728 1805 1829 1860 sibi

1938 586 2137 642 cincta.

2006 680 2061 735 2.
2103 678 2232 748 Quae
2260 687 2382 735 acta
2421 689 2547 735 sunt
2574 678 2885 750 paternitati
2919 686 3115 734 vestrae
3148 677 3386 733 breviter
3422 678 3521 734 ad-

1936 774 2138 829 notavi.
2196 772 2361 829 Nunc.
2397 789 2517 843 quae
2570 773 2773 844 agenda
2820 780 2945 828 sunt
2996 772 3189 828 iterum
3250 770 3525 827 humiliter

1935 870 2092 939 cupio
2118 866 2426 937 implorare.
2473 865 2633 921 Certe
2670 867 2737 920 ab
2768 866 2883 936 ipso
2908 864 3245 937 tegritudinis
3282 873 3523 934 tempore

1936 977 2107 1033 usque
2138 961 2190 1015 in
2224 960 2382 1015 hodie
2416 976 2447 1013 a
2482 959 2703 1015 salutari
2734 959 2985 1014 exclusus
3027 958 3200 1012 mansi
3234 956 3468 1011 remedio
3506 973 3519 1010 :

1935 1062 1990 1108 et
2038 1052 2165 1108 licet
2209 1051 2701 1107 reconciliationem
2748 1049 2964 1105 aliunde
3018 1049 3253 1103 valerem
3304 1049 3429 1113 frui,
3478 1047 3526 1104 si

1936 1146 2166 1212 vellem;
2215 1156 2392 1200 tamen
2428 1160 2490 1200 ea
2525 1160 2644 1215 qute
2670 1143 2993 1197 auctoritate
3034 1140 3255 1196 Patrum
3310 1147 3527 1195 sacrata

1937 1250 2081 1303 sunt,
2125 1239 2347 1310 implere
2384 1238 2697 1294 desiderans
2726 1235 3046 1306 permissum
3079 1244 3314 1288 vestrum
3348 1232 3529 1303 inqui-

1937 1349 2059 1389 rere
2083 1333 2247 1396 volui,
2273 1342 2435 1402 atque
2473 1348 2569 1401 per
2597 1329 2897 1399 jussionetn
2946 1328 3286 1400 paternitatis
3333 1335 3528 1383 vestrte

1938 1426 2002 1479 ad
2044 1424 2477 1480 communionem
2505 1424 2733 1478 reditum
2770 1423 2971 1477 habere
2999 1421 3234 1491 disposui
3269 1431 3356 1475 :et
3402 1418 3527 1475 inde

1937 1516 2063 1570 alibi
2096 1516 2198 1570 hoc
2227 1531 2331 1569 non
2368 1514 2639 1584 inquisivi.
2677 1513 2801 1583 quia
2839 1522 2972 1567 teste
3016 1514 3122 1567 Deo
3155 1510 3303 1574 Jesu,
3339 1511 3428 1566 Dei
3471 1519 3528 1567 et

1938 1608 2147 1667 Dom‘ni
2198 1608 2368 1662 nostri
2417 1606 2682 1662 sententia
2727 1604 3032 1659 formidavi.
3095 1603 3247 1659 Unde
3298 1612 3423 1673 peto
3469 1608 3530 1657 ut

1937 1700 2164 1770 epistola
2214 1698 2558 1770 paternilatis
2614 1706 2803 1752 vestra:
2852 1695 2940 1750 cui
2996 1694 3167 1765 prius,
3225 1693 3414 1747 melius
3470 1699 3529 1747 et

1939 1793 2118 1859 aptius
2149 1790 2340 1845 videtis
2365 1804 2431 1843 ex
2464 1789 2659 1843 vestris
2693 1803 2763 1841 sa
2785 1784 3062 1840 erdotibns
3097 1785 3291 1845 veniat,
3325 1798 3528 1837 meam-

226 1907 500 1965 credilum
560 1906 781 1960 decreto
837 1902 1148 1958 ﬁrmissimo
1206 1917 1459 1955 manuum
1516 1910 1825 1955 nostrarum
1860 1878 1904 1939 B
1932 1898 2037 1953 que
2198 1882 2716 1944 I‘ECOIICIIIRIZOIIBIII,
2753 1879 2984 1949 qualiter
3010 1877 3315 1939 VOIIICI‘IIIS,
3348 1873 3528 1942 injun-

225 2004 629 2076 subsctiptioue
652 2001 886 2064 firmato,
917 2000 1224 2055 indemnem
1250 2006 1305 2052 et
1336 1996 1561 2052 lihermu
1604 1996 1673 2050 ab
1708 2010 1828 2050 om-

223 2100 386 2155 nium
444 2093 845 2152 susurrantium
907 2091 1131 2147 infamio
1178 2099 1435 2161 perpetue
1485 2096 1703 2144 censeat
1764 2102 1831 2142 eo

226 2193 420 2262 v'gore
466 2186 781 2244 stabilitatis
830 2182 1144 2254 perenniter
1191 2181 1620 2237 conservandqu
1654 2221 1671 2247 ,
1723 2195 1832 2250 quo

223 2279 781 2350 metropolitanorum
811 2275 1180 2330 sanctionibus
1214 2274 1267 2328 in
1297 2273 1571 2343 przeterito
1606 2282 1661 2329 et
1697 2288 1831 2343 prte-

224 2371 374 2427 senti
407 2369 680 2425 invenitur
721 2365 1124 2421 confirmatum.
1177 2362 1440 2434 Optamus
1495 2379 1594 2419 nos
1637 2365 1831 2420 vestris

225 2464 531 2535 reciprocis
556 2460 808 2517 litterulis
844 2458 1191 2531 praemunire,
1214 2468 1268 2511 et
1304 2457 1581 2512 fraternali
1631 2456 1832 2511 auxilio

225 2562 283 2615 in
329 2576 395 2615 ea
441 2573 559 2628 quae
586 2555 733 2628 pacis
763 2564 820 2609 et
847 2552 1134 2608 charitatis
1169 2558 1295 2605 sunt
1325 2550 1590 2604 roborari.
1622 2548 1679 2604 Si
1710 2550 1832 2620 quis

225 2664 416 2709 autem
444 2666 509 2708 ex
542 2647 961 2721 congregatione
996 2653 1178 2701 nostra
1225 2644 1492 2714 pravitate
1538 2643 1739 2708 cordis,
1779 2652 1833 2697 et

224 2747 406 2802 livore
452 2744 670 2808 mentis,
714 2756 808 2796 seu
858 2736 1136 2795 crescendi
1178 2734 1343 2800 fastu,
1384 2734 1565 2807 aliqua
1612 2735 1833 2791 auribus

227 2837 440 2895 nostris
467 2849 489 2877 ο
521 2833 793 2906 przecultis
816 2831 1124 2887 eruditione
1160 2829 1468 2883 divinorum
1501 2827 1831 2883 voluminum

227 2932 375 2989 levia
408 2933 675 2988 intentare
717 2927 997 2985 conaverit
1017 2967 1032 2991 ,
1068 2924 1157 2980 illa
1191 2938 1299 2995 qua
1324 2937 1421 2976 vos
1449 2922 1571 2977 novi
1602 2920 1831 2977 naturali

226 3026 420 3097 vigere
442 3022 725 3086 industria,
752 3019 893 3075 male
917 3018 1235 3088 loquatium.
1259 3022 1581 3085 properatur
1600 3012 1832 3077 insania,

226 3118 327 3189 qui
363 3114 734 3171 unauitnitatis
761 3109 1119 3181 despicientes
1155 3105 1461 3177 collegium,
1488 3120 1586 3176 per
1608 3104 1833 3174 abrupta

227 3219 286 3266 et
307 3209 465 3264 devia
490 3208 661 3263 nitent
689 3205 838 3276 lapsu
854 3202 1033 3260 casuri
1053 3198 1319 3272 pmcipiti
1344 3198 1398 3253 in
1422 3196 1590 3253 altum
1612 3195 1835 3252 tendere

230 3319 510 3377 gressum.
557 3300 763 3359 Valete.

989 3434 1080 3492 XI.

231 3596 446 3639 ικειριτ
494 3593 753 3636 ενιςτοιλ
814 3588 1006 3632 ALVARI
1058 3587 1225 3629 SAIJLO
1273 3568 1532 3627 .EPISCOPO
1580 3581 1830 3624 υιιιιεετιι.

305 3709 669 3767 Sanctissimo
715 3706 943 3763 Domino
989 3718 1110 3762 meo
1164 3700 1329 3757 Saulo
1377 3701 1632 3772 episcopo
1678 3696 1837 3753 Pauli

232 3805 449 3863 Αινιιιιι
497 3801 800 3876 suggessio.

308 3919 364 3973 1.
423 3916 587 3973 Multa
621 3923 777 3972 erant
800 3931 922 3987 quae
955 3913 1229 3971 sanctitati
1267 3919 1462 3968 vestrae
1500 3906 1836 3979 debebantur

230 4013 428 4077 scribi,
460 4012 503 4068 si
532 4010 763 4083 procella
791 4010 971 4067 s:eculi
995 4018 1051 4065 et
1071 4008 1353 4063 calamitas
1383 4005 1640 4075 temporis
1661 4002 1835 4059 nostri

228 4124 344 4163 non
371 4106 734 4179 pnepedirent
758 4104 991 4162 ollicium
1024 4104 1239 4175 linguae.
1272 4102 1380 4158 Sed
1407 4100 1533 4171 quia
1562 4098 1834 4155 acerbitas

228 4201 611 4272 angustiarum
664 4207 719 4254 et
767 4197 1079 4254 immanitas
1141 4194 1473 4268 ﬂagellorum
1517 4192 1836 4264 eloquentia:

227 4292 442 4348 fantem
470 4290 777 4353 conclusit,
804 4298 860 4345 et
888 4287 1099 4343 dicendi
1132 4286 1417 4341 materiam
1453 4299 1549 4339 sua
1582 4281 1723 4338 mole
1754 4297 1837 4337 re-

228 4384 425 4449 trusit,
461 4384 583 4439 ideo
625 4382 863 4439 breviter
912 4389 1051 4437 teste
1096 4378 1552 4436 conscientiarum
1593 4375 1837 4431 omnium

226 4480 368 4543 Deo,
415 4477 556 4534 dulci
585 4478 789 4543 animo,
824 4484 878 4531 et
926 4484 1104 4532 mente
1145 4488 1299 4545 pura.
1350 4470 1691 4527 salutationis
1729 4467 1839 4524 olli-

227 4575 379 4629 cium
428 4572 740 4643 paternitati
784 4580 978 4628 vestra:
1004 4570 1209 4633 defero,
1249 4567 1635 4639 propriamque
1667 4565 1834 4621 mise-

228 4666 371 4721 riem
399 4673 455 4719 et
476 4665 881 4737 suggessionem
910 4677 1142 4734 expono.
1174 4659 1319 4716 Reor
1346 4675 1452 4716 non
1480 4658 1634 4715 vobis
1664 4655 1833 4713 fuisse

228 4756 569 4826 incognitum
611 4755 833 4829 periculi
884 4755 970 4809 vel
1014 4753 1350 4826 aegritudinis
1382 4768 1515 4808 meae
1558 4752 1661 4807 hoc
1688 4765 1830 4805 anno

227 4850 613 4921 dispendium;
646 4850 720 4904 ita
751 4858 810 4904 ut
838 4848 1027 4903 mortis
1075 4863 1241 4919 agens
1284 4844 1610 4910 confinium,
1656 4843 1830 4913 paeni-

228 4944 423 5000 tentiae
464 4943 791 5015 postularem
839 4941 1168 5005 remedium,
1217 4950 1379 5012 atque
1415 4947 1539 5011 post
1588 4938 1830 5007 dispera-

227 5038 443 5094 tionem
496 5051 601 5092 non
638 5035 939 5101 modicam,
991 5034 1281 5090 salutarem
1324 5034 1594 5090 invenisse
1643 5030 1828 5087 mede-

227 5128 366 5183 lam.
417 5126 675 5183 Dominus
710 5128 849 5182 enim
884 5126 973 5198 qui
1004 5125 1305 5196 morti/ient,
1343 5135 1391 5180 et
1426 5125 1650 5195 viviﬁcat
1671 5165 1686 5191 ,
1725 5124 1826 5178 du-

229 5221 304 5275 cit
348 5219 417 5273 ad
453 5228 631 5291 portas
670 5217 885 5288 inferni,
918 5226 966 5271 et
1002 5217 1201 5272 reducit
1242 5214 1293 5287 (I
1329 5214 1457 5287 Reg.
1493 5230 1554 5280 tt,
1594 5214 1671 5283 6),
1710 5221 1832 5285 post

228 5309 465 5366 multam
514 5308 771 5364 ultionem
812 5306 1040 5378 judiciu,
1088 5314 1143 5361 et
1180 5305 1395 5377 dignam
1435 5306 1830 5376 correptionem

227 5400 459 5473 flagelli,
491 5400 774 5457 clementia
800 5399 1053 5464 mirabili,
1097 5408 1152 5455 et
1190 5398 1391 5469 pietate
1438 5396 1716 5460 laudabili,
1768 5410 1830 5451 ac

229 5494 482 5566 potentia
511 5492 804 5566 singulari,
830 5491 1107 5549 revocavit
1129 5506 1160 5547 a
1190 5488 1413 5562 periculi
1442 5487 1640 5559 janua,
1671 5488 1832 5544 mise.

232 5584 476 5641 ricordia
505 5594 786 5651 consueta,
821 5599 980 5657 quem
1009 5584 1171 5655 digne
1200 5582 1403 5639 scelera
1423 5581 1535 5652 jam
1565 5580 1831 5637 ducebant

230 5679 310 5734 ad
349 5684 578 5734 tartara.
619 5676 705 5734 Sit
737 5691 934 5735 nomen
966 5676 1085 5750 ejus
1125 5676 1469 5735 benedictum
1514 5676 1567 5732 in
1612 5674 1828 5742 sarcula,

314 5865 343 5895 ⁸
381 5852 512 5928 Leg.
551 5856 754 5913 vestris.

1861 4625 1915 4687 D

1931 1983 2039 2042 gat.
2084 1973 2311 2027 Paratus
2335 1972 2477 2026 enim
2509 1988 2626 2027 sum
2658 1972 2709 2026 in
2738 1971 2989 2023 onmihus
3010 1967 3251 2030 obedire,
3300 1976 3353 2020 et
3392 1980 3529 2035 prte-

1930 2066 2099 2137 ceptis
2131 2067 2324 2121 vestris
2353 2064 2680 2120 salutaribus
2713 2078 2798 2117 me.
2840 2072 3007 2117 totum
3034 2059 3234 2113 dedere
3267 2076 3279 2111 :
3315 2067 3528 2111 tantum

1930 2176 2036 2215 non
2068 2160 2241 2231 privet
2268 2157 2665 2214 communionis
2701 2156 2962 2218 remedio,
2986 2154 3110 2223 quia
3140 2152 3296 2222 plane
3325 2149 3529 2221 ingenti

1930 2252 2133 2309 afﬁcior
2164 2252 2341 2317 tazdio,
2372 2251 2496 2307 dum
2527 2260 2801 2306 extorrem
2845 2263 2930 2302 me
2965 2246 3119 2302 doleo
3145 2262 3173 2300 a
3215 2245 3527 2316 nuptiarum

1928 2346 2068 2418 Agni
2098 2345 2367 2401 convivio.
2419 2343 2642 2412 Qualem
2692 2358 2821 2397 vero
2862 2341 2990 2397 mihi
3033 2341 3201 2410 legem
3243 2334 3529 2409 posuct-itis

1922 2435 2136 2507 jejunii,
2165 2436 2651 2507 eleemosynarum,
2681 2448 2773 2489 seu
2812 2432 3177 2502 temperantia:
3197 2432 3377 2499 operis
3404 2426 3527 2480 boni

1932 2528 2194 2599 perlicere
2227 2528 2383 2599 cupio
2410 2567 2425 2592 ,
2456 2534 2511 2580 et
2541 2526 2593 2580 in
2626 2524 2770 2579 nullo
2799 2539 2829 2578 a
2863 2522 3107 2577 veritatis
3135 2535 3228 2576 sctt
3262 2515 3529 2589 possibili-

1935 2622 2061 2677 tatis
2091 2620 2288 2692 regulis
2315 2620 2552 2675 deviare.
2583 2618 2792 2672 Pronus
2818 2617 2962 2671 enim
2994 2624 3073 2669 est
3101 2613 3316 2668 animus
3345 2619 3529 2665 noster

1933 2725 2125 2772 cuncta
2155 2715 2417 2785 imperata
2446 2711 2689 2781 implere,
2721 2718 2775 2765 et
2799 2725 2828 2763 a
2859 2707 3068 2764 cunctis
3118 2705 3317 2759 illicitis
3337 2702 3527 2770 jussis,

1933 2815 1988 2861 et
2012 2815 2235 2875 paterna
2263 2801 2603 2858 ordLnatione
2635 2798 2954 2870 prohibitis,
2989 2804 3248 2866 quantum
3297 2791 3525 2863 possibi-

1934 2899 2056 2954 litas
2080 2897 2312 2961 dederit,
2338 2904 2573 2950 mentem
2616 2894 2879 2949 hactenus
2930 2905 3027 2961 per
3073 2887 3228 2943 devia
3277 2886 3531 2941 oberran-

1938 3002 2045 3049 tem
2079 2989 2247 3046 frenis
2280 2989 2648 3060 temperantur
2676 2999 2949 3043 coercere.

2006 3084 2057 3139 5.
2114 3082 2265 3139 Unde
2310 3096 2461 3152 rogo,
2507 3090 2561 3135 et
2602 3077 2920 3149 lacrymosis
2951 3074 3205 3146 precibus
3238 3085 3438 3143 quteso,
3473 3078 3529 3125 ut

1936 3176 2096 3232 citius
2130 3189 2227 3229 nos
2251 3183 2431 3228 vestra
2470 3171 2768 3242 pateruitas
2799 3167 3019 3224 cuilibet
3056 3180 3124 3220 ex
3159 3162 3533 3221 sacerdotibus

1861 3253 1906 3316 (ἶ
1939 3268 2250 3326 solvendum
2295 3265 2557 3337 iujungat.
2620 3262 2714 3319 Sin
2758 3270 2937 3317 autem
2970 3259 3136 3328 ,aliud
3187 3258 3342 3313 nobis
3392 3257 3534 3329 viget

1940 3364 2203 3436 agendum
2235 3403 2251 3427 ,
2279 3370 2335 3417 et
2367 3361 2468 3416 hoc
2494 3359 2689 3414 iterum
2718 3357 2880 3412 citius
2904 3354 3089 3411 humili
3120 3368 3219 3409 suo
3248 3353 3529 3417 rescribat,

1940 3460 2065 3527 quia
2094 3453 2144 3508 in
2176 3452 2385 3508 cunctis
2405 3450 2560 3505 vobis
2587 3463 2782 3521 parere
2808 3455 2992 3502 nostra
3018 3445 3251 3500 tenuitas
3271 3442 3532 3512 disponit,

1938 3563 2040 3605 nec
2073 3547 2334 3603 terminos
2361 3544 2582 3598 Patrum
2614 3541 2844 3596 transire
2872 3540 3101 3609 superba
3130 3535 3414 3591 insolentia
3442 3548 3535 3588 cu-

1936 3642 2035 3714 pit.
2108 3638 2310 3694 Tamen
2372 3636 2695 3705 rescriptum
2744 3642 2989 3687 nostrum
3037 3631 3140 3685 hac
3194 3625 3533 3683 hebdomada

1936 3730 2289 3806 praestolabor
2329 3746 2342 3783 :
2390 3742 2552 3798 quem
2603 3725 2649 3781 si
2697 3723 2941 3793 recipere
2990 3736 3098 3775 non
3155 3732 3404 3774 meruero
3440 3757 3454 3782 ,
3501 3730 3534 3769 a

1936 3820 2196 3877 fratribus
2225 3820 2422 3875 vestris
2450 3826 2505 3873 et
2534 3815 2803 3888 episcopis
2835 3810 3327 3869 reconciliationem
3360 3808 3532 3877 ipsam

1936 3914 2228 3986 implorare
2256 3912 2503 3983 dispono,
2530 3909 2656 3980 quia
2682 3917 2831 3962 tanto
2858 3916 3098 3978 tempore
3121 3920 3152 3958 a
3177 3918 3406 3973 corpore
3434 3899 3532 3958 Dei

1938 4011 2043 4067 mei
2080 4020 2134 4065 et
2170 4008 2429 4080 sanguine
2456 4006 2699 4076 privatus
2723 4012 2872 4058 stare
2905 4016 3009 4055 non
3035 3997 3207 4054 valeo.
3253 3995 3366 4051 Hoc
3411 3993 3534 4050 ideo

1937 4102 2089 4158 vobis
2120 4100 2350 4165 innotui,
2378 4097 2503 4169 quia
2532 4104 2766 4152 vestram
2794 4092 3200 4163 responsionem
3228 4087 3391 4142 citam
3437 4100 3533 4142 cu-

1937 4195 2027 4265 pio
2052 4192 2269 4257 intueri,
2300 4198 2355 4246 et
2378 4190 2518 4245 hanc
2543 4186 2890 4244 festivitatem
2916 4184 3109 4255 ligatus
3153 4180 3339 4238 dubito
3391 4179 3531 4234 inter

1938 4285 2074 4341 alios
2120 4285 2381 4340 retinere.
2438 4281 2649 4338 Mereor
2696 4279 2901 4335 vultum
2948 4286 3186 4333 vestrum
3232 4273 3531 4346 jucundum

1938 4380 1992 4435 in
2044 4378 2378 4451 iucunditate
2435 4384 2489 4432 et
2546 4374 2731 4430 laetitia
2796 4372 3027 4428 feliciter
3087 4369 3247 4426 citius
3302 4364 3527 4438 perfrui.

1938 4474 2106 4537 Finit.

2677 4581 2794 4637 XII.

1938 4717 2068 4757 ITEM
2106 4716 2437 4756 RESCMPTUM
2489 4713 2641 4755 SAULI
2687 4710 2920 4752 EPISCOPI
2974 4706 3181 4748 ALVARO
3231 4703 3525 4746 DIRECTUII.

2010 4838 2062 4891 l.
2103 4835 2268 4891 Multa
2294 4833 2447 4889 nobis
2476 4844 2633 4889 erant
2661 4828 2967 4886 necessaria
2994 4841 3114 4899 quae
3138 4823 3414 4880 obtutibus
3438 4837 3530 4878 ve-

1938 4928 2066 4983 stris
2100 4928 2429 4983 debebamus
2468 4926 2710 4982 scribere
2739 4940 2753 4977 :
2783 4923 2876 4978 sed
2928 4920 3291 4992 praepediente
3331 4915 3530 4974 delicto

1936 5020 2175 5093 quotidie
2202 5035 2483 5075 versamur
2510 5019 2562 5074 in
2592 5017 2849 5081 lamento,
2888 5025 2945 5069 ut
2982 5027 3081 5069 nec
3126 5013 3304 5085 lingua
3354 5010 3528 5083 possit

1937 5130 2196 5171 enarrare
2227 5113 2370 5185 quod
2401 5127 2552 5169 mens
2584 5120 2767 5167 nostra
2800 5108 3024 5180 patitur,
3052 5122 3151 5164 nec
3184 5106 3530 5162 characteres

1937 5206 2207 5266 scribendi
2254 5205 2398 5277 quod
2435 5206 2683 5271 debetur,
2716 5201 2999 5273 Scriptura
3046 5200 3294 5256 dicente:
3328 5195 3532 5267 Defecit

1936 5302 2246 5357 inltabitatio
2274 5316 2520 5355 sensuum
2556 5296 2722 5353 multa
2748 5294 3059 5367 cogitantem
3084 5290 3234 5364 (Sap.
3267 5289 3367 5361 ix).
3423 5287 3533 5343 Sed

1933 5382 2062 5466 quia
2107 5393 2411 5451 dilectionis
2459 5400 2656 5446 vestra:
2712 5386 2981 5459 susceptis
3033 5384 3279 5457 apicibus
3327 5379 3528 5436 ibidem

1933 5497 2114 5545 vester
2147 5486 2371 5559 digessit
2400 5484 2588 5557 stylus,
2620 5493 2680 5539 ut
2700 5492 2831 5556 puto
2858 5479 3042 5538 auxiat
3068 5478 3098 5519 ιι
3123 5475 3355 5549 plenius,
3375 5486 3529 5546 com-

1933 5582 2159 5654 perique
2183 5595 2279 5636 vos
2308 5579 2473 5635 nimia
2504 5576 2750 5650 corporis
2776 5572 3149 5633 imbecillitate
3170 5568 3436 5633 solutum,
3468 5572 3529 5620 ut

1942 5675 2008 5731 ad
2041 5672 2331 5729 videndum
2361 5686 2460 5727 nos
2487 5669 2695 5725 nullum
2726 5667 2921 5725 dicatis
2951 5665 3153 5723 habere
3182 5661 3409 5725 aditum,
3432 5655 3536 5713 sed

2016 5857 2045 5897 δ
2072 5854 2202 5933 Leg.
2236 5855 2440 5937 undat.
