4034 6350
569 351 672 406 475

1829 338 2084 396 ALVARI
2119 335 2602 394 ‘CORDUBENSIS

3713 346 3796 429 ne

576 467 815 522 vellet‘ut
853 460 1015 519 unum
1047 479 1110 519 ex
1142 462 1510 517 sacerdotibtis
1538 458 1796 514 Cordubae
1825 473 1855 510 a
1897 473 1980 510 me
2025 454 2146 509 diri-
2175 458 2223 514 A
2250 463 2422 520 sperat
2447 453 2500 505 in
2537 451 2756 505 Domino
2785 453 3168 521 confortabitur
3215 451 3406 523 (Prov.
3447 453 3599 518 χχιχ,
3629 455 3725 526 25'),
3759 473 3800 515 ει

568 566 726 627 gatur
749 555 1024 624 scriptum,
1055 568 1161 622 quo
1191 567 1284 604 vos
1312 549 1629 604 infurm‘atos
1658 565 1687 601 a
1718 547 1915 602 Christi
1942 558 2139 613 corpus

570 647 755 702 reddat
805 646 1067 709 solutum,
1123 644 1363 697 dicentes
1408 641 1548 712 quod
1591 640 1741 695 fuere
1788 637 2026 693 nonnulli
2049 637 2136 706 qui

568 737 740 792 coacti
795 745 914 790 sunt
967 733 1030 789 ad
1069 732 1430 788 enarrandum
1488 733 1657 786 inviti.

636 831 690 884 2.
731 827 868 896 Quid
902 843 999 884 nos
1035 829 1152 884 haec
1179 829 1439 891 dicenms,
1485 826 1577 896 qui
1611 837 1819 896 tempus
1867 823 2026 878 hodie
2059 830 2140 876 ta-

567 920 720 974 cendi
757 919 1070 988 portamus?
1095 916 1202 972 Nos
1233 919 1377 972 enim
1409 917 1674 970 neminem
1706 914 2139 985 prmjudicamus,

570 1011 884 1080 nullumque
914 1012 1252 1074 damnamus,
1295 1027 1393 1066 nec
1412 1011 1769 1080 justiticamus
1799 1007 1940 1077 quod
1969 1006 2145 1060 nesci-

568 1119 707 1167 mus,
741 1119 838 1158 nec
887 1103 1140 1172 pttnimus
1184 1105 1326 1171 quod
1380 1103 1708 1171 ignoramus.
1759 1099 1864 1153 Sed
1911 1114 2006 1152 vos
2051 1097 2143 1166 qui

564 1211 750 1251 eorum
801 1196 973 1249 nostis
1011 1203 1238 1256 mentes,
1280 1201 1332 1248 et
1377 1192 1612 1261 pensatis
1654 1190 1973 1253 voluntates,
2021 1187 2144 1256 quia

571 1288 749 1342 aditus
771 1288 836 1339 ad
867 1286 1154 1341 videndum
1183 1300 1279 1338 nos
1309 1284 1459 1338 vobis
1489 1290 1734 1353 negatur,
1767 1281 1833 1334 ab
1853 1275 1961 1333 illis
1990 1278 2146 1332 abso-

565 1375 826 1430 lutionem
861 1377 1137 1445 pereipitc,
1167 1392 1194 1429 a
1224 1377 1417 1445 quilms
1453 1382 1506 1428 et
1548 1372 1920 1443 paenitentiam
1965 1383 2149 1424 susce-

563 1471 744 1539 pistis.
773 1470 863 1523 Sic
886 1469 1032 1522 enim
1069 1478 1194 1522 tunc
1221 1469 1381 1538 digna
1411 1466 1510 1520 fuit
1539 1481 1724 1520 eorum
1760 1477 1953 1516 manus
1979 1461 2149 1530 impo-

568 1563 710 1622 sitio,
747 1569 967 1628 accepta
997 1568 1051 1612 et
1082 1575 1222 1613 nunc
1245 1566 1348 1611 erit
1377 1558 1494 1611 sine
1517 1557 1676 1612 dubio
1703 1553 1986 1608 absolutio.
2015 1551 2147 1604 Nam

569 1662 630 1703 ut
660 1650 810 1704 vobis
843 1651 1232 1712 intimavimus,
1265 1665 1370 1702 non
1415 1657 1499 1702 est
1525 1661 1792 1701 mensurzc
1833 1658 1963 1698 mea:
2002 1640 2150 1712 judi-

568 1743 798 1796 candum
834 1743 897 1796 de
929 1742 1148 1804 talibus,
1196 1739 1299 1793 nisi
1332 1741 1494 1794 fuerit
1544 1739 1841 1806 inspirante
1885 1735 1995 1788 Deo
2024 1748 2154 1788 con—

2243 552 2459 608 czctera,
2489 559 2606 612 quae
2659 543 2954 612 prudentiae
2985 553 3180 598 vestrae
3229 559 3340 597 non
3395 543 3578 598 latent.
3615 544 3722 601 lla-c
3760 565 3800 605 et

2241 631 2434 686 horum
2469 633 2664 686 similia
2692 648 2843 704 rogo,
2873 642 2930 687 ut
2951 635 3099 702 prius
3121 644 3310 688 tecum
3343 635 3560 704 Semper
3587 645 3797 702 tractare,

2241 737 2297 782 et
2334 729 2412 782 sic
2464 737 2514 782 te
2562 727 2975 782 Sacramentum
3023 725 3488 782 reconciliationis
3534 728 3795 788 admittere.

2243 816 2350 871 Sed
2380 818 2423 870 si
2459 816 2603 870 aliud
2627 817 2825 886 placet,
2851 816 2940 870 fac
2961 818 3100 886 quod
3129 817 3232 871 tibi
3253 817 3462 871 bonum
3492 819 3708 886 videtur,
3731 834 3802 878 aut

2243 909 2386 977 quod
2416 909 2702 977 prudentia
2734 917 2822 962 tua
2863 909 3087 964 docente
3121 909 3499 978 conspexerit.
3543 909 3630 966 liis
3657 913 3799 984 explo-

2245 1000 2321 1054 sis
2343 999 2456 1068 jam
2493 1011 2755 1070 quantum
2799 1003 2946 1070 potui
2973 1002 3124 1056 dixi:
3169 1003 3242 1056 de
3293 1002 3546 1072 plurimis
3588 1009 3796 1074 cognovi,

2243 1108 2415 1163 pauca
2436 1093 2690 1148 charitati
2717 1103 2910 1148 vestrae
2933 1094 3125 1148 direxi.
3143 1094 3291 1148 Sunt
3320 1095 3498 1149 sancti
3523 1095 3612 1151 Dei
3635 1103 3798 1153 melilo-

2247 1201 2337 1240 res
2361 1186 2528 1240 vestri
2557 1204 2570 1239 :
2605 1201 2725 1240 sum
2769 1195 2821 1241 et
2850 1201 2949 1256 ego
2976 1187 3028 1240 in
3075 1188 3360 1242 omnibus.
3395 1187 3692 1245 Salutamus
3712 1199 3800 1244 ota-

2249 1293 2348 1334 nes
2378 1279 2430 1333 in
2460 1279 2646 1333 osculo
2694 1288 2901 1344 sancto,
2956 1296 3094 1350 quos
3129 1281 3306 1336 cortis
3341 1292 3364 1319 θ
3415 1295 3603 1336 vesrrze
3647 1284 3801 1339 retinet

2252 1370 2489 1426 claustra
2521 1370 2566 1424 ί.
2601 1370 2811 1427 Merear
2841 1388 2934 1428 vos
2955 1374 3009 1426 in
3035 1372 3222 1427 laetitia
3249 1372 3461 1427 videre.
3489 1375 3667 1428 Amen.

2983 1509 3116 1564 XIII.

2327 1636 2458 1676 ITEH
2497 1636 2753 1678 ΕριετοιΑ
2794 1638 2988 1677 ALVABI
3028 1638 3197 1679 SAULO
3238 1639 3496 1680 EPISCOPO
3530 1639 3750 1680 DlBEC'ﬂ.

2329 1742 2380 1794 1.
2425 1740 2722 1808 Epistulam
2772 1755 2838 1795 ex
2893 1742 3112 1795 nomine
3158 1750 3353 1796 vestro
3387 1743 3544 1797 nobis
3587 1743 3802 1796 directam

571 1833 697 1888 cilio
724 1834 963 1904 legitimo
991 1849 1179 1888 eorum
1204 1843 1254 1886 et
1282 1841 1467 1886 nostra
1493 1831 1718 1899 qua‘stio
1746 1828 2017 1883 ventilata.
2049 1826 2156 1882 Sed
2187 1821 2234 1882 Β
2263 1831 2619 1900 suscepimus,
2653 1840 2709 1884 et
2734 1832 3106 1887 recitationem
3135 1849 3247 1887 non
3275 1843 3541 1897 vestram,
3578 1833 3662 1888 sed
3697 1833 3802 1888 illius

571 1936 634 1978 ut
662 1925 934 1980 dulcedini
963 1933 1064 1979 tunc
1100 1925 1249 1994 prius
1279 1923 1428 1977 nolui
1455 1934 1504 1986 ει,
1533 1931 1758 1976 nolesco
1800 1921 1942 1989 quod
1992 1921 2160 1974 inter-

577 2016 782 2071 dictum
814 2017 884 2070 sit
914 2016 1015 2070 hoc
1060 2016 1333 2087 negOtium
1365 2013 1510 2068 omni
1558 2012 1703 2066 clero
1752 2020 2016 2082 praesente
2046 2011 2158 2080 epi-

576 2123 761 2178 scopo.
789 2107 944 2162 Tunc
971 2107 1103 2161 dicit
1152 2107 1419 2177 regularis
1460 2105 1708 2159 institttta
1740 2106 1842 2158 hoc
1867 2104 1952 2157 cui
1979 2102 2157 2170 injun-

577 2207 724 2253 ctutn
776 2197 938 2251 fuerit
987 2198 1169 2262 licere,
1204 2211 1325 2252 cum
1371 2205 1460 2249 aut
1509 2195 1872 2265 longinquitas
1921 2194 2154 2258 itineris,

574 2299 668 2345 aut
717 2289 930 2344 imbecil
956 2290 1058 2344 itas
1103 2290 1348 2358 corporis
1406 2288 1456 2342 id
1501 2287 1756 2356 episcopo
1810 2285 2158 2357 denegaverit

566 2396 748 2452 posse.
783 2381 934 2436 Nunc
981 2396 1109 2435 vero
1160 2380 1287 2449 quid
1337 2381 1402 2433 ad
1452 2381 1566 2434 haec
1607 2393 1878 2448 opponere
1911 2379 2152 2448 potestis,

568 2490 690 2529 cum
725 2489 809 2528 me
841 2475 1056 2528 habetis
1093 2474 1453 2542 praesentem?
1495 2489 1594 2527 cur
1619 2473 1956 2542 prassentiam
2007 2486 2158 2524 recu-

569 2576 752 2621 santes
779 2566 987 2620 litteras
1033 2566 1236 2634 petitis,
1279 2573 1333 2618 et
1373 2579 1492 2634 quae
1537 2544 1656 2617 vivo
1694 2576 1942 2617 sermone
1972 2561 2158 2616 audire

568 2659 814 2729 potestis,
841 2673 938 2728 per
966 2658 1146 2727 apices
1168 2656 1409 2726 quarritis
1431 2657 1454 2709 ?
1480 2655 1584 2710 Sed
1618 2657 1774 2726 plane
1799 2655 1986 2708 nescio
2023 2668 2158 2722 quos

574 2748 940 2819 salsuginosas
973 2748 1249 2812 asseritis,
1295 2757 1351 2801 et
1379 2761 1546 2817 prope
1583 2743 1936 2816 Migentianos
1972 2745 2001 2785 ι)
2050 2743 2154 2798 Do-

571 2842 819 2903 natistas,
865 2851 921 2895 et
959 2840 1331 2895 Luciferianos
1360 2840 1584 2894 notatis.
1633 2838 1738 2893 Pro
1787 2838 1840 2891 id
1889 2838 2057 2892 miror
2107 2846 2157 2890 te

573 2935 893 3004 prudentem
921 2933 1096 2987 virum
1125 2942 1179 2987 et
1211 2934 1554 2996 industrium,
1588 2948 1687 2987 cur
1709 2932 1829 2985 illos
1867 2931 2153 2993 damnatis,

574 3024 666 3093 qui
688 3023 951 3079 hactenus
981 3023 1319 3078 concilialem
1352 3031 1574 3077 servant
1601 3036 1904 3084 censuram,
1934 3035 2034 3074 nec
2061 3036 2155 3089 pe-

572 3116 782 3174 reuntis
811 3117 1170 3172 multitudinis
1198 3116 1454 3171 dicuntur
1481 3114 1745 3182 exemplo,
1778 3115 1871 3168 sed
1919 3113 2004 3166 illa
2034 3130 2153 3183 quia

2265 1924 2574 1981 homunculi
2610 1941 2729 1981 esse
2763 1930 3137 1999 cognovimus,
3168 1944 3336 1998 quem
3369 1930 3557 1998 patria:
3596 1928 3802 1982 exturba-

2265 2025 2456 2081 torem,
2492 2026 2545 2070 et
2576 2017 2866 2073 multarum
2895 2021 3159 2076 han-esum
3187 2031 3433 2074 satorem
3481 2035 3616 2089 szepe
3650 2019 3801 2089 piaba-

2261 2107 2459 2162 vimus.
2492 2107 2558 2163 Et
2585 2125 2706 2163 cmn
2739 2125 2838 2164 nos
2866 2126 2998 2181 pure
3021 2120 3075 2166 et
3105 2112 3436 2182 simpliciter
3457 2128 3610 2165 manu
3631 2111 3798 2181 propria

2262 2201 2500 2255 remedia
2529 2201 2724 2256 animae
2750 2203 3098 2272 impetrantes
3118 2204 3454 2267 scribamus,
3475 2218 3567 2256 vos
3591 2219 3618 2255 c
3635 2212 3801 2256 contrito

2260 2293 2343 2347 rio
2373 2294 2702 2348 mordaciter
2727 2303 2784 2349 et
2813 2295 3036 2349 subdole
3064 2310 3168 2349 non
3197 2310 3270 2349 ex
3302 2301 3481 2349 vestra
3519 2304 3696 2358 mente,
3733 2293 3799 2346 sed

2260 2401 2327 2440 ex
2364 2388 2646 2442 stomacho
2682 2388 2865 2441 multis
2891 2389 3198 2458 potionibus
3229 2389 3501 2449 sauciato,
3547 2387 3682 2441 nobis
3722 2397 3801 2438 non

2260 2475 2453 2547 pocula
2481 2477 2625 2541 vitaa,
2664 2477 2760 2530 sed
2783 2489 2996 2541 venena
3022 2478 3332 2548 porrigitis,
3377 2485 3432 2532 et
3461 2477 3621 2530 lilium
3649 2490 3675 2529 a
3699 2475 3796 2530 cha-

2261 2568 2421 2621 ritate
2452 2576 2632 2622 vestra
2667 2567 2854 2636 procul
2882 2565 3126 2635 rejicitis.

2330 2661 2384 2714 2.
2425 2661 2493 2714 Ει
2522 2677 2626 2714 non
2670 2660 2845 2714 solum
2898 2675 3083 2725 unum,
3135 2660 3237 2714 sed
3280 2659 3592 2714 Universum
3631 2669 3796 2728 gregem

2261 2752 2443 2806 nescio
2466 2764 2572 2820 quo
2593 2750 2822 2806 consilio
2863 2750 3171 2806 morbidum
3203 2751 3521 2813 :estimatis,
3561 2762 3700 2816 quem
3719 2759 3797 2799 non

2262 2843 2677 2899 medicinalibus
2697 2845 2975 2910 fttnentis,
3002 2845 3096 2900 sed
3129 2845 3341 2900 ravidis
3375 2842 3664 2911 discerpitis
3697 2839 3795 2893 del-

2261 2935 2422 2999 tibus,
2451 2935 2800 3004 membraque
2830 2943 3009 2989 vestra
3046 2935 3250 2990 vestris
3281 2932 3561 2989 destruitis
3584 2929 3795 2985 maniam.

2259 3027 2526 3096 Oquanta
2567 3035 2725 3081 erant
2768 3025 2822 3080 in
2877 3026 3050 3096 ipsius
3094 3024 3318 3081 nefandi
3365 3024 3631 3079 interitum
3663 3017 3795 3089 iacula

2262 3116 2647 3187 intorquenda,
2672 3119 2717 3174 si
2743 3117 2885 3174 facie
2915 3127 3094 3185 tenus,
3121 3127 3182 3173 ut
3210 3120 3303 3174 vir
3320 3127 3592 3178 strenuus,
3609 3113 3796 3166 decerta-

545 3207 795 3264 Patrum
821 3207 1006 3262 sanxit
1031 3207 1328 3261 auctoritas
1361 3204 1676 3259 inconvulso
1718 3204 2016 3258 retinerent
2042 3205 2154 3258 ani-
2185 3183 2232 3247 θ
2263 3220 2343 3263 ret
2380 3183 2439 3263 in
2461 3226 2659 3281 pugna,
2707 3221 2764 3266 et
2804 3227 2910 3267 non
2948 3183 3087 3266 clam
3111 3253 3126 3277 ,
3176 3220 3242 3265 ut
3290 3210 3534 3272 testudo,
3569 3204 3794 3260 mulieru-

575 3317 683 3366 mo,
714 3302 885 3357 donec
931 3299 1288 3369 plurimorum
1319 3299 1695 3367 episcopormn
1739 3298 2026 3362 sententia,
2069 3306 2160 3351 aut

575 3392 930 3447 conﬁrmetur
955 3390 1216 3453 edictum,
1248 3397 1341 3443 aut
1371 3396 1704 3458 temperetur
1733 3388 1946 3441 decreta
1980 3398 2001 3425 ε
2033 3402 2162 3442 con-

576 3488 797 3545 sultum.
831 3485 947 3540 Non
979 3499 1110 3554 ergo
1130 3523 1144 3548 ,
1174 3491 1232 3536 ut
1273 3482 1529 3544 diximus,
1581 3479 1904 3534 rebelliones
1934 3495 1964 3534 a
2007 3480 2163 3535 nobis

577 3579 846 3635 debentur
877 3575 1064 3630 haberi
1091 3573 1363 3636 Ecclesiae,
1391 3573 1480 3642 qui
1505 3572 1892 3628 ecclesiasticis
1913 3572 2164 3627 videntur

579 3669 790 3737 legibus
819 3666 1108 3721 inservire.
1133 3665 1290 3720 Prius
1311 3664 1527 3733 quidem
1564 3663 1937 3718 amantissime
1962 3665 2164 3719 idcirco

579 3761 898 3831 scripsimus
925 3760 1078 3815 vobis
1107 3759 1420 3829 semiplene,
1441 3758 1562 3826 quia
1579 3758 1926 3812 characteres
1951 3757 2166 3827 ignora-

581 3854 761 3908 vimus
783 3852 1025 3924 epistolae
1056 3862 1271 3907 vestrae.
1302 3851 1374 3905 At
1408 3866 1552 3906 nunc
1580 3851 1704 3920 quia
1723 3850 1836 3919 jam
1867 3851 2168 3922 reperimus

581 3949 816 4018 propriis
873 3947 1102 4012 litteris,
1150 3955 1205 4000 et
1251 3961 1468 4000 manum
1513 3945 1844 4000 advertimus
1895 3952 2204 4018 vestram,”

585 4037 790 4093 idcirco
812 4039 1024 4094 amicali
1049 4053 1234 4093 amore
1281 4038 1600 4107 scripsimus
1636 4036 1788 4090 vobis
1835 4049 1934 4105 pro
1979 4035 2170 4088 animat

583 4138 778 4183 vestrae
806 4131 1046 4184 remedio
1079 4131 1203 4184 totis
1235 4130 1439 4184 nisibus
1469 4143 1562 4183 vos
1587 4135 1854 4196 optantes,
1881 4133 1941 4178 ut
1961 4140 2023 4179 ea
2053 4140 2171 4194 (prae

587 4231 774 4277 sancta
802 4231 931 4277 sunt
959 4222 1268 4292 requiratis,
1298 4231 1347 4275 et
1379 4235 1665 4290 pravorum
1709 4216 1979 4272 consortia
2008 4216 2172 4269 evite-

589 4315 678 4372 tis.
711 4315 840 4370 Nam
874 4330 998 4369 cum
1021 4314 1224 4368 dictum
1253 4313 1325 4366 sit
1352 4330 1364 4365 :
1398 4311 1502 4376 Qui
1539 4310 1762 4380 tetigerit
1808 4309 1997 4378 picem,
2024 4307 2169 4360 coin-

587 4409 892 4480 quinabitur
911 4409 977 4461 ab
1012 4425 1071 4461 ea
1097 4406 1285 4475 (Eccli.
1330 4420 1448 4469 viti,
1482 4404 1568 4472 l);
1605 4418 1724 4471 quae
1771 4401 1923 4455 vobis
1959 4399 2173 4454 absolu-

589 4499 663 4554 tio
699 4501 764 4553 ad
815 4508 1151 4553 sacramenta
1205 4494 1549 4566 percipienda
1597 4491 1842 4562 poterittl
1880 4492 2076 4554 inesse,
2125 4490 2170 4544 si

589 4592 1046 4662 pseudoepiscopo
1115 4590 1164 4643 in
1214 4588 1526 4659 :crastinum
1585 4585 1874 4638 videamini
1956 4598 2173 4652 quoquo

591 4694 745 4755 pacto
773 4683 1033 4738 adnecti?
1081 4682 1312 4743 Domini,
1364 4696 1468 4733 non
1514 4687 1697 4732 nostra
1730 4676 1994 4730 sententia
2042 4685 2168 4730 est:

593 4777 771 4831 Nolite
813 4779 994 4831 timere
1042 4792 1127 4830 eos
1159 4776 1247 4845 qui
1291 4773 1532 4826 occidunt
1563 4788 1786 4841 corpus,
1829 4771 2018 4824 animo:
2061 4787 2175 4824 vero

591 4869 723 4922 nihil
752 4879 930 4923 nocent
963 4866 1177 4939 (Matth.
1219 4880 1272 4927 χ,
1299 4863 1413 4932 '28).
1445 4862 1542 4916 Cui
1591 4861 1870 4915 consimile
1921 4860 2174 4914 Salomon

591 4957 810 5028 inquit:
857 4959 960 5024 Qui
1006 4959 1148 5010 timet
1195 4953 1455 5016 homines,
1500 4953 1602 5006 cito
1643 4963 1870 5006 corruet.
1912 4950 2053 5004 Nam
2086 4951 2174 5021 qui

669 5102 695 5132 α
729 5092 784 5146 ιιι
815 5101 897 5146 est
923 5100 1107 5143 notum
1140 5087 1262 5143 feci.

669 5161 699 5201 ι’
727 5163 796 5214 De
829 5161 1166 5230 Migentianis
1196 5161 1470 5215 erroribus
1516 5158 1634 5212 vide
1675 5170 1802 5213 tom.
1831 5157 1879 5230 Υ
1908 5157 2182 5230 Hispania:

601 5229 809 5295 Sacrae,
855 5227 1049 5302 a'pag.
1097 5231 1219 5286 540.
1267 5231 1401 5287 Vide
1441 5233 1604 5287 etiam
1653 5242 1798 5285 tumo
1838 5227 1918 5292 Χ,
1957 5243 2074 5297 cap.
2125 5228 2181 5293 8,

600 5317 749 5357 mnu.
811 5302 896 5356 10.
1022 5369 1025 5371 _

675 5384 696 5412 ο
737 5373 896 5429 Forte
926 5374 1149 5429 decreto.

673 5442 698 5483 ⁸
877 5455 1172 5516 potuerunt.

679 5527 700 5554 ε
723 5510 893 5570 Cortii
922 5517 1008 5572 hic
1037 5517 1175 5573 idem
1223 5534 1286 5574 ac
1315 5519 1518 5572 domus.
1555 5516 1686 5569 Vide
1731 5513 1918 5572 Anthr,
1951 5512 2017 5565 de
2066 5510 2179 5563 Mo-

582 5643 584 5645 .
610 5586 750 5645 rales
779 5587 868 5642 lib.
902 5605 960 5650 tt,
986 5604 1102 5657 cap.
1130 5593 1184 5656 8,
1211 5593 1264 5646 in
1294 5605 1456 5660 opera
1484 5588 1538 5644 S.
1586 5584 1818 5655 Eulogii.
1845 5582 2178 5638 Glossarium

605 5655 802 5715 Canae.
833 5657 961 5712 edit.
991 5657 1047 5714 S.
1079 5657 1267 5715 Mauri.

632 5680 802 5725 tange,
833 5680 961 5712 eutt.
991 5680 1047 5714 δ.
1079 5680 1267 5716 malm.

683 5728 700 5766 τ
737 5729 1004 5794 Claustra,
1035 5733 1320 5802 singularis
1344 5732 1570 5796 numeri,
1597 5738 1652 5784 et
1677 5728 1891 5800 generis
1915 5725 2180 5792 feminini,

607 5810 666 5857 ut
692 5816 852 5876 supra
880 5803 1038 5874 epist.
1073 5805 1159 5870 10,
1187 5820 1241 5858 n.
1269 5803 1320 5858 4.

2262 3320 2432 3370 more,
2461 3307 2514 3360 in
2539 3307 2746 3362 umbris
2775 3307 3014 3377 gladium
3043 3307 3302 3361 acueret!
3333 3305 3424 3375 qui
3471 3292 3794 3373 propriojudi‘

2263 3395 2348 3449 cio
2369 3395 2758 3452 condemnatus
2783 3412 2885 3451 nec
2919 3395 3198 3451 confessor
3228 3405 3318 3451 est
3345 3392 3574 3465 proprie,
3621 3400 3704 3442 nec
3737 3397 3796 3434 sa-

2259 3487 2456 3543 .oenlo's
2483 3502 2498 3541 :
2528 3504 2688 3557 quem
2712 3487 2932 3543 habitus
2953 3471 3323 3542 confessorem
3358 3486 3409 3548 ε.
3433 3494 3488 3539 et
3508 3481 3668 3550 lingua
3687 3488 3794 3530 eom-

2250 3586 2462 3658 probat
2507 3585 2855 3649 derisurem;
2903 3599 3065 3652 quem
3115 3581 3375 3637 staminia
3421 3587 3473 3642 et
3517 3576 3627 3628 lana
3659 3568 3794 3658 ovium

2269 3674 2578 3743 religiosum
2610 3673 2895 3743 approbat,
2919 3682 2970 3726 et
2991 3672 3280 3743 prolixitas
3307 3669 3485 3725 barbae
3500 3654 3793 3725 laicumalﬁt-

2269 3776 2411 3832 mat;
2443 3782 2604 3836 quem
2655 3765 2928 3820 simulatio
2959 3765 3139 3834 operis
3186 3773 3464 3823 sanctum,
3495 3767 3547 3812 et
3583 3745 3795 3840 aamtdatit

2270 3857 2626 3913 detractionis
2656 3856 2896 3910 ostendit
2930 3855 3152 3910 elatum.
3199 3851 3344 3920 Quid
3375 3849 3514 3904 enim
3560 3845 3742 3898 mirum,
3763 3846 3793 3884 st

2271 3950 2580 4006 sacerdotes
2628 3949 2796 4003 nostri
2839 3947 3100 4018 temporis
3138 3946 3426 4004 detrahat,
3471 3939 3557 4010 qui
3600 3935 3795 4025 doctore?

2271 4041 2568 4111 infringere
2602 4041 2808 4095 tentat?
2833 4039 2890 4094 Si
2935 4039 3165 4094 clericos
3205 4039 3466 4092 damnare
3505 4027 3791 4086 studeawl‘"

2274 4149 2475 4205 agones
2516 4141 2818 4204 martyrum
2869 4128 3124 4185 mutilare
3161 4145 3266 4183 non
3313 4121 3554 4181 dubitat?
3593 4116 3794 4207 Pater,.0

2275 4235 2476 4296 quanta
2503 4235 2658 4280 erant
2687 4226 2738 4278 in
2777 4221 3194 4278 destructionem
3240 4219 3411 4290 ipsius
3441 4227 3539 4269 non
3566 4205 3792 4296 sapiwas'

2275 4317 2422 4380 simi,
2475 4315 2566 4371 sed
2617 4314 2922 4369 stultissitni
2967 4309 3297 4373 homunculi,
3346 4297 3633 4362 testimonia
3672 4293 3794 4345 inten-

2281 4407 2483 4472 tanda;
2517 4415 2828 4476 quantaque
2863 4406 2916 4459 in
2961 4405 3130 4475 ipsius
3174 4401 3416 4474 epistolae
3455 4388 3707 4452 incondita:
3735 4379 3792 4434 Ῐη·

2281 4496 2592 4567 fringenda,
2651 4498 2694 4551 si
2745 4496 2968 4551 honoris
3019 4495 3189 4549 vestri
3242 4503 3343 4547 nos
3395 4479 3675 4544 reverentia
3716 4482 3790 4523 n01l

2279 4581 2530 4660 religaret
2557 4591 2569 4642 !
3721 4654 3730 4661 -
3762 4650 3771 4661 ι

2350 4654 2406 4732 5:
2447 4678 2578 4732 Nam
2603 4677 2726 4732 ﬁnis
2755 4677 3078 4746 principium
3112 4675 3368 4739 destruit,
3401 4679 3456 4727 et
3498 4663 3700 4737 qualiter
3721 4654 3790 4705 ini-

2280 4772 2496 4827 tiaverit
2525 4787 2631 4824 non
2661 4773 2969 4835 attendens,
2995 4771 3048 4824 in
3095 4770 3298 4824 calcem
3331 4767 3428 4822 sibi
3477 4762 3674 4815 adversa
3699 4758 3792 4800 οων

2279 4862 2514 4936 scripsit.
2543 4860 2748 4915 Stultus
2797 4862 2940 4915 enim
2968 4860 3145 4914 editor
3174 4859 3514 4913 sanctitatem
3547 4857 3597 4902 et
3631 4835 3791 4936 sapient.

2282 4933 2412 5008 tiam
2441 4953 2687 5007 ambiens
2715 4951 3108 5019 stultiloquium
3137 4965 3242 5004 non
3266 4946 3480 5008 vitavit;
3508 4949 3560 4994 et
3590 4930 3790 4990 condem‘

2361 5091 2387 5129 ε
2411 5089 2709 5142 Antithcsis
2737 5088 2986 5141 derisoris
3014 5095 3070 5140 et
3104 5083 3414 5155 confessoris
3450 5059 3791 5155 innuittgttllfff;

2288 5177 2454 5215 sarem
2507 5161 2594 5214 hic
2635 5159 2803 5229 accipi
2833 5171 2932 5228 pro
2981 5135 3217 5221 cantare:
3256 5157 3326 5229 id
3357 5160 3576 5229 est“pr

2291 5232 2614 5314 clericorum
2636 5208 2802 5315 gratio
2825 5208 3788 5315 diviniscanetidislaudigtlsﬂﬁﬂug

2289 5303 2428 5388 quia.
2459 5303 2602 5388 enim
2637 5280 2884 5388 ιξοηίῐιενὶ
2925 5301 3123 5379 passim
3153 5280 3414 5388 vivnnsac'tja
3451 5280 3786 5388 ,Sft'ilt'ffﬂnfgi

2295 5351 2386 5428 Elei
2415 5373 2604 5456 laudes
2635 5351 3295 5456 decantare;cpnfessom
3339 5351 3786 5456 dnicelia‘utgtttcrﬂ‘l‘l:

2289 5443 2582 5525 res.‘Uride
2602 5412 3094 5525 concilimu‘Toletl.
3131 5456 3317 5525 t,_can.
3355 5412 3787 5525 9,'ittq:ti':.'="?;"’:.:

2289 5490 2545 5584 professa,
2574 5490 3325 5584 υέἶὲρἒεὲᾷᾗὸ
3358 5490 3432 5562 cel
3457 5490 3762 5584 preslqttejol‘:

2292 5557 2446 5639 aonio
2478 5557 2574 5640 sua
2613 5585 2923 5654 antiphomu
2962 5599 3082 5654 cum
3119 5557 3428 5654 conferuere,
3457 5557 3537 5627 ’νει
3562 5571 3685 5619 sum
3717 5557 3786 5602 ³⁸⁸

2293 5656 2474 5724 faciat.
2512 5655 2644 5710 Vide
2670 5651 2908 5711 Glossar.
2946 5651 3154 5724 Cangii.
