4034 6350
233 434 299 488 77
902 390 909 394 ”
1670 408 2049 474 EPIS'I‘OLAI.

3335 402 3473 466 νινε

192 550 360 598 natos
388 536 640 611 arguens,
672 536 800 593 dum
840 536 1054 592 solvere
1087 534 1310 607 ligatum
1352 533 1578 605 satagit;
1618 533 1779 603 quem

1899 540 2092 600 τωρωι,
2109 532 2302 583 animo:
2316 514 2492 583 autem
2507 526 2640 583 nihil
2655 512 2838 583 uocent
2856 509 3072 600 (Matth.
3095 512 3147 592 κζ
3162 507 3410 603 ΞΒ),γῶ
3421 530 3476 583 Et

184 635 435 694 Solveret
475 631 779 689 invectione
803 634 900 685 sua
925 632 953 670 ιι
993 627 1225 685 soiutum
1260 627 1375 699 ipse
1421 625 1637 697 penitus
1675 639 1780 679 non

190 726 426 784 invenit.
458 722 589 794 Ego,
618 721 690 776 mi
722 718 971 785 Domine,
999 733 1121 773 cum
1153 716 1320 772 divini
1352 716 1589 771 numinis
1620 721 1783 770 testa-

192 821 346 877 tione
374 817 649 873 miseriam
689 811 912 886 periculi
941 811 1045 866 mei
1083 810 1330 881 exposui,
1363 808 1658 864 remedium
1686 822 1784 877 po-

190 913 393 971 stulavi
421 929 435 964 :
463 918 520 965 et
540 912 636 963 Vcs
658 922 765 962 non
792 921 858 962 ex
879 906 1033 960 vobis
1058 918 1211 973 pure,
1235 902 1329 958 sed
1356 903 1446 973 qui
1478 902 1608 956 mihi
1631 900 1785 971 quasi

192 1007 420 1064 inimico
448 1003 802 1073 responderet
832 999 1144 1070 ‘sophistam
1188 996 1462 1066 inquiritis
1481 1035 1496 1061 ,
1539 995 1649 1049 imo
1678 1008 1785 1048 non

193 1098 498 1170 sopbistam
524 1095 619 1151 sed
645 1092 970 1149 sollecistam
998 1089 1202 1161 rogatis
1227 1107 1241 1143 :
1273 1100 1480 1159 nosque
1508 1087 1789 1158 quiescen-

193 1199 305 1254 tes.
350 1198 406 1246 et
453 1195 648 1242 vestrm
691 1182 966 1239 beatudinl
1008 1179 1381 1245 condolentes,
1434 1178 1499 1234 ad
1542 1177 1789 1233 stimulos

193 1281 461 1343 incitatis.
499 1276 809 1335 Sententias
837 1288 965 1329 vero
1006 1272 1314 1328 Salomonis
1343 1270 1705 1335 advertimus,
1735 1276 1790 1323 et

192 1392 223 1432 a
250 1374 414 1430 vobis
443 1374 495 1437 δ,
520 1370 722 1427 dudum
749 1380 844 1423 eas
879 1364 1169 1437 dissipatas
1200 1360 1552 1435 cognovimus
1579 1376 1592 1413 :
1627 1374 1790 1430 quem

192 1480 389 1527 contra
436 1467 658 1522 Patrum
708 1463 997 1523 instituta,
1045 1468 1099 1514 et
1146 1460 1479 1515 anteridrum
1529 1457 1743 1512 deereta
1772 1494 1789 1521 ,

191 1565 548 1621 anathemate
596 1558 808 1615 cuidam
857 1554 1168 1612 multotiens
1219 1552 1612 1623 participasse,
1664 1556 1792 1604 ante

1886 617 2140 691 religiose
2186 619 2365 675 dicitis
2410 620 2550 676 :sed
2594 621 2762 675 mirer
2797 626 2895 676 cur
2939 618 3235 675 fortissima
3277 620 3477 675 docetis

1889 713 2259 780 absconditur,
2286 724 2340 769 et
2371 715 2651 769 hominum
2686 716 2880 770 timore
2908 729 2935 768 a
2962 714 3198 785 propriis
3224 726 3475 785 segrega-

1890 817 1977 864 tus
2002 822 2100 879 per
2123 807 2331 864 dirersa
2361 815 2606 880 vagatur.
2638 806 2756 863 Jam
2782 822 2913 863 vero
2939 806 3080 878 quod
3114 808 3166 862 in
3205 786 3474 878 principio

1891 918 1979 958 me
2017 902 2224 958 ironice
2260 901 2577 957 solvendum
2608 902 2675 956 ab
2709 903 2789 957 eis
2819 902 2910 972 qui
2942 914 3029 956 me
3060 900 3365 973 ligaverunt
3396 901 3483 968 jo-

1890 1000 2051 1065 belis,
2086 998 2421 1054 adicientes:
2466 997 2523 1053 Si
2572 998 2714 1053 enim
2763 1009 2890 1053 tunc
2940 999 3097 1070 digna
3150 996 3249 1051 fuit
3293 1004 3480 1051 eorum

1894 1105 2088 1146 manus
2127 1091 2418 1162 itnpositio,
2457 1090 2563 1145 erit
2606 1096 2661 1145 et
2704 1102 2847 1145 nunc
2890 1101 3108 1163 accepta
3156 1090 3273 1145 sine
3319 1090 3482 1155 dubio

1892 1183 2200 1249 absolutio;
2242 1182 2368 1253 quid
2415 1191 2604 1239 contra
2640 1198 2700 1239 se
2745 1184 2800 1239 in
2848 1180 2951 1239 hoc
2991 1184 3259 1239 duntaxat
3286 1182 3487 1238 diterit

1887 1274 2012 1333 ineo
2043 1277 2242 1334 sciolus
2271 1278 2393 1341 ille,
2425 1293 2700 1349 nunquam
2734 1277 3016 1335 advertere
3050 1278 3245 1350 potuit,
3277 1287 3331 1334 et
3354 1276 3486 1335 Sar-

1894 1369 2084 1425 dorum
2135 1369 2457 1426 saisediuem
2505 1370 2791 1435 devitans,
2830 1369 3103 1441 quomodo
3152 1371 3485 1441 salsuginem

1894 1462 2187 1517 incurrerit
2234 1463 2429 1518 nescit.
2477 1461 2535 1518 Si
2561 1461 2706 1518 enim
2735 1472 2863 1519 vere
2897 1462 3003 1518 hoc
3037 1469 3092 1517 et
3130 1476 3236 1517 non
3283 1462 3488 1519 ironice

1894 1557 2034 1612 dixit
2078 1564 2137 1611 ut
2189 1556 2317 1628 quid
2362 1557 2516 1614 nobis
2557 1558 2612 1612 in
2654 1557 2815 1613 linem
2865 1572 3155 1629 pravorum
3209 1539 3484 1612 consortia

193 1664 445 1711 nostrum
486 1651 799 1722 episcopum
826 1648 1092 1704 honorem
1131 1655 1182 1713 ο,
1211 1644 1578 1716 przevidimus,
1609 1655 1791 1697 sacer-

1899 1648 2175 1704 lnterdixit
2202 1658 2256 1705 et
2284 1657 2427 1706 tacto
2454 1649 2590 1721 picis
2614 1650 2924 1721 inquinatos
2947 1648 3222 1704 ﬁrmavit?
3246 1647 3302 1704 Si
3332 1662 3484 1713 vero,

191 1747 521 1816 dotibusque
562 1742 636 1798 illi
668 1739 1153 1813 participantibus,
1200 1742 1326 1806 pOSt
1352 1735 1616 1789 honorem
1644 1742 1791 1787 corn-

1899 1749 1956 1797 ut
1982 1724 2165 1798 textus
2192 1743 2432 1814 epistolae
2461 1744 2638 1808 docet,
2674 1743 2726 1798 in
2762 1742 3031 1799 derisioue
3056 1743 3160 1798 hoc
3186 1743 3239 1798 in
3284 1741 3489 1812 princi-

191 1838 506 1894 mnuicasse
551 1834 903 1907 probavimus
954 1830 1099 1886 nullo
1143 1837 1287 1883 metu
1338 1825 1561 1882 terroris
1581 1858 1597 1889 ,
1646 1821 1791 1877 nulla
1818 1898 1855 1914 λ
1892 1838 1986 1911 pio
2014 1838 2271 1910 protulit,
2304 1854 2511 1911 nosque
2536 1854 2634 1911 per
2662 1840 2765 1896 hoc
2796 1840 3084 1914 suggillare
3110 1835 3358 1901 mnam,
3390 1849 3486 1889 au.

188 1932 484 1992 occasione
514 1929 724 1986 timoris
743 1968 759 1993 ,
796 1927 910 1983 sola
937 1924 1211 1979 voluntate
1238 1919 1435 1981 animi,
1460 1925 1516 1973 et
1544 1915 1789 1972 dilectio-

1899 1929 2008 1984 tlia‘t
2037 1941 2317 1994 nervosus,
2341 1937 2401 1983 ut
2431 1928 2532 1984 sibi
2564 1898 3134 2001 applaudetasserlor,
3158 1935 3213 1984 et
3236 1898 3483 1987 silvosus,

189 2030 277 2085 nis
312 2026 620 2082 affectione.
655 2023 816 2079 Certe
848 2019 1085 2076 recolitis
1113 2016 1332 2087 quando
1354 2014 1408 2069 ei
1445 2012 1512 2068 ad
1541 2011 1786 2067 immola-
1888 2042 1997 2082 ηοη
2036 2028 2310 2099 palatium
2347 2028 2577 2084 dictator
2606 2047 2618 2082 ε
2652 2026 2791 2096 Quid
2830 2034 3069 2083 vestrum
3108 2040 3237 2097 ergo
3266 2020 3486 2094 proprie

186 2122 398 2177 tionem
449 2117 629 2174 missae
674 2112 913 2170 casulam
954 2120 1056 2182 pro
1109 2108 1424 2163 indumento
1462 2102 1784 2174 praestastis,

1899 2122 2077 2192 pastor
2104 2122 2300 2193 satagit
2331 2120 2748 2192 praesentialiter
2774 2120 3002 2187 solvere,
3028 2122 3193 2191 quem
3223 2117 3482 2190 praevari-

189 2219 399 2287 quanta
420 2209 575 2265 vobis
594 2223 696 2279 ego
729 2206 860 2277 ipsis
886 2204 1075 2259 diebus
1102 2212 1291 2254 amore
1312 2203 1494 2251 vestro
1524 2191 1787 2264 impulsus

1899 2191 2103 2270 catores
2131 2191 2243 2268 non
2267 2191 2537 2269 habentes
2577 2213 2779 2285 ligandi
2820 2210 3065 2269 ordinem
3098 2210 3322 2266 minime
3355 2209 3489 2282 liga-

188 2284 579 2378 suggessetim.
605 2297 805 2367 Quanti
835 2312 866 2351 a
895 2293 1153 2350 Patribus
1180 2288 1536 2353 anathemati,
1566 2284 1788 2341 inratio-

189 2377 451 2451 nabiliter
471 2394 587 2449 sine
613 2390 845 2446 concilio
865 2396 1041 2444 vestra
1064 2384 1310 2456 iussione
1334 2381 1575 2436 existunt
1602 2377 1784 2441 soluti,

188 2498 342 2544 certe
357 2504 464 2543 non
496 2484 778 2557 ignoratis.
800 2480 1065 2545 Recolite,
1079 2478 1329 2540 obsecro,
1360 2469 1788 2529 consecrationis

186 2591 391 2639 vestra:
424 2596 533 2636 non
578 2578 851 2649 inculpata
884 2574 1175 2646 principia,
1218 2578 1273 2625 et
1309 2582 1447 2640 pene
1487 2565 1787 2621 simonian

188 2690 384 2733 errore
422 2673 741 2745 propinquo.
786 2668 1044 2725 Poterant
1084 2666 1228 2721 enim
1274 2661 1467 2732 quovis
1508 2666 1788 2715 asserente

188 2768 459 2826 canonice
486 2765 852 2821 inchoationis
877 2771 1072 2817 vestrae
1100 2757 1397 2828 primordia
1421 2749 1783 2822 comprobari,

188 2861 235 2918 si
276 2856 666 2933 quadringenti
710 2854 867 2911 solidi
910 2867 1014 2908 non
1051 2850 1280 2904 fuissent
1322 2845 1497 2916 palam
1526 2840 1788 2933 eunuchis

189 2952 277 3008 vel
296 2928 437 3007 aliis
465 2947 699 3005 exsoluti
729 2964 743 3001 :
776 2946 885 3001 imo
918 2959 1023 2999 non
1052 2941 1217 3004 clam,
1253 2940 1350 2993 sed
1386 2948 1485 3008 per
1511 2928 1789 3002 chirogra-

184 3046 296 3118 pha
331 3045 567 3100 Arabica
606 3058 674 3097 ex
719 3038 975 3096 Ecclesia!
1017 3049 1298 3107 prospera,
1341 3028 1483 3101 quod
1522 3026 1788 3082 inlicitum

188 3150 273 3195 est
305 3136 681 3200 debitoribus,
709 3131 913 3204 erogati
936 3171 951 3196 ,
993 3138 1048 3184 et
1086 3138 1153 3183 ex
1186 3125 1282 3180 illo
1317 3120 1622 3178 ministerio
1661 3133 1790 3173 con-

189 3231 437 3304 gregati,
480 3242 587 3300 quo
632 3243 737 3284 non
769 3225 974 3280 licitum
1004 3230 1090 3278 est
1138 3219 1289 3274 laieis
1329 3217 1490 3271 etiam
1538 3211 1787 3268 ﬁdelibus

190 3301 377 3395 aliqua
420 3320 700 3392 impertire
717 3361 730 3385 ,
765 3317 1030 3389 siquidem
1059 3328 1223 3384 super
1249 3311 1394 3365 solos
1420 3306 1733 3363 sacerdotes
1760 3301 1787 3341 ἀ

192 3415 426 3473 resculas
462 3410 855 3487 dispertiuntur
882 3407 1156 3464 Ecclesia.
1195 3402 1424 3472 Quanti,
1454 3412 1671 3471 quaeso,
1699 3408 1788 3452 sa-

192 3511 449 3567 cerdotes
477 3508 591 3563 sine
617 3502 927 3561 testimonio
947 3499 1220 3558 ordinati?
1245 3495 1433 3569 quanti
1463 3494 1580 3549 sine
1600 3490 1790 3547 conni-

194 3602 383 3658 beutia
421 3599 745 3654 clericorum
774 3594 858 3650 vel
898 3593 1128 3647 [illorum
1162 3587 1417 3661 Ecclesiae
1446 3579 1794 3639 consecrati?

195 3700 418 3764 quatiat:
446 3687 704 3744 Ecclesite
744 3680 1016 3756 duplicato
1064 3677 1391 3742 Sacerdotio,
1420 3675 1476 3731 id
1509 3680 1613 3740 est,
1649 3670 1794 3727 binis
1822 3718 1833 3727 .

192 3762 512 3857 pastoribus
542 3822 556 3847 ,
609 3787 799 3836 contra
859 3777 1079 3832 Patrum
1144 3768 1504 3827 institutionis
1561 3762 1793 3821 divisa?

195 3853 392 3946 quanti
439 3878 629 3927 contra
677 3879 912 3923 canones
954 3878 1053 3935 per
1089 3875 1277 3918 omnes
1321 3857 1573 3913 basilicas
1619 3855 1673 3909 in
1713 3853 1793 3908 dio

193 3944 390 4025 versos
419 3963 639 4019 ordines
662 3958 917 4017 constitui
946 3970 1041 4028 per
1058 3968 1154 4010 vos
1184 3949 1517 4014 exstiterint,
1534 3961 1665 4018 rogo
1690 3944 1793 4016 ipsi

192 4060 401 4117 videte.

267 4158 328 4212 ι.
372 4155 480 4211 Sed
504 4154 619 4209 hmo
646 4150 829 4208 omnia
857 4155 980 4220 post
1003 4155 1191 4216 tergun
1224 4139 1469 4213 rejicitis,
1499 4146 1555 4193 et
1581 4136 1793 4191 tantum

195 4262 300 4319 pro
328 4247 489 4302 nobis
519 4246 571 4300 in
602 4244 704 4298 hos
751 4240 921 4296 nostri
968 4236 1229 4307 temporis
1270 4231 1580 4289 sacerdotes
1604 4228 1795 4285 oculos

194 4348 427 4410 apertos
464 4335 693 4392 habetis.
724 4332 835 4387 Nec
864 4331 968 4387 hoc
1005 4328 1116 4383 alio
1150 4336 1422 4395 tempore,
1449 4322 1553 4377 nisi
1577 4320 1794 4391 quando

195 4443 390 4491 nostra
427 4445 522 4486 vos
567 4427 845 4501 suggessio
893 4425 1169 4495 impetrat.
1214 4419 1348 4474 Nam
1395 4417 1533 4472 facie
1558 4426 1716 4470 tenus
1740 4421 1796 4469 et

191 4522 579 4582 honorabilem
616 4516 1035 4587 Athanagildum
1064 4513 1314 4568 abbatem
1337 4508 1579 4571 vidistis,
1610 4515 1665 4560 et
1690 4506 1794 4560 hoc

196 4619 249 4674 ei
278 4616 468 4673 dicere
494 4610 908 4684 praesentialiter
947 4605 1194 4661 voluistis
1223 4620 1236 4658 :
1267 4610 1322 4658 et
1347 4599 1571 4670 Eulogio
1598 4599 1654 4653 in
1684 4597 1792 4668 pri-
1820 4643 1873 4704 Β

194 4725 293 4767 mo
343 4706 734 4781 persecutionis
781 4702 985 4774 impetu
1034 4696 1342 4755 sacrificare
1387 4693 1628 4764 iussistis
1675 4706 1689 4746 :
1740 4700 1795 4746 et

196 4817 355 4859 nunc
376 4808 562 4857 contra
592 4811 688 4856 vos
713 4798 855 4868 ipsos
880 4804 1062 4850 nostra
1089 4800 1301 4847 tantum
1327 4787 1614 4844 occasione
1639 4784 1796 4841 dimi-

196 4894 367 4951 catis.
397 4891 443 4948 0
471 4890 599 4946 leiix
625 4899 679 4945 et
704 4888 932 4942 multum
958 4884 1108 4949 felix,
1135 4896 1296 4954 quem
1327 4877 1543 4936 concilii
1583 4885 1795 4946 tempus

196 4983 353 5059 quod
380 4981 713 5053 exspectatis
740 4978 1048 5034 iuVenerit!
1090 4975 1309 5030 Utinam
1343 4973 1455 5045 jam
1484 4970 1687 5026 rediret
1714 4983 1799 5024 se-

194 5082 436 5144 renitas,
463 5077 575 5148 jam
618 5075 791 5131 abiret
821 5070 1145 5143 tempestas!
1177 5066 1312 5124 Puto
1337 5066 1479 5136 quod
1504 5063 1797 5119 multorum

197 5170 399 5241 lingua
421 5168 699 5223 silesceret
718 5207 732 5233 ,
762 5176 813 5219 ct
844 5163 1056 5218 frenum
1086 5160 1189 5216 sibi
1218 5172 1314 5214 ora
1349 5157 1439 5212 illa
1471 5157 1795 5226 imponemt,

196 5279 332 5336 qua:
353 5262 499 5333 loqui
526 5261 777 5316 nesciens
800 5259 1061 5313 hactenus
1084 5268 1182 5325 per
1201 5260 1355 5306 antra
1380 5247 1637 5305 insibilat.
1661 5245 1797 5301 Nam

198 5356 358 5429 quod
386 5354 596 5410 dicitis:
625 5353 728 5420 Qui
770 5352 912 5406 timet
953 5348 1217 5409 homines,
1256 5345 1358 5398 cito
1394 5351 1633 5405 corruet,
1674 5355 1799 5393 nam

100 5472 105 5479 ν
198 5450 297 5522 qui
329 5455 505 5518 sperat
534 5446 590 5500 in
624 5444 848 5499 Domino
876 5440 1261 5510 confortabitur
1289 5436 1470 5507 (Prov.
1502 5448 1654 5497 XXIX,
1678 5431 1794 5502 25);

197 5540 294 5597 vel
326 5539 459 5594 illud
484 5536 850 5609 evangelicum
878 5553 891 5588 :
924 5533 1101 5587 Nolite
1128 5532 1306 5587 timere
1329 5546 1415 5583 eos
1441 5527 1529 5599 qui
1556 5524 1797 5580 occidunt

282 5710 317 5759 ε
347 5697 472 5761 Ms.,
502 5697 838 5752 invectionem
860 5711 1030 5749 suam.
1065 5693 1256 5761 Bravo,
1285 5691 1635 5748 iunctionem.

284 5770 316 5808 δ
357 5768 484 5834 Mm,
510 5786 542 5823 a
571 5784 675 5823 vos.

287 5850 316 5879 ε
358 5840 438 5894 An
478 5837 821 5894 Honorium?

281 5909 316 5952 ιι
359 5909 480 5978 λίβη
515 5922 672 5977 super
699 5908 823 5966 solis
852 5907 1227 5971 sacerdotibus,

1888 2308 2051 2363 vere?
2076 2306 2218 2378 Ergo
2251 2306 2384 2362 solvi
2415 2308 2685 2376 quomodo
2745 2306 2944 2377 poterit
2999 2304 3091 2375 qui
3136 2305 3335 2377 ligatus
3380 2318 3487 2359 non

1890 2402 2139 2458 exstitit?
2169 2416 2291 2456 nam
2324 2401 2369 2456 si
2398 2400 2478 2456 eis
2502 2406 2826 2471 potestatem
2864 2398 3060 2455 adimis
3103 2394 3303 2470 ligandi
3328 2438 3343 2463 ,
3380 2410 3487 2452 non

1890 2493 2113 2565 ligatum
2141 2508 2270 2565 ergo
2308 2507 2460 2549 cessa
2492 2507 2737 2563 quaerere
2781 2491 2991 2547 solvere
3021 2508 3033 2545 :
3069 2496 3125 2546 et
3165 2488 3268 2546 itoc
3315 2488 3364 2544 ei
3404 2498 3490 2542 re-

1889 2602 2149 2659 sponsum
2184 2587 2584 2645 sit:C:eterum
2628 2588 2973 2645 conscientize
3008 2596 3206 2643 nostrae
3245 2585 3484 2655 jndlcem

1891 2676 2155 2736 habemus
2189 2680 2433 2735 omnium
2463 2680 2746 2735 Dominum
2767 2722 2779 2744 ,
2815 2678 2905 2749 qui
2936 2684 3111 2749 potest
3141 2678 3258 2735 sine
3286 2676 3490 2747 impro-

1889 2772 2170 2843 peratione
2199 2787 2393 2827 curare
2437 2771 2728 2827 invalidum
2747 2813 2761 2837 ,
2791 2772 2914 2841 quia
2944 2768 3075 2825 licet
3105 2769 3292 2825 Levita
3320 2778 3376 2822 et
3403 2782 3487 2823 sa-

1890 2869 2083 2923 cerdos
2122 2867 2459 2924 vulneratum
2518 2885 2548 2923 a
2588 2868 2889 2925 latronibus
2916 2866 3256 2932 dimiserint,
3297 2862 3486 2921 Sama-

1891 2958 2101 3014 ritanus
2126 2970 2258 3015 vero
2284 2959 2375 3015 ille
2405 2961 2719 3016 misericors
2751 2958 3066 3016 seminiceni
3106 2957 3174 3014 ad
3215 2956 3485 3013 stabulum

1893 3051 2224 3120 reportavit,
2251 3051 2430 3108 oleum
2473 3051 2647 3123 plagis
2696 3050 2923 3115 infudit,
2960 3040 3267 3105 mercedem
3304 3048 3486 3103 stabu-

1890 3142 2030 3197 lario
2059 3143 2224 3199 dedit.
2263 3143 2500 3200 Ulterius
2528 3146 2742 3207 tamen,
2775 3143 2850 3197 mi
2883 3143 3126 3208 Domine,
3158 3141 3486 3197 sententiam

1895 3244 2130 3290 vestram
2159 3250 2226 3290 ex
2256 3234 2480 3291 alterius
2503 3250 2598 3290 ore
2624 3232 2878 3291 liuentem
2907 3242 3011 3289 non
3034 3233 3334 3304 requiram,
3360 3232 3486 3302 quia

1894 3326 2052 3396 plane
2094 3325 2341 3381 taedimur
2388 3327 2617 3382 aliorum
2668 3326 2989 3393 sententiis,
3030 3332 3090 3382 'et
3136 3336 3239 3380 nou
3290 3325 3487 3380 vestris

1892 3420 2219 3490 purissimis,
2251 3421 2549 3477 deservire.

1930 3636 2127 3679 INCIPIT
2166 3638 2423 3679 EPISTOLA
2456 3632 2650 3678 ALVAIlI
2686 3634 3108 3678 TBANSGRESSORI
3144 3632 3169 3661 °
3200 3630 3450 3677 DIBICTL.

1967 3735 2174 3793 Dilecto
2210 3736 2343 3792 mihi
2383 3736 2666 3791 ELEAZARO
2696 3735 2969 3791 ALVARIJS.

1970 3831 2021 3886 l.
2060 3829 2119 3886 In
2152 3829 2378 3901 primis,
2413 3828 2483 3882 mi
2512 3827 2740 3894 dilecte,
2774 3826 2963 3882 salutis
2992 3825 3175 3881 munia
3208 3834 3270 3880 ut
3298 3839 3487 3878 aman-

1896 3934 2001 3990 ter,
2029 3923 2104 3980 ita
2129 3922 2359 3979 dulciter
2384 3921 2552 3988 solvo,
2586 3930 2749 3992 atque
2779 3918 2872 3975 tibi
2900 3918 3186 3991 conjuncte
3208 3958 3222 3983 ,
3253 3915 3298 3973 si
3325 3923 3489 3972 sectae

1897 4027 2004 4075 tute
2053 4019 2290 4089 rituique
2337 4016 2629 4083 convenit,
2685 4015 2979 4071 identidem
3031 4011 3308 4068 salutifera
3362 4011 3487 4083 jura

1898 4112 2161 4183 dependo.
2189 4111 2264 4166 De
2294 4119 2492 4166 caetero
2523 4124 2653 4181 rogo
2683 4117 2741 4163 ut
2767 4123 2876 4164 non
2903 4105 3182 4163 fastidium
3212 4102 3309 4160 tibi
3339 4102 3489 4174 inge-

1897 4214 1981 4261 rat
2010 4203 2313 4261 diiectionis
2342 4211 2541 4258 nostrae
2570 4200 2803 4267 oblatio,
2835 4215 2942 4270 qua
2974 4206 3024 4254 te
3050 4196 3343 4257 lucrarejn
3380 4194 3489 4249 Do-

1897 4296 2045 4354 tuino
2074 4296 2252 4367 cupio.

1965 4390 2020 4444 2.
2063 4390 2170 4447 Sed
2213 4390 2260 4445 si
2302 4388 2377 4445 ita
2415 4403 2569 4445 amas
2609 4396 2670 4444 ut
2709 4386 2908 4457 diligo,
2950 4384 3242 4441 identidem
3274 4384 3489 4438 lucrare

1898 4502 1984 4543 me
2030 4495 2122 4541 tuo
2169 4493 2352 4556 satage
2392 4482 2571 4539 studio
2604 4501 2617 4538 :
2655 4483 2781 4552 quia
2810 4482 2901 4552 qui
2939 4489 3259 4537 convertere
3298 4477 3490 4532 fecerit

1896 4588 2260 4651 peccatoretu,
2289 4576 2514 4633 lucravit
2538 4575 2776 4629 animam
2796 4572 2936 4643 ejus,
2963 4580 3019 4626 et
3045 4585 3267 4626 suorum
3293 4582 3488 4637 coope-

1901 4675 1971 4729 rit
2004 4671 2399 4728 multitudinem
2447 4677 2811 4741 peccatorum.
2845 4664 2913 4720 Et
2956 4664 3125 4719 David
3164 4678 3264 4733 pro
3292 4675 3505 4732 magno

1901 4783 2124 4825 munere
2151 4767 2304 4838 quasi
2334 4773 2458 4819 vota
2495 4762 2514 4803 ί
2552 4759 2813 4832 persolvit
2839 4776 2852 4812 :
2880 4756 3108 4812 Doceam
3139 4756 3344 4825 iniquos
3379 4753 3487 4807 rios

1900 4876 2050 4931 tuas,
2082 4872 2131 4918 et
2175 4861 2320 4931 impii
2363 4860 2431 4925 ad
2479 4868 2530 4913 te
2567 4861 2931 4911 convertentur
2975 4846 3148 4923 (Psal.
3178 4864 3241 4913 ι..
3272 4846 3381 4918 l5).
3423 4845 3490 4901 Et

1902 4960 2024 5015 ideo
2055 4955 2174 5011 fave
2219 4953 2387 5017 meis,
2429 4948 2670 5023 diligenti
2713 4945 3012 5002 intentione
3060 4942 3221 5012 hujus
3264 4936 3487 5011 pagella:

1905 5053 2114 5110 discute
2160 5059 2398 5116 textum,
2447 5058 2499 5104 et
2540 5060 2647 5101 non
2680 5042 2874 5099 verba,
2909 5038 3005 5095 sed
3036 5037 3266 5093 sollicite
3289 5034 3487 5107 praevi-

1903 5148 1971 5202 de
2009 5143 2342 5201 intellectum
2376 5160 2390 5196 :
2427 5140 2552 5213 quia
2596 5152 2702 5193 non
2740 5134 3028 5189 verbon
3063 5130 3310 5203 cupimus
3358 5125 3488 5183 fale-

1904 5245 2143 5292 ratorunt
2172 5234 2501 5304 adspargere
2531 5227 2709 5291 faces,
2750 5222 2844 5281 sed
2876 5220 3200 5293 simplicium
3232 5227 3288 5273 et
3326 5231 3485 5288 pura-

1903 5327 2034 5383 lium
2067 5325 2162 5381 tibi
2190 5336 2441 5396 promere
2469 5333 2650 5376 voces.
2683 5315 2793 5372 Nec
2820 5311 3055 5383 diploide
3084 5320 3267 5364 nostra
3298 5306 3489 5361 l-ifario

1904 5392 2480 5482 celeratur—assertio,
2520 5411 2605 5469 vel
2645 5410 2759 5468 sale
2796 5408 2962 5464 attice
3012 5400 3231 5473 hujusce
3286 5392 3489 5456 redolet

1905 5512 2159 5569 dictionis
2196 5510 2391 5575 oratio,
2427 5507 2519 5563 sed
2548 5504 2778 5576 plebeio,
2808 5509 2863 5555 et
2909 5507 2969 5554 ut
2999 5496 3071 5552 ita
3105 5495 3302 5557 dicam,
3335 5506 3486 5546 com-

1986 5682 2008 5710 ο
2048 5668 2366 5724 Eleazarum
2413 5659 2663 5731 suggillat
2690 5699 2705 5724 ,
2755 5654 2969 5712 Gallum
3018 5649 3238 5706 natione
3285 5652 3343 5700 et
3384 5624 3489 5698 Ile-

1914 5744 2115 5799 braaum
2155 5738 2260 5792 ﬁde
2298 5750 2364 5789 ex
2399 5733 2724 5789 Christiano.

1988 5813 2006 5853 ί
2049 5810 2173 5874 ΜΒ..
2213 5817 2358 5864 nota.
