4034 6350
647 353 755 413 479

1931 359 2194 417 ALVARI
2229 361 2709 422 CORDUBENSIS
3752 391 3824 451 ιω

647 470 798 526 muni
825 471 999 528 currit
1049 468 1281 541 eloquio.
1307 468 1425 526 Non
1453 470 1544 527 hic
1569 469 1910 540 Tuccidides,
1937 473 2022 532 vel
2053 474 2231 532 Sallu—
2260 485 2312 546 Α
2338 478 2474 536 Nam
2491 479 2618 537 licet
2637 496 2742 537 non
2765 481 3041 540 nominate
3060 499 3344 544 numerum
3363 497 3678 564 expresserit,
3696 511 3822 564 tamen

646 563 786 620 stius
815 565 1083 621 tramitem
1109 564 1336 620 scientia
1368 576 1395 607 ι
1423 565 1699 637 digerunt,
1726 568 1820 624 sed
1848 567 2016 626 Jacob
2046 581 2103 626 et
2133 572 2236 627 Da-

645 655 737 710 vid
765 654 1008 712 obiculas
1033 653 1101 709 ad
1130 655 1315 710 caulas
1350 655 1641 713 deducunt.
1673 655 1790 714 Non
1819 660 1910 717 hic
1944 661 2101 718 Cirus
2131 681 2234 736 pu-

643 748 860 821 gnando
887 748 1186 804 exercitum
1212 749 1378 814 ducit,
1406 751 1498 805 sed
1525 750 1738 824 Moyses
1762 755 1959 810 erectis
1985 751 2237 813 manibus'

641 840 1061 898 Amalacitarum
1099 841 1399 914 phalangas
1438 845 1646 900 orando
1692 846 1930 903 divertit.
1983 848 2089 904 Sed
2135 865 2234 905 nec

643 934 1031 991 Metnmonicos
1059 952 1316 992 canemus
1341 937 1589 1009 hymnos,
1612 948 1706 993 aut
1729 939 2082 996 Aineidarum
2106 958 2230 997 car-

638 1028 785 1084 mine
815 1028 1104 1084 incidimus
1152 1045 1360 1094 versus,
1407 1045 1507 1086 nec
1553 1031 1783 1086 lacteum
1831 1033 1967 1089 Libii
2015 1050 2230 1090 amnem

639 1118 876 1184 deduco,
905 1137 1004 1176 nec
1033 1120 1253 1175 Iliadum
1295 1121 1534 1177 celeuma
1566 1123 1814 1179 decanto.
1856 1124 2048 1180 Procul
2085 1127 2231 1182 enim

638 1228 669 1267 a
699 1228 784 1267 me
813 1224 897 1268 est
933 1214 1114 1286 lingua
1144 1215 1360 1283 viperea
1408 1215 1751 1272 Datnestenis
1797 1218 1864 1272 de
1911 1235 2012 1288 qua
2061 1219 2232 1275 fertur

637 1304 840 1360 dixisse
868 1305 1148 1360 Oscines'b
1181 1325 1194 1360 :
1227 1306 1365 1375 Quid
1394 1308 1437 1362 si
1483 1309 1652 1378 ipsam
1682 1310 1971 1384 audissetis
2002 1312 2228 1368 bestiam

636 1412 735 1452 suo
765 1413 858 1453 ore
896 1400 1059 1454 verba
1095 1401 1476 1456 resultantem?
1507 1401 1740 1472 Epistola
1771 1404 1914 1458 enim
1964 1421 2080 1460 mea
2123 1423 2227 1461 non

634 1494 974 1550 ethnicorum
1025 1506 1046 1534 ο
1105 1496 1345 1552 favorem
1398 1500 1667 1569 requirit,
1719 1517 1823 1556 nec
1873 1502 2110 1558 calorem
2162 1504 2229 1560 de

633 1587 876 1644 Atheneo
905 1591 1071 1645 trahit
1102 1609 1115 1645 :
1147 1592 1240 1646 sed
1272 1592 1656 1661 prophetarum
1687 1596 1973 1664 saporibus
2001 1597 2224 1663 redolet,

633 1689 689 1737 et
729 1683 1162 1751 patriarcharum
1213 1686 1414 1740 t'ercnla
1461 1686 1802 1756 superﬁciem
1835 1690 1994 1760 gerit.
2027 1690 2228 1763 Nempe

633 1773 805 1830 dulcis
835 1777 878 1830 si
910 1777 1216 1847 ubicunque
1244 1779 1295 1832 in
1325 1795 1589 1832 annorum
1621 1797 1844 1836 numero
1870 1783 2070 1838 Christi
2101 1801 2226 1838 ven-

2335 585 2442 642 quo
2490 572 2782 628 deberetur
2828 583 3070 645 tempore
3112 580 3296 643 nasci,
3341 581 3584 640 intactum
3618 584 3824 665 nunquam

2335 662 2572 734 reliquit.
2623 663 2775 733 Quod
2819 682 2887 721 ne
2930 667 3089 723 nudis
3131 684 3217 726 me
3264 681 3420 741 putes
3457 676 3620 731 verbis
3647 662 3822 751 narrare,

2326 756 2441 827 jam
2469 757 2565 813 tibi
2597 759 2918 815 documenta
2961 761 3139 816 vivida
3180 765 3383 821 curabo
3419 767 3659 838 proferre.
3682 775 3822 836 Verum

2333 863 2624 922 antequam
2682 862 2865 909 nostra
2898 854 3145 924 legaliter
3179 857 3474 916 instruatur
3496 865 3674 931 oratio,
3699 883 3824 938 quzeso

2333 957 2385 1003 te
2426 948 2659 1004 libenter
2695 951 2918 1006 adverte
2955 967 3076 1022 qua:
3116 953 3236 1010 dico
3269 974 3282 1012 :
3333 956 3396 1011 Et
3435 974 3535 1014 non
3569 962 3825 1023 :einulatione

2331 1039 2578 1095 vincrndi
2634 1056 2801 1097 acuas
2852 1043 3213 1112 intellectum,
3259 1048 3353 1102 sed
3402 1048 3670 1106 intentione
3714 1058 3824 1124 proli-

2332 1133 2506 1188 cientli
2536 1174 2550 1200 ,
2615 1143 2722 1190 tam
2767 1137 2895 1192 mihi
2925 1180 2938 1199 ,
2998 1154 3160 1208 quam
3213 1141 3312 1196 tibi
3345 1183 3359 1206 ,
3412 1142 3586 1200 elimes
3635 1161 3820 1204 sensum:

2331 1227 2510 1281 sciens
2568 1229 2691 1298 quia
2744 1244 2850 1284 non
2906 1231 2959 1284 in
3019 1233 3428 1288 ratiocinatione
3474 1234 3595 1291 ﬁdrs
3619 1239 3822 1305 consistit,

2331 1321 2423 1375 sed
2471 1321 2524 1375 in
2581 1321 2845 1386 veritate,
2901 1333 2955 1378 et
3009 1324 3355 1395 simplicitate
3403 1327 3590 1382 cordis.
3641 1331 3824 1400 Quisquis

2331 1410 2419 1466 ille
2467 1413 2663 1467 munda
2717 1425 2800 1468 est
2853 1424 3064 1480 mente,
3122 1417 3404 1471 Dominum
3451 1419 3600 1474 videt.
3655 1421 3708 1474 Et
3749 1424 3824 1477 ideo

2329 1503 2373 1556 si
2406 1515 2715 1575 susceptum
2747 1516 2831 1560 est
2859 1507 2999 1576 quod
3025 1509 3243 1578 ingess',
3278 1519 3483 1578 gratum
3511 1521 3586 1566 est
3607 1516 3824 1586 quodsug-

2329 1595 2490 1663 gessi.
2540 1595 2594 1650 Si
2644 1613 2772 1652 vero
2820 1598 3104 1653 nialcstum
3136 1609 3218 1654 est
3249 1601 3392 1669 quod
3419 1603 3626 1672 scripsi,
3658 1604 3823 1657 benevo-

2329 1687 2550 1742 lenliam
2581 1703 2706 1760 erga
2741 1698 2791 1743 te
2818 1691 2983 1746 animi
3013 1708 3117 1746 non
3146 1693 3329 1746 obtexi
3360 1710 3374 1748 :
3419 1697 3552 1764 quod
3584 1703 3632 1748 et
3660 1705 3702 1749 tu
3727 1698 3824 1751 siuti-

2329 1781 2453 1837 liter
2501 1799 2628 1855 erga
2681 1801 2764 1841 nte
2795 1786 2964 1843 debes
3002 1788 3345 1858 impendere,
3379 1801 3430 1843 et
3471 1805 3616 1859 quem
3654 1791 3768 1844 viles
3788 1803 3824 1844 ut

633 1873 753 1920 tura
777 1868 1044 1922 diceretur
1064 1869 1789 1934 nativitas,Christianorum
1812 1875 1891 1928 vel
1915 1875 2222 1934 Judrearum
2259 1857 2303 1918 Β
2335 1877 2427 1931 tibi
2461 1879 2673 1934 videtur
2701 1896 2902 1946 errare,
2939 1897 3007 1936 ne
3038 1893 3245 1952 pereat,
3287 1884 3431 1937 omni
3468 1885 3514 1937 vi
3550 1899 3666 1938 cana
3689 1887 3708 1924 ε
3739 1885 3824 1939 iusi-

631 1958 774 2014 illica
803 1961 952 2014 ﬁnita
983 1972 1128 2018 esset
1165 1963 1411 2018 simultas
1440 1983 1452 2018 :
1488 1966 1611 2035 quia
1644 1969 1970 2037 computatis
1999 1971 2156 2026 annis
2191 1987 2222 2026 a

630 2054 816 2109 mundi
849 2056 1112 2127 principio
1158 2058 1274 2112 sine
1313 2058 1495 2127 aliqua
1544 2060 1912 2130 impedimenti
1945 2065 2223 2122 obstaculo

630 2148 893 2203 adventus
922 2147 1039 2216 ejus
1084 2150 1318 2205 sciretur
1365 2151 1416 2205 in
1447 2152 1647 2206 saecula
1676 2171 1689 2206 :
1721 2163 1777 2208 ut
1824 2169 1924 2209 nec
1958 2154 2130 2211 ﬁdelis
2169 2157 2220 2213 iu

628 2243 924 2296 asserenda
954 2257 1136 2298 moras
1165 2244 1478 2311 sustineret,
1508 2261 1607 2300 nec
1636 2247 1868 2303 inﬁdelis
1896 2249 1946 2303 in
1983 2248 2223 2306 refutan-

627 2329 698 2388 do
742 2333 1056 2388 occasiones
1097 2335 1428 2390 ostenderet.
1482 2337 1548 2390 Et
1591 2339 1748 2407 quia,
1793 2350 1851 2394 ut
1898 2341 2220 2411 quibusdam

629 2424 858 2488 videtur,
893 2425 1161 2480 incertum
1192 2426 1482 2481 adventum
1513 2428 1632 2498 ejus
1662 2428 1941 2500 Scriptura
1982 2431 2218 2503 reliquit,

625 2527 680 2574 et
716 2519 873 2590 quasi
922 2519 1181 2574 intactum
1213 2520 1385 2589 magis
1417 2520 1594 2591 tetigit
1640 2537 1801 2592 quam
1851 2524 2118 2594 praedixit,
2151 2526 2220 2581 ab

625 2614 727 2670 hoc
757 2623 815 2670 et
841 2625 1158 2671 cunctorum
1189 2615 1372 2686 opinio
1401 2631 1459 2671 se
1502 2615 1617 2685 ipsa
1667 2615 1891 2671 deludit.
1932 2616 2047 2672 Non
2075 2619 2219 2688 quod

624 2708 864 2766 Omnium
899 2709 1034 2766 ﬁdes
1062 2725 1205 2765 caeca
1234 2710 1466 2780 caligine
1505 2708 1831 2774 involvatnr,
1863 2713 1957 2766 sed
1997 2727 2060 2766 ea
2102 2727 2221 2782 quae

625 2804 797 2876 magis
821 2805 1075 2874 opinione
1109 2821 1271 2876 quam
1301 2807 1529 2860 veritate
1574 2815 1806 2862 tenetur.
1846 2807 1950 2862 Ista
1989 2824 2220 2879 namque

623 2901 917 2956 secundum
959 2902 1237 2973 opinatum
1279 2902 1510 2957 disserui
1555 2903 1992 2958 islomacautium
2017 2902 2044 2942 ιι
2076 2920 2220 2973 qua:—

624 2995 846 3052 stioaes.
892 2994 1158 3051 Craterum
1209 2995 1364 3067 juxta
1419 3010 1554 3050 mea:
1604 2995 1882 3052 tenuitatis
1935 2997 2218 3052 scientiam

623 3089 910 3143 adventum
938 3086 1137 3142 Christi
1172 3087 1412 3158 patulum
1446 3102 1572 3143 reor
1602 3087 1805 3141 addisci
1844 3087 2042 3142 indicta
2078 3089 2218 3159 lega-

622 3181 690 3236 lia
723 3193 768 3244 ο,
809 3181 852 3236 si
899 3179 1168 3236 subtiliter
1215 3179 1538 3250 indagentur
1564 3180 1707 3232 vatis
1746 3180 2008 3249 praesagia
2034 3221 2049 3244 ,
2096 3196 2218 3251 qua:

621 3272 740 3329 luce
769 3271 998 3328 clariora
1036 3272 1279 3327 existunt
1317 3268 1572 3325 almiﬁca.
1610 3268 1743 3323 Nam
1784 3269 1911 3325 licet
1952 3271 2019 3325 ab
2066 3271 2218 3327 initio

622 3365 806 3420 mundi
852 3364 978 3418 anni
1016 3379 1120 3418 non
1173 3363 1520 3416 inveniantur
1559 3360 1794 3432 przeﬁxi,
1830 3370 2007 3417 tamen
2057 3379 2214 3434 repe-

621 3459 835 3514 riuntur
866 3473 896 3512 a
930 3465 1173 3526 tempore
1202 3453 1504 3526 prophetali
1533 3453 1894 3524 liquidiSsime
1923 3457 2212 3512 numerati.

620 3548 928 3606 Praevitlcus
969 3547 1132 3603 credo
1173 3560 1403 3601 censura
1432 3545 1614 3600 divina
1647 3545 1931 3601 humanam
1961 3563 2214 3604 vesanam

621 3644 878 3707 acutiam,
907 3659 1027 3713 quae
1054 3641 1108 3696 in
1139 3640 1378 3694 numeris
1402 3649 1621 3695 tctatum
1651 3641 1835 3696 existit
1867 3643 2076 3698 diversa
2103 3661 2118 3710 ;
2151 3660 2216 3699 eo

621 3745 865 3806 tempore
893 3733 1080 3787 maluit
1111 3732 1353 3788 indidere
1384 3749 1687 3797 munerum,
1722 3750 1785 3790 ex
1814 3749 1920 3804 quo
1943 3738 2217 3807 praescivit

621 3824 987 3883 contentionis
1018 3823 1273 3879 abrasum
1316 3826 1549 3881 existere
1590 3843 1834 3882 nervum.
1879 3827 2029 3884 Nosti
2070 3832 2213 3885 enim

621 3913 968 3970 Helms-orum
1001 3914 1084 3970 vel
1122 3916 1458 3986 septuaginta
1491 3917 1851 3989 lnterprctum
1894 3920 2214 3976 discordiam

621 4021 652 4060 a
697 4006 870 4077 primo
917 4005 1133 4062 homine
1174 4023 1345 4079 usque
1393 4008 1576 4064 diluvii
1625 4019 1837 4080 tempus
1887 4012 2216 4068 inealmtlau-

621 4099 755 4154 tium
789 4097 808 4138 ί
842 4114 1070 4164 summa,
1101 4101 1155 4155 in
1195 4110 1401 4157 tantum
1427 4112 1485 4158 ut
1514 4102 1673 4174 juxta
1718 4102 2038 4161 chraicatn
2070 4107 2212 4162 veri-

623 4201 784 4249 tatem
830 4194 895 4248 ad
944 4192 1116 4248 Adam
1159 4211 1328 4266 usque
1375 4197 1442 4251 ad
1490 4197 1749 4252 diluvium
1795 4199 1922 4252 anni
1971 4201 2212 4255 sexcenti

619 4285 1007 4358 quinquaginta
1053 4303 1148 4344 sex
1197 4289 1582 4355 inveniantur,
1623 4299 1680 4346 et
1725 4307 1756 4346 a
1799 4291 1998 4347 diluvia
2044 4309 2214 4365 u~que

619 4379 686 4434 ad
713 4379 983 4434 Abraham
1013 4381 1138 4434 anni
1166 4380 1384 4435 ducenti
1414 4381 1705 4452 nonaginta
1730 4382 1836 4438 dua
1854 4383 2207 4454 reperiantur.

683 4469 738 4526 5.
779 4471 1086 4527 Secundum
1119 4473 1470 4544 Septuaginta
1501 4485 1681 4530 autem
1708 4475 2209 4546 interpretationem

614 4561 865 4618 abAdam
885 4578 1056 4635 usque
1077 4564 1145 4619 ad
1172 4563 1430 4618 diluvium
1459 4564 1583 4618 anni
1613 4563 1826 4619 ducenti
1845 4566 2201 4638 quadraginta

613 4656 719 4711 duo
772 4666 1143 4711 numerantur.
1194 4655 1261 4710 Et
1301 4671 1329 4709 a
1363 4655 1566 4710 diluvio
1614 4671 1785 4726 usque
1819 4657 1887 4711 ad
1925 4656 2202 4713 Abraham

613 4749 739 4805 anni
775 4749 816 4804 Τ
846 4751 1185 4820 septuaginta
1215 4750 1320 4804 duo
1350 4748 1686 4804 calculentur
1717 4769 1730 4804 :
1761 4765 1990 4820 quorum
2020 4751 2201 4806 diver-

612 4843 800 4900 sitates
850 4843 1028 4898 latiori
1077 4843 1217 4916 stylo
1261 4843 1585 4899 dissererem
1612 4883 1628 4909 ,
1692 4851 1748 4897 et
1791 4843 1878 4898 cui
1923 4844 2205 4914 potissime

613 4935 772 4992 ﬁdem
803 4937 1093 4993 haberetur
1115 4937 1392 5002 elicerem,
1422 4937 1466 4991 si
1497 4936 1598 4991 hoc
1619 4944 1678 4990 ut
1705 4949 2017 5000 onerosum,
2051 4937 2122 4991 ita
2149 4946 2207 4993 et

615 5027 1008 5084 infructuosum
1055 5045 1162 5084 non
1215 5044 1337 5085 esse
1382 5043 1784 5102 cognoscerem.
1848 5028 1955 5085 Has
1992 5030 2201 5086 discor-

615 5118 827 5175 dantias
857 5120 1072 5176 divinus
1100 5120 1190 5176 ille
1233 5120 1469 5192 Spiritus
1501 5121 1884 5193 prophetarum
1920 5122 2067 5177 cordi
2112 5122 2196 5178 in-

613 5223 794 5270 sertus
836 5211 993 5286 longe
1030 5223 1156 5271 ante
1198 5230 1543 5286 praenoscens
1571 5214 1739 5271 noluit
1766 5216 1835 5270 ab
1861 5230 1927 5272 eo
1957 5224 2199 5288 tempore

614 5307 911 5364 nativitatis
967 5307 1169 5364 Christi
1225 5309 1468 5366 indidere
1514 5325 1816 5377 summam,
1866 5325 1935 5366 ex
1991 5325 2099 5381 quo
2146 5320 2200 5366 et

613 5412 950 5459 asserentum
998 5404 1248 5476 protendi
1296 5403 1536 5474 protexit
1581 5402 1898 5460 t'rivalorum
1955 5404 2194 5460 inventa.

682 5576 712 5608 ι
753 5564 875 5628 Με..
911 5566 1205 5622 scientiam.

683 5636 714 5679 ι’
751 5635 1053 5693 Αἰεεὴὶηεε.

680 5718 706 5751 ε
753 5707 876 5771 Ms...
915 5726 1017 5764 non
1052 5710 1120 5764 ad
1149 5708 1496 5762 ethnicorum.

680 5778 708 5823 ι
745 5777 786 5836 1.
827 5781 1285 5836 διοιηαεΙιαηιῖιιηι.

683 5861 723 5923 ο,
746 5849 808 5916 ιιι
841 5861 925 5908 est
962 5851 1017 5907 in
1053 5851 1205 5906 dictis
1244 5849 1520 5924 legalibus.

2231 4607 2284 4669 D

2299 1990 2306 1995 ι
2329 1978 2490 2025 stere.
2518 1969 2700 2040 Neque
2716 1972 2963 2040 plurimis
2993 1975 3320 2030 testimoniis
3343 1989 3638 2044 occupatam
3659 1987 3823 2030 utentem

2330 2069 2476 2114 tuam
2514 2063 2708 2116 studiis
2743 2064 2914 2119 debeo
2958 2065 3221 2135 impedire.
3243 2108 3257 2129 ,
3287 2068 3461 2121 sciens
3500 2067 3615 2137 quia
3650 2066 3720 2120 cui
3754 2083 3821 2120 non

2327 2151 2599 2208 suﬁiciunt
2655 2170 2818 2225 parva
2843 2157 2894 2220 ιι,
2947 2157 3079 2211 satis
3115 2167 3280 2212 erunt
3333 2173 3430 2214 nec
3473 2159 3620 2213 mille.
3664 2157 3825 2228 Sapiens

2327 2248 2468 2301 enim
2505 2266 2609 2302 non
2639 2251 2826 2318 quanti
2863 2249 3046 2305 dicant
3085 2260 3237 2307 atten
3264 2253 3350 2314 lit.
3397 2254 3489 2308 sed
3526 2253 3607 2321 qui
3649 2253 3734 2306 sint
3763 2253 3824 2321 qui

2327 2340 2506 2394 dicant
2534 2341 2736 2396 utiliter
2761 2343 2922 2397 norit.
2970 2343 3038 2398 Et
3068 2344 3192 2398 inde
3223 2345 3480 2416 praplteta
3521 2346 3704 2400 beatum
3731 2360 3823 2414 pne-

2325 2435 2481 2498 dixit,
2510 2437 2600 2506 qui
2645 2437 2698 2491 in
2745 2453 2930 2493 aurem
2963 2438 3239 2493 audientis
3263 2439 3471 2507 eloquia
3501 2437 3677 2508 profert
3701 2440 3714 2478 ι
3741 2437 3823 2505 quia

2326 2528 2526 2582 dicitur
2564 2527 2749 2583 fallere
2791 2529 3011 2583 auditus
3042 2529 3196 2600 cujus
3245 2531 3424 2602 segnis
3461 2546 3560 2584 non
3599 2528 3825 2598 vigilarent

2325 2633 2534 2674 sensus.
2574 2619 2823 2674 Poteram
2849 2619 2944 2674 tibi
2976 2621 3192 2690 copiosa
3225 2621 3532 2677 testimonia
3556 2621 3614 2674 de
3641 2620 3823 2688 reproba-

2327 2711 2470 2765 tione
2499 2723 2698 2774 vestra,
2731 2721 2783 2766 et
2814 2711 3077 2767 electione
3115 2714 3361 2783 gentium
3390 2727 3676 2783 excerpere,
3697 2712 3732 2767 si
3755 2725 3822 2764 non

2324 2805 2392 2860 ab
2445 2805 2826 2860 eruditissimis
2874 2807 3005 2861 viris
3066 2807 3169 2860 hoc
3227 2807 3645 2862 antecessoribus
3689 2801 3825 2857 vestris

2327 2895 2528 2952 faetnm
2581 2898 2870 2954 recolerem
2916 2913 3057 2953 esse.
3107 2896 3188 2954 οι)
3232 2899 3289 2954 id
3325 2901 3620 2955 amittentes
3645 2897 3715 2952 illa
3744 2908 3824 2964 qua

2317 2987 2429 3058 jam
2481 2999 2608 3044 sunt
2662 2990 2800 3061 styla
2844 2989 3143 3045 inlustriori
3188 2990 3280 3044 vel
3325 2989 3612 3045 facundiori
3649 2988 3705 3041 ab
3739 2984 3821 3045 illis.

2323 3082 2630 3152 eloquentia
2663 3093 2717 3138 et
2739 3083 3032 3138 sanctitate
3063 3082 3416 3153 pollentibus,
3444 3081 3627 3136 dudum
3654 3074 3824 3134 conscri-

2323 3182 2437 3244 pta,
2460 3181 2516 3226 ut
2545 3172 2802 3244 praefatus
2831 3188 2970 3235 sum,
2995 3188 3159 3242 parva
3189 3173 3497 3228 testimonia
3534 3186 3627 3225 non
3654 3167 3820 3226 inﬁrma,

2325 3264 2420 3318 sed
2451 3265 2624 3320 valida
2674 3265 2964 3320 retexenda
2990 3266 3215 3321 eliceam
3251 3285 3266 3320 :
3308 3275 3362 3320 et
3391 3265 3512 3335 quid
3537 3263 3584 3318 in
3610 3277 3662 3316 ea
3685 3259 3824 3315 sentias

2325 3360 2708 3430 interroganda
2729 3360 3059 3430 perquiram,
3092 3370 3152 3414 ut
3181 3369 3282 3414 aut
3307 3360 3502 3415 doceas
3522 3373 3600 3412 me
3623 3355 3824 3426 ignorasse

2321 3466 2441 3521 quae
2491 3452 2722 3507 tirmiter
2764 3461 2942 3518 teneo,
2975 3463 3071 3508 aut
3092 3453 3296 3510 doceas
3327 3463 3380 3510 te
3406 3451 3605 3509 nescire
3628 3463 3725 3520 qua:
3749 3445 3823 3515 ipse

2320 3558 2426 3598 non
2458 3544 2702 3614 improbe
2731 3545 2863 3600 scio.

2389 3636 2442 3690 4.
2495 3637 2706 3709 Moyses
2752 3637 3102 3693 Pcntateuchi
3151 3636 3334 3694 editor
3383 3637 3656 3710 Scriptura:
3692 3628 3824 3702 legifer

2319 3729 2532 3784 Domini
2577 3738 2632 3784 et
2681 3730 3019 3785 renuntiatur
3057 3731 3289 3800 originis
3327 3730 3526 3794 mundi,
3569 3743 3674 3784 cum
3709 3719 3823 3779 εἰκεοδ

2317 3821 2444 3877 ﬁliis
2472 3823 2585 3877 suis
2619 3821 2993 3877 consulentem
3035 3823 3342 3888 induceret,
3379 3831 3435 3877 et
3459 3815 3728 3876 testamenti
3748 3814 3824 3866 vice

2317 3929 2437 3983 qua:
2484 3915 2744 3969 deberent
2787 3923 2906 3985 post
2949 3915 3020 3969 ob
3045 3923 3155 3968 tum
3201 3915 3376 3984 patris
3423 3907 3823 3976 haareditariojum

2283 4006 2591 4076 'passidere
2633 4022 2728 4076 per
2771 4007 3200 4062 benedictionem
3247 4009 3505 4072 ediceret,
3557 4004 3711 4059 taliter
3744 3999 3819 4053 ait:

2325 4095 2538 4152 Vocavit
2581 4097 2747 4152 Jucob
2780 4099 2917 4168 ﬁlios
2945 4116 3088 4164 suos,
3132 4109 3178 4153 et
3208 4101 3284 4154 ait
3315 4101 3390 4154 eis
3417 4114 3435 4152 :
3471 4090 3821 4168 Congregamim’.

2317 4197 2374 4241 ut
2403 4189 2707 4242 annuntiem
2738 4207 2854 4258 qua!
2899 4199 3112 4244 ventura
3146 4201 3267 4244 sunt
3307 4193 3444 4246 vobis
3473 4189 3640 4243 diebus
3663 4179 3821 4238 nor-isti-

2315 4283 2415 4336 mis
2449 4280 2606 4353 (Cen.
2638 4298 2784 4348 χιιι,
2817 4284 2890 4353 1).
2941 4284 3005 4338 Ει
3036 4294 3095 4338 ιιι
3121 4284 3329 4339 scirent
3360 4286 3449 4355 qui
3491 4292 3605 4338 sunt
3643 4277 3714 4333 isti
3745 4273 3822 4329 dies

2313 4374 2589 4430 novissimi
2623 4375 2674 4430 in
2709 4375 3173 4431 benedictionibus
3201 4375 3356 4432 Iuda:
3397 4374 3623 4445 apertius
3647 4365 3822 4438 explica-

2311 4466 2430 4522 vit:
2479 4464 2599 4520 Non
2627 4467 2849 4537 deﬁciet,
2891 4469 2988 4533 ait,
3014 4469 3252 4538 princeps
3293 4469 3358 4523 de
3397 4467 3560 4529 Iuda,
3596 4475 3730 4532 neque
3748 4457 3822 4509 dit:

2312 4560 2377 4613 de
2409 4559 2693 4629 femoribus
2731 4559 2868 4629 ejus,
2900 4559 3062 4614 donec
3091 4561 3255 4615 veniat
3284 4562 3375 4632 qui
3405 4557 3664 4614 mittendus
3697 4558 3768 4608 est,
3789 4551 3820 4597 et

2308 4652 2418 4719 ipse
2472 4651 2566 4705 erit
2594 4650 2912 4722 exspectatio
2941 4651 3168 4721 gentium
3226 4649 3416 4719 (Ibid.,
3478 4647 3580 4718 10).
3624 4644 3818 4699 Advertet

2311 4745 2382 4799 mi
2412 4743 2780 4808 dilectissime,
2820 4753 2876 4800 ct
2918 4745 3062 4800 enim
3104 4745 3252 4814 aperi
3296 4743 3640 4802 intelleCtum,
3686 4745 3729 4790 el
3757 4742 3821 4801 Ρθτ

2312 4845 2482 4893 totum
2512 4837 2698 4892 orbem
2735 4836 2960 4892 ostende
3003 4836 3133 4892 mihi
3160 4853 3228 4892 ex
3261 4837 3402 4892 tribu
3426 4833 3557 4890 Juda
3584 4834 3742 4886 ducem
3765 4817 3821 4874 vel

2307 4947 2494 4986 unum.
2519 4929 2652 4985 Nolo
2679 4931 2748 4986 mi
2777 4930 3088 4986 frivolorum
3119 4945 3305 4986 eorum
3336 4930 3578 5001 ingerere
3603 4921 3760 4980 naenia.
3784 4923 3821 4968 el

2310 5025 2524 5080 illorum
2574 5025 2978 5081 cummentitias
3009 5025 3138 5080 mihi
3180 5026 3402 5094 dogmas
3436 5023 3662 5093 ingerere
3692 5005 3820 5067 fabula

2307 5119 2398 5190 qui
2449 5128 2670 5190 prapter
2711 5118 3051 5173 occasionem
3097 5117 3256 5173 unius
3299 5115 3447 5171 verbi
3491 5113 3659 5180 longas
3695 5099 3822 5202 saleni

2308 5213 2517 5270 fabulas
2551 5221 2752 5268 texere.
2803 5211 2870 5266 Et
2895 5211 3022 5281 quia
3051 5221 3323 5282 nequeunt
3354 5224 3530 5282 regem
3573 5206 3620 5260 in
3647 5197 3822 5296 regioni:

2307 5305 2409 5362 bus
2438 5307 2713 5362 hominum
2743 5302 3102 5374 liquidissime
3127 5305 3269 5384 notis
3295 5303 3556 5365 invenire,
3581 5295 3733 5352 nescio
3749 5285 3820 5341 sibi

2308 5401 2584 5474 inquirunt
2632 5399 2935 5469 principem
2969 5398 3110 5453 ultra
3153 5413 3325 5454 mare.
3380 5396 3510 5452 Cum
3552 5389 3645 5448 etsi
3680 5389 3819 5438 verum

2387 5562 2406 5601 ΐ
2449 5561 2511 5616 F.
2545 5563 2599 5615 in
2625 5558 2968 5615 calculorum.

2382 5635 2408 5674 ⁸
2446 5635 2615 5696 Idem,
2644 5647 2857 5685 conare.

2378 5705 2406 5745 ιι
2446 5703 2543 5758 Ms.
2556 5743 2571 5769 ,
2598 5702 2782 5772 stt/ﬁcit
2806 5719 2989 5773 parua.

2385 5777 2402 5815 ι
2447 5773 2568 5841 Ms,
2597 5773 2834 5845 profer“.
2913 5789 2926 5794 ‘
