4034 6350
179 391 296 449 ιδι

1691 385 2068 444 ΕΡΙὸΤΟιᾸΞ.

3383 382 3488 438 4δί

181 511 367 568 esset,
398 500 580 557 minus
608 515 672 555 ex
705 499 845 554 tribu
873 499 1008 556 Jnda
1040 497 1249 556 fuisset.
1290 500 1425 568 Quia
1454 500 1626 557 tribus
1651 498 1790 557 Juda
1817 511 1868 566 Α
1893 502 1960 558 ad
2008 499 2170 557 tinem
2200 501 2380 556 saectdi
2409 499 2628 565 indicit,
2663 502 2806 559 sicut
2833 501 3061 576 angelus
3091 501 3297 561 Danieli
3325 503 3481 563 dixit.

183 612 304 654 non
334 605 421 652 est
448 611 478 650 a
504 593 902 659 Sennacherib,
933 593 1014 649 vel
1045 595 1114 649 ab
1139 593 1430 650 Artaxerse
1456 595 1545 666 qui
1575 605 1629 650 et
1651 593 1794 652 Ocus

183 692 378 748 dictus
406 688 540 753 fuit,
572 687 829 755 deducta;
885 689 978 744 sed
1017 705 1046 742 a
1078 689 1410 760 Vespasiano
1440 698 1494 744 et
1522 689 1644 745 Tito
1671 701 1754 745 est
1774 731 1790 758 ,

183 799 295 858 per
347 792 527 839 terras
568 782 830 852 dispersa.
883 779 1017 836 Nam
1062 782 1202 836 sicut
1255 781 1460 837 nullum
1506 783 1790 854 templum,

185 878 408 934 nullum
437 876 638 940 altare;
690 875 894 929 nullum
925 876 1222 946 principem
1256 877 1582 932 remansisse
1617 878 1788 944 vobis,

186 972 465 1043 propheta
498 969 642 1024 clara
671 970 881 1024 intonat
909 969 1035 1024 tuba
1062 987 1075 1024 :
1114 969 1411 1036 Sedebant,
1444 972 1617 1042 inquit
1636 1012 1650 1036 ,
1680 973 1792 1028 dies

184 1065 392 1119 multos
413 1078 438 1105 ιι
463 1064 562 1133 ﬁlii
584 1063 755 1118 Israel
782 1064 894 1118 sine
922 1081 1060 1134 rege,
1082 1065 1196 1119 sine
1215 1066 1464 1136 principe,
1491 1067 1602 1121 sine
1621 1067 1790 1121 sacri-

184 1154 342 1224 ﬁcio,
371 1156 485 1210 sine
513 1153 694 1217 altari,
726 1156 840 1208 sine
864 1154 1244 1220 sacerdotibus,
1276 1157 1388 1210 sine
1411 1156 1792 1226 manifestatio-

186 1250 350 1304 nibus
380 1249 526 1316 (Ose.
573 1265 664 1312 ιιι,
703 1248 780 1318 4).
826 1249 1084 1320 [intelligis
1130 1250 1262 1306 istos
1303 1251 1420 1306 dies
1457 1265 1607 1314 esse,
1655 1265 1791 1321 quos

185 1339 300 1397 Ose
347 1341 608 1412 propheta
650 1340 938 1410 praedixit:
971 1351 1066 1397 aut
1103 1341 1329 1396 forsitan
1371 1341 1548 1397 adhuc
1583 1341 1704 1397 illos
1731 1357 1790 1398 se

185 1441 518 1500 exspectare
558 1431 768 1501 pejores
811 1446 954 1486 cmca
999 1429 1306 1487 Judteorum
1337 1431 1608 1502 oppositio
1636 1432 1787 1488 dicit.

188 1524 533 1580 Recensendi
557 1535 681 1580 sunt
703 1525 806 1580 hoc
830 1523 948 1580 loco
971 1539 1143 1594 reges,
1173 1541 1277 1580 non
1302 1541 1331 1579 a
1358 1535 1599 1596 tempore
1616 1523 1786 1593 Judte,

185 1615 281 1685 qui
327 1615 534 1688 Cogniti
581 1623 728 1680 sunt,
759 1624 814 1672 et
843 1633 939 1688 per
968 1616 1136 1672 David
1172 1633 1237 1673 ac
1285 1617 1629 1674 Salomonem
1667 1634 1791 1674 cur-

188 1719 382 1766 rentes
405 1727 576 1781 usque
599 1713 666 1766 ad
697 1709 978 1767 Sedeciam
1003 1721 1151 1767 recto
1176 1712 1392 1767 tramite
1417 1720 1669 1783 pergunt,
1694 1712 1788 1767 sed

187 1819 219 1857 a
255 1813 508 1872 tempore
539 1802 812 1868 Danielis,
858 1814 913 1858 et
947 1811 1071 1875 post
1105 1803 1521 1876 Babyloniorum
1551 1803 1787 1858 laxatam

1899 593 1967 649 Et
2007 593 2096 648 ubi
2139 593 2244 649 erit
2284 603 2409 650 tunc
2452 594 2800 667 relinquenda
2840 594 2947 650 liba
2982 593 3142 661 Sion,
3190 611 3311 668 quae
3335 597 3486 654 nulla

1898 685 2026 742 est?
2061 684 2161 742 Ubi
2184 687 2575 752 sanctuarium,
2600 688 2742 759 quod
2777 687 3009 760 populus
3034 689 3334 745 devastavit
3360 706 3486 747 cum

1898 780 2033 835 dnce
2068 789 2323 846 venturo,
2356 781 2446 851 qui
2488 782 2542 836 in
2570 781 2752 837 cinere
2782 782 3034 837 redactus
3070 782 3199 838 est?
3240 781 3490 840 Reddam

1896 869 2064 928 Judaei
2115 883 2313 929 statum
2358 889 2520 944 quem
2572 872 2826 930 Christus
2876 874 3135 930 inveniat.
3193 874 3488 932 :Ediiicent

1898 963 2178 1035 templum.
2208 965 2297 1021 ubi
2327 965 2509 1022 subito
2540 966 2847 1021 testamenti
2879 967 3100 1039 angelus
3136 967 3336 1022 veniat.
3383 967 3484 1033 En,

1896 1071 2024 1112 ecce
2052 1066 2106 1112 et
2136 1068 2316 1114 vestra
2345 1060 2578 1116 cessavit
2608 1061 2806 1126 hostia,
2835 1071 2894 1116 ut
2923 1061 3121 1117 nullius
3148 1061 3224 1117 rei
3256 1061 3490 1117 admini-

1894 1151 2016 1207 culo
2044 1162 2221 1207 vestra
2246 1153 2529 1210 deleantur
2552 1163 2796 1225 peccata,
2819 1155 2944 1209 dum
2975 1171 3081 1211 non
3113 1154 3339 1210 adoletis
3364 1171 3487 1226 quae

1894 1243 2148 1299 solebatis
2199 1245 2440 1302 incensa.
2493 1246 2600 1302 Lex
2638 1246 2902 1318 praecipit,
2947 1246 2998 1301 iu
3041 1246 3350 1316 captivitate
3381 1261 3488 1302 non

1892 1335 2060 1394 licere
2083 1339 2338 1396 unctione
2367 1339 2532 1410 regali
2560 1341 2796 1396 chrisma
2825 1339 3129 1407 conficere._
3166 1339 3318 1398 Unde
3346 1355 3478 1412 ergo

1893 1431 2122 1487 messias
2151 1441 2332 1488 vester
2365 1443 2618 1505 nugetur,
2650 1442 2710 1490 ut
2733 1442 2927 1490 unctus
2955 1447 3082 1490 vere
3102 1431 3262 1503 juxta
3287 1433 3485 1490 Danie-

1894 1521 1999 1578 lem
2035 1523 2146 1593 ipse
2175 1525 2471 1580 credatur?

1892 1664 1898 1676 ,
1965 1614 2019 1671 6.
2063 1614 2166 1671 Sed
2195 1616 2306 1686 jam
2331 1634 2361 1672 a
2388 1628 2630 1691 tempore
2654 1623 2682 1662 ι’
2715 1637 2979 1678 annorum
3004 1623 3326 1680 veniendum
3358 1634 3481 1683 est:

1893 1714 1948 1761 et
1970 1721 2077 1760 non
2110 1723 2260 1764 more
2285 1719 2488 1776 nostro,
2531 1712 2626 1767 sed
2652 1712 2805 1786 legali
2836 1715 3176 1776 documento.
3210 1715 3484 1773 calculan-

1895 1797 2020 1853 dum
2052 1809 2167 1860 est.
2199 1800 2414 1858 dicente
2461 1803 2685 1859 Domino
2714 1805 2780 1860 ad
2830 1804 3049 1876 Moysen
3101 1825 3114 1860 :
3169 1807 3487 1863 Numerabis

187 1896 568 1966 captivitatem
591 1937 607 1960 ,
651 1897 741 1967 qui
773 1911 870 1967 per
895 1897 1061 1953 duces
1090 1897 1405 1952 decurrunt.
1450 1897 1519 1952 Et
1548 1897 1697 1962 ideo,
1731 1907 1790 1952 ut
1819 1878 1867 1939 Β
1894 1892 1988 1945 tibi
2009 1902 2202 1961 septem
2244 1895 2600 1952 hebdomadas
2631 1916 2891 1954 annorum
2923 1899 3068 1973 (Lev.
3095 1917 3255 1964 χχιιι,
3293 1903 3404 1973 15),
3433 1902 3486 1958 id

188 1987 300 2042 dixi
323 2029 336 2047 ,
375 2003 404 2041 a
455 1997 697 2058 tempore
742 1988 984 2042 Danielis
1015 2003 1169 2060 reges
1194 1998 1406 2044 vestros
1435 1991 1788 2057 enumerabo,

189 2087 245 2133 et
280 2079 337 2133 in
369 2095 532 2150 quem
561 2079 821 2136 defecerit
847 2081 999 2136 brevi
1040 2081 1291 2153 indagine
1313 2084 1620 2154 assignabo.
1662 2084 1791 2140 Post

189 2183 355 2238 quem
391 2169 435 2225 si
469 2170 702 2241 aliquem
733 2171 922 2226 habuit
946 2188 1079 2243 gens
1103 2172 1214 2238 illa,
1260 2174 1361 2230 sub
1382 2191 1489 2245 quo
1520 2177 1791 2232 exstiterit

189 2260 358 2327 duce,
390 2277 691 2333 nomenque
714 2262 830 2332 ejus
855 2280 1038 2334 quaeso
1066 2266 1282 2321 edicite.

259 2354 314 2408 5.
365 2353 580 2411 Primus
617 2367 736 2427 pnsl
772 2356 1008 2414 Danielis
1037 2361 1373 2431 prophetiam
1400 2373 1684 2434 postquam
1722 2365 1788 2421 de

189 2445 473 2517 Babylone
521 2463 770 2503 reversus
795 2460 878 2504 est
907 2454 1155 2520 populus,
1189 2453 1404 2523 praefuit
1437 2453 1594 2511 Jesus
1647 2455 1788 2512 [ilius

187 2535 452 2603 losetlec,
504 2549 560 2594 et
601 2540 900 2596 Zorobabel
944 2543 1086 2598 illius
1141 2543 1424 2602 Salatbicl.
1479 2548 1606 2605 Post
1652 2567 1788 2620 quos

186 2627 421 2684 Joachin
453 2629 592 2686 lilins
621 2630 746 2687 Jesu
778 2633 830 2687 in
859 2635 1176 2703 pontiﬁcatu
1208 2640 1490 2694 successit.
1543 2640 1640 2696 Cui
1669 2658 1789 2698 suc-

187 2723 362 2778 cessit
385 2722 560 2778 Eliuth
596 2741 609 2777 :
649 2725 776 2780 huic
797 2742 1011 2796 quoque
1043 2730 1306 2784 successit
1332 2729 1519 2786 Joiade
1545 2750 1557 2785 :
1594 2733 1786 2789 deinde

185 2812 474 2870 Joannes:
522 2825 706 2888 postea
751 2815 939 2872 Jadus.
991 2818 1116 2875 Post
1147 2837 1308 2892 quem
1338 2821 1548 2878 Onias:
1594 2824 1787 2880 deimle

186 2907 414 2975 praefuit
444 2907 682 2978 pontifex
715 2908 953 2964 Eleazar.
988 2908 1118 2965 Post
1146 2928 1304 2981 quem
1347 2915 1612 2969 successit
1651 2915 1788 2970 alter

186 2994 380 3052 Ouias.
414 2996 615 3053 Deinde
635 2997 838 3056 Jndas:
874 3001 960 3056 cui
992 3004 1256 3058 successit
1294 3003 1465 3058 frater
1491 3003 1783 3061 Jonathan.

187 3085 324 3142 Post
353 3104 514 3160 quem
542 3089 728 3144 Simon
757 3091 924 3146 frater
951 3093 1250 3164 utriusque.
1305 3095 1503 3152 Deinde
1527 3095 1782 3164 Joannes,

187 3193 312 3252 post
379 3197 540 3251 quem
605 3183 960 3240 Aristobolns.
1034 3186 1169 3242 lluic
1237 3204 1450 3260 quoque
1526 3193 1788 3248 successit

189 3272 522 3338 Alexander,
561 3275 651 3344 qui
700 3292 797 3331 rex
839 3278 1044 3348 pariter
1084 3294 1147 3334 ac
1192 3281 1433 3350 pontifex
1476 3280 1597 3338 fuit.
1659 3282 1788 3338 Post

189 3365 341 3421 hunc
375 3366 699 3432 Alexandra,
733 3386 871 3424 uxor
897 3372 1036 3442 ejus,
1063 3387 1187 3428 cum
1214 3373 1338 3430 filiis
1369 3374 1556 3431 lrcano
1584 3386 1640 3433 et
1669 3377 1786 3433 Ari-

192 3458 411 3513 stobolo
448 3460 645 3531 populo
676 3461 908 3530 prmfuit.
947 3469 1063 3530 Lino
1096 3473 1338 3538 tempore
1375 3468 1616 3526 Herodes
1645 3471 1786 3527 filius

190 3549 316 3604 Anti
324 3551 500 3620 patris
517 3550 802 3609 interfecto
822 3553 1010 3611 lrcano
1026 3573 1247 3628 regnum
1263 3559 1570 3616 Iudaeorum
1597 3571 1787 3617 senatu

193 3641 448 3696 consulto
472 3645 701 3714 accepit.
742 3645 797 3700 lu
825 3645 943 3715 ejus
974 3658 1214 3717 tempore
1239 3648 1513 3705 Christum
1542 3663 1786 3707 nostrum

193 3747 387 3787 natum
419 3749 541 3790 esse
571 3743 658 3788 ttta
692 3736 929 3792 charttas
957 3754 1062 3793 non
1098 3749 1348 3810 ignorat:
1382 3743 1524 3811 quod
1548 3743 1592 3797 si
1623 3742 1787 3796 alium

191 3839 518 3898 exspectare
550 3829 803 3896 nitimini,
834 3831 998 3888 duces
1020 3849 1086 3888 ex
1118 3835 1257 3888 tribu
1285 3833 1420 3888 Juda
1452 3834 1710 3892 hactenus
1735 3837 1786 3891 in

193 3928 380 3973 vestra
423 3930 581 3989 gente
618 3923 886 3978 ostendite
917 3942 930 3978 :
978 3933 1032 3979 et
1061 3933 1189 3980 tunc
1223 3935 1538 3996 exspectare
1576 3944 1670 3982 vos
1707 3946 1790 3983 re-

194 4009 567 4082 demptionem
621 4013 934 4078 lirmabitis,
981 4031 1102 4071 cum
1148 4015 1414 4072 defectum
1449 4017 1617 4073 tribus
1641 4018 1791 4072 Jutlte

193 4120 263 4160 ex
303 4106 536 4162 ducibus
575 4107 975 4178 suppleveritis.
1025 4110 1179 4178 Quod
1227 4111 1274 4166 si
1320 4111 1524 4166 nullum
1564 4112 1790 4182 potestis

196 4199 448 4256 invenire
498 4217 564 4257 ex
622 4205 857 4275 regibus,
912 4206 1002 4275 qui
1056 4208 1208 4262 vocis
1253 4208 1505 4264 ducatum
1552 4211 1790 4281 prazbeat

195 4290 485 4361 hactenus,
546 4294 691 4350 illam
718 4297 1057 4367 prophetiam
1090 4298 1324 4355 Danielis
1354 4303 1579 4371 probate
1619 4312 1792 4357 atten’

201 4385 344 4450 tius,
393 4397 451 4442 et
495 4397 621 4443 tunc
649 4389 1024 4446 confusionem
1069 4389 1376 4447 Judatortun
1406 4389 1520 4461 jam
1553 4394 1792 4450 debitam

195 4481 417 4537 venisse
468 4482 767 4551 probabitis
811 4485 1020 4550 verius,
1072 4487 1138 4541 ab
1182 4503 1248 4543 eo
1291 4488 1408 4543 loro
1449 4488 1538 4544 ubi
1570 4489 1792 4561 angelus

196 4571 410 4629 Danieli
451 4573 688 4644 loquitur
721 4577 908 4633 dicens
949 4576 1114 4645 (Dan.
1144 4595 1230 4644 tx,
1270 4579 1362 4652 22)
1388 4595 1403 4634 :
1433 4578 1624 4635 Daniel
1655 4599 1792 4635 nunc

195 4681 438 4736 egressus
462 4683 602 4734 sum,
625 4678 680 4721 nt
713 4668 970 4735 docerem,
1002 4680 1050 4724 et
1087 4668 1422 4742 intelligeres.
1467 4671 1544 4726 Ab
1574 4673 1791 4727 exordio

195 4769 412 4827 precum
442 4768 654 4812 tuarum
689 4777 927 4830 egressus
954 4771 1028 4816 est
1071 4779 1260 4828 sermo,
1289 4778 1459 4834 usque
1503 4765 1569 4818 ad
1614 4765 1790 4820 locum

196 4849 286 4904 ubi
322 4849 416 4904 tali
457 4853 835 4921 prosecutionc
869 4854 1028 4908 (luem
1063 4854 1328 4910 conclusit
1371 4871 1386 4908 :
1429 4854 1498 4909 Et
1523 4866 1638 4926 post
1669 4856 1793 4910 lteb-

197 4942 461 4998 domadas
489 4946 763 5017 sexaginta
807 4947 942 5002 duas
984 4947 1250 5002 occidetur
1280 4948 1544 5015 Christus,
1575 4959 1622 5004 et
1670 4950 1792 5005 civi-

197 5043 362 5089 tatem
391 5046 454 5100 .et
500 5039 864 5093 sanctuarium
914 5039 1185 5110 dissipabit
1229 5042 1452 5111 populus
1495 5057 1613 5096 cum
1661 5041 1792 5095 dnce

198 5137 446 5189 venturo,
493 5139 540 5182 et
566 5130 689 5199 ﬁnis
717 5131 832 5201 ejus
861 5131 1096 5197 vastitas,
1124 5140 1173 5185 et
1215 5141 1327 5201 post
1355 5131 1513 5201 ﬁnem
1538 5131 1658 5187 belli
1683 5142 1792 5187 sta-

198 5228 316 5274 tuta
347 5219 622 5277 desolatio.
672 5223 835 5280 Vides
865 5225 1006 5294 quod
1056 5232 1177 5296 post
1219 5224 1550 5280 occisionem
1590 5224 1794 5281 Christi

197 5313 562 5368 vastationem
582 5315 1041 5371 omnibusJudteis
1060 5314 1263 5386 pollicit
1286 5314 1566 5386 Scriptura
1589 5315 1789 5370 divina.

198 5401 269 5460 Et
298 5405 344 5460 si
370 5406 550 5463 adhuc
573 5405 849 5464 Christum
868 5449 885 5474 ,
915 5408 970 5464 id
995 5417 1079 5464 est
1105 5407 1384 5471 Messiam,
1416 5407 1753 5478 exspectatis
1775 5447 1791 5473 ,

198 5497 453 5568 profecto
483 5501 662 5558 adhuc
697 5502 1085 5559 desolationem
1127 5503 1386 5574 majorem
1419 5501 1610 5556 timere
1634 5501 1796 5557 debe-

202 5590 317 5648 tis:
367 5594 493 5665 quia
545 5611 652 5652 non
678 5597 834 5653 vobis
865 5597 1320 5668 redemptionem,
1363 5606 1424 5653 ut
1463 5612 1660 5652 vanam
1686 5595 1800 5668 opi-

201 5686 352 5744 natis
377 5687 608 5760 pollicit,
631 5691 726 5747 sed
749 5689 1107 5746 vastationem
1137 5689 1207 5746 ab
1228 5690 1345 5761 ejus
1369 5690 1603 5747 adventu
1630 5704 1798 5762 usque

277 5829 308 5862 ι
347 5819 468 5879 Dies
491 5822 682 5879 multos
717 5824 910 5881 desunt
941 5823 995 5879 in
1025 5823 1120 5880 Ms.

280 5883 313 5933 δ
347 5889 407 5947 If.
449 5894 521 5949 ad
546 5903 764 5964 tempus.

1895 1991 1977 2037 est
2027 1985 2230 2055 septies
2259 1999 2466 2058 septem
2491 2030 2504 2050 ,
2556 1990 2645 2058 qui
2679 2000 2807 2046 sunt
2831 1992 2956 2045 anni
2986 1992 3343 2063 quadraginta
3386 2008 3484 2048 no-

1892 2091 2035 2132 vem.
2089 2079 2238 2152 Ergo
2277 2083 2615 2153 septuaginta
2661 2084 3010 2139 hebdomada:
3059 2086 3484 2158 quadringentos

1892 2170 2189 2242 nonaginta
2219 2189 2391 2230 annos
2418 2173 2676 2230 etliciunt.
2729 2175 3051 2244 Septuagies
3084 2177 3230 2232 enim
3273 2177 3483 2249 srpteni

1892 2265 2270 2337 quadringenti
2296 2270 2585 2340 nonaginta
2612 2279 2756 2326 sunt.
2782 2271 2946 2342 Igitur
2970 2287 3227 2342 percurre
3249 2274 3484 2328 breviter

1891 2351 2129 2420 Gnecas,
2167 2355 2407 2421 Latinas,
2467 2359 2835 2431 harbarasque
2883 2361 3139 2418 historias
3166 2379 3196 2418 a
3228 2363 3484 2419 vicesimo

1890 2462 2034 2504 anno
2062 2450 2377 2508 Artaxersis
2423 2454 2566 2524 regis
2595 2454 2886 2511 Persarum
2915 2473 3084 2527 usque
3110 2457 3177 2512 ad
3209 2456 3482 2516 Christum

1891 2539 2082 2596 ducem
2102 2583 2116 2607 ,
2150 2551 2207 2597 et
2234 2543 2478 2600 invenies
2517 2545 2681 2602 totius
2707 2563 2990 2602 numerum
3022 2549 3482 2605 hebdomadarum

1892 2628 2061 2686 fuisse
2087 2634 2440 2704 completmn,
2462 2633 2618 2704 juxta
2650 2637 2898 2692 lnnarutn
2931 2649 3242 2710 con-putum
3269 2637 3483 2696 Iudaeo-

1892 2739 2034 2789 rmn,
2060 2727 2152 2796 qui
2189 2727 2480 2798 tmicuiqne
2509 2729 2680 2784 mensi
2711 2730 2828 2785 dies
2855 2730 3043 2802 viginti
3073 2746 3266 2786 novem
3305 2733 3482 2786 anuu-

1891 2824 2123 2870 tnerant.
2169 2815 2302 2872 Nam
2343 2833 2373 2872 a
2403 2819 2660 2874 vicesimo
2685 2835 2828 2876 anno
2851 2821 2964 2890 jam
2997 2821 3125 2877 dicti
3172 2821 3483 2879 Artaxersis

1890 2922 2063 2976 usque
2105 2909 2174 2964 ad
2218 2910 2464 2978 quintum
2498 2911 2766 2967 decimum
2795 2927 2996 2966 annum
3028 2911 3228 2967 Tiberii
3255 2911 3486 2968 Catsaris

1892 3001 2238 3070 reperiuntur
2271 3003 2397 3056 anni
2429 3003 2806 3075 quadringenti
2838 3005 3180 3077 septuaginta
3219 3004 3483 3076 quinque,

1891 3093 1985 3162 qui
2027 3092 2231 3149 faciunt
2278 3111 2450 3150 annos
2496 3094 2792 3152 Hebraicos
2840 3098 3264 3170 quadringentos
3306 3114 3482 3154 nona-

1892 3184 2076 3254 ginta;
2130 3187 2256 3256 quia
2286 3185 2456 3243 Grzeci
2475 3229 2490 3253 ,
2536 3197 2591 3243 ct
2620 3187 2823 3253 Judzei,
2853 3206 2951 3260 per
2972 3200 3094 3246 octo
3121 3206 3292 3247 annos
3322 3192 3484 3248 trium

1814 3256 1861 3320 Ο
1893 3279 2158 3334 mensium
2197 3279 2546 3335 embolismos
2589 3279 2815 3337 faciunt.
2853 3256 2934 3337 'Et
2964 3285 3085 3339 ideo
3110 3284 3178 3340 ab
3205 3282 3362 3354 hujus
3387 3282 3487 3340 Ar-

1890 3373 2122 3425 taxersis
2154 3371 2414 3427 vicesimo
2453 3389 2594 3428 anno
2621 3374 3045 3444 computandum
3078 3383 3193 3438 est,
3247 3384 3305 3428 ut
3353 3389 3487 3444 pra:-

1889 3460 2024 3526 dixi,
2052 3462 2177 3532 quia
2208 3462 2259 3517 in
2291 3463 2406 3533 ipso
2439 3481 2582 3520 anno
2613 3482 2849 3536 egressus
2880 3476 2955 3519 est
2982 3481 3172 3526 sermo,
3209 3474 3263 3518 ut
3294 3465 3484 3518 iterum

1890 3551 2249 3620 a’diﬁcaretur
2292 3553 2610 3619 Jerusalem,
2656 3554 2876 3610 Neemia
2933 3555 3191 3626 piucerna
3239 3565 3483 3626 rogante,

1889 3642 2032 3697 sicut
2075 3643 2152 3697 ait
2183 3644 2410 3714 angelus
2456 3643 2684 3700 Danieli.
2718 3645 2870 3712 Quod
2912 3645 2957 3700 si
2999 3647 3194 3701 iterum
3238 3662 3266 3698 a
3311 3646 3486 3715 primo

1889 3749 2032 3791 anno
2084 3735 2264 3800 Darii,
2316 3737 2408 3807 qui
2440 3745 2496 3793 et
2527 3737 2693 3793 Melas
2721 3748 2946 3794 vocatus
2985 3747 3099 3798 est.
3150 3737 3486 3794 successoris

1889 3826 2048 3898 Cyri,
2093 3845 2202 3898 quo
2242 3829 2379 3886 visio
2436 3830 2640 3887 Danieli
2702 3831 2885 3887 extitit
2926 3831 3200 3897 revelata,
3251 3832 3486 3890 volueris

1888 3928 2222 3990 computare,
2263 3920 2506 3977 invenies
2546 3922 2597 3976 in
2624 3924 2964 3994 sexagesima
2995 3924 3232 3980 secunda
3281 3924 3486 3982 hebdo-

1890 4011 2046 4066 mada
2078 4021 2261 4067 natum
2291 4013 2528 4069 existere
2555 4013 2850 4069 Christum.

1963 4104 2014 4158 7.
2043 4103 2174 4158 Post
2203 4103 2356 4174 cujus
2403 4107 2768 4172 nativitatem,
2812 4106 2855 4162 si
2910 4107 3177 4163 calculare
3227 4106 3488 4164 malueris

1893 4197 2164 4268 reliquum
2197 4198 2666 4256 hebdomadarum
2701 4216 3010 4268 numerum,
3053 4202 3104 4256 in
3141 4202 3316 4273 primo
3344 4215 3487 4256 anno

1894 4289 2235 4362 Vespasiani,
2267 4292 2358 4363 qui
2387 4294 2675 4364 captivitas
2696 4303 2871 4350 vestra
2923 4295 3062 4350 facta
3115 4304 3218 4357 est,
3250 4294 3489 4350 invenie-

1893 4392 1984 4438 tur
2033 4384 2334 4454 impletum.
2393 4385 2462 4441 Et
2514 4387 2614 4442 ista
2649 4387 2721 4441 ita
2755 4396 3001 4457 poteram
3049 4386 3361 4458 singillatim
3393 4401 3490 4456 per

1893 4476 2110 4532 nomina
2143 4493 2329 4549 regum
2383 4494 2662 4549 annuosque
2714 4480 3096 4550 imperantium
3155 4478 3487 4550 singulorum

1895 4567 2204 4632 ostendere,
2245 4569 2384 4623 sicut
2417 4579 2439 4607 ο
2473 4568 2675 4638 legales
2718 4569 3096 4625 successiones
3126 4583 3222 4638 per
3252 4567 3487 4637 prophe-

1820 4639 1872 4700 D
1902 4671 2077 4716 tarum
2129 4659 2298 4714 libros
2357 4660 2650 4731 potuissem
2689 4661 2942 4731 probare.
2975 4659 3082 4714 Sed
3112 4657 3238 4728 quia
3267 4656 3369 4712 etsi
3399 4671 3492 4712 ve-

1900 4752 2014 4808 raci
2050 4751 2300 4824 virilique
2342 4753 2646 4808 assertione
2691 4751 3011 4821 probentur,
3039 4758 3220 4804 tamen
3276 4748 3489 4803 fidelem

1900 4846 2203 4902 auditorem
2235 4847 2560 4916 requirnnt;
2603 4845 2725 4900 ideo
2755 4860 2860 4900 non
2895 4859 3091 4913 magno
3118 4856 3284 4914 opere
3305 4839 3356 4896 in
3391 4856 3490 4896 nu-

1902 4955 2177 4995 merorum
2227 4937 2313 4993 vel
2342 4939 2732 5010 imperatorum
2767 4946 3029 5006 tempora,
3064 4932 3380 4988 laciniosam
3409 4931 3491 4986 in-

1899 5041 2107 5089 struam
2135 5031 2392 5096 fabulam,
2419 5030 2513 5086 sed
2538 5028 2778 5086 breviter
2805 5027 3045 5098 tetigisse
3069 5023 3321 5091 sufliciat,
3359 5021 3490 5094 quid

1901 5125 2072 5182 nostri
2105 5125 2226 5182 inde
2257 5138 2478 5180 sensere
2506 5121 2777 5192 majores;
2804 5131 2860 5178 et
2895 5137 2925 5175 a
2957 5131 3008 5176 te
3051 5119 3292 5174 fraterno
3340 5130 3492 5174 more

1901 5220 2199 5292 inquirere,
2231 5219 2362 5290 quid
2391 5218 2517 5274 inde
2542 5224 2845 5272 tractarere
2866 5229 3121 5287 proceres
3152 5211 3487 5286 Synagogzez

1901 5322 1961 5369 ut
1983 5322 2038 5369 et
2061 5313 2191 5368 mihi
2217 5312 2377 5368 liceat
2402 5325 2563 5368 nosse
2581 5309 2724 5382 quod
2755 5323 2941 5365 verum
2971 5316 3072 5371 est,
3097 5315 3153 5362 et
3205 5306 3300 5361 tibi
3325 5304 3493 5360 libeat

1901 5410 2195 5480 reprobare
2219 5409 2362 5480 quod
2394 5406 2586 5463 falsum
2614 5413 2718 5462 est.
2756 5403 2888 5460 lllud
2913 5418 3076 5475 quam
3125 5399 3362 5457 maxime
3391 5412 3490 5469 po-

1903 5518 2083 5567 scens,
2116 5511 2176 5558 ut
2197 5502 2315 5558 sine
2355 5499 2493 5556 fellis
2539 5497 2902 5555 amaritudine
2933 5495 3065 5551 tuihi
3097 5493 3332 5550 disseras
3360 5487 3492 5562 quid

1901 5598 2124 5671 prodest
2149 5612 2326 5654 nosse.
2358 5595 2427 5651 Et
2448 5603 2555 5651 tam
2580 5591 2708 5649 illud
2733 5589 2876 5664 quod
2899 5605 2928 5644 a
2951 5586 3121 5645 Iacob
3148 5584 3300 5642 Juda:
3321 5581 3350 5625 ιι
3371 5595 3494 5656 pro-

1890 5691 1997 5760 tuli
2030 5690 2394 5754 benedictum,
2417 5702 2580 5761 quam
2601 5685 2768 5744 etiam
2797 5682 2944 5756 quod
2965 5697 2995 5736 a
3028 5677 3250 5737 Daniele
3277 5673 3497 5761 protest:

1977 5837 1998 5866 ε
2043 5824 2167 5891 Ms.,
2198 5825 2258 5880 si.

1974 5897 1996 5937 ’³
2028 5896 2150 5961 Ms.,
2175 5911 2329 5967 quant
2360 5913 2388 5948 a
2419 5893 2586 5951 Iacob
2611 5893 2750 5963 jubet
