4034 6350
627 388 733 448 4-ί3

1921 386 2183 449 ΑιινΑβι

2292 384 2701 469 ιιιθυΒΕΝδιε
3736 410 3815 481 ιω

628 527 745 579 sum
772 509 1157 582 prophetarum
1191 521 1242 576 α,
1271 508 1541 565 disertiori
1578 509 1720 583 style
1739 507 1896 578 juxta
1922 512 2066 581 quod
2109 509 2205 565 tibi
2233 517 2278 575 Α
2311 509 2613 569 Zorobabei
2642 513 2709 568 ad
2937 528 3119 572 sertno
3146 515 3394 590 dirigitur
3420 520 3469 575 in
3494 536 3637 580 manu
3661 528 3812 604 Δεμι,

625 605 840 659 videtur
884 603 1306 674 esponendnm:
1342 602 1425 658 vel
1479 604 1779 659 secundum
1834 604 1977 675 quod
2030 618 2060 658 a
2114 601 2211 658 Ju-

626 699 864 754 daeorum
897 696 1210 753 doctoribus
1258 705 1439 752 exstat
1484 697 1812 767 expositum,
1867 713 1972 752 non
2016 712 2214 754 renuas

626 794 841 849 amicali
868 792 1045 848 studio
1070 791 1199 846 mihi
1228 790 1470 847 scribere
1500 799 1689 847 totum.
1726 790 1862 860 Quia
1893 791 2017 847 licet
2043 792 2210 847 multa

625 897 679 943 et
700 886 954 958 pneclara
988 884 1291 940 testimonia
1325 891 1434 938 tam
1467 884 1643 950 nobis,
1664 898 1826 954 quam
1843 884 1998 940 vobis
2024 884 2215 941 conni-

620 982 825 1043 bentia,
841 979 1223 1051 prophetarum
1253 977 1565 1034 contineant
1590 978 1755 1041 dicta,
1770 986 1946 1034 tamen
1964 978 2213 1035 universa

618 1072 828 1129 utiliter
851 1072 1107 1127 trntinata
1121 1114 1133 1135 ,
1149 1086 1257 1126 non
1282 1071 1415 1126 mihi
1430 1070 1682 1125 videntur
1699 1071 1780 1126 vel
1795 1070 1951 1127 nobis
1965 1071 2214 1128 veivobis

620 1180 715 1220 ora
747 1163 1089 1235 confringere
1120 1170 1297 1233 petra,
1347 1160 1432 1217 vel
1476 1161 1672 1216 chamo
1713 1160 2061 1233 confringere
2091 1178 2209 1217 ora.

621 1256 747 1313 Sola
773 1257 889 1313 haec
916 1257 986 1311 ita
1013 1255 1359 1325 proferuntur
1396 1253 1712 1325 praevalida,
1763 1262 1822 1308 ut
1869 1268 1971 1309 nec
2013 1254 2214 1309 mutire

617 1347 782 1404 liceat
820 1348 1088 1418 alienique
1133 1355 1379 1403 nostrum
1425 1354 1548 1417 post
1598 1347 1792 1402 horum
1819 1346 2213 1417 expositionem

616 1448 945 1511 perceptam.
998 1432 1057 1494 Si
1096 1453 1227 1494 vero
1253 1439 1392 1493 hanc
1418 1438 1813 1509 expositionem
1844 1436 2209 1504 refutandsm,

618 1548 745 1589 nam
793 1549 898 1588 non
950 1533 1217 1603 prtevides
1264 1546 1386 1588 esse
1437 1530 1792 1602 sequendam,
1851 1530 1979 1600 quid
2031 1531 2212 1602 potius

616 1625 907 1680 tenendum
934 1634 1019 1680 est
1061 1623 1196 1679 elice
1238 1639 1339 1694 per
1378 1639 1637 1679 mansura
1681 1622 1972 1677 robustiori
2011 1636 2207 1693 prose-

616 1717 835 1773 cutione
880 1725 1108 1773 asserta.
1150 1718 1216 1773 Et
1260 1719 1369 1775 noli
1394 1728 1600 1775 tantum
1626 1721 1808 1777 verbis
1831 1721 1993 1777 nudis
2024 1736 2211 1793 repro-

608 1807 735 1863 bam
764 1808 922 1864 istam
971 1809 1265 1878 aedificare,
1298 1812 1392 1867 sed
1424 1821 1713 1883 postquam
1760 1813 2002 1884 probiter
2028 1813 2207 1868 firma-

2315 601 2515 658 Factus
2545 615 2620 659 est
2641 621 2811 662 sermo
2836 605 3052 664 Domini
3093 610 3149 664 in
3174 626 3333 667 manu
3366 614 3534 686 Aggtei
3576 619 3626 674 in
3646 601 3816 686 sese“.

2314 716 2457 754 anno
2484 698 2659 765 Darii,
2690 701 2762 755 ad
2786 698 3080 763 Zorobabel
3112 704 3280 774 ﬁlium
3311 705 3539 777 Salatiel,
3562 714 3716 773 ducena
3743 721 3814 778 Ιι.

2314 795 2418 860 τίω,
2442 805 2489 851 et
2510 796 2579 852 ad
2608 795 2791 852 Iesum
2835 796 3006 869 [ilium
3044 799 3262 856 Josedec
3291 805 3591 862 sacerdotem
3629 828 3817 884 nam

2316 885 2469 958 (A99.
2493 886 2556 959 ι).
2608 889 2773 945 Vides
2792 891 2919 961 quia
2950 891 3017 947 de
3042 893 3207 949 Tribn
3254 893 3386 952 Juda
3433 914 3676 971 nunquam
3697 906 3815 964 duces

2315 988 2615 1069 cessarunt.
2638 981 2816 1037 Etiam
2845 983 2898 1039 in
2924 985 3237 1054 captivitate
3261 990 3416 1057 positi
3439 993 3599 1050 tribus
3624 996 3695 1051 ilia
3719 1014 3815 1069 pra-

2314 1068 2572 1126 lationem
2630 1088 2907 1144 nunquam
2961 1075 3162 1132 amisit.
3192 1077 3347 1146 Quod
3383 1097 3508 1138 vero
3531 1101 3653 1142 novo
3693 1068 3817 1149 uteris

2314 1173 2657 1233 argumento,
2680 1181 2933 1223 asserens
2978 1168 3031 1223 in
3073 1168 3299 1228 iiebmo
3320 1188 3422 1228 non
3444 1174 3514 1230 ita
3537 1178 3722 1246 habere,
3749 1186 3814 1240 sed

2314 1253 2436 1311 aliis
2476 1258 2818 1313 sermonibus
2847 1259 3017 1317 multo
3047 1261 3193 1319 aliud
3232 1264 3550 1335 signiﬁcare,
3582 1269 3723 1326 miror
3745 1282 3814 1330 tua

2313 1346 2636 1403 eruditionis
2666 1349 2720 1404 in
2753 1348 2979 1408 Hebraea
3018 1352 3200 1426 lingua
3233 1366 3342 1412 tam
3375 1358 3522 1415 velox
3550 1363 3812 1436 ρει-ἰὼ,ῳί

2264 1474 2276 1487 .
2312 1446 2437 1509 post
2458 1441 2801 1513 octingentos
2848 1446 3207 1519 quadraginta
3256 1464 3428 1506 annos
3470 1449 3735 1510 Iudaeorum
3758 1460 3812 1513 ai-

2313 1532 2447 1586 teris
2489 1534 2777 1591 consolare
2812 1538 3144 1603 vecordiam,
3193 1554 3316 1610 qua
3367 1550 3490 1597 ante
3529 1561 3756 1617 nunquam
3778 1550 3814 1604 in

2310 1638 2500 1680 eorum
2530 1640 2723 1683 sensus
2750 1644 2969 1686 venere.
3005 1631 3163 1688 Soliti
3196 1635 3342 1697 enim
3367 1645 3519 1691 erant
3544 1654 3699 1709 regem
3718 1642 3814 1712 ultra

2310 1732 2463 1773 mare
2512 1719 2809 1789 inquirere,
2832 1738 2940 1779 non
2970 1726 3133 1780 verba
3158 1728 3458 1797 poopbetise
3488 1731 3583 1785 alia
3619 1732 3815 1804 interpre-

2312 1812 2516 1868 tatione
2543 1815 2875 1873 subvertere.
2920 1816 3056 1873 Nam
3088 1820 3133 1876 si
3170 1820 3276 1877 hoc
3298 1822 3351 1877 in
3383 1821 3594 1880 Hebraeo
3618 1827 3681 1881 ita
3703 1826 3813 1885 Stier

608 1900 756 1956 veris
783 1901 939 1955 istam
970 1900 1163 1957 falsam
1202 1903 1460 1970 existere,
1492 1904 1652 1960 aliam
1702 1906 1973 1977 producas
2000 1922 2121 1976 quae
2145 1905 2201 1962 in
2233 1885 2281 1945 Β
2306 1914 2362 1962 et
2397 1905 2660 1963 Amohkec
2690 1921 2739 1977 ο,
2761 1912 2854 1982 qui
2885 1922 3044 1970 sonat
3069 1914 3262 1972 Latine
3292 1918 3463 1979 tribus
3502 1931 3553 1975 et
3577 1920 3729 1977 doctor
3746 1925 3812 1980 ln-

606 2007 675 2049 se
723 1993 1032 2065 gradientes
1073 2010 1179 2050 non
1227 1995 1368 2050 sinat
1414 2010 1676 2053 enarrare
1722 1996 1773 2062 ιο,
1813 2007 1873 2053 ut
1919 2007 1976 2055 et
2011 1999 2202 2054 adver-

606 2086 817 2142 sarium
839 2086 1049 2152 vincas,
1075 2096 1129 2143 et
1153 2087 1387 2144 amicum
1411 2089 1485 2143 ita
1518 2097 1578 2144 ut
1611 2089 1941 2161 diseipuinm
1979 2092 2195 2148 doceas.

604 2176 745 2249 Opto
779 2186 1058 2252 tesemper
1084 2179 1222 2235 bene
1250 2180 1450 2245 valere,
1485 2181 1938 2238 reverendissime
1974 2190 2031 2239 et
2057 2183 2196 2240 dile-

604 2269 867 2339 ctissime,
893 2281 1084 2328 natura
1107 2286 1213 2329 non
1244 2271 1347 2328 ﬁde
1370 2272 1559 2329 frater.
1592 2273 1761 2330 Finit.
1816 2316 1828 2325 .

1345 2406 1464 2465 XV.

689 2531 1025 2577 “SGHHUI
1071 2534 1535 2581 τιωιωιιεεοω
1568 2538 1781 2583 Αιϊιιο
1810 2540 2106 2587 ωιεοτωι.

673 2627 883 2686 Dilecto
904 2631 1037 2687 mihi
1062 2631 1287 2689 Atvsno
1312 2634 1584 2691 Esmun.

676 2721 985 2796 Scripsistis
1013 2726 1165 2792 mihi,
1191 2742 1225 2782 o
1249 2729 1412 2785 homo
1441 2729 1603 2797 bone,
1635 2731 1867 2803 qualiter
1887 2747 1987 2804 ego
2013 2746 2197 2803 proce-

598 2831 801 2888 resque
825 2834 962 2876 mete
990 2818 1294 2892 Synagogae
1319 2821 1710 2894 intelligimus:
1758 2822 1882 2880 Non
1920 2824 2196 2896 auferetur

2304 1990 2499 2067 betur;
2528 2016 2626 2057 cur
2656 2019 2751 2074 per
2776 2005 2883 2060 ista
2915 2014 2995 2063 tot
3044 2023 3315 2065 annorum
3370 2014 3537 2082 spatia
3583 2015 3713 2069 nobis
3740 2034 3811 2072 non

2303 2102 2483 2150 exstat
2502 2097 2829 2165 oppositum,
2845 2114 2975 2156 cum
2996 2116 3175 2173 regem
3201 2102 3289 2159 vel
3315 2105 3500 2160 ducem
3527 2106 3618 2162 sibi
3636 2106 3812 2163 fateren-

2302 2194 2393 2241 tur
2422 2198 2574 2243 trans
2591 2199 2836 2261 pontum,
2863 2209 2986 2248 cum
3017 2193 3241 2251 liberior
3267 2198 3350 2253 eis
3373 2207 3427 2254 et
3455 2199 3718 2270 expeditior
3738 2200 3809 2255 im-

2302 2282 2533 2337 mineret
2562 2285 2807 2349 assertio,
2865 2296 2925 2342 ut
2963 2287 3227 2356 dicerent,
3279 2293 3383 2348 hoc
3431 2280 3531 2348 non
3577 2293 3811 2367 haberipe—

2301 2373 2451 2429 nitus
2476 2374 2528 2428 in
2561 2374 2825 2433 Hebraro:
2882 2380 2989 2437 nisi
3031 2380 3263 2439 forsitan
3298 2394 3352 2440 tu
3394 2386 3549 2443 homo
3591 2387 3739 2444 Gallus
3774 2390 3809 2443 in

2300 2477 2491 2519 eorum
2531 2465 2726 2523 litteris
2753 2468 3069 2527 intellexisti
3111 2476 3261 2543 quod
3286 2490 3534 2545 proceres
3565 2478 3811 2548 ignorabant

2300 2555 2567 2613 hactenus
2597 2557 2917 2633 Synagogte,
2967 2572 3022 2619 et
3058 2566 3117 2619 in
3145 2566 3429 2625 Hebraicis
3457 2569 3634 2625 litteris
3664 2569 3811 2624 invenit

2299 2644 2528 2704 Latinus
2555 2651 2697 2720 quod
2721 2655 2995 2710 nesciebat
3022 2656 3307 2714 Hebr-reus.
3364 2659 3496 2716 Vere
3537 2660 3712 2717 frivola:
3746 2661 3810 2714 in:-

2293 2735 2453 2807 jusce
2490 2742 2917 2816 investigationis
2945 2750 3193 2816 assertio,
3257 2752 3379 2808 fidei
3424 2753 3716 2808 retundenda
3753 2759 3810 2805 est

2299 2832 2550 2901 calculo;
2586 2845 2693 2891 tam
2730 2838 2876 2893 enim
2906 2840 3221 2900 doctoribus
3251 2847 3451 2901 nostris
3475 2862 3504 2901 a
3547 2846 3712 2903 vestris
3733 2859 3809 2899 rna-

600 2921 861 2983 sceptrum
887 2911 953 2967 de
978 2910 1149 2979 Iuda,
1170 2923 1219 2968 et
1246 2912 1358 2968 dua:
1381 2914 1446 2968 de
1475 2913 1763 2983 femoribus
1793 2914 1926 2985 ejus,
1959 2925 2014 2972 et
2064 2917 2193 2972 reii-
2292 2923 2527 2994 joribus,
2554 2942 2717 2998 quam
2741 2931 2907 2987 etiam
2936 2933 3092 2990 nobis
3119 2937 3196 2990 nil
3250 2938 3397 2993 aliud
3424 2940 3620 2995 edicere
3663 2937 3809 2994 soleba-

600 3018 730 3075 qua.
764 3003 879 3059 Hoc
906 3004 1051 3060 enim
1100 3006 1256 3062 nobis
1298 3006 1420 3062 luce
1453 3006 1655 3062 clarius
1697 3015 1801 3063 est.
1851 3006 1910 3063 Si
1950 3010 2096 3064 enim
2139 3010 2193 3065 in

597 3096 1013 3167 praesentiarum
1079 3096 1300 3153 adesses
1327 3138 1343 3163 ,
1411 3097 1807 3170 interrogarem
1861 3109 1916 3155 te
1974 3100 2192 3170 qualem

600 3198 873 3263 sceptrum
922 3190 1163 3246 habuere
1208 3189 1302 3244 filii
1344 3189 1570 3255 lsrabel,
1620 3189 1705 3245 vel
1758 3205 1918 3261 quem
1974 3190 2189 3257 ducem,

596 3253 719 3339 illos
738 3282 1080 3354 septuaginta
1107 3297 1280 3339 annos
1301 3283 1522 3353 quando
1546 3253 1697 3339 fuere
1748 3253 1802 3337 in
1836 3297 2051 3353 cap.....
2093 3253 2194 3338 Na-
2222 3253 2269 3317 δ

596 3376 1012 3433 buchodonosor
1035 3382 1090 3433 et
1113 3376 1253 3431 sicut
1288 3383 1401 3431 tua.

671 3466 1107 3540 (Quatuordecim
1126 3471 1182 3523 in
1201 3469 1300 3540 hac
1321 3468 1516 3539 pagina
1537 3468 1843 3540 itagbrasm
1870 3478 1994 3524 sunt
2019 3467 2188 3532 linem,

594 3547 653 3594 ut
678 3537 771 3593 nec
799 3540 1008 3594 oerbtun
1060 3557 1223 3594 unum
1251 3537 1353 3609 legi
1383 3537 1566 3609 possit.
1616 3537 1831 3595 Folium
1872 3541 2193 3610 subsequens

596 3610 827 3671 mouit
857 3626 1124 3680 possessor
1177 3610 1397 3672 codicis.
1451 3627 1515 3666 tte
1549 3612 1950 3680 transgressoris
1998 3612 2193 3667 delira-

596 3691 772 3742 menta
811 3680 1154 3757 tegerentur.)

1323 3814 1462 3871 XVI.

772 3920 906 3984 risu
932 3942 1188 3985 sris'rou
1220 3947 1413 3986 sum
1443 3944 1722 3987 ELEAZARO
1763 3948 2013 3990 unseen.

670 4042 873 4109 Dilecto
910 4045 1196 4105 ΕιΕΑΖΑΒΟ
1227 4045 1509 4103 Αινλκυε.-

672 4138 722 4199 1.
754 4136 1146 4209 Responsiouis
1189 4147 1317 4203 tute,
1363 4138 1816 4197 reverendissime
1857 4139 2049 4207 frater,
2099 4140 2190 4196 iit-

601 4235 747 4282 teras
790 4225 920 4299 legi,
949 4235 1005 4282 et
1033 4237 1366 4301 praepostero
1414 4230 1608 4285 ordine
1652 4231 2015 4287 invectionem
2056 4232 2190 4288 mihi

592 4316 763 4384 latam,
781 4320 1022 4397 probavi.
1072 4318 1417 4390 Objectiones
1454 4323 1599 4378 enim
1630 4338 1765 4378 meae
1794 4322 2018 4379 minime
2046 4333 2194 4380 exte-

593 4421 773 4466 nuatae
796 4411 1061 4479 existunt,
1095 4428 1197 4469 nec
1220 4412 1510 4484 unicuique
1550 4415 1874 4487 oppositioni
1907 4417 2191 4487 responsio

589 4502 746 4559 obvia
778 4502 913 4560 fuit:
966 4505 1060 4561 sed
1097 4513 1303 4560 tantum
1354 4505 1564 4562 animas
1597 4507 1648 4561 in
1698 4521 1937 4578 praeceps
1991 4508 2190 4582 srylum

2300 3016 2392 3080 tis,
2425 3018 2525 3073 nisi
2558 3033 2738 3091 regem
2765 3024 2919 3078 vobis
2948 3024 3017 3080 de
3039 3029 3424 3084 transmarinis
3443 3030 3686 3099 inquirere
3701 3026 3809 3081 iocis.

2298 3109 2522 3166 Discute
2548 3111 2707 3181 hujus
2735 3114 3073 3173 admirabilis
3108 3119 3603 3192 interpretationem
3630 3118 3811 3175 doctoris

2301 3202 2470 3257 nostri
2502 3203 2836 3274 Hieronymi,
2858 3216 2913 3264 et
2932 3224 3001 3266 ex
3024 3210 3146 3267 aliis
3165 3211 3307 3270 locis
3342 3214 3708 3286 Scriptursrunt
3727 3226 3810 3267 eam

2296 3295 2529 3364 probare
2553 3297 2598 3351 si
2628 3298 2784 3356 velis.

2362 3386 2415 3441 2.
2477 3387 2584 3445 Sed
2640 3392 2954 3465 priusquam
3006 3397 3269 3470 incipiam
3328 3402 3644 3475 singulorum
3692 3401 3810 3455 inter-

2294 3490 2511 3550 pretum
2555 3483 2821 3542 editiones
2865 3488 3138 3557 conferre,
3190 3508 3481 3565 aequumne
3508 3493 3596 3550 tibi
3634 3502 3719 3558 est,
3755 3489 3812 3545 vir

2293 3572 2455 3640 bone,
2489 3583 2547 3629 ut
2573 3592 2680 3630 non
2707 3577 2879 3643 solum
2914 3580 3215 3651 absentem,
3252 3599 3441 3641 verum
3467 3586 3618 3642 etiam
3656 3582 3811 3654 quislu'

2295 3666 2420 3722 dine
2443 3676 2644 3723 artemo
2668 3667 2964 3739 fruentem,
3005 3674 3077 3729 ita
3106 3675 3324 3732 caninis
3362 3678 3619 3734 morsibus
3656 3668 3815 3731 lanios?

2295 3758 2387 3814 Sic
2419 3768 2470 3815 te
2500 3759 2683 3817 docuit
2726 3762 2939 3836 Moyses
2968 3764 3248 3837 legiferus,
3280 3780 3340 3824 ut
3375 3770 3707 3828 testimonium
3726 3780 3812 3821 ocu-

2293 3848 2363 3903 lis
2417 3866 2520 3905 non
2569 3852 2855 3921 probatum
2903 3871 3067 3926 super
3102 3857 3388 3916 absentem
3438 3875 3609 3917 curam
3636 3857 3813 3913 arbitros

2292 3938 2560 4008 proferas,
2590 3951 2646 3995 et
2668 3957 2828 4013 quem
2857 3945 2965 4001 scis
2992 3958 3281 4017 parentum
3332 3953 3526 4022 pnedia
3573 3948 3809 4020 reliquisse.

2298 4031 2381 4087 vel
2430 4047 2563 4104 opes
2614 4033 2811 4107 largas,
2864 4054 3051 4093 amore
3101 4044 3348 4112 pecunite
3394 4044 3537 4099 dicas
3577 4033 3815 4111 injectum?

2294 4142 2502 4182 necnon
2529 4136 2586 4183 et
2608 4129 2918 4186 lividinibus
2942 4135 3126 4204 arguis
3148 4137 3327 4193 virum
3368 4139 3525 4195 etiam
3551 4130 3810 4194 conscientia

2294 4228 2521 4283 castum,
2556 4220 2649 4289 qui
2699 4221 2771 4277 ob
2821 4222 3159 4294 virginitatis.
3183 4230 3426 4287 studium
3456 4228 3661 4298 jcjnuia,
3695 4235 3812 4292 διιιιδο

2294 4309 2485 4377 iorem,
2512 4313 2600 4369 vel
2622 4313 3019 4373 oblectamenta
3046 4321 3407 4380 mtmdiaiinm
3457 4322 3647 4391 respuit
3687 4314 3811 4373 facul-

2295 4412 2463 4462 tatem
2483 4408 2509 4461 ?
2528 4409 2629 4475 Qui
2659 4409 2804 4465 enim
2847 4427 2945 4467 sua
2986 4413 3213 4482 dimisit,
3242 4419 3477 4488 qualiter
3509 4431 3673 4472 amore
3694 4425 3810 4484 pectl'

2294 4498 2399 4553 nia;
2428 4499 2603 4555 aliena
2633 4503 2930 4573 quaesivit?
2980 4504 3061 4561 Tu
3106 4522 3258 4574 vero,
3294 4511 3366 4565 mi
3396 4509 3577 4576 frater,
3602 4502 3811 4579 quomodo

588 4592 962 4667 blasphemum
1018 4598 1205 4671 gessit,
1262 4606 1319 4653 ει
1356 4595 1656 4670 synagoga;
1715 4598 1949 4672 εριιίριοιι
1984 4599 2191 4657 nun-ica
2220 4625 2270 4693 η
2295 4592 2459 4647 alium
2484 4594 2736 4651 incusare
2764 4610 2873 4652 non
2896 4597 3111 4655 dubitas
3139 4601 3193 4654 in
3225 4616 3523 4673 remquam
3566 4600 3648 4656 tibi
3686 4599 3811 4653 abl"-

589 4686 827 4745 confecit
872 4688 1169 4769 opuscula:
1217 4688 1305 4746 cui
1344 4704 1442 4746 nos
1497 4699 1681 4761 utpote
1724 4690 2032 4749 Christicoii
2083 4710 2189 4750 non

2296 4687 2456 4743 desse
2484 4688 2537 4743 in
2568 4690 2821 4762 dogmate
2864 4703 3053 4749 nostro
3093 4697 3351 4751 omnibus
3404 4698 3653 4762 clamitas,
3697 4696 3751 4747 ita
3771 4696 3810 4741 ul

589 4778 879 4837 verborum
905 4780 1254 4836 faleratorum
1278 4779 1456 4853 jacnia
1489 4782 1775 4854 jaciemns,
1809 4786 1903 4841 sed
1930 4795 2115 4857 aperte
2135 4793 2193 4842 et
2293 4780 2493 4848 Passim
2545 4795 2643 4851 per
2691 4782 3027 4840 diversarum
3079 4785 3406 4845 fetninarum
3463 4786 3740 4844 concubitus
3773 4780 3812 4834 il

588 4887 724 4944 pure
754 4874 1001 4931 veritatis
1033 4875 1274 4948 regulam
1304 4876 1640 4950 indagemus.
1695 4877 1860 4934 Miror
1907 4890 2084 4936 tamen
2136 4889 2190 4937 te
2294 4872 2496 4944 templo
2525 4882 2711 4930 nostro
2739 4884 2791 4933 te
2817 4878 3016 4950 glories
3063 4880 3248 4939 dulces
3301 4883 3397 4939 tibi
3453 4884 3670 4938 habuere
3705 4887 3807 4929 (ξοην

588 4964 909 5043 prudentem
932 4967 1133 5034 virum,
1164 4976 1218 5023 et
1245 4976 1304 5023 ut
1330 4968 1502 5042 stylus
1535 4970 1797 5041 approbat
1817 4972 2186 5028 eruditionum
2290 4968 2499 5038 plexus.
2530 4971 2649 5042 ipse
2676 4974 2905 5045 abyssus
2944 4977 3185 5034 scienda:
3233 4988 3288 5035 et
3337 4977 3597 5035 inadibilis
3628 4977 3810 5030 oremus

590 5051 897 5111 liberalium
924 5059 1165 5130 apprime
1186 5057 1473 5126 imbutum,
1508 5068 1615 5115 tam
1649 5062 1882 5116 tenuiter
1909 5071 1959 5117 te
1998 5062 2188 5135 opina-

590 5159 719 5202 vere
764 5146 818 5201 in
850 5148 1011 5203 rebus
1042 5150 1307 5206 duntaxat
1340 5149 1560 5215 divinis.
1613 5162 1675 5208 ut
1711 5155 2048 5226 septuaginta
2092 5173 2186 5211 an-

590 5252 785 5293 norum
815 5239 1183 5309 captivitatem
1235 5243 1395 5298 unius
1451 5244 1597 5316 regis
1654 5245 2033 5303 tantummodo
2075 5248 2184 5304 vita

592 5336 674 5389 tot
703 5326 972 5403 tantisque
1026 5332 1358 5403 temporibus
1399 5332 1511 5402 iam
1562 5339 1849 5394 transactis
1878 5341 2185 5413 equiperari

585 5421 834 5497 studeas.
864 5419 1151 5495 Nunquam
1180 5438 1247 5479 ex
1289 5426 1431 5481 tribu
1477 5424 1613 5482 Juda
1646 5429 1828 5495 duces,
1859 5433 1941 5487 vel
1970 5443 2183 5505 sceptra

510 5502 521 5508 “
586 5508 877 5581 cessarunt
909 5516 1129 5589 regalia,
1178 5517 1306 5588 quia
1360 5517 1626 5587 Jeconias,
1668 5524 1761 5594 qui
1811 5524 1865 5579 in
1915 5502 2187 5600 Babylone

591 5606 789 5687 ductus
815 5619 921 5678 est,
946 5608 1113 5667 tilium
1147 5610 1336 5669 habuit
1378 5611 1627 5681 Salatiel,
1657 5616 1725 5672 de
1760 5632 1867 5688 quo
1899 5627 2060 5676 natus
2101 5630 2187 5677 est

664 5799 693 5864 ξ
723 5786 885 5864 [orte
905 5790 1171 5863 professus
1202 5810 1316 5848 sum
1340 5794 1730 5864 prophetarum.

663 5856 695 5903 δ
727 5859 886 5917 Forte
905 5856 1103 5918 errare.

2295 5059 2683 5137 Hieronymus,
2707 5068 2749 5123 si
2784 5069 2945 5126 hodie
2969 5083 3297 5144 superesset,
3328 5085 3380 5131 te
3407 5075 3560 5147 plane
3601 5069 3809 5141 mpm”

2294 5171 2401 5211 non
2450 5159 2673 5228 sineret,
2712 5165 2805 5219 sed
2830 5165 3002 5237 spinis
3024 5168 3220 5238 quibus
3245 5171 3545 5242 conte-geris
3569 5167 3806 5223 enudarei;

2293 5259 2349 5307 et
2375 5258 2527 5323 quasi
2556 5256 2749 5322 victor,
2797 5268 2855 5314 ut
2881 5260 3069 5318 solitus
3119 5272 3238 5320 erat
3283 5266 3350 5322 de
3377 5266 3616 5321 omnibus
3662 5259 3806 5315 trium-

2293 5346 2480 5416 phare,
2516 5359 2609 5405 aut
2647 5352 2700 5406 in
2729 5369 2886 5409 suum
2918 5363 2971 5411 te
2999 5357 3289 5427 deduceret
3326 5374 3537 5431 agmen,
3578 5364 3659 5413 aut
3682 5363 3725 5408 te
3750 5362 3809 5403 se-

2293 5440 2551 5496 mivivum
2577 5442 2630 5498 in
2690 5455 2862 5501 terras
2890 5446 3108 5504 ultimas
3134 5460 3476 5522 aspostaret;
3518 5466 3579 5507 ac
3614 5458 3659 5503 le
3686 5438 3810 5518 ρΙιίί⁰¹

2291 5534 2585 5604 sophorum
2639 5536 2721 5591 vel
2766 5535 3074 5595 Judaeorum
3119 5540 3437 5614 gloriantem
3490 5535 3717 5597 doctrinis
3756 5529 3808 5583 ill

2290 5624 2576 5697 dejiceret,
2605 5638 2666 5683 ut
2716 5629 2871 5686 solita
2928 5633 3231 5690 constantia
3262 5633 3360 5690 tibi
3413 5632 3499 5690 illa
3545 5628 3805 5687 verbawi'

2366 5817 2388 5847 ι
2590 5806 2745 5864 Sobel
2774 5821 2820 5866 et
2848 5812 3127 5872 Attrita“
