4034 6350
203 402 319 494 ‘85.

1496 414 1541 461 ~r
1570 409 2082 493 tirenum;
2146 414 2164 419 “

3368 405 3542 502 ‘86...

207 557 399 604 taret:
442 548 680 604 banesne
723 534 864 603 ultra
908 522 1016 620 quo
1061 562 1259 606 nervos
1302 546 1645 620 loquacitatis
1696 556 1800 604 tua:
1830 555 1876 613 Α
1903 564 2067 620 quam
2088 548 2285 627 falsam,
2309 552 2542 620 probare
2572 553 2797 626 satagis,
2835 552 3189 627 Septuaginta
3217 548 3479 628 interpre-

201 641 473 698 extendas
491 642 523 697 ἲ

276 732 701 791 3.'Veniendum
735 728 879 790 nunc
912 742 997 791 est
1040 735 1107 791 ad
1156 734 1423 791 editiones
1447 733 1800 805 Septuaginta

203 823 591 896 Interpretum,
627 833 683 881 et
709 806 878 894 paria
912 824 1146 895 capitula
1189 824 1421 895 exempli
1468 839 1632 880 causa
1673 824 1800 879 sub-

204 912 470 971 dendum.
500 912 559 968 In
588 912 849 968 Zacharia
883 914 1027 969 enim
1052 914 1191 986 (cap.
1223 913 1303 987 ιι)
1329 913 1403 969 ita
1449 911 1801 985 Septuaginta

204 1007 285 1064 ad
309 1006 494 1079 locum
520 1008 750 1063 dixere:
780 1007 843 1063 Si
887 1008 1082 1062 bonum
1122 1017 1199 1062 est
1244 1023 1423 1064 coram
1471 1007 1635 1073 vobis,
1683 1007 1805 1061 date

205 1099 502 1153 mercedem
539 1098 690 1164 mihi,
720 1109 811 1153 aut
840 1100 1058 1155 renuitc.
1093 1094 1163 1153 Et
1209 1098 1567 1170 appenderunt
1609 1114 1806 1153 merce-

204 1191 328 1245 dem
360 1206 533 1245 means
577 1190 795 1261 triginta
837 1200 1151 1262 argenteos;
1182 1182 1420 1262 dixitque
1451 1189 1707 1245 Dominus
1734 1189 1805 1244 ad

206 1294 291 1335 me
321 1295 344 1333 :
382 1279 529 1336 Pone
557 1279 677 1335 illos
706 1283 763 1335 in
793 1281 1123 1352 conﬂatorio,
1148 1283 1198 1336 et
1232 1281 1505 1336 considera
1552 1280 1598 1335 si
1621 1279 1809 1351 proba-

205 1368 323 1427 tum
347 1374 413 1427 sit
442 1373 583 1426 sicut
620 1370 872 1445 probatus
893 1388 1007 1427 sum
1030 1371 1096 1426 ab
1127 1371 1203 1427 eis
1218 1389 1241 1436 ;
1263 1381 1311 1426 et
1346 1371 1443 1425 tuli
1471 1371 1686 1442 triginta
1712 1385 1806 1425 ar-

206 1474 445 1536 genteos,
493 1472 542 1518 et
590 1463 708 1517 misi
755 1479 841 1518 eos
875 1464 930 1518 in
963 1464 1117 1518 domo
1142 1463 1355 1518 Domini
1382 1462 1436 1517 in
1466 1463 1802 1532 conﬂatorio.

206 1554 371 1622 Quod
413 1560 600 1609 uoster
643 1552 821 1609 lumen
869 1552 1233 1625 Hieronymus
1286 1554 1359 1608 ita
1411 1552 1707 1608 transtulit.
1744 1548 1807 1609 Si

210 1647 409 1701 bonum
439 1657 513 1702 est
543 1647 602 1701 in
643 1646 809 1702 oculis
853 1648 1043 1702 vestris
1077 1647 1264 1717 a/ferte
1296 1646 1585 1700 mercedem
1612 1661 1805 1710 meum,

208 1749 261 1793 et
303 1738 357 1792 si
393 1754 521 1803 non,
548 1737 816 1809 quiescite.
844 1736 913 1792 Et
935 1738 1293 1809 appenderunt
1322 1736 1610 1791 mercedem
1640 1751 1809 1790 meam

209 1830 432 1900 triginta
460 1838 776 1898 argenteos;
803 1836 850 1881 et
877 1828 1013 1881 dixit
1051 1827 1309 1882 Dominus
1340 1827 1409 1880 ad
1438 1842 1521 1881 me
1546 1841 1566 1881 :
1598 1823 1809 1895 Projice

209 1919 350 1974 illud
375 1920 446 1974 ad
487 1921 808 1975 statuarium
849 1921 1096 1975 decorum
1137 1920 1383 1991 pretium,
1432 1930 1584 1991 quo!l
1620 1935 1807 1991 appre-
1832 1917 1881 1977 Β

207 2013 381 2068 tiatus
399 2030 518 2067 sum
544 2012 613 2067 ab
638 2014 713 2068 eis
734 2026 759 2065 ἐν
783 2022 833 2068 et
872 2013 969 2067 tuli
1011 2013 1227 2083 triginta
1262 2019 1552 2083 argenteos,
1597 2018 1647 2064 et
1683 2025 1807 2080 pro-

208 2105 317 2173 ieci
348 2118 435 2160 eos
458 2105 518 2158 in
543 2104 702 2159 domo
720 2103 934 2159 Domini
961 2104 1031 2157 ad
1057 2103 1396 2158 statuarium.
1424 2101 1492 2157 Et
1522 2101 1649 2156 licet
1681 2116 1805 2156 sen-

209 2212 309 2253 sus
331 2197 476 2253 idem
504 2198 597 2263 sit,
628 2197 793 2252 verba
822 2206 1151 2268 praepostera
1175 2204 1304 2251 sunt
1321 2204 1376 2250 et
1400 2209 1541 2266 pene
1566 2194 1801 2251 diversa.

210 2284 348 2342 Item
378 2286 434 2341 in
461 2287 597 2342 lsaia
622 2302 639 2340 :
668 2286 805 2341 Ecce
835 2289 981 2357 virgo
1011 2286 1069 2340 in
1100 2296 1251 2341 utero
1289 2284 1506 2355 accipiet
1542 2293 1592 2339 et
1636 2284 1807 2354 pariet

210 2377 387 2446 ﬁlium
433 2387 483 2432 et
526 2377 781 2432 oocsbitis
814 2394 999 2434 nomen
1024 2378 1141 2447 ejus
1173 2376 1487 2431 Emmanuel
1513 2375 1647 2449 (Isa.
1681 2373 1804 2445 vn).

209 2469 323 2526 Pro
350 2486 465 2541 quo
485 2470 849 2543 Hieronymus
881 2489 894 2526 :
932 2470 1070 2525 Ecce
1096 2471 1239 2542 virgo
1279 2470 1529 2540 concipiet
1559 2479 1609 2524 et
1637 2469 1808 2539 pariet

208 2556 410 2633 ﬁlium,
455 2572 505 2618 et
526 2562 730 2617 vocabit
776 2578 962 2617 nomen
989 2562 1105 2632 ejus
1133 2561 1472 2617 Emmanuel.
1517 2560 1676 2616 Aliud
1722 2566 1809 2615 est

210 2656 363 2709 enim
390 2654 661 2719 sociabilis,
692 2654 839 2709 aliud
865 2653 1088 2708 vocabit.
1117 2653 1353 2723 Require
1384 2662 1441 2708 tu
1464 2653 1588 2723 quis
1613 2651 1808 2708 melius

218 2745 525 2810 transtulit,
555 2745 682 2801 licet
726 2746 917 2801 caeteri
960 2744 1293 2816 lnterpretes
1345 2744 1807 2801 adulescentulam

218 2839 310 2894 vel
350 2837 695 2909 juveneulam
724 2840 1009 2895 dixerint:
1059 2839 1153 2894 sed
1207 2838 1431 2896 verbum
1480 2836 1807 2894 Hebraicum

209 2932 382 2997 alma,
404 2943 461 2988 et
493 2933 547 2987 in
577 2932 821 2989 Hevecca
842 2932 1021 2989 adhuc
1040 2932 1251 3005 virgine
1274 2934 1512 3004 positum
1538 2934 1806 3001 invenies,

207 3033 268 3080 et
300 3026 357 3080 in
397 3024 566 3081 Maria
625 3042 781 3083 soror
818 3027 1022 3094 Aaron,
1074 3028 1307 3083 necdum
1353 3028 1472 3083 viro
1518 3027 1807 3097 conjuncta

211 3119 479 3189 reperies,
511 3119 1014 3191 quodabscondita,
1041 3130 1090 3174 et
1132 3121 1296 3175 nimia
1337 3118 1611 3192 diligentia
1633 3132 1808 3175 custo-

209 3212 352 3277 dita,
380 3222 560 3267 sntiat.
590 3211 746 3268 Unde
774 3221 831 3268 et
865 3213 920 3268 in
945 3213 1101 3269 titulo
1126 3213 1316 3285 psalmi
1342 3214 1435 3269 ubi
1461 3214 1693 3285 positum
1722 3223 1808 3271 est

209 3308 393 3374 alma,
422 3310 569 3377 notia,
602 3309 952 3384 Septuaginta
978 3312 1229 3369 dixerunt
1259 3331 1275 3368 :
1303 3308 1413 3368 Pro
1459 3314 1797 3370 absconditis.
1830 3286 1877 3350 Ο

212 3394 327 3452 Sed
369 3405 427 3452 et
457 3398 592 3454 libro
617 3398 735 3465 Job,
767 3403 856 3458 ubi
887 3402 1086 3458 dicitur
1134 3417 1233 3473 pro
1263 3403 1548 3474 sapientia,
1584 3413 1633 3459 et
1686 3405 1805 3460 abs-

211 3489 463 3544 conditur
516 3491 580 3545 ab
611 3491 778 3548 oculis
818 3496 986 3548 omnis
1018 3495 1228 3550 viventis
1272 3494 1413 3567 (Job.
1450 3511 1643 3563 xxvm,
1686 3496 1798 3569 2‘1),

214 3579 533 3636 ἰηηώηο
548 3591 770 3652 propter
790 3584 1205 3641 declinationem
1230 3586 1382 3642 verbi
1413 3585 1571 3642 aliter
1598 3588 1822 3659 ﬁgurat

213 3682 355 3741 tum,
377 3676 519 3732 alma
558 3679 779 3734 dicitur.
809 3680 872 3734 Et
915 3680 969 3734 in
1000 3679 1308 3755 Regnorum
1348 3680 1499 3737 libris
1540 3683 1805 3752 scriptum

214 3772 303 3820 est
321 3779 390 3820 es
415 3780 646 3837 persona
678 3767 838 3825 Elisei
879 3768 1148 3843 loquentis
1180 3770 1248 3825 ad
1281 3769 1435 3826 Giezi
1466 3789 1481 3825 :
1527 3771 1597 3825 Et
1622 3772 1805 3827 Domi-

216 3871 325 3910 nus
352 3857 623 3913 abscondit
670 3876 703 3913 a
736 3876 819 3914 me
847 3859 895 3931 (1
912 3857 951 3912 ν
977 3860 1106 3937 Reg:
1143 3876 1218 3927 tv,
1249 3859 1365 3933 27),
1408 3861 1534 3916 huic
1561 3862 1691 3932 quid
1732 3862 1805 3917 si-

216 3945 350 4002 mile
375 3956 482 4013 est,
509 3950 635 4005 licet
674 3951 972 4006 masculino
995 3966 1196 4023 genere
1225 3951 1542 4008 declinetur.
1574 3952 1726 4020 Quod
1759 3955 1803 4009 si

216 4037 468 4096 Bevecea
497 4050 553 4097 et
597 4042 761 4099 Maria
806 4045 1043 4116 virgines
1088 4060 1211 4101 esse
1258 4045 1413 4112 velis,
1461 4060 1562 4118 pro
1610 4047 1805 4117 quibus

216 4148 502 4204 nunquam
528 4139 753 4192 verbum
792 4139 963 4194 vetula
1006 4139 1140 4211 legis
1174 4155 1190 4193 :
1218 4154 1338 4211 quae
1366 4141 1696 4212 impudentia
1723 4148 1809 4196 est

216 4223 353 4279 huic
374 4242 379 4243 ί
400 4225 531 4281 solre
559 4227 765 4299 virgini
793 4229 1046 4301 denegari
1073 4230 1216 4300 quod
1254 4231 1466 4286 caneris
1489 4230 1623 4286 velis
1666 4231 1807 4286 nolis

218 4315 515 4372 concedis?
552 4317 791 4374 Ostende
832 4320 963 4374 mihi
1008 4319 1223 4376 alicubi
1245 4322 1481 4392 positum
1522 4321 1688 4390 alma,
1715 4322 1807 4378 ubi

217 4406 707 4476 adulescentulam,
742 4419 800 4466 et
832 4425 938 4466 non
990 4412 1250 4484 virginem
1307 4420 1467 4469 sonat
1508 4430 1523 4467 :
1583 4414 1665 4468 vel
1718 4413 1808 4468 ubi

219 4511 405 4572 nupta:
440 4500 545 4559 hoc
580 4504 749 4560 verbo
789 4504 1105 4575 appellatur,
1140 4515 1194 4560 et
1240 4504 1328 4560 me
1373 4506 1683 4576 imperitum
1723 4504 1808 4561 vel

1905 651 2037 709 tum,
2080 658 2186 698 non
2228 643 2562 718 Hieronymi,
2609 662 2731 703 esse
2759 664 3044 723 cognosce.
3096 650 3269 719 Quam
3312 652 3478 709 etiam

1888 725 1993 789 'ille
2034 733 2089 788 in
2126 733 2308 790 multis
2333 736 2449 792 suis
2474 739 2747 809 opusculis
2789 741 2988 813 arguit,
3040 743 3389 817 additumque
3413 744 3481 800 ab

1904 825 1982 880 eis
2004 834 2059 882 et
2083 825 2407 882 diminutum
2435 843 2541 884 non
2569 830 2687 885 sine
2714 831 2949 888 evidenti
2976 835 3184 893 ratione
3212 836 3479 909 probavit.

1904 917 1971 971 Et
1993 932 2090 988 pro
2121 919 2313 974 harum
2337 921 2604 978 varietate
2629 923 2931 991 editionum.
2948 926 3182 997 linguam
3201 927 3480 986 chrmam

1904 1008 2128 1076 didicit,
2183 1026 2416 1082 moxque
2464 1027 2711 1069 veracem
2762 1030 2913 1071 suam
2961 1019 3235 1091 propriam
3289 1018 3483 1077 Latino

1906 1120 2156 1161 sermone
2196 1108 2484 1165 editionem
2510 1107 2770 1165 Ecclesiis
2805 1096 2987 1165 dedit.
3010 1111 3173 1168 Vides
3202 1113 3327 1184 quia
3354 1112 3481 1169 dum

1906 1197 2292 1271 Hieronymum
2344 1199 2497 1271 cupis
2547 1199 2794 1267 fallacem
2847 1201 3107 1275 probare,
3162 1203 3483 1274 imperitiam

1908 1299 2054 1345 tuam
2085 1291 2365 1347 ostendis:
2401 1293 2620 1363 insuper
2656 1301 2710 1349 et
2734 1291 2948 1349 Judaaos
2976 1287 3095 1351 tuos
3134 1288 3485 1371 Septuaginta

1907 1384 2264 1456 sapientiores
2301 1385 2512 1440 caeteris
2549 1386 2910 1442 condemnare
2953 1388 3186 1461 conaris.
3220 1386 3373 1455 Quod
3414 1389 3482 1455 si,

1908 1487 1966 1533 ut
1986 1478 2141 1544 dicis,
2157 1478 2210 1533 in
2228 1477 2458 1532 Psalmis
2485 1486 2680 1533 cuncta
2708 1479 2872 1534 verbo
2892 1493 2961 1534 ex
2986 1478 3154 1541 verbo
3183 1482 3482 1552 expressit:

1907 1586 2005 1626 cur
2034 1570 2126 1640 qui
2172 1569 2225 1623 in
2250 1583 2417 1639 parvo
2457 1568 2630 1625 ﬁdelis
2671 1569 2899 1633 exstitit,
2938 1568 2996 1625 in
3038 1569 3206 1627 multo
3253 1571 3488 1629 infidelis

1908 1661 2199 1717 existeret?
2228 1658 2341 1715 Nisi
2389 1659 2515 1729 quia
2567 1659 2732 1727 editio
2778 1657 3114 1715 Psalmorutn
3172 1659 3487 1733 Hieronymi

1908 1762 1993 1810 est
2023 1772 2036 1808 :
2069 1768 2231 1824 quam
2262 1751 2431 1809 multo
2460 1752 2617 1807 aliter
2660 1746 2821 1823 quam
2865 1752 3215 1826 Septuaginta
3262 1771 3492 1826 posuere

1911 1860 1976 1900 ex
2004 1846 2121 1917 ipsa
2148 1844 2386 1900 editione
2408 1858 2594 1899 eorum
2619 1844 2913 1915 perpende,
2944 1852 3003 1900 ut
3027 1859 3125 1915 per
3147 1846 3263 1901 haec
3295 1861 3492 1919 cogno-

1909 1954 2031 1994 scas
2059 1936 2369 1993 ﬁdelitatem
2407 1937 2645 1994 doctoris
2686 1937 2881 1993 summi
2923 1937 3260 2011 Hieronymi,
3289 1951 3492 2012 quanto

1907 2029 2110 2095 studio,
2136 2045 2242 2100 quo
2271 2027 2456 2083 labore
2482 2028 2779 2096 conaverit,
2826 2037 2886 2085 ut
2928 2030 3313 2101 proprietatem
3361 2032 3493 2105 legis

1908 2121 2169 2178 Ecclesiis
2195 2121 2435 2175 traderet
2459 2118 2683 2175 Christi.

1979 2213 2032 2267 4.
2076 2211 2189 2269 Hoc
2224 2226 2357 2267 vero
2389 2210 2758 2267 testimonium
2794 2211 2869 2266 ita
2911 2226 3162 2294 perversa
3208 2224 3388 2271 mente
3408 2231 3494 2273 ve-
3544 2224 3559 2240 ‘

1908 2308 2006 2364 stri
2036 2313 2437 2377 perverterunt,
2463 2303 2604 2359 sicut
2632 2314 2685 2359 et
2707 2303 2903 2360 librum
2929 2302 3219 2377 Sapientiae
3245 2305 3491 2366 Salomo-

1909 2400 2029 2464 nis,
2081 2397 2468 2469 prmvidentem
2500 2396 2566 2451 de
2599 2395 2799 2451 Christi
2846 2399 3199 2455 cruciﬁxione
3254 2403 3494 2457 testimo—

1908 2490 2058 2547 nium
2088 2505 2118 2544 a
2150 2503 2358 2545 canone
2388 2488 2710 2559 rejecerunt.
2738 2486 2874 2543 Nam
2904 2500 3024 2559 post
3053 2490 3487 2549 interfectionem

1908 2583 2109 2641 Christi
2142 2598 2240 2652 pro
2260 2597 2325 2637 eo
2353 2582 2497 2652 quod
2536 2581 2733 2636 ibidem
2781 2580 2977 2652 legitur
3004 2600 3017 2636 :
3051 2582 3308 2639 Dixerunt
3360 2587 3495 2642 inter

1907 2693 1962 2730 se
1987 2675 2133 2745 impii
2165 2688 2185 2725 :
2215 2670 2727 2742 Comprehendamus
2766 2672 2992 2742 justum,
3027 2677 3151 2746 quia
3190 2676 3390 2732 inutilis
3416 2686 3494 2733 est

1909 2767 2077 2833 nobis,
2108 2775 2156 2820 et
2199 2765 2497 2827 contrarius
2550 2773 2627 2819 est
2671 2766 2910 2834 operibus
2960 2769 3171 2823 nostris.
3225 2767 3495 2826 Promittit

1908 2857 2179 2913 scientiam
2204 2854 2299 2909 Dei
2330 2870 2384 2908 se
2425 2853 2637 2919 habere,
2683 2863 2732 2908 et
2761 2852 2962 2909 Filium
3013 2855 3112 2912 Dei
3159 2874 3212 2933 se
3260 2860 3495 2916 nominat

1909 2947 2059 3022 (Sep.
2091 2963 2155 3013 ιι,
2200 2946 2287 3013 12,
2320 2947 2436 3017 15);
2467 2955 2520 3002 et
2566 2946 2708 3001 infra
2740 2962 2754 3001 :
2803 2947 2865 3004 Si
2900 2949 3035 3003 enim
3081 2961 3155 3005 est
3182 2968 3295 3006 vere
3318 2952 3492 3009 Filius

1908 3041 2028 3107 Dei,
2068 3042 2313 3112 suscipiet
2340 3040 2515 3105 illum,
2546 3049 2594 3095 et
2630 3040 2869 3096 liberabit
2910 3042 3059 3097 illum
3084 3044 3149 3099 de
3178 3062 3335 3101 manu
3363 3064 3492 3102 con-

1907 3134 2193 3190 trariorum
2251 3132 2452 3207 (lbid.,
2513 3133 2657 3205 l8);
2706 3149 2769 3189 ac
2827 3134 3022 3190 deinde
3083 3155 3096 3189 :
3143 3135 3212 3191 Ut
3263 3139 3496 3195 sciamus

1911 3228 2248 3283 reverentiam
2274 3226 2436 3289 illius,
2460 3237 2508 3280 et
2529 3227 2805 3302 probemus
2827 3229 3134 3299 patientiam
3160 3231 3299 3302 ejus,
3328 3243 3492 3288 morte

1907 3319 2210 3390 turpissima
2264 3300 2677 3373 condemnemus.
2740 3336 2857 3373 eum
2903 3319 3121 3393 (Ibid.,
3183 3300 3285 3390 l9,
3331 3323 3436 3398 20)
3477 3316 3527 3379 τ’

1908 3409 2217 3466 conlatione
2255 3424 2407 3466 sacra
2436 3425 2504 3465 ne
2533 3411 2701 3466 nostri
2732 3426 2825 3466 eos
2847 3426 2945 3481 pro
2974 3422 3082 3467 tam
3108 3425 3295 3485 aperto
3325 3417 3496 3472 sacri-

1906 3505 2048 3579 legio
2074 3507 2421 3579 derogarent,
2444 3522 2473 3560 a
2506 3506 2839 3577 propheticis
2861 3522 2984 3561 eum
3014 3508 3379 3566 voluminibus
3409 3524 3494 3565 re-

1906 3601 2177 3666 ciderunt,
2228 3600 2620 3672 legendumque
2655 3602 2768 3656 suis
2817 3601 3128 3670 perenniter
3180 3612 3487 3657 vetuerunt.

1907 3690 2045 3751 Nam
2090 3692 2181 3763 qui
2223 3690 2461 3746 libellum
2493 3692 2757 3763 integrum
2792 3706 2895 3745 non
2935 3692 3314 3748 dubitaverunt
3362 3709 3487 3764 pro-

1908 3784 2187 3855 pheticum
2220 3800 2249 3837 a
2288 3783 2621 3854 propheticis
2642 3783 2914 3852 opusculis
2944 3792 3317 3856 scgregare,et
3338 3785 3491 3856 quasi

1909 3890 2015 3929 non
2063 3874 2256 3935 luisset
2293 3873 2361 3927 ab
2405 3875 2591 3930 eodem
2626 3872 2916 3929 Salomone
2951 3874 3151 3931 editum
3205 3878 3491 3948 denegare,

1908 3964 2081 4020 multo
2105 3964 2337 4036 amplius
2379 3964 2549 4020 levius
2602 3965 2969 4036 prteviderunt
3012 3967 3262 4037 periodos
3306 3971 3497 4024 verbo-

1908 4074 2028 4113 rum
2055 4057 2213 4113 aliter
2238 4074 2400 4129 quam
2432 4058 2626 4130 digesti
2653 4066 2778 4112 sunt
2807 4058 3148 4131 promulgare
3180 4078 3192 4114 :
3232 4060 3372 4117 unde
3402 4076 3501 4116 ite-

1911 4166 2183 4225 quaquam
2215 4161 2296 4208 est
2324 4152 2521 4208 vestris
2546 4153 2931 4208 commentitiis
2963 4151 3159 4208 fabulis
3187 4152 3497 4211 obscultan-

1912 4241 2063 4310 dum,
2092 4244 2184 4300 scd
2220 4244 2323 4299 hoc
2355 4252 2563 4298 tantum
2605 4258 2700 4315 pro
2746 4245 2914 4300 verbo
2941 4253 2962 4282 ο
2996 4244 3323 4319 habendum,
3353 4242 3497 4314 quod

1912 4337 2152 4410 prudens
2177 4334 2536 4408 Hieronymus
2579 4335 2849 4405 interpres
2876 4345 3073 4391 nostra:
3104 4334 3296 4407 linguae
3330 4336 3502 4391 omni-

1913 4412 2015 4485 bus
2046 4427 2213 4485 dedit.
2254 4425 2480 4482 Codices
2505 4442 2738 4498 namque
2762 4426 3109 4481 llebrzeorum
3146 4436 3267 4495 post
3303 4427 3502 4481 adven-

1920 4508 2030 4574 tum
2060 4518 2261 4574 Christi
2293 4515 2516 4587 lalsatqs
2544 4532 2664 4572 esse
2700 4518 2878 4573 nullus
2910 4520 3143 4587 ignorat,
3169 4526 3225 4571 ut
3256 4518 3498 4571 leSlimO-

220 4594 435 4655 victum
458 4595 635 4653 fatear
665 4611 804 4652 esse.
836 4596 1044 4669 Lingua
1072 4612 1288 4668 quoque
1307 4596 1533 4665 Punica,
1555 4614 1676 4669 quae
1705 4596 1810 4653 He-

1918 4612 2007 4667 nia
2036 4611 2375 4671 evidentiora
2423 4610 2489 4664 de
2533 4610 2750 4675 Christo
2781 4611 3176 4675 subtraherent,
3208 4626 3272 4666 ex
3302 4610 3502 4681 quibus

220 4687 501 4747 bimensus
537 4690 774 4747 fontibus
801 4692 1037 4757 ducitur,
1064 4692 1283 4762 proprie
1309 4691 1482 4763 yirgo,
1531 4691 1672 4745 alma
1713 4706 1810 4761 ap-

218 4780 477 4854 κυεην.
497 4780 605 4837 Sed
633 4783 731 4853 qui
757 4785 899 4841 scire
925 4783 1197 4838 desiderat
1228 4784 1519 4843 varietates
1548 4783 1814 4851 interpre-

222 4867 360 4935 tum.
384 4874 471 4930 vel
506 4872 814 4933 Judaorum
839 4875 989 4945 cupit
1029 4873 1420 4946 parvipendere
1447 4872 1813 4939 inventiones,

221 4962 600 5033 Quatiooum
620 4958 1010 5023 Hebraicarum
1035 4963 1347 5037 Hieranymi
1372 4964 1467 5019 vel
1484 4972 1678 5019 caetera
1716 4977 1815 5018 sua

221 5059 488 5132 opuscula
517 5056 678 5133 legat.
725 5061 794 5116 Et
820 5060 1005 5131 plane,
1047 5061 1189 5115 sicut
1228 5061 1345 5130 ipse
1384 5059 1667 5129 professus
1707 5066 1811 5124 est,

223 5161 517 5212 contemno
558 5162 765 5211 tractos
805 5154 910 5209 bet
935 5153 1178 5208 nausiam
1198 5152 1536 5218 Judteorum,
1586 5160 1819 5220 tuasque

227 5244 647 5303 vociferationes
676 5249 839 5304 surda
877 5262 1012 5302 aure
1042 5247 1311 5302 transibit.
1366 5245 1504 5300 Nam
1534 5247 1677 5301 hunc
1724 5252 1818 5301 no-

224 5333 433 5405 strum,
454 5348 515 5394 et
540 5352 675 5394 vere
702 5336 923 5411 dignum
951 5353 1057 5393 non
1084 5337 1256 5394 solum
1288 5337 1512 5402 mundo,
1534 5338 1629 5393 sed
1651 5338 1821 5393 etiam

224 5431 394 5496 caelo,
445 5430 853 5505 Hieronymum,
883 5446 1047 5503 quem
1084 5430 1538 5487 inrationabiliter
1585 5432 1819 5486 detesta-

225 5523 329 5585 νὴ,
357 5523 542 5578 nescio
564 5520 783 5594 utquid
822 5506 949 5584 eum
978 5523 1136 5583 dente
1159 5522 1347 5577 ravido
1391 5522 1626 5588 mordes,
1663 5520 1820 5591 cujus

220 5616 524 5679 editionem
570 5614 837 5672 hactenus
884 5608 1079 5671 neseis.
1134 5615 1287 5675 Hanc
1329 5616 1475 5673 enim
1525 5616 1814 5672 editionem

224 5732 275 5758 δ”
303 5765 330 5792 α
371 5750 493 5818 Ms,
531 5722 663 5807 illud
704 5733 785 5806 ad

220 5825 486 5966 φιῖάίθα.
517 5856 726 5949 ructus.
774 5858 779 5863 Ι

834 5744 1151 5809 statuarium
1203 5750 1267 5806 de
1324 5769 1543 5823 quorum
1595 5742 1818 5824 pretium

1919 4716 1978 4757 se
2017 4699 2413 4755 convincendos
2442 4713 2564 4755 esse
2610 4699 2925 4754 sciebantd.
2961 4701 3187 4756 Constat
3209 4700 3375 4765 enim,
3420 4699 3505 4756 luo

1918 4790 2088 4863 ecque
2130 4791 2332 4846 clarius
2356 4798 2525 4861 patet,
2555 4791 2698 4862 quod
2729 4792 2817 4861 qui
2850 4791 2983 4861 lcgis
3012 4801 3283 4846 auctorem
3315 4794 3505 4848 conui-

1920 4872 2097 4939 meliis
2121 4870 2443 4948 all'ccerunt,
2468 4882 2639 4953 legem
2674 4883 2844 4954 ipsam
2893 4900 2996 4939 non
3046 4884 3341 4938 timuerunt
3383 4894 3505 4955 per;

1917 4980 2154 5041 vertere,
2205 4990 2303 5047 per
2348 4992 2513 5046 quam
2562 4975 2728 5031 solam
2763 4984 3017 5047 poterant
3048 4974 3338 5031 confutari.
3368 4975 3502 5033 Pcr-

1920 5076 2080 5124 Curre
2126 5068 2290 5133 totius
2334 5068 2744 5124 maledictioucs
2798 5067 2954 5140 legis,
2999 5082 3135 5138 quas
3177 5067 3501 5135 hominibus,

1924 5158 2156 5227 besteis,
2206 5161 2588 5231 serpentibus,
2644 5159 2727 5215 vel
2787 5159 3195 5228 insensibilibus
3252 5159 3502 5227 metallis,

1924 5250 2209 5321 cognoscis
2262 5249 2498 5317 inlatus;
2534 5259 2590 5307 et
2631 5250 2934 5306 videbimus
2986 5266 3261 5327 nunquam
3309 5249 3509 5306 alicubi

1926 5340 2157 5412 positum
2190 5342 2501 5397 maledictus
2540 5360 2572 5397 a
2608 5341 2736 5409 Deo,
2772 5342 2875 5398 nisi
2906 5342 2957 5397 in
2988 5357 3052 5398 eo
3084 5342 3224 5409 loco,
3256 5342 3345 5397 ubi
3376 5340 3512 5397 illud

1926 5435 2249 5507 intelligere,
2280 5435 2433 5507 quasi
2456 5436 2523 5490 ad
2554 5436 2853 5501 infamiam,
2874 5436 3121 5491 voluistis
3144 5452 3239 5508 pro
3258 5436 3501 5492 Christo:

1928 5527 2241 5583 Maledictus
2262 5529 2430 5584 omnis
2450 5530 2539 5601 qui
2561 5529 2803 5600 pependit
2824 5530 2879 5584 in
2900 5529 3040 5601 ligno
3065 5529 3241 5602 (Deut.
3262 5530 3502 5601 3:133).

1926 5616 2028 5675 Hic
2054 5633 2309 5689 proceres
2337 5618 2634 5692 Synagoga:
2666 5620 2987 5676 addiderunt
3032 5636 3099 5678 ex
3139 5636 3254 5686 suo,
3305 5640 3335 5675 ιι
3373 5620 3506 5691 Deo,

2002 5767 2022 5795 ο
2056 5754 2219 5810 Forte
2246 5772 2384 5811 vero.

1995 5825 2021 5865 ἀ
2063 5825 2162 5881 Ms.
2176 5865 2189 5891 ,
2210 5824 2440 5880 solebant
