4034 6350
593 368 700 430 487

1880 368 2140 428 manu
2168 344 2666 451 vconoun’snsrs

3730 370 3812 432 ιεε

595 499 659 546 ut
677 502 778 562 per
796 468 902 546 hoc
921 486 1096 545 Deum
1124 485 1276 544 illum
1303 492 1586 558 negarent.
1609 483 1669 542 Si
1696 485 1842 542 enim
1880 484 2022 544 oculi
2056 484 2180 543 ildei
2207 487 2262 551 Α
2284 484 2558 557 draginta,
2582 479 2745 540 simul
2762 480 2933 539 facies
2951 494 3123 538 annos
3144 480 3292 539 inille
3316 488 3577 540 trecentos
3600 484 3809 564 triginta;

597 580 698 637 tibi
727 570 905 652 aperti
928 588 1079 644 sunt,
1110 577 1280 643 totius
1309 575 1520 633 Veteris
1542 575 1877 633 Testamenti
1920 575 2203 632 ventilare

596 671 903 737 liiStoriam,
935 679 990 727 et
1019 684 1299 742 nunquam
1345 668 1418 726 ibi
1458 668 1803 727 maledictum
1847 683 1879 723 a
1906 667 2016 724 Deo
2043 667 2183 739 posi-

596 770 713 819 tum
738 762 914 827 vides,
963 769 1020 818 et
1069 776 1136 817 ex
1173 762 1276 817 hoc
1317 758 1523 817 valebis
1563 759 1846 816 addiscere
1894 758 2183 830 genuinam

596 856 774 930 gentis
794 856 950 911 istius
975 853 1281 926 perﬁdiam,
1312 864 1369 911 et
1389 863 1579 911 contra
1612 853 1777 909 vitam
1805 868 1961 908 suam
1991 852 2186 908 imme-

596 946 881 1004 dicahilem
906 945 1136 1002 rabiem.
1168 943 1405 1006 Poteris.
1430 954 1486 1000 et
1505 953 1587 1011 tu,
1613 944 1739 1015 quia
1766 943 1876 1000 scis
1902 958 1999 999 nos
2037 942 2187 1014 igna-

599 1056 693 1097 ros
720 1038 918 1111 lingua:
945 1038 1291 1105 llebraam,ex
1318 1036 1666 1093 Hebrworum
1691 1036 1939 1092 codicum
1970 1048 2069 1089 nos
2096 1048 2187 1087 va-

599 1133 794 1191 rietate
831 1131 1095 1197 inludere,
1125 1130 1216 1187 ubi
1250 1138 1302 1185 te
1327 1129 1531 1185 victum
1558 1126 1875 1200 przevideris
1903 1139 2044 1182 esse.
2074 1122 2189 1178 Hoc

595 1224 742 1283 enim
773 1232 1096 1298 argumento
1138 1222 1192 1278 in
1222 1221 1474 1279 omnibus
1507 1219 1811 1293 Scripturis
1837 1227 1889 1275 te
1934 1216 2084 1273 vales
2108 1225 2191 1271 tu-

594 1325 735 1383 tare,
767 1325 829 1373 ut
857 1315 1037 1373 verbis
1077 1324 1134 1371 te
1163 1315 1503 1388 purgandum
1528 1308 1705 1385 putes
1750 1311 1843 1384 qui
1882 1309 2047 1368 rebus
2097 1324 2191 1366 ur-

595 1411 761 1486 geris.

668 1505 725 1562 5.
772 1505 888 1579 Age
914 1501 1031 1576 jam
1071 1519 1217 1561 nunc
1257 1503 1325 1560 ad
1354 1500 1651 1559 secundum
1679 1497 1972 1571 capitulum
2000 1494 2188 1553 venia-

597 1613 754 1663 mus,
784 1605 839 1653 et
880 1596 1289 1669 responsionem
1334 1603 1482 1650 tuam
1528 1592 1709 1648 minus
1756 1589 1870 1646 sale
1914 1587 2188 1644 conditam

600 1688 981 1762 approbemus.
1016 1686 1161 1743 Dicis
1190 1687 1357 1750 enim,
1388 1683 1613 1741 confuse
1653 1681 1796 1754 apud
1840 1679 2066 1736 Latinos
2095 1678 2191 1734 ha-

598 1782 797 1840 bentur
840 1779 1181 1853 septuaginta
1223 1777 1609 1843 hebdomadas,
1638 1774 1794 1849 quasi
1825 1788 1928 1847 ego
1964 1788 2058 1830 eas
2105 1786 2190 1828 se-

2284 592 2352 635 ex
2382 591 2491 649 qua
2518 589 2729 633 summa
2772 573 2819 631 si
2848 574 3212 631 substraxeris
3256 572 3623 649 quadraginta,
3647 580 3749 649 quia
3770 582 3811 641 in

2284 667 2700 740 quadragesimo
2729 680 2874 723 anno
2910 674 3033 739 post
3076 666 3384 738 passionem
3432 667 3629 725 Domini
3661 670 3814 732 bellum

2285 760 2741 837 Vespasianicum‘
2766 759 2900 824 fuit,
2930 769 3224 831 supersunt
3256 771 3279 801 ο
3314 762 3443 819 anni
3472 762 3607 821 mille
3644 765 3815 829 ducenti

2285 854 2603 927 nonaginta.
2654 854 2723 910 Et
2779 854 2868 911 bis
2910 854 3129 911 retrahe
3181 854 3398 926 triginta
3446 864 3501 912 et
3544 866 3643 916 tres
3686 876 3816 921 annos

2286 950 2462 1002 aetatis
2484 945 2719 1009 Domini.
2747 954 2804 1003 et
2826 954 2991 1004 erunt
3026 946 3171 1002 mille
3190 946 3460 1003 ducentos
3492 948 3816 1023 quinquaginta

2288 1047 2496 1109 septem
2548 1037 2677 1093 anni
2723 1053 2757 1092 a
2786 1034 3052 1113 tempore
3080 1036 3343 1113 ‘Danielis
3385 1053 3549 1109 usque
3585 1041 3645 1094 ad
3669 1038 3817 1099 Eram

2287 1127 2789 1200 octingentesimum
2817 1127 3272 1199 septuagesimam
3300 1136 3561 1190 octavam,
3584 1144 3689 1200 qua:
3709 1146 3818 1188 nunc

2288 1225 2490 1297 agitur,
2537 1239 2682 1280 anno
2726 1221 3116 1279 incarnationis
3166 1219 3383 1276 Domini
3434 1220 3818 1291 octingentesimo

2289 1318 2728 1393 quadragesimo,
2755 1316 2941 1375 saeculi
2964 1330 3095 1373 vero
3136 1313 3429 1372 millesimo
3466 1314 3818 1388 quadragesimo

2292 1427 2458 1470 anno.

2362 1505 2416 1559 7.
2444 1502 2641 1562 Verum
2673 1504 2718 1562 si
2745 1519 2778 1559 a
2803 1502 3064 1560 vicesimo
3088 1516 3233 1558 anno
3251 1501 3572 1566 Artaxersis,
3597 1517 3718 1558 anno
3739 1517 3819 1574 quo

2291 1610 2473 1652 sermo
2495 1596 2644 1661 exit,
2689 1603 2749 1651 ut
2790 1594 3046 1666 templum
3079 1593 3385 1651 Zorobabel
3419 1593 3603 1650 iterum
3633 1593 3817 1651 aediﬁca-

2293 1696 2467 1752 retur,
2495 1695 2812 1758 computare
2839 1685 3094 1751 volueris,
3127 1685 3371 1742 invenies
3392 1700 3558 1756 usque
3577 1685 3636 1740 aal
3668 1684 3818 1742 nativi-

2297 1788 2464 1835 tatem
2489 1779 2691 1855 Christi
2732 1778 3162 1851 quadringentos
3207 1777 3499 1849 nonaginta
3542 1793 3557 1830 :
3595 1777 3757 1849 quibus
3785 1778 3819 1834 si

598 1878 832 1934 cundum
888 1874 1205 1930 Latinorum
1255 1881 1570 1942 computum
1625 1866 2018 1941 computandas
2070 1880 2191 1921 esse
2221 1860 2465 1926 Baddas
2514 1869 2904 1926 incarnationis
2956 1869 3202 1933 Domini,
3232 1879 3395 1925 erunt
3425 1869 3566 1926 mille
3607 1877 3819 1927 trecentos

596 1965 824 2041 pnedixi
848 1983 863 2020 :
890 1974 984 2022 aut
1011 1974 1064 2021 tu
1094 1965 1197 2020 [ide
1222 1962 1477 2020 Hebraeos
1496 1975 1523 2003 ι
1549 1977 1616 2017 ex
1637 1959 1955 2015 Latinorum
1985 1972 2190 2029 suppu-

599 2061 805 2118 tatione
833 2069 1050 2133 poteras
1072 2058 1341 2131 superari.
1374 2055 1644 2128 Legaliter
1671 2054 1815 2111 enim
1840 2051 2193 2109 hebdomadze

599 2153 763 2209 unius
791 2166 1075 2208 numerum
1098 2139 1305 2221 septem
1330 2163 1500 2203 annos
1530 2147 1764 2211 ﬁrmavi,
1789 2154 1845 2202 et
1870 2160 1997 2207 non,
2032 2151 2089 2198 ut
2114 2151 2191 2208 tu,

599 2258 792 2317 vagam
844 2241 1257 2315 intelligentiam
1301 2240 1355 2296 in
1389 2240 1603 2296 diversa
1625 2238 1856 2308 jactavi,
1899 2245 1961 2292 ut
1995 2250 2196 2313 anceps

599 2352 708 2410 quo
733 2352 919 2410 gressu
950 2335 1083 2407 ligas
1106 2350 1213 2390 non
1236 2332 1462 2397 habens,
1487 2341 1718 2403 utroque
1742 2328 2016 2387 claudices
2036 2327 2190 2398 pede.

599 2428 951 2501 Septuaginta
983 2427 1121 2492 dies,
1152 2424 1235 2479 vel
1258 2423 1603 2496 septuaginta
1634 2422 1983 2493 septimanas,
2006 2418 2084 2474 vel
2108 2433 2195 2474 se-

597 2520 879 2593 ptuaginta
913 2518 1101 2585 lunas,
1135 2516 1218 2573 vel
1258 2515 1595 2588 septuaginta
1632 2528 1803 2570 annos
1826 2512 1981 2585 juxta
2010 2511 2195 2566 nescio

600 2610 754 2681 cujus
777 2628 929 2667 suam
968 2609 1361 2682 expositionem
1402 2608 1773 2670 dinumerans,
1798 2612 1855 2659 et
1885 2618 1981 2674 per
2019 2602 2196 2658 diver-

598 2704 820 2762 sitatum
867 2702 1285 2759 numerositatcs
1333 2700 1534 2771 ubique
1572 2707 1857 2770 suspectus
1906 2695 2192 2762 incedens,

601 2811 784 2868 quaeso
812 2804 870 2851 ιιι
898 2793 1027 2849 mihi
1057 2792 1206 2849 dicas
1234 2790 1389 2861 cujus
1413 2789 1808 2862 expositionem
1841 2785 1975 2843 velis
2000 2784 2195 2841 intelli-

600 2904 728 2963 gere
774 2889 968 2944 sunm?
1013 2886 1070 2943 Si
1122 2882 1472 2957 Hieronymi?
1517 2883 1686 2939 miror
1729 2890 1782 2938 te
1831 2878 1964 2935 mihi
2018 2893 2194 2934 meam

600 2981 996 3053 expositionem
1047 2978 1317 3050 ingerere,
1366 2984 1420 3031 et
1469 2973 1721 3029 Latinum
1764 2985 1831 3027 ex
1878 2967 2195 3025 Latinorum

604 3070 921 3126 diversitate
961 3068 1196 3124 voluisse
1247 3067 1463 3121 docere.
1500 3063 1711 3119 Videris
1757 3060 1889 3116 mihi
1933 3057 2193 3122 doctoris,

603 3177 714 3218 non
745 3160 1059 3224 assertoris,
1089 3158 1330 3213 induisse
1357 3170 1665 3227 personam.
1696 3152 1802 3209 Sed
1835 3151 2030 3206 iterum
2062 3165 2196 3205 con-

605 3268 807 3327 queror
835 3268 933 3308 cur
963 3251 1016 3306 in
1054 3248 1327 3320 suprafata
1360 3247 1591 3311 nierum,
1623 3244 2048 3315 septimanarum
2069 3281 2085 3305 ,
2118 3240 2200 3296 lu-
2226 3234 2273 3298 C

608 3361 825 3409 narum,
857 3358 1144 3405 annorum,
1176 3336 1792 3411 unicuique'praeilxeris
1823 3352 1834 3388 :
1856 3336 2019 3407 juxta
2045 3350 2199 3390 suam

607 3436 1061 3506 explanationem,
1111 3446 1248 3504 quas
1282 3440 1492 3487 certum
1540 3439 1623 3485 est
1662 3429 1732 3484 ab
1776 3442 1842 3482 eo
1883 3426 2200 3497 explanatas

609 3540 884 3601 ntmquam
917 3526 1140 3597 legisse,
1176 3534 1231 3579 et
1276 3523 1402 3579 huic
1430 3538 1592 3594 quam
1625 3522 1860 3577 maxime
1893 3518 2203 3590 specialiter

610 3637 743 3685 suae,
774 3619 1082 3691 septuagies
1106 3616 1327 3690 septies,
1351 3616 1452 3672 hoc
1480 3615 1703 3670 minime
1726 3613 2026 3669 inculcasse
2052 3630 2067 3666 :
2098 3611 2201 3668 nisi

608 3711 856 3769 forsitam
911 3711 1124 3769 caeteris
1174 3709 1497 3780 reprobatis,
1549 3706 1897 3764 Hebraeorum
1943 3707 2040 3761 has
2068 3704 2202 3760 duas

608 3805 977 3875 expositiones
1004 3802 1262 3859 didiceris
1308 3817 1450 3858 esse.
1484 3799 1687 3856 Tamen
1733 3799 1858 3871 quia
1901 3807 2201 3855 extremam

606 3897 910 3970 prophetali
956 3886 1266 3952 testimonio
1301 3895 1507 3960 munis,
1552 3892 1693 3950 haud
1721 3893 1751 3933 δ
1783 3892 2000 3949 dubium
2030 3892 2204 3964 ipsam

608 3988 780 4046 solam
827 3988 1060 4059 probare
1088 3988 1237 4043 velis.
1267 3986 1363 4041 Ais
1395 3986 1540 4042 enim
1574 3972 1595 4039 ἐ
1621 3986 1743 4040 Dies
1770 3984 1925 4040 nobis
1950 3984 2095 4040 dueti
2125 3983 2206 4038 fa-

612 4080 761 4136 ciunt
809 4071 956 4134 mille
992 4088 1292 4135 treseeulos
1336 4078 1577 4151 triginta.
1621 4077 1765 4134 Idem
1802 4093 2062 4134 numerus
2102 4077 2205 4132 ha-

610 4171 770 4227 betur
791 4168 845 4224 in
871 4168 978 4224 [lue
1001 4169 1268 4235 Danielis;
1295 4169 1373 4223 ait
1401 4185 1635 4239 namque
1658 4185 1672 4222 :
1697 4166 2007 4240 Beatus‘qui
2032 4183 2208 4237 exspe-

612 4270 751 4326 ctat,
800 4270 847 4315 et
904 4260 1129 4332 pervenit
1175 4260 1245 4315 ad
1290 4260 1402 4316 dies
1453 4258 1594 4314 mille
1652 4269 1936 4315 tresrentos
1989 4259 2208 4330 triginta

610 4354 837 4426 quinque
867 4351 1028 4406 (Dan.
1062 4367 1158 4418 xu,
1186 4351 1295 4422 l2).
1330 4351 1396 4407 Et
1420 4351 1545 4422 quia
1576 4350 1815 4423 quinque
1841 4350 1958 4406 dies
1985 4366 2123 4421 quos
2151 4359 2208 4406 tu

613 4461 785 4503 annos
811 4456 990 4518 putas,
1014 4444 1331 4516 supergredi
1362 4459 1647 4500 numerum
1679 4442 2024 4516 prospexisti,
2062 4442 2208 4499 illico

613 4541 766 4612 quasi
801 4538 934 4593 scita
967 4539 1033 4594 de
1060 4537 1280 4609 proprio
1316 4536 1566 4593 addidisti
1596 4555 1609 4591 :
1648 4536 1706 4592 lu
1748 4536 1833 4592 his
1871 4535 2015 4592 enim
2048 4536 2208 4607 quin-

2294 1961 2538 2033 triginta,
2568 1969 2625 2016 et
2654 1968 2913 2030 superant
2942 1959 3089 2032 ipsos
3118 1960 3362 2032 quinque
3390 1975 3522 2032 quos
3550 1970 3600 2014 tu
3626 1960 3753 2015 nobis
3767 1960 3818 2015 ad

2297 2053 2576 2109 servitium
2618 2051 2865 2123 opponis.
2897 2049 3049 2108 Hanc
3089 2049 3344 2107 frivolam
3390 2060 3530 2107 tuam
3562 2051 3820 2123 interprets

2296 2144 2498 2200 tionem
2540 2150 2595 2198 tu
2639 2142 2755 2215 ipse
2798 2141 3138 2215 coniringis,
3179 2143 3309 2199 dum
3354 2141 3482 2199 ais:
3514 2141 3679 2198 Tanta:
3711 2141 3817 2197 enim

2298 2235 2641 2300 stoliditatis,
2670 2242 2943 2306 tantaeque
2965 2235 3187 2308 ,spiritu
3229 2234 3470 2291 stultitiae
3500 2230 3819 2297 imbutus.,mi

2298 2344 2574 2402 germane,
2599 2345 2681 2396 es,
2711 2337 2771 2385 ut
2796 2328 2939 2385 scire
2962 2328 3244 2386 desideres
3271 2343 3392 2400 qua:
3420 2326 3595 2384 Daniel
3615 2324 3820 2397 ignorarit

2300 2422 2491 2495 angelo
2532 2421 2581 2477 ei
2626 2420 2842 2477 dicente
2865 2459 2882 2476 .
2923 2417 3096 2485 Vade,
3139 2419 3371 2487 Daniel,
3410 2419 3533 2491 quia
3568 2416 3820 2472 clausisset

2297 2514 2590 2585 signatique
2639 2527 2905 2568 sermones
2968 2527 3130 2583 usque
3186 2511 3261 2566 ad
3311 2521 3508 2580 tempus
3565 2505 3822 2577 pra'ﬁnifsts

2299 2603 2476 2676 (Dan.
2527 2619 2631 2666 xu,
2677 2602 2765 2673 4).
2798 2601 3011 2660 Revera
3053 2602 3232 2659 valida
3279 2602 3533 2675 quzestio,
3569 2608 3621 2657 et
3641 2615 3739 2672 qua:
3760 2610 3821 2655 me

2299 2707 2532 2769 utroque
2578 2704 2894 2768 promerent
2922 2693 2950 2736 ἀ
2981 2709 3181 2759 cornu,
3214 2694 3263 2751 si
3295 2691 3606 2765 subsequiba
3632 2705 3731 2749 eam
3751 2701 3820 2743 su-

2299 2792 2468 2850 ctoris
2497 2806 2604 2846 non
2633 2788 2953 2862 infringeret
2980 2788 3168 2854 dictio,
3199 2791 3327 2844 dum
3369 2784 3631 2857 subjuugis
3661 2801 3675 2838 :
3707 2778 3820 2838 Unde

2300 2883 2434 2939 mihi
2465 2897 2715 2954 campum
2743 2880 2923 2953 aperis
2959 2879 3356 2952 responsionis,
3399 2876 3656 2947 nullasque
3693 2884 3820 2944 augt-

2300 2977 2436 3034 stias
2485 2976 2760 3033 sustinere
2809 2977 3110 3049 permittis,
3157 2977 3288 3033 dum
3317 2976 3399 3032 ais
3432 2994 3445 3032 :
3481 2973 3687 3031 Numera
3711 2965 3819 3024 adis

2299 3065 2477 3137 primo
2507 3082 2616 3137 quo
2661 3064 3158 3123 Nabuchodonosor
3198 3082 3395 3124 carnes
3436 3062 3667 3139 porcinas
3688 3056 3819 3130 po-llii

2302 3160 2355 3215 in
2390 3159 2588 3231 templo
2613 3157 2928 3231 usquedum
2956 3159 3287 3231 impleantur
3304 3158 3430 3215 anni
3459 3155 3595 3213 mille
3617 3154 3820 3209 ducentos

2306 3251 2620 3322 nonaginta,
2648 3258 2704 3306 et
2748 3261 2877 3307 tunc
2921 3251 3197 3322 aperietur
3227 3251 3317 3308 ille
3348 3250 3498 3313 liber,
3522 3255 3574 3303 et
3595 3254 3703 3301 nota
3727 3241 3821 3295 ﬁent

2308 3341 2584 3413 signacula
2607 3339 2745 3410 ejus.
2775 3339 2832 3397 Si
2860 3340 3005 3397 enim
3049 3356 3148 3413 pro
3174 3343 3349 3398 totius
3381 3337 3595 3396 visionis
3620 3326 3822 3390 miraculo

2308 3433 2524 3490 clausos
2566 3434 2915 3507 signatosque
2959 3449 3241 3491 sermones
3283 3434 3533 3509 propheta
3570 3428 3707 3492 dixil.
3735 3420 3822 3494 quis

2309 3522 2407 3580 tibi
2453 3539 2718 3579 armorum
2762 3525 2907 3580 hunc
2940 3540 3227 3581 numerum
3271 3525 3508 3597 aperuit,
3554 3527 3608 3576 ut
3640 3516 3754 3574 scias
3782 3519 3822 3567 ω

2309 3615 2455 3686 quod
2507 3615 2691 3673 Daniel
2738 3616 2882 3673 scire
2935 3633 3041 3673 non
3091 3618 3303 3689 potuit?
3346 3617 3436 3673 Ille
3469 3602 3603 3673 enim
3629 3610 3726 3665 dies
3746 3615 3822 3660 non

2309 3723 2484 3767 annos
2525 3709 2690 3771 dixit.
2725 3717 2779 3764 tu
2820 3725 2993 3765 annos
3034 3709 3414 3783 interpretaris
3445 3715 3543 3762 :et
3570 3699 3727 3761 nescio
3746 3704 3823 3766 ‘1'”

2310 3811 2463 3859 tanto
2504 3811 2725 3858 auctore
2773 3813 2982 3874 partem
3031 3801 3155 3857 lihri
3212 3800 3408 3875 signati
3451 3797 3608 3871 legis,
3648 3790 3686 3847 si
3724 3786 3824 3842 libet

2314 3906 2458 3954 totus
2485 3904 2568 3952 est
2590 3895 2692 3952 sub
2716 3895 3014 3969 signaculo.
3042 3895 3184 3968 Ergo
3213 3908 3271 3955 et
3301 3897 3355 3954 hi
3384 3893 3522 3951 mille
3548 3883 3733 3946 ducenti
3756 3893 3823 3969 n9-

2311 3989 2530 4060 nagiuta
2566 3988 2682 4044 dies
2717 3968 2906 4045 eodem
2949 3998 3076 4045 sunt
3106 3989 3320 4048 collecti
3351 3991 3403 4044 in
3438 3996 3659 4043 numero.
3683 3968 3823 4031 Curia

2311 4090 2467 4151 parte
2493 4074 2785 4150 signatum,
2806 4090 2860 4135 et
2891 4079 2943 4134 in
2968 4090 3124 4152 parte
3149 4090 3397 4152 apertum
3426 4062 3586 4135 dicis?
3613 4065 3714 4125 Tibi
3734 4061 3824 4152 ιίεὲι

2313 4187 2600 4227 numerum
2628 4171 2952 4243 praefinitum
2973 4151 3304 4245 signationis
3330 4187 3433 4228 non
3464 4169 3515 4225 in
3544 4164 3666 4225 dies,
3691 4152 3764 4212 sed
3787 4151 3824 4205 in

2314 4279 2505 4330 annos,
2539 4264 2885 4337 interpretari
2910 4283 2923 4319 :
2958 4264 3089 4321 mihi
3120 4283 3227 4323 non
3258 4265 3439 4324 licebit
3462 4255 3704 4327 eosjuxla
3726 4257 3825 4319 Pm‘

2314 4352 2482 4409 fatum
2514 4371 2619 4410 non
2668 4371 2872 4422 annos,
2916 4355 3011 4413 sed
3053 4357 3170 4414 dies
3211 4354 3477 4432 probare?
3523 4346 3632 4407 Tibi
3671 4339 3823 4407 maio“

2313 4462 2563 4519 usurpas,
2592 4447 2719 4503 dttm
2749 4448 2863 4505 dies
2890 4449 2943 4505 in
2975 4466 3147 4507 annos
3176 4452 3518 4523 interpretas.
3543 4437 3700 4498 nubila
3720 4440 3825 4523 sete-

2314 4541 2536 4596 nando:
2578 4540 2710 4597 mihi
2756 4542 2964 4598 minora
3011 4560 3119 4600 non
3171 4519 3455 4609 concedis,
3499 4547 3552 4595 ιιι
3595 4519 3826 4606 lN'"llmilia

612 4647 720 4703 que
749 4631 907 4687 annis
936 4629 1308 4702 singillaturus
1322 4638 1417 4685 est
1458 4622 1881 4699 Dominus,'qui
1926 4638 1981 4683 ct
2000 4627 2093 4699 qui
2125 4643 2211 4683 re-
2235 4611 2291 4674 Ῑ)
2315 4634 2479 4689 verba
2515 4648 2648 4705 pure
2686 4650 2973 4706 exponam,
3006 4636 3059 4691 in
3090 4636 3300 4694 dierum
3332 4629 3585 4692 vocabulo
3618 4636 3707 4679 non
3731 4625 3826 4670 CW

614 4725 914 4781 manserint
932 4740 997 4779 ex
1021 4722 1276 4779 omnibus
1304 4721 1556 4795 gentibus
1577 4736 1742 4792 super
1765 4730 1963 4776 terram
1995 4722 2064 4777 ad
2095 4734 2211 4776 ser-

615 4817 806 4873 vitium
833 4815 1105 4874 lsrahelis.
1136 4815 1203 4872 Et
1224 4815 1473 4871 oratione
1495 4812 1702 4869 lubrica
1726 4812 1945 4869 lectoris
1966 4812 2211 4869 animum

618 4909 936 4975 tenebrasti,
966 4920 1025 4964 ut
1053 4908 1330 4980 ignoraret
1348 4904 1564 4977 penitus
1591 4904 1777 4976 quales
1805 4920 1977 4959 annos
1999 4904 2210 4960 diceres

620 5002 882 5075 quinque,
907 5010 1001 5058 aut
1029 5017 1139 5075 quo
1161 5013 1402 5073 tempore
1422 5007 1551 5056 sunt
1577 4997 1858 5055 verissime
1886 4997 2208 5055 calculandi.

693 5092 748 5150 6.
783 5091 866 5149 Ad
893 5093 1271 5164 compendium
1296 5091 1521 5148 veniens
1549 5090 1790 5146 concedo
1820 5089 1892 5145 ita
1927 5089 2073 5146 mille
2104 5097 2212 5144 tre-

623 5195 813 5247 ecutos
855 5186 1075 5259 triginta
1117 5186 1355 5259 quinque
1397 5200 1573 5242 annos
1616 5183 1885 5252 existere,
1928 5192 1986 5240 et
2030 5183 2153 5240 ideo
2180 5198 2213 5239 a

624 5277 864 5337 secundo
892 5291 1035 5333 anno
1077 5277 1250 5344 Darii,
1291 5278 1381 5349 qui
1410 5286 1465 5334 et
1503 5276 1673 5335 Melas
1711 5285 1937 5334 vocatus
1974 5286 2080 5339 est,
2105 5290 2215 5346 quo

625 5368 765 5426 visio
808 5367 1016 5424 Danieli
1056 5368 1264 5425 exstitit
1304 5369 1577 5433 revelata.
1623 5384 1795 5440 usque
1832 5369 1900 5425 ad
1932 5368 2216 5441 Vespasia-

626 5478 781 5529 num,
811 5463 903 5535 qui
945 5462 1252 5519 Iudaeorum
1296 5464 1666 5537 captivitatem
1698 5462 1951 5531 confecit,
1992 5479 2213 5535 compu-

627 5561 815 5612 tantur
839 5554 964 5611 anni
986 5553 1367 5627 quadringenti
1391 5554 1705 5629 nonaginta.
1728 5554 1811 5612 Ad
1836 5569 1976 5628 quos
1998 5555 2044 5614 si
2067 5554 2219 5613 addi-

629 5644 774 5705 deris
800 5660 970 5705 annos
1018 5644 1413 5706 incarnationis
1457 5646 1670 5706 Domini
1708 5646 2051 5721 octingentos
2084 5662 2217 5720 qua-

695 5791 727 5894 ;
752 5778 881 5908 big.
909 5778 1189 5908 isthmos.
1228 5820 1245 5833 .

840 5886 879 5920 .,
909 5869 1022 5909 our.

2318 4727 2556 4783 ctando?
2584 4726 2641 4783 Si
2670 4727 2867 4800 signati
2906 4739 3035 4785 sunt
3082 4747 3362 4789 sermones
3390 4725 3612 4801 qualiter
3634 4708 3827 4801 50PM"?

2318 4830 2441 4890 post
2464 4818 2610 4874 mille
2632 4792 2901 4877 trecentos
2928 4822 3147 4895 triginta
3175 4839 3348 4882 annos
3372 4792 3598 4893 quinque
3625 4816 3764 4866 annos
3777 4792 3824 4851 ad

2318 4911 2633 4968 servitutem
2659 4915 2897 4989 gentium
2926 4914 3204 4973 calculasti
3224 4918 3249 4973 ἲ
3273 4916 3404 4987 Quis
3429 4909 3519 4969 tibi
3547 4908 3671 4963 hanc
3693 4898 3824 4993 auclo-

2321 5007 2537 5063 ritatem
2567 5007 2735 5074 dedit,
2769 5018 2827 5064 ut
2852 5011 3104 5067 omnibus
3144 5010 3394 5084 gentibus
3433 4999 3687 5084 servitium
3708 4993 3823 5084 ill"?

2318 5114 2426 5170 que
2472 5100 2629 5157 annis
2669 5101 2953 5174 imponas?
2996 5078 3173 5172 Quod.
3194 5101 3380 5161 Daniel
3428 5113 3530 5156 non
3575 5078 3822 5181 θδνιίθξνξβ

2320 5205 2418 5247 cur
2445 5203 2501 5247 tu
2522 5172 2792 5264 exponere
2813 5196 3063 5253 conaris?
3087 5197 3242 5267 Quod
3271 5198 3357 5254 ille
3398 5195 3641 5250 intactum
3661 5172 3821 5231 omisit.

2317 5301 2428 5360 qua
2456 5286 2665 5343 ratione
2692 5297 2749 5343 tu
2777 5296 3012 5347 tractare
3034 5289 3294 5349 festinas?
3318 5288 3426 5347 Sed
3453 5279 3579 5340 άεείε
3604 5291 3619 5329 ε
3645 5267 3736 5325 Nos
3753 5269 3821 5314 sun

2321 5385 2431 5432 tem
2471 5376 2630 5434 hodie
2671 5394 2859 5436 sumus
2888 5379 2941 5436 in
2988 5381 3280 5439 millesimo
3314 5369 3665 5437 trecentesimo
3698 5361 3819 5412 ⁸⁸⁸³⁸

2319 5468 2529 5543 gesimo
2572 5470 2734 5528 tertio
2774 5488 2919 5530 anno
2966 5491 2981 5530 :
3026 5490 3125 5547 per
3168 5475 3312 5549 quod
3351 5468 3563 5530 festini!

2323 5533 2467 5635 quod
2492 5562 2678 5633 viginti
2711 5572 2768 5621 et
2806 5533 3820 5646 septem-anni'tantummodo

2323 5632 2498 5728 usque
2532 5632 2657 5713 tuus
2696 5632 2921 5717 Messias
2952 5674 2983 5715 a
3009 5659 3240 5719 vinculis
3272 5654 3441 5734 igneis
3467 5632 3816 5741 satiati?!”

2399 5787 2585 5861 αἷμα..
2611 5800 2859 5861 superant
2877 5793 3006 5850 anni
3038 5793 3182 5854 mille
3205 5793 3465 5852 ducentos.
3714 5854 3724 5861 Α
3802 5792 3834 5858 ἰ

2394 5859 2423 5902 ιι
2446 5858 2579 5934 Leg.
2604 5854 2871 5931 premeret.
3252 5894 3263 5901 -
3712 5854 3724 5870 ⁸
