4034 6350
263 382 370 440 ιω

1760 383 2138 441 ΕΡΙὸΤΟίμιΕ.

3438 363 3614 451 ted

265 498 529 555 solvatur.
557 496 656 552 Hic
680 497 859 553 omnis
887 497 1245 553 frustraretur
1265 503 1510 562 conatus,
1531 497 1576 553 si
1604 498 1847 567 utrisque
1875 503 1926 562 Α
1954 497 2234 568 usurpavit
2257 498 2508 568 superbe.
2538 497 2828 556 Videamus
2851 501 2973 570 quis
3008 503 3095 558 hic
3124 502 3227 559 fuit
3246 502 3538 577 Josephus,

262 591 422 648 nobis
468 590 594 646 vitae
639 600 951 660 superesset
995 599 1214 647 status:
1248 591 1372 662 quia
1416 590 1744 660 computatis
1781 591 1850 646 ab

260 700 396 750 aera,
432 698 556 756 quae
583 699 726 739 nunc
749 683 952 740 dicitur
980 684 1427 756 octingentesima
1456 683 1850 754 septuagesima

259 787 476 841 octava,
509 776 700 848 viginti
724 785 780 832 et
803 785 1010 848 septem
1033 777 1212 842 annis,
1242 776 1296 830 in
1323 791 1430 830 aera
1459 785 1849 846 superventura

262 866 678 939 uongentesima
736 866 924 936 quinta
986 867 1174 922 Zabuli
1229 867 1393 922 vestri
1439 866 1850 936 dignosceretur

260 962 548 1016 adventus.
582 957 782 1014 Verum
810 961 1243 1032 constringamus
1265 975 1365 1016 nos
1397 960 1612 1030 utrique
1645 960 1734 1014 tali
1760 960 1852 1015 dc-

263 1051 528 1108 finitionis
551 1051 790 1116 decreto,
819 1060 878 1106 ut
899 1051 944 1108 si
977 1052 1086 1108 vita
1115 1067 1296 1108 comes
1327 1051 1511 1117 fuerit,
1552 1060 1608 1106 et
1635 1053 1850 1122 utrique

260 1145 330 1199 ad
371 1144 546 1215 ipsum
576 1157 842 1198 annorum
882 1143 1290 1214 pervenerimus
1321 1142 1578 1213 spatium,
1610 1152 1670 1197 ut
1695 1143 1850 1214 cujus

261 1233 401 1291 falsa
431 1233 654 1306 probata
686 1234 846 1290 fuerit
874 1233 1107 1289 invectio
1126 1234 1180 1288 in
1211 1233 1480 1303 comparis
1503 1234 1663 1290 fidem
1685 1232 1849 1288 animi

259 1335 508 1382 transeat
533 1341 741 1397 gressu.

331 1418 388 1474 8.
419 1417 574 1486 Quod
601 1418 646 1473 si
680 1418 796 1489 ipso
832 1417 885 1472 in
920 1427 1162 1490 tempore
1191 1428 1370 1475 vestra
1401 1436 1507 1476 non
1552 1420 1717 1477 fuerit
1760 1437 1848 1477 re-

258 1510 523 1581 demptio,
562 1524 751 1564 vereor
781 1525 848 1564 ne
895 1508 1118 1565 forsitan
1167 1511 1328 1567 unius
1368 1512 1718 1568 hebdomadas
1753 1530 1851 1567 nu-

259 1619 475 1659 merum
508 1604 559 1657 in
587 1602 924 1674 septuaginta
949 1618 1214 1658 annorum
1248 1603 1472 1660 vertatis
1496 1603 1847 1672 curriculum,

258 1705 320 1750 ut
360 1695 428 1751 lli
469 1695 630 1751 dcccc
653 1702 706 1732 οι
730 1710 902 1749 annos
931 1710 1098 1765 usque
1123 1696 1188 1750 ad
1214 1696 1384 1768 ipsius
1404 1697 1728 1768 iniquissimi
1749 1698 1848 1753 ho-

257 1787 365 1842 stis
393 1788 682 1842 adventum
710 1786 903 1843 dicatis
926 1803 1045 1843 esse
1072 1790 1389 1846 currendos.

333 1882 389 1937 9.
415 1881 801 1936 Animadverte
821 1882 1073 1951 qualibus
1093 1881 1285 1937 Daniel
1311 1882 1505 1938 librum
1528 1883 1850 1956 signaverit:
1882 1863 1932 1925 Β

259 1971 559 2043 Eligant”,
586 1971 781 2042 inquit,
825 1981 874 2026 et
903 1972 1309 2038 dealbabuntur,
1334 1984 1382 2027 ει
1414 1976 1567 2044 quasi
1589 1976 1722 2046 ignis
1743 1993 1860 2046 pro-

258 2063 530 2118 babuntnr
551 2062 701 2116 multi
744 2079 764 2118 :
793 2072 842 2117 et
887 2064 1044 2135 impie
1075 2077 1224 2136 agent
1265 2083 1441 2122 omnes
1485 2068 1650 2137 impii.
1688 2067 1859 2123 Porro

257 2154 404 2208 docti
435 2152 718 2226 intelligent
749 2153 911 2226 (Dan.
947 2170 1046 2216 xii,
1083 2155 1188 2227 f0).
1214 2155 1379 2214 Vides
1419 2158 1544 2229 quia
1585 2175 1649 2214 ex
1686 2159 1857 2228 plurio

256 2248 369 2304 mis
391 2250 551 2320 pauci
577 2248 842 2329 eljgentur
872 2258 926 2303 et
954 2249 1352 2306 dealbabuntur
1379 2271 1392 2306 :
1442 2263 1497 2308 et
1529 2253 1722 2308 iterum
1752 2269 1858 2310 non

255 2358 475 2408 omnes,
502 2343 594 2399 sed
621 2343 770 2397 multi
799 2343 1172 2414 probabuntur
1213 2362 1226 2398 :
1258 2353 1314 2399 et
1337 2345 1486 2418 impii
1521 2362 1626 2402 non
1658 2346 1858 2402 intelli-

255 2446 411 2507 gent,
458 2438 548 2508 qui
576 2436 738 2492 Deum
783 2446 1048 2507 negarunt
1095 2453 1107 2489 :
1148 2453 1312 2508 porro
1357 2438 1499 2495 docti
1533 2440 1854 2512 intelligent.

256 2525 374 2583 Nec
427 2528 570 2583 enim
619 2527 900 2583 scientiam
955 2527 1076 2583 libri
1129 2527 1433 2595 interdixit,
1479 2545 1616 2600 quos
1667 2534 1857 2588 doctos

257 2617 388 2673 ﬁdei
415 2634 536 2674 esse
567 2619 830 2691 prxvidit.
861 2618 1167 2689 Applaudes
1197 2629 1250 2674 te
1281 2621 1497 2688 iterum,
1529 2622 1656 2692 quia
1684 2623 1731 2677 si
1759 2623 1856 2679 tibi

258 2722 505 2776 vacaret,
533 2727 618 2766 me
649 2725 935 2781 meumque
963 2727 1090 2782 eges
1117 2711 1292 2782 ipsum
1315 2724 1342 2752 ει
1378 2713 1601 2768 multum
1632 2714 1857 2770 doceres

256 2818 497 2860 errasse.
548 2804 614 2858 Et
665 2805 808 2874 quod
861 2819 968 2859 non
1023 2802 1168 2858 vales
1216 2805 1546 2870 ostendere,
1600 2805 1753 2875 quasi
1802 2805 1855 2859 in

257 2895 494 2950 transitu
530 2895 748 2950 minitas
791 2895 1094 2960 intentare,
1132 2904 1190 2949 ut
1237 2895 1410 2950 lector
1443 2905 1494 2951 te
1528 2904 1676 2966 putet
1724 2896 1854 2950 mihi

254 3004 510 3064 parcere,
561 2989 648 3059 qui
695 2989 960 3042 mentiens
1009 3004 1112 3043 nec
1157 2997 1259 3042 tute
1286 2989 1482 3043 animae
1535 2988 1851 3059 pepercisti,

255 3087 389 3155 quia
417 3101 475 3138 os
504 3083 642 3153 quod
669 3083 938 3147 mentitur,
993 3083 1180 3136 occidit
1211 3084 1443 3137 animum
1471 3081 1626 3154 (Snp.
1655 3097 1692 3147 ι,
1743 3082 1851 3152 il),

257 3174 434 3231 multo
481 3173 650 3245 magis
688 3173 961 3244 propriam
1009 3189 1169 3244 quam
1221 3182 1522 3228 externam.
1575 3174 1641 3226 lit
1666 3173 1725 3227 fit
1752 3174 1854 3229 hoc

258 3279 383 3325 arte
413 3268 681 3324 rhetorica
731 3277 814 3334 ut,
846 3269 973 3322 dum
1006 3284 1111 3324 non
1140 3267 1284 3324 valet
1334 3283 1591 3339 responsa
1639 3283 1853 3338 parare,

257 3379 323 3419 se
352 3361 520 3432 fingat
546 3369 736 3432 sponte
763 3358 1038 3425 omittere,
1089 3375 1210 3430 quae
1237 3360 1388 3430 quasi
1431 3369 1618 3430 potens
1647 3369 1860 3431 poterat

259 3455 568 3527 approbare
597 3473 609 3508 :
650 3463 704 3509 nt
730 3454 978 3509 ostendat
1005 3453 1254 3508 omnibus
1282 3469 1386 3508 non
1419 3453 1609 3508 deesse
1636 3453 1709 3508 illi
1739 3465 1855 3508 stu-

261 3546 439 3611 dium,
464 3547 558 3601 sed
582 3545 746 3600 animi
774 3554 978 3600 votum.
1024 3544 1224 3616 Sicque
1247 3547 1374 3600 dum
1425 3556 1635 3601 montes
1664 3562 1859 3603 aureos

259 3637 494 3711 pellicit,
546 3653 646 3693 nec
669 3652 870 3692 arreum
913 3653 1191 3692 numnnnn
1225 3637 1492 3708 producit.
1549 3636 1770 3693 Talibus
1800 3646 1858 3692 tu

261 3731 506 3787 imbutus
553 3746 614 3786 es
659 3729 991 3799 disciplinis,
1045 3739 1102 3786 et
1163 3730 1282 3785 ideo
1338 3738 1388 3785 te
1431 3727 1654 3798 jactitas
1700 3747 1860 3803 posse

268 3823 441 3895 quod,
470 3823 799 3880 conscientia
833 3832 993 3889 teste,
1016 3822 1166 3877 vales
1195 3822 1396 3878 minine
1423 3821 1691 3878 factitare.

340 3917 428 3971 10.
464 3913 613 3971 Scito
657 3916 784 3985 quia
812 3913 946 3969 nihil
981 3913 1073 3968 tibi
1106 3929 1172 3969 ex
1204 3913 1452 3987 Egcsippi
1477 3914 1627 3984 posui
1658 3914 1858 3980 verbis,

263 4017 364 4072 sed
412 4027 478 4068 ex
509 4011 712 4083 Josippi
759 4011 924 4067 vestri
973 4011 1249 4075 doctoris;
1302 4009 1426 4080 quia
1456 4024 1522 4063 ex
1555 4008 1864 4079 captivitate

263 4100 563 4178 Babylonis
590 4119 760 4175 usque
787 4104 854 4158 ad
878 4101 1142 4159 Herodem
1184 4101 1499 4174 alienigena:
1540 4102 1724 4172 prolis.
1753 4118 1864 4156 om-

267 4217 372 4256 nes
407 4199 679 4271 principes
725 4207 937 4254 vestros
969 4205 1025 4252 et
1071 4213 1226 4269 reges
1275 4195 1424 4252 fuere
1470 4205 1525 4252 et
1554 4197 1863 4253 sacerdotes

264 4297 386 4349 suis
415 4289 634 4347 tradidit
656 4289 807 4345 libris
831 4305 846 4355 ;
881 4296 1204 4360 usurpantes
1233 4286 1334 4342 sibi
1357 4287 1718 4343 sacerdotium
1743 4293 1864 4356 post

266 4400 497 4457 regnum
528 4383 774 4438 invasum
821 4397 837 4435 :
890 4396 987 4453 per
1008 4381 1148 4450 quod
1175 4396 1280 4436 non
1312 4377 1568 4435 diﬂiditur
1610 4379 1860 4435 lethalem

265 4494 365 4535 eos
391 4477 716 4533 sustinuisse
744 4489 951 4531 casum.
986 4473 1096 4528 Nec
1119 4472 1249 4528 mihi
1272 4487 1538 4543 opponas:
1568 4469 1861 4527 Extraneus

1879 3223 1926 3288 ϐ

1953 588 2037 642 vel
2061 604 2127 643 ex
2155 603 2261 658 qua
2293 588 2434 643 tribu
2460 588 2770 647 Judaiorum
2800 593 3008 648 exstitit
3032 604 3204 652 ortus.
3233 597 3491 655 Aitenim
3517 617 3534 655 :

1952 679 2219 752 Josepbus
2251 681 2466 738 Mathia:
2491 682 2653 750 filius,
2677 694 2731 740 et
2755 685 3114 760 Hierosolymi
3137 694 3416 756 sacerdos.
3441 694 3539 764 qui

1954 781 2008 827 et
2033 773 2148 843 ipse
2174 771 2447 828 Romanos
2496 775 2670 844 primo
2698 776 2839 832 bello
2867 781 3308 850 oppugnaverint,
3363 792 3420 840 et
3444 799 3540 854 po-

1955 864 2276 921 sterioribus
2317 865 2671 922 nihilominus
2701 867 3035 925 inlerfuerim
3071 873 3273 941 proeliis
3302 875 3540 930 necessi-

1954 964 2064 1011 tate
2101 957 2442 1012 constrictus.
2493 957 2562 1012 Et
2613 958 2666 1012 in
2712 959 2818 1014 alio
2844 959 3000 1016 loco:
3036 959 3153 1018 Non
3193 977 3294 1035 ego
3323 966 3542 1035 quidem

1952 1048 2170 1117 Aaron,
2231 1050 2324 1105 sed
2366 1059 2543 1107 tamen
2599 1069 2706 1109 non
2759 1054 2990 1126 deneger
3017 1056 3045 1097 ι)
3073 1059 3141 1113 ab
3181 1075 3264 1115 eo.
3316 1059 3423 1116 Sed
3473 1077 3542 1116 ex

1952 1141 2142 1212 quinto
2187 1142 2325 1198 libro
2361 1159 2472 1199 sua:
2515 1143 2768 1201 Historiae
2794 1147 3136 1217 proferamus
3180 1150 3338 1221 quale
3387 1152 3541 1208 testi-

1952 1237 2193 1291 monium
2222 1253 2385 1309 super
2413 1254 2524 1295 suae
2563 1242 2742 1311 gentis
2755 1243 3076 1312 produxerit
3101 1256 3396 1316 comptum.
3450 1248 3544 1312 Et-

1953 1331 2096 1385 enim
2145 1339 2429 1401 postquam
2485 1348 2516 1387 a
2574 1332 2906 1405 Vespasiano
2963 1338 3386 1407 comprehensus
3439 1349 3544 1404 est,
3602 1389 3615 1399 .

1953 1429 2124 1491 atque.
2146 1421 2264 1476 neci
2295 1420 2636 1492 adjudicatus
2655 1464 2670 1489 ,
2714 1439 2814 1494 pro
2843 1441 2907 1480 eo
2929 1426 3072 1496 quod
3111 1426 3218 1483 dux
3249 1427 3424 1484 fuerat
3451 1427 3547 1483 .Iu—

1954 1514 2122 1570 daicze
2152 1512 2402 1570 factionis
2423 1556 2438 1580 ,
2489 1524 2542 1571 et
2568 1515 2752 1571 multis
2779 1515 3050 1572 Romanos
3089 1517 3412 1590 fatigaverat
3438 1519 3550 1574 bel-

1952 1605 2042 1668 lis,
2094 1607 2308 1662 tandem
2362 1607 2698 1678 Vespasiano
2737 1609 2801 1664 de
2848 1619 3022 1664 morte
3059 1609 3291 1665 Neronis
3335 1621 3391 1664 et
3431 1608 3552 1679 ejus

1954 1696 2240 1768 imperium
2279 1700 2638 1770 pr0phetavit,
2685 1709 2740 1756 et
2780 1701 2924 1757 illico
2973 1719 3081 1759 non
3114 1702 3287 1758 solum
3316 1706 3546 1774 gratiam

1955 1789 2239 1845 solutionis
2267 1791 2504 1861 excepit,
2551 1791 2648 1846 sed
2676 1801 2731 1846 et
2761 1793 3014 1848 amicitia:
3056 1794 3234 1849 locum
3261 1796 3401 1866 apud
3424 1810 3550 1850 eum

1960 1899 2066 1938 non
2107 1886 2564 1938 contemnendum
2609 1885 2861 1940 obtinuit.
2912 1885 3104 1942 Jussus
3153 1898 3330 1942 tamen
3372 1896 3456 1942 est
3493 1897 3554 1940 ut

1959 1977 2137 2048 patrio
2183 1993 2434 2034 sermone
2488 1978 2855 2050 alloqueretur
2883 1978 3116 2044 Judznos,
3169 1995 3398 2049 quorum
3442 1981 3552 2034 dux

1961 2078 2078 2124 erat
2097 2067 2332 2129 Joannes
2355 2070 2594 2126 Sicarius
2633 2071 2922 2141 parricida.
2955 2071 3054 2127 Cui
3085 2072 3263 2127 taliter
3285 2071 3554 2143 Josephus

1961 2159 2079 2213 ait:
2117 2158 2231 2215 Non
2263 2160 2498 2224 mirum,
2544 2158 2804 2227 Joannes,
2847 2161 2893 2216 si
2941 2177 3258 2232 perseveres
3285 2179 3454 2234 usque
3482 2164 3553 2218 ad

1959 2250 2229 2306 excidium
2253 2251 2463 2321 patriae,
2503 2268 2626 2307 cum
2648 2252 2762 2322 jam
2813 2254 3131 2325 reliquerint
3154 2271 3274 2310 eam
3297 2256 3552 2328 prmsidia

1961 2341 2177 2408 divina;
2227 2345 2324 2399 sed
2350 2343 2518 2398 miror
2541 2345 2590 2400 si
2616 2347 2913 2416 perituram
2943 2361 3050 2401 non
3089 2347 3290 2410 credis,
3335 2363 3456 2402 cum
3478 2347 3554 2403 le-

1959 2437 2104 2506 geris
2145 2438 2490 2507 propheticos
2511 2439 2702 2506 libros,
2725 2440 2925 2510 quibus
2950 2441 3160 2495 excidia
3187 2440 3372 2510 patria:
3400 2440 3555 2495 nobis

1960 2529 2434 2593 annuntiaverunt,
2492 2539 2549 2584 et
2582 2539 2832 2600 reparata
2877 2532 3112 2587 culmina
3155 2546 3344 2587 rursus
3372 2548 3402 2586 a
3445 2531 3556 2586 Ro-

1959 2633 2122 2674 mano
2152 2620 2480 2675 destruenda
2509 2623 2772 2676 exercitu.
2806 2621 2944 2690 Quid
2972 2624 3116 2677 enim
3167 2623 3313 2678 aliud
3354 2623 3554 2679 clamat

1962 2710 2193 2765 Daniel?
2239 2710 2357 2766 Non
2392 2713 2537 2767 enim
2575 2714 2715 2782 quod
2733 2714 2844 2784 jant
2889 2713 3090 2769 factum
3117 2724 3255 2780 erat,
3286 2717 3379 2771 sed
3409 2717 3553 2787 quod

1957 2799 2298 2870 profuturum
2341 2814 2363 2841 ο
2396 2804 2772 2874 prophetabat.
2816 2801 2947 2869 Qua:
2991 2814 3075 2859 est
3103 2806 3432 2859 abominatio
3463 2806 3554 2860 de-

1959 2893 2241 2950 solationis
2271 2894 2610 2950 venientibus
2636 2895 2663 2934 d
2699 2895 2961 2952 Romanis
2988 2897 3124 2963 fore,
3161 2898 3264 2953 nisi
3304 2898 3406 2952 ista
3435 2913 3556 2969 quae

1959 2985 2250 3040 imminet?
2302 2986 2583 3057 Conspicis
2629 2989 2772 3057 quod
2809 2990 2924 3059 ipso
2957 2991 3010 3043 in
3064 2998 3306 3060 tempore
3341 3000 3558 3059 septua-

1959 3077 2106 3149 ginta
2148 3078 2514 3135 hebdomadas
2537 3079 2804 3152 Jusephus
2843 3091 3024 3137 vester
3055 3083 3280 3137 credidit
3306 3098 3426 3137 esse
3457 3083 3557 3136 im-

1961 3168 2174 3239 pletas?
2221 3169 2288 3223 Et
2315 3177 2435 3240 post
2463 3185 2635 3240 pauca
2664 3171 2871 3227 addidit
2893 3173 3056 3227 etiam
3086 3174 3199 3229 haec
3230 3191 3242 3227 :
3291 3173 3400 3228 Nec
3434 3189 3552 3244 ego,

1962 3259 2060 3325 ait,
2102 3258 2238 3312 liber
2265 3261 2332 3314 ab
2365 3258 2669 3328 lmjusmodi
2697 3261 2936 3333 periculo
2977 3279 3118 3318 sum.
3161 3263 3295 3320 Novi
3324 3273 3379 3318 et
3417 3263 3554 3333 ipse,

1962 3353 2088 3423 quia
2136 3369 2259 3408 cum
2296 3355 2492 3410 vestris
2545 3356 2885 3426 periclitatur
2911 3357 3253 3413 sanctissima
3284 3358 3402 3412 "fill
3445 3373 3556 3410 ma-

1963 3455 2064 3511 ter,
2092 3456 2147 3501 et
2173 3463 2330 3502 sacra
2351 3448 2522 3503 satius
2552 3458 2902 3519 uxor,‘atquc
2927 3467 3033 3504 non
3079 3451 3314 3520 ignobile
3361 3465 3549 3520 genus,

1961 3551 2014 3599 et
2069 3544 2342 3614 quondam
2388 3543 2581 3599 domus
2612 3543 2914 3614 praeclara;
2963 3560 3026 3599 ac
3074 3544 3305 3599 fortasse
3335 3551 3557 3614 propter

1962 3653 2111 3693 meos
2140 3652 2227 3692 me
2264 3639 2494 3694 suadere
2523 3638 2862 3692 arbitramini
2889 3653 2902 3704 ;
2947 3637 3178 3692 occidite
3199 3653 3313 3702 eos,
3343 3645 3396 3691 et
3423 3635 3559 3691 acci-

1961 3732 2072 3803 pite
2101 3732 2323 3803 insuper
2370 3729 2675 3786 mercedem
2722 3745 2900 3783 meum
2933 3729 3275 3801 sanguinem,
3326 3727 3557 3782 libenter

1965 3827 2105 3880 hanc
2137 3825 2286 3879 solvo
2311 3822 2618 3878 mercedem
2649 3832 2842 3878 vestrae
2879 3820 3088 3886 salutis,
3121 3820 3165 3876 si
3211 3829 3330 3891 post
3355 3834 3440 3874 me
3469 3835 3556 3874 sa-

1963 3933 2090 3988 pere
2130 3917 2376 3988 polestis.
2407 3913 2684 3986 lntelligis,
2719 3914 2790 3968 mi
2814 3928 3095 3984 germane,
3125 3912 3250 3983 quia
3279 3926 3555 3982 nunquam

1965 4012 2254 4084 aliquando
2275 4025 2462 4081 sapere
2492 4008 2716 4080 potestis
2736 4005 2893 4076 juxta
2919 4009 3078 4062 verba
3108 4007 3271 4061 vestri
3297 4005 3554 4070 doctoris,

1963 4122 2091 4161 vere
2112 4106 2339 4162 confidis
2371 4105 2424 4158 in
2449 4103 2624 4159 ventis
2659 4113 2703 4166 θ,
2736 4111 2791 4156 et
2814 4101 2981 4156 habes
3010 4099 3256 4154 fiduciam
3289 4098 3342 4152 in
3369 4097 3555 4151 nihilo.

1966 4200 2159 4254 Dixisti
2201 4198 2346 4253 enim
2378 4196 2520 4267 quod
2563 4196 2678 4267 ipsa
2718 4203 2877 4248 natus
2901 4201 2986 4250 est
3029 4193 3116 4247 die
3137 4201 3191 4247 et
3230 4199 3426 4246 unctus
3453 4207 3560 4259 quo

1963 4289 2261 4346 Jerusalem
2308 4295 2519 4342 vastata
2572 4284 2690 4340 fuit.
2757 4281 2966 4339 Sufficit
3035 4282 3181 4336 enim
3233 4279 3378 4351 quod
3435 4279 3554 4348 ejus

1967 4383 2220 4439 nativitas
2277 4380 2431 4436 vobis
2463 4377 2732 4435 excidium
2779 4384 2836 4431 et
2869 4383 3188 4447 perpetuam
3233 4372 3447 4428 ruinam
3479 4371 3560 4425 in-

1966 4474 2122 4531 dixit.

265 4574 409 4628 enim
439 4571 528 4641 qui
585 4567 881 4632 accesserit,
936 4566 1038 4620 nisi
1079 4580 1144 4620 ea:
1188 4565 1324 4619 tribu
1369 4567 1570 4630 Aaron,
1603 4565 1862 4619 moriatur
1887 4587 1940 4647 Β
2039 4562 2326 4627 ‘ll.V'ides,
2350 4560 2423 4615 mi
2449 4557 2644 4623 frater,
2671 4556 3021 4613 temehorem
3048 4549 3556 4611 esseatquessia.

266 4663 465 4738 (Num.
497 4678 536 4728 ι,
567 4661 679 4731 51).
713 4660 820 4717 Sed
862 4658 1038 4715 recole
1079 4657 1434 4728 pervicaciam
1458 4656 1697 4712 Judaica:
1722 4671 1854 4728 gen-

268 4756 342 4813 tis
363 4765 420 4810 et
449 4753 587 4810 male
619 4752 775 4808 fortis
801 4750 1103 4814 audaciam,
1158 4759 1213 4804 et
1239 4756 1366 4804 tunc
1407 4749 1547 4805 scies
1576 4747 1668 4818 qui
1708 4756 1860 4818 pote-

269 4856 398 4904 rant
445 4859 710 4917 usurpare
757 4842 982 4914 majora.
1034 4842 1146 4914 Ego
1190 4841 1334 4896 enim
1381 4840 1746 4897 Alexandrum
1792 4855 1859 4896 ex

269 4941 418 4996 tribu
477 4937 628 4994 Judaa
683 4939 872 4994 ducem
919 4951 1041 4992 esse
1091 4935 1319 4994 firmavi.
1369 4935 1460 5006 qui
1496 4934 1858 4990 sacerdotium

269 5032 557 5105 usurpavit
578 5032 702 5087 sibi.
721 5029 823 5096 Tu,
841 5029 887 5085 si
910 5028 1166 5092 velis,dic
1185 5043 1307 5082 eum
1334 5026 1528 5082 iterum
1555 5043 1653 5082 nec
1680 5041 1860 5097 regem

257 5125 475 5191 fuisse;
507 5123 600 5180 sed
635 5125 737 5179 hoc
763 5137 866 5178 non
894 5120 1116 5192 poteris.
1148 5118 1276 5189 quia
1304 5117 1632 5174 domesticus
1655 5118 1751 5173 tibi
1782 5127 1864 5173 te-

270 5219 377 5274 stis
415 5215 652 5285 assurgit
689 5212 988 5284 Iosephus,
1037 5210 1128 5281 qui
1170 5210 1333 5265 etiam
1362 5208 1728 5264 Aristobolum
1761 5210 1867 5263 fra-

272 5320 418 5366 trem
457 5306 575 5378 ejus
607 5304 729 5360 talia
757 5303 952 5360 fecisse
993 5301 1106 5359 suis
1154 5299 1417 5371 approbat
1447 5298 1625 5354 dictis.
1682 5298 1865 5369 Siqui-

261 5408 424 5466 dem,
453 5403 549 5466 ait,
590 5395 951 5462 Aristobolus,
983 5396 1068 5451 cui
1095 5396 1239 5450 inter
1267 5393 1466 5448 fratres
1494 5401 1626 5448 actas
1672 5408 1866 5462 prove-

258 5497 439 5560 ctior,
487 5508 640 5549 mens
667 5488 1011 5562 praaroptior,
1041 5487 1403 5561 principatum
1451 5485 1743 5540 sacerdotii
1797 5485 1864 5541 ad

259 5586 432 5660 regni
489 5592 812 5658 potestatem
862 5581 964 5660 sibi
1020 5579 1304 5644 convertit,
1366 5585 1419 5633 et
1475 5577 1714 5633 diadema
1767 5578 1867 5634 sibi

345 5741 378 5773 ι
410 5727 541 5799 Leg.
574 5725 908 5797 Egesippum,
939 5721 1004 5776 de
1029 5733 1136 5791 quo
1169 5716 1370 5774 statim.

345 5802 382 5842 ι’
412 5801 537 5870 Leg.
579 5800 820 5868 degener.

350 5884 373 5911 ε
410 5869 615 5933 Forte,
653 5884 747 5938 pro
779 5865 980 5934 futuro.

765 5959 1036 6019 Pnnoc.
1085 5951 1317 6016 CXXI.

1963 4659 2044 4714 Tu
2073 4657 2280 4713 solutus
2332 4670 2412 4720 es,
2461 4653 2551 4708 ille
2578 4653 2817 4722 ligatus;
2857 4660 2912 4704 tu
2937 4647 3176 4718 juvenis,
3223 4645 3312 4700 ille.
3334 4645 3446 4714 jam
3475 4658 3560 4697 se-

1964 4767 2088 4809 nex.
2140 4750 2210 4806 Et
2260 4749 2488 4804 forsitan
2521 4747 2647 4801 inde
2691 4745 2948 4808 senescit,
3002 4740 3104 4796 nisi
3137 4737 3388 4810 quotiens
3412 4736 3560 4790 dicas

1966 4848 2299 4903 incrementa
2345 4860 2469 4900 eum
2516 4858 2622 4898 non
2654 4834 2863 4897 sentire
2891 4839 3090 4903 aetatis,
3149 4852 3244 4908 per
3271 4835 3413 4905 quod
3453 4849 3562 4889 nte-

1968 4939 2154 4994 tallum
2193 4953 2315 4992 eum
2368 4935 2552 4992 firmes
2597 4933 2908 4990 insensibile
2956 4946 3098 4986 esse.
3155 4929 3364 4984 Titulus
3413 4927 3558 4983 enim

1969 5043 2072 5096 est,
2101 5045 2170 5086 ne
2207 5029 2423 5084 falsaris
2468 5027 2830 5084 metallorum.
2879 5023 3093 5079 Utinam
3140 5039 3245 5077 non
3277 5029 3328 5075 te
3354 5021 3563 5091 pigeret

1969 5124 2103 5179 mihi
2131 5123 2372 5179 scribere
2400 5123 2520 5192 quis
2558 5136 2681 5176 eum
2709 5117 2904 5180 vinxit,
2933 5115 3056 5187 quis
3101 5114 3338 5169 vinctum
3389 5120 3561 5165 custo-

1970 5219 2066 5283 dit,
2118 5219 2172 5272 in
2205 5233 2308 5288 qua
2333 5217 2529 5271 latrina
2569 5214 2800 5270 infectus
2831 5210 2993 5281 iacet,
3034 5209 3089 5264 in
3119 5225 3223 5278 qua
3255 5216 3415 5262 terra:
3439 5220 3557 5276 por-

1970 5313 2116 5370 tione
2141 5313 2324 5368 cloaca
2377 5311 2647 5366 dimersus
2691 5307 2965 5362 vermibus
3000 5313 3193 5360 scatet.
3223 5301 3462 5357 Clainate
3509 5297 3561 5353 ei

1971 5421 2104 5462 voce
2131 5406 2352 5476 majore,
2385 5406 2509 5476 quia
2535 5404 2758 5460 forsitan
2785 5385 2963 5458 alvum
2988 5409 3168 5456 vester
3194 5396 3416 5452 Messias
3442 5409 3566 5465 pur«

1971 5507 2083 5568 gat,
2132 5506 2228 5552 aut
2275 5496 2510 5552 vesicam
2566 5493 2827 5548 effusione
2878 5494 3047 5547 urina:
3096 5490 3263 5552 laxat,
3321 5494 3414 5541 aut
3450 5483 3563 5538 fimi

1973 5597 2218 5657 putorem
2251 5587 2407 5643 tacite
2445 5603 2511 5643 ex
2558 5601 2662 5642 ano
2690 5583 2930 5650 exhalat,
2981 5591 3075 5639 aut
3117 5590 3264 5638 certe
3286 5577 3562 5634 inflatione

2054 5726 2081 5767 ἀ
2107 5725 2232 5790 Ms.,
2259 5725 2526 5780 venientis.

2058 5810 2080 5836 (⁸
2115 5796 2235 5864 Ms.,
2265 5797 2510 5851 intentos.

3057 5951 3128 6010 10
