4034 6350
541 410 659 467 Μ.

1787 396 2037 454 ALVARI
2075 337 2548 451 CORéUBENSIS
3657 388 3743 450 ια

542 537 749 585 vmtris
783 520 1083 593 .n'stripida
1110 532 1136 560 α
1182 518 1412 589 digerit,
1466 524 1521 569 et
1571 515 1690 569 ideo
1720 514 1953 584 gemitus
2009 520 2118 565 tam
2149 514 2199 570 A
2227 508 2321 562 bus
2342 515 2698 577 peccaverunt,
2730 513 2777 557 et
2809 502 3075 556 mandabo
3099 517 3207 565 eos,
3235 510 3280 554 et
3308 511 3453 554 erant
3475 501 3593 556 mihi
3606 504 3655 557 in
3672 522 3743 574 ρο.

544 614 828 678 diuturnos
880 622 1089 669 vestros
1120 625 1224 665 non
1272 608 1439 661 audit.
1493 604 1609 659 Non
1656 613 1708 659 le
1747 605 1913 674 pudet
1942 603 1994 668 δ,
2018 610 2128 657 tam

545 706 826 779 umna-
879 716 1088 765 sectare
1137 702 1468 759 amentiam?
1520 698 1659 756 Vere
1711 710 1798 765 tu,
1853 710 2128 769 germane,

2231 599 2402 671 pulos,
2430 607 2479 653 et
2507 613 2599 668 ego
2646 613 2735 651 ero
2772 597 2845 649 eis
2876 594 2929 648 in
2955 593 3120 648 Deum
3143 610 3161 658 ;
3187 603 3231 648 et
3259 610 3432 648 servus
3454 610 3586 649 meus
3611 595 3744 651 David

2232 709 2386 762 super
2404 706 2492 745 eos
2516 707 2535 754 ;
2562 700 2609 744 et
2639 697 2819 759 pastor
2849 703 2986 740 unus
3031 686 3127 739 erit
3180 685 3406 739 omnium
3430 698 3683 752 seruitum
3705 689 3745 742 is

546 774 1004 880 sequeﬁsoventos
1027 808 1087 856 et
1124 798 1302 869 pascis
1344 811 1526 861 auras,
1559 795 1650 866 qui
1681 807 1877 848 nervos
1925 789 2137 845 nebulae
2224 781 2445 852 iudiciis
2473 781 2600 833 meis
2625 776 2990 842 ambulabunt,
3015 785 3065 831 et
3090 774 3339 829 mandata
3365 775 3746 842 meacustodicnt,

547 896 739 958 tenens
763 899 819 951 in
853 895 1031 949 fumos
1056 892 1336 946 domorum
1383 886 1633 950 conﬁdis,
1663 887 1756 955 qui
1803 885 1967 940 etiam
1995 881 2130 937 solu-

547 996 749 1048 tionem
772 1000 802 1041 s
828 996 935 1056 quo
964 999 1069 1038 non
1111 991 1195 1037 est
1246 980 1453 1036 solutus
1480 986 1736 1049 expectas
1768 988 1817 1031 ο.
1842 975 2048 1031 Scribis
2078 975 2131 1028 in

545 1082 690 1139 ﬁne:
731 1077 901 1143 Vitde,
927 1087 1177 1147 tuumque
1212 1071 1397 1127 Iesum
1421 1081 1556 1135 tene,
1584 1079 1631 1123 et
1662 1069 1767 1132 hic,
1791 1077 1840 1121 et
1861 1067 1914 1121 in
1944 1081 2130 1120 meum.

543 1170 628 1232 Ad
685 1166 830 1244 quod
897 1172 1057 1227 breve
1126 1178 1445 1236 responsum
1496 1161 1728 1231 accipito
1770 1177 1783 1213 :
1827 1160 2033 1224 Amen;
2081 1167 2138 1212 et

546 1266 747 1325 itemm
799 1278 995 1329 amen;
1037 1270 1092 1316 et
1127 1259 1290 1316 tertio
1327 1271 1507 1321 amen;
1564 1257 1617 1310 in
1668 1252 1806 1309 curio
1850 1267 2029 1317 amen,
2082 1249 2137 1303 in

547 1368 695 1417 terra
718 1372 898 1413 amen.
924 1356 993 1410 Et
1016 1354 1198 1410 dicant
1224 1367 1331 1408 non
1357 1349 1529 1406 solum
1572 1347 1772 1418 angeli,
1817 1346 1912 1402 sed
1943 1353 1999 1401 et
2023 1360 2139 1399 om-

550 1451 634 1508 nis
659 1449 890 1523 populus
917 1464 932 1503 :
982 1444 1125 1511 Fiat,
1157 1444 1249 1514 ﬁat
1280 1440 1452 1515 (Psal.
1483 1456 1572 1505 ev,
1600 1439 1716 1509 b8).
1770 1438 1842 1496 Ut
1872 1438 2011 1492 sicut
2039 1450 2140 1508 ego

550 1560 673 1599 eum
705 1549 897 1613 sponte
941 1538 1033 1593 illo
1063 1537 1302 1607 spirante
1337 1533 1443 1589 ﬁde
1492 1531 1760 1603 amplecto
1787 1571 1801 1595 ,
1833 1530 1908 1583 ita
1952 1528 2021 1583 ab
2048 1527 2141 1582 illo

553 1646 759 1701 tenear,
806 1648 874 1689 ne
896 1631 1136 1685 abducar
1157 1628 1227 1683 ab
1264 1642 1330 1682 eo
1356 1626 1460 1682 ﬁde
1487 1624 1570 1680 vel
1600 1638 1765 1693 opere
1803 1620 2142 1693 praestigioso

553 1725 783 1795 alicujus
809 1732 1137 1781 commento.
1169 1722 1343 1789 Atque
1379 1720 1451 1773 ita
1493 1725 1726 1773 mentem
1768 1729 1941 1770 meam
1985 1710 2142 1767 Iesus

549 1817 676 1886 jure
727 1816 830 1871 sibi
878 1821 1138 1887 perpetuo
1191 1810 1450 1872 vindicet,
1509 1818 1567 1863 ut
1605 1808 1659 1862 in
1711 1805 1961 1862 sensibus
2006 1803 2141 1859 meis

2234 882 2283 927 et
2310 872 2502 943 facient
2525 888 2606 935 ea,
2633 879 2682 923 et
2703 869 3009 923 habitabant
3035 883 3191 936 super
3242 877 3431 921 terram
3473 884 3617 938 quam
3653 870 3748 923 dedi

2235 980 2379 1019 servo
2432 979 2544 1017 meo
2571 961 2759 1025 Iacob,
2785 961 2841 1014 in
2866 976 2973 1031 qua
3015 960 3373 1014 habitaverunt
3398 969 3560 1029 patres
3592 962 3751 1027 rastri;

2237 1066 2284 1112 et
2306 1055 2611 1111 habitabant
2640 1070 2798 1124 super
2841 1064 3036 1107 terram
3064 1053 3164 1123 ipsi
3188 1061 3235 1106 et
3263 1050 3362 1121 lilii
3406 1067 3592 1117 eorum,
3611 1062 3654 1107 et
3676 1052 3752 1122 ﬁlii

2238 1149 2469 1219 ﬁliorum
2493 1164 2653 1219 usque
2678 1147 2731 1201 in
2756 1145 3147 1216 sempiternum,
3191 1152 3238 1197 et
3259 1143 3427 1197 David
3469 1158 3626 1198 cerrus
3644 1161 3754 1199 nam

2239 1243 2478 1312 princeps
2529 1255 2708 1295 eorum
2754 1253 2914 1309 usque
2964 1238 3020 1291 in
3065 1235 3448 1306 sempiternum,
3494 1244 3546 1290 et
3592 1234 3754 1305 reliqua

2241 1330 2458 1404 (Ezech.
2490 1347 2700 1397 xxxv",
2733 1328 2945 1401 ll—24).
2973 1329 3107 1385 Vide
3147 1327 3308 1383 modo
3329 1326 3475 1397 quod
3492 1325 3667 1381 nullam
3687 1341 3758 1382 oc-

2242 1424 2515 1479 casionem
2550 1422 2795 1489 invenire
2820 1428 2993 1491 potes,
3018 1428 3081 1475 ut
3103 1417 3209 1473 ista
3234 1416 3415 1472 omnia
3450 1430 3549 1471 non
3577 1416 3670 1472 sint
3691 1414 3756 1471 Iu-

2244 1521 2365 1569 tura
2393 1513 2625 1582 desuper
2653 1520 2873 1567 terram.
2930 1508 3096 1564 Finit.

2952 1638 3138 1697 XVIII.

2339 1753 2468 1792 ITEI
2505 1750 2760 1791 EPISTOLA
2800 1749 2993 1789 ALVARI
3031 1745 3448 1789 TRANSGRESSOBI
3485 1745 3701 1787 DIREC'I'A.

558 1862 704 1962 inulla
728 1862 1579 1976 “deinceps'tiiillatioobscena
1627 1897 1867 1968 evigilet.
1911 1894 2019 1951 Sed
2070 1895 2145 1950 ita

2320 1873 2372 1926 1.
2405 1869 2718 1926 Confectam
2740 1865 3042 1932 mendacio,
3069 1864 3415 1923 contumeliis
3431 1862 3631 1920 fetidam
3650 1872 3762 1917 tuam

560 2001 727 2056 menti
772 1999 878 2053 ﬁde
924 1995 1254 2068 praesideat,
1305 2001 1364 2047 ut
1413 1991 1714 2048 membrum
1764 2004 1930 2059 opere
1953 1996 2148 2058 regat;

562 2106 757 2162 meque
798 2091 867 2146 ab
915 2088 1101 2144 auditu
1133 2085 1277 2140 malo
1326 2101 1427 2139 suo
1478 2084 1719 2138 liberans
1759 2097 1981 2138 munere
2022 2081 2152 2135 dex-

561 2193 691 2240 terae
715 2181 888 2253 partis
914 2178 1115 2251 gaudio
1157 2176 1320 2232 faciat
1347 2175 1665 2245 participem
1716 2186 1855 2227 esse.
1893 2171 2011 2240 Ipse
2059 2169 2151 2238 qui

562 2276 615 2329 in
646 2272 911 2339 Trinitate
953 2285 1077 2325 eum
1122 2268 1285 2323 Patre
1333 2276 1389 2320 et
1435 2264 1640 2336 Spiritu
1699 2272 1889 2318 sancto
1932 2277 2071 2315 unus
2119 2276 2151 2315 a

562 2380 649 2421 me
666 2362 867 2421 colitur
885 2362 1047 2425 Deus,
1079 2361 1166 2416 cui
1198 2367 1284 2415 est
1311 2358 1487 2432 gloria
1508 2358 1564 2412 in
1588 2355 1783 2412 saecula
1809 2354 2147 2411 saeculorum.

634 2477 735 2532 Hic
764 2477 977 2546 vestigia
1005 2483 1254 2546 apparent
1278 2472 1570 2526 litterarum
1596 2470 1740 2546 rubri
1766 2468 1975 2531 coloris,
2000 2467 2165 2546 quesi‘

561 2547 743 2603 titulus
774 2538 991 2602 alterius
1015 2538 1266 2616 epistolae,
1300 2543 1959 2616 transgressoris‘nempe:
1998 2538 2153 2608 cujus

560 2630 831 2689 propterea
851 2609 1072 2689 inferior
1096 2616 1211 2689 folii
1240 2632 1381 2689 pars,
1411 2609 1594 2682 inqua
1618 2609 1893 2689 incipiebat
1917 2650 1933 2675 ,
1965 2625 2154 2678 ampu-

562 2684 693 2745 tata.
723 2688 828 2745 Sed
868 2684 1014 2743 versa
1043 2684 1235 2758 pagina
1266 2688 1442 2739 insunt
1470 2684 1778 2755 sequentia:

1280 2808 1442 2865 XVII.

637 2912 688 2966 i.
734 2907 923 2974 Israel,
970 2906 1110 2962 sicut
1155 2904 1416 2974 scriptum
1455 2908 1540 2957 cst
1567 2901 1620 2956 in
1649 2899 1788 2955 libro
1814 2897 2154 2953 Deuterono-

568 3002 677 3059 mio
701 3019 715 3055 :
762 2999 946 3055 Ponite
980 2999 1090 3054 ha'c
1116 2996 1266 3053 verba
1292 3013 1408 3051 mea
1432 2996 1487 3049 in
1513 2992 1776 3057 cordibus,
1801 3001 1849 3046 et
1880 2992 1935 3045 in
1964 2990 2155 3043 animis

566 3096 770 3161 uestris,
802 3101 858 3149 et
882 3092 1084 3172 reliqua
1116 3090 1294 3162 (Deut.
1331 3105 1406 3153 xi,
1434 3088 1545 3158 l8).
1584 3086 1651 3141 Et
1699 3087 1753 3141 in
1779 3086 1972 3141 eodem
2014 3083 2155 3138 libro

568 3185 697 3242 alibi
720 3184 918 3255 legitur
948 3198 964 3237 :
988 3181 1176 3252 Legem
1201 3180 1443 3252 pratcepit
1474 3179 1619 3234 nobis
1651 3177 1858 3248 Moyses
1875 3176 2156 3230 hwredita-

2252 1978 2588 2025 cmuerosam
2618 1959 2901 2031 epistolam
2924 1958 3174 2021 vidimus,
3222 1956 3445 2014 mendis
3486 1971 3582 2012 non
3625 1954 3771 2012 multis

2255 2057 2628 2120 tractavimus,
2660 2068 2824 2124 quam
2850 2053 3123 2123 obliquam
3145 2050 3429 2108 confestim
3452 2049 3767 2119 cognovimus.

2254 2150 2375 2207 Tibi
2403 2150 2584 2205 statim
2615 2148 2943 2218 respondere
2977 2161 3083 2201 non
3112 2144 3348 2215 pigritiae
3375 2144 3491 2209 fuit,
3516 2144 3602 2199 sed
3624 2142 3769 2198 iussis

2253 2243 2458 2298 exitum
2498 2240 2699 2303 habuit,
2751 2254 2818 2296 eo
2864 2238 3006 2306 quod
3054 2236 3253 2292 innecii
3305 2235 3450 2291 salus
3476 2233 3770 2295 Odevalutus,

2252 2334 2501 2408 proprius
2527 2349 2613 2390 me
2639 2348 2745 2388 non
2774 2331 3043 2388 continuit
3069 2329 3240 2386 locus.
3270 2329 3396 2386 Ideo
3433 2330 3583 2385 istam
3620 2326 3770 2399 prais-

2256 2432 2455 2488 tionem
2487 2429 2817 2501 apologetice
2848 2426 3161 2491 indidimus,
3208 2440 3280 2482 ne
3316 2441 3403 2481 me
3444 2439 3557 2481 sere
3599 2438 3773 2495 respon-

2254 2524 2399 2580 disse
2421 2521 2678 2577 causeris.
2708 2521 2887 2590 Atque
2913 2519 2967 2575 in
2995 2519 3171 2589 prima
3210 2517 3391 2574 fronte
3413 2515 3620 2572 Iudaico
3658 2528 3775 2570 more

2256 2613 2567 2669 mendacem
2595 2609 2929 2673 miravimus,
2953 2618 3008 2665 et
3023 2608 3243 2663 solitam
3271 2607 3394 2662 ﬁdei
3416 2615 3517 2661 tuae
3539 2604 3770 2677 perﬁdiam

2256 2704 2588 2766 borruimus,
2638 2702 2765 2757 dum
2815 2701 2896 2757 ais
2943 2715 2958 2754 :
3000 2697 3233 2755 Scedula
3293 2697 3559 2767 cujusdam
3611 2703 3776 2750 nostra:

2256 2796 2502 2870 pervenit
2549 2796 2616 2852 ad
2664 2808 2878 2858 manus,
2920 2808 3041 2863 qua:
3080 2791 3241 2861 plena
3268 2801 3391 2847 erat
3408 2786 3775 2860 ltlasphemiisin

2258 2892 2426 2946 Deum
2461 2903 2649 2943 verum
2681 2896 2738 2940 et
2764 2888 2964 2939 vivum.
3016 2884 3244 2940 Constat
3292 2883 3435 2961 enim
3483 2890 3532 2937 te
3575 2878 3776 2935 fallacem

2256 2984 2520 3047 existere,
2549 2980 2675 3034 dum
2699 2993 2763 3034 ea
2794 2978 2924 3033 milii
2956 2977 3172 3033 conaris
3194 2976 3472 3047 imponere
3509 2989 3636 3045 quas,
3674 2986 3775 3028 eou-

2259 3075 2483 3130 scientia
2514 3080 2671 3134 teste,
2700 3071 2752 3124 in
2782 3072 2917 3126 meis
2945 3068 3139 3125 litteris
3164 3082 3442 3139 nunquam
3469 3065 3670 3121 visuses
3688 3075 3779 3132 pet-

2258 3165 2514 3222 currisse.
2566 3162 2673 3218 Sed
2702 3163 2848 3232 quia,
2890 3170 2948 3216 ut
2973 3161 3076 3226 ais,
3102 3159 3279 3216 nolles
3313 3160 3444 3216 mihi
3481 3157 3775 3228 respondere.

569 3286 673 3330 tem
693 3240 1045 3335 multitudinis
1062 3240 1420 3340 Iacobweut.
1452 3284 1642 3331 χχχιιι,
1668 3240 1766 3340 4)..
1779 3268 1847 3321 Ει
1872 3267 2068 3321 iterum
2100 3265 2152 3320 in

2259 3255 2363 3312 nisi
2391 3264 2442 3310 te
2476 3240 2865 3324 praeceptorum
2895 3260 3107 3307 tuorum
3133 3260 3189 3305 et
3213 3251 3493 3308 doctorum
3518 3250 3781 3320 perurgeret

568 3369 759 3427 eodem
780 3368 918 3423 libro
944 3381 960 3421 :
985 3365 1120 3421 Cave
1140 3382 1203 3419 ne
1224 3363 1540 3419 Oblivisceris
1568 3363 1839 3418 verborum
1862 3376 1980 3431 qua:
2011 3360 2154 3414 vide—

569 3471 692 3519 runt
714 3461 854 3519 oculi
882 3462 980 3525 tui,
1011 3470 1057 3514 et
1089 3475 1152 3514 ne
1189 3457 1502 3519 descendant
1533 3454 1561 3494 ἀ
1599 3454 1663 3509 de
1700 3453 1858 3509 corde
1889 3464 1979 3507 tuo
2028 3469 2156 3506 cun-

569 3555 665 3612 ctis
704 3554 886 3611 diebus
916 3553 1033 3608 vita:
1064 3563 1167 3606 tua:
1212 3550 1388 3621 (Deut.
1433 3565 1503 3611 IV,
1550 3548 1625 3615 9).
1673 3546 1831 3610 Audi,
1877 3547 2155 3601 obtrecta—

570 3655 680 3713 tor,
715 3646 859 3718 qnod
888 3644 1150 3715 scriptum
1202 3649 1357 3695 est‘:
1400 3637 1616 3696 Cunctis
1663 3639 1844 3695 diebus
1875 3640 1994 3694 vitm
2021 3648 2157 3705 ture;

572 3738 804 3794 ﬁrmiter
838 3736 1056 3799 attende
1081 3742 1137 3789 et
1156 3747 1307 3796 cave,
1343 3748 1409 3787 ue
1436 3731 1624 3787 videns
1645 3746 1751 3788 non
1782 3730 1988 3795 videas,
2011 3738 2068 3786 et
2091 3743 2160 3784 ne

573 3829 799 3886 audiens
835 3844 943 3884 nou
972 3825 1258 3895 intelligas.
1290 3823 1426 3878 Vide
1452 3824 1635 3893 igitur,
1667 3824 1809 3893 quod
1834 3838 2009 3880 meam
2033 3837 2158 3878 con-

576 3919 788 3974 ﬁrmavi
808 3918 983 3988 legem
1016 3916 1361 3971 verissim...

646 4019 870 4087 (Abhinc
915 4018 1089 4088 deﬁcit
1146 4019 1349 4082 charta,
1390 4036 1545 4089 quam
1592 4020 1814 4144 in[erius
1877 4028 2164 4073 resecatam

646 4091 828 4144 cimus.
884 4089 1007 4143 Tria
1068 4090 1222 4144 etiam
1272 4091 1537 4144 sequentia
1594 4090 1643 4144 [ο
1668 4092 1719 4143 ia
1771 4090 1963 4144 resrisa
1992 4099 2112 4143 sunt
2143 4103 2162 4141 :

577 4091 828 4147 diximus.
884 4089 1007 4143 Tria
1038 4090 1222 4160 etiam
1272 4091 1537 4160 sequentia
1591 4089 1719 4160 folia
1771 4090 1963 4145 resrisa
1992 4099 2112 4143 sunt
2143 4103 2162 4141 :

578 4162 702 4217 etin
730 4170 916 4229 quarto
963 4159 1287 4230 subsequenti
1342 4159 1453 4230 (ubi
1492 4159 1671 4214 Alvari
1729 4161 1934 4213 decima
1979 4170 2164 4214 octava

578 4230 795 4304 epistola
825 4231 1025 4302 incipit)
1059 4234 1131 4284 ita
1153 4232 1359 4301 explicit
1390 4230 1609 4300 epistola
1642 4231 2045 4301 transgressoris
2080 4230 2121 4301 :)

647 4321 703 4377 3.
736 4322 967 4377 Deserta:
987 4321 1267 4392 plena’que’
1298 4322 1538 4392 gregibus
1578 4321 1873 4386 hominum,
1924 4330 1968 4374 et
2001 4322 2166 4375 scient

581 4416 703 4489 q‘uia
732 4431 825 4486 ego
844 4414 1099 4468 Dominus
1128 4412 1343 4485 (Ezerh.
1369 4427 1555 4476 mm,
1580 4412 1694 4482 58).
1722 4412 1790 4465 Et
1816 4419 1975 4481 paulo
2000 4423 2121 4481 post
2145 4426 2161 4466 :

583 4508 692 4564 Fili
716 4508 963 4573 hominis,
994 4524 1111 4560 ossa
1131 4506 1498 4559 ha’cuniversa
1523 4503 1708 4558 domus
1737 4503 1907 4559 Israel
1930 4514 2023 4558 est.
2051 4503 2165 4576 Ipsi

581 4603 761 4659 dicunt
792 4614 810 4653 :
842 4603 1105 4655 Aruerunt
1143 4615 1262 4653 ossa
1290 4605 1491 4659 nostra,
1517 4588 1667 4665 periit
1714 4613 1830 4667 spes
1876 4608 2076 4663 nostra,
2117 4606 2165 4652 et
2194 4608 2249 4669 Β

583 4696 774 4753 abscisi
798 4709 998 4749 sumus.
1045 4688 1329 4765 Propterea
1359 4687 1642 4744 vaticinare
1665 4700 1711 4744 et
1735 4690 1877 4745 dices
1908 4694 1976 4745 ad
2021 4706 2108 4745 eos
2149 4703 2169 4743 :

587 4789 714 4846 Haec
734 4789 863 4845 dicit
901 4776 1155 4841 Dominus
1206 4783 1347 4837 Deus
1374 4799 1393 4837 :
1420 4780 1556 4837 Ecce
1586 4799 1679 4855 ego
1712 4800 1977 4839 assumant
2028 4784 2171 4854 ﬁlios

586 4872 756 4936 Israel
784 4876 847 4934 de
868 4878 1036 4932 medio
1059 4875 1348 4936 nationum,
1391 4874 1459 4928 ad
1495 4890 1628 4945 quas
1660 4875 1936 4940 abierunt;
1971 4885 2018 4929 et
2047 4891 2172 4929 con-

585 4974 805 5044 gregaba
835 4968 1181 5039 eosundique,
1213 4975 1259 5019 et
1282 4966 1543 5020 adducam
1568 4982 1655 5021 eos
1676 4968 1746 5020 ad
1774 4977 1967 5020 terram
1994 4983 2170 5031 suam,

584 5074 633 5119 et
662 5050 973 5132 facianiieos
1000 5060 1054 5112 in
1090 5067 1290 5129 gentem
1335 5074 1493 5112 unam
1525 5060 1579 5111 in
1613 5067 1753 5112 terra
1802 5059 1857 5112 in
1908 5057 2171 5111 montibus

586 5150 781 5219 Israel,
812 5161 859 5207 et
893 5166 982 5204 rex
1010 5150 1144 5204 u’nus
1180 5151 1276 5204 erit
1326 5150 1564 5206 omnibus
1614 5151 1896 5220 imperans.
1947 5148 2017 5202 Et
2066 5165 2172 5203 non

586 5255 739 5301 erunt
785 5243 928 5299 ultra
959 5243 1077 5297 dum
1110 5253 1309 5313 gentes,
1351 5260 1443 5296 nec
1496 5243 1794 5296 dividentur
1849 5241 2075 5312 amplius
2117 5243 2171 5295 in

588 5337 694 5391 duo
724 5351 901 5406 regna,
935 5350 1096 5404 neque
1121 5332 1422 5403 polluentur
1445 5330 1670 5399 amplius
1699 5332 1752 5385 in
1780 5331 1936 5385 idolis
1957 5331 2089 5396 suis,
2123 5341 2173 5385 et

588 5427 1060 5485 abominationibus
1087 5425 1218 5488 suis,
1245 5435 1289 5476 et
1321 5423 1374 5476 in
1401 5424 1600 5476 cunctis
1632 5424 2022 5477 necessitatibus
2036 5424 2171 5489 suis,

587 5533 634 5578 et
663 5520 836 5578 salvos
862 5536 949 5574 eos
982 5518 1178 5588 faciam
1206 5515 1271 5569 de
1299 5514 1550 5569 universis
1580 5514 1787 5568 sedibus
1809 5517 1939 5579 suis,
1976 5518 2030 5569 in
2059 5517 2177 5587 qui-

663 5673 689 5702 ι
722 5660 802 5714 Αη
834 5654 1062 5723 insipida
1085 5655 1110 5706 Ρ

660 5730 687 5769 δ
724 5729 848 5793 Ms.,
868 5732 1029 5794 putet.

663 5811 687 5841 ο
720 5797 845 5864 Mm,
887 5794 1009 5851 naui
1036 5810 1139 5850 non
1164 5805 1237 5851 est
1269 5805 1469 5851 sotutus
1498 5809 1731 5867 expecta.

2251 3351 2446 3421 jussio,
2476 3350 2705 3405 obsecro
2732 3357 2785 3401 te
2810 3355 2887 3410 ut,
2922 3362 3214 3418 parumper
3240 3360 3470 3402 rancose
3496 3341 3782 3414 deposito,et

2257 3444 2540 3499 obstinata:
2566 3439 3005 3511 perﬁdimerrore
3027 3437 3272 3508 depulso,
3298 3436 3781 3501 animadvertaqu

2259 3538 2399 3592 dico.
2425 3535 2557 3591 Cum
2588 3535 2851 3604 propheta
2886 3540 3024 3587 teste
3061 3531 3253 3587 cuncti
3295 3531 3407 3587 sint
3450 3529 3672 3584 caecitate
3694 3537 3784 3595 per-

2259 3627 2426 3692 cussi,
2456 3642 2561 3696 qua
2586 3624 2907 3683 temerantia
2932 3621 3185 3679 doctores
3205 3622 3305 3678 tibi
3333 3621 3529 3677 anseris
3545 3626 3785 3685 esse,qu

2262 3736 2434 3778 caecos
2472 3732 2595 3775 esse
2649 3716 2930 3787 cognoscis
2983 3714 3252 3771 sententia
3309 3709 3632 3785 prophetali!
3657 3707 3710 3762 Et
3744 3704 3784 3758 in

2264 3823 2471 3870 tantum
2494 3814 2598 3868 hoc
2625 3818 2812 3880 aperte
2850 3807 3181 3880 prophetalis
3218 3822 3413 3864 sermo.
3430 3804 3661 3861 omnibus
3681 3800 3786 3855 into-

2265 3918 2390 3974 nat,
2423 3915 2482 3963 ut
2509 3907 2670 3963 etiam
2700 3913 2912 3983 tempus
2932 3903 3191 3959 excitatis
3222 3908 3342 3958 non‘
3363 3903 3479 3959 sine
3502 3911 3674 3971 magna
3698 3895 3788 3949 des-

2263 4002 2557 4074 quisitione
2572 3999 2866 4071 perquirat,
2885 3997 3103 4053 dicens:
3121 3992 3422 4067 Usquequo,
3437 3991 3639 4049 Domine
3651 3984 3789 4059 ἔσω.

2264 4090 2351 4161 ηιξ
2369 4096 2394 4150 1
2410 4095 2481 4167 l.)
2503 4093 2599 4149 Cui
2614 4092 2796 4147 statim
2810 4091 2988 4147 divina
3006 4089 3286 4160 responsio
3311 4096 3610 4159 perpetuam
3620 4080 3789 4138 πάιδ-

2268 4200 2377 4245 tem
2391 4203 2490 4245 suo
2504 4184 3045 4242 declaravitoraculo.
3067 4182 3174 4240 Sed
3188 4183 3306 4238 haec
3315 4191 3372 4238 et
3384 4180 3535 4237 alias.
3549 4176 3720 4230 Tamen
3731 4184 3793 4224 se

2272 4295 2408 4351 quar
2433 4276 2673 4348 epistolae
2705 4284 2808 4329 tuae
2833 4274 3080 4345 vestigia,
3115 4282 3177 4328 et
3193 4287 3437 4328 errorem
3467 4267 3648 4339 quibus
3672 4258 3793 4318 lineis

2270 4371 2548 4441 ingressus
2568 4378 2669 4431 est,
2705 4367 2835 4422 loris
2864 4366 3155 4435 producam
3186 4381 3199 4417 :
3224 4365 3492 4423 omittens
3508 4351 3793 4416 contumeliis

2269 4462 2602 4519 stultissimis
2639 4459 2879 4524 vulnera,
2907 4472 3028 4527 qua:
3055 4457 3120 4513 ab
3146 4455 3469 4527 impudendo
3492 4466 3582 4509 om
3615 4443 3797 4505 colubri-

2272 4554 2387 4610 fera
2410 4552 2670 4624 sapientia
2696 4548 3023 4621 produxisti,
3054 4555 3110 4603 et
3135 4562 3207 4603 ea-
3228 4554 3435 4607 tantmn
3465 4541 3682 4599 breviter
3699 4533 3796 4590 inti-

2276 4662 2436 4711 mem,
2486 4659 2606 4714 qua!
2651 4643 2745 4698 tibi
2770 4650 2824 4696 et
2860 4640 3015 4697 freno
3058 4640 3297 4711 linguam
3350 4636 3715 4706 constringant,
3759 4632 3797 4680 et

2275 4742 2470 4794 chamo
2491 4735 2719 4807 iustitiae
2742 4734 2798 4789 in
2829 4733 2963 4791 recti
2996 4732 3211 4789 itineris
3239 4732 3511 4788 tramitem
3546 4725 3796 4783 devisntem

2276 4832 2592 4902 perducant.

2346 4928 2402 4983 2.
2440 4926 2536 4983 Ais
2567 4925 2711 4982 enim
2745 4922 2887 4993 quod
2916 4936 2949 4976 e
2978 4919 3251 4976 contrario
3290 4917 3451 4974 ﬁdem
3491 4909 3739 4984 reprobam
3760 4906 3805 4957 θι

2279 5018 2567 5085 abiectam,
2607 5024 2662 5070 et
2693 5013 3035 5083 falsiloquam
3061 5019 3125 5066 et
3144 5009 3507 5073 maledictam,
3536 5014 3589 5062 et
3619 4993 3807 5058 horribi-

2281 5106 2386 5162 lem
2411 5116 2469 5161 et
2489 5104 2892 5177 despectibilem
2908 5144 2924 5169 ,
2968 5112 3023 5159 et
3057 5099 3475 5156 abominabilem
3503 5107 3554 5152 et
3580 5094 3718 5149 vilem
3742 5099 3805 5177 nt-

2281 5199 2559 5269 linqueris,
2609 5208 2663 5253 et
2698 5197 2983 5269 gloriosam
3024 5209 3321 5264 veramque
3364 5185 3715 5261 assumpseris.

2282 5268 2453 5347 miror
2479 5289 2672 5346 frontis
2699 5268 2803 5344 tua:
2827 5287 3083 5343 duritiam
3123 5284 3455 5342 reclamante
3496 5279 3679 5337 mundo
3709 5268 3807 5326 illi!

2282 5388 2612 5461 prompsisse
2640 5384 2877 5449 infanda,
2901 5399 3022 5454 qua:
3047 5392 3107 5438 ut
3126 5381 3385 5453 Virgilius
3413 5378 3431 5418 ί
3463 5377 3570 5433 ait:

2528 5520 2629 5571 Nec
2649 5522 2755 5570 visu
2776 5516 2943 5575 facilis,
2971 5530 3065 5567 nnc
3083 5516 3214 5567 dictu
3234 5513 3443 5566 stlibill's
3464 5510 3566 5573 ulli,

2354 5645 2379 5684 ἀ
2412 5645 2470 5699 In
2496 5644 2719 5715 Vulgata
2740 5641 2981 5715 excidant
3020 5640 3265 5713 legimus.
3291 5639 3445 5707 Apud
3470 5636 3721 5693 Alvarum,
3747 5622 3805 5678 in-

2284 5719 2387 5781 ira,
2416 5708 2663 5770 excedant
2687 5729 2783 5784 pro
2812 5708 3076 5767 excidant.

2360 5798 2383 5825 ο
2418 5786 2678 5855 Corrupta
2713 5785 2894 5855 verba.

2364 5857 2382 5897 ῐ
2429 5853 2607 5929 νίνε.ζ
2628 5872 2687 5911 m
2720 5854 2866 5916 ,λΕιιη
2901 5869 3039 5909 vers.
3069 5853 3194 5908 621.
