4034 6350
310 418 418 489 tes
1500 478 1503 481 ι
1761 404 2139 497 spissam.
2968 486 2974 493 .
3479 412 3605 501 tot

309 545 753 605 Anmtadvertere
790 544 954 605 debes
1001 551 1105 604 vim
1153 564 1463 607 sermonum
1497 568 1617 623 quae
1651 566 1680 607 a
1720 561 1772 608 te
1818 552 1902 606 in-
1928 554 1979 613 Α
2006 552 2284 607 auxilium.
2318 526 2374 608 Si
2400 553 2754 626 angelorum?
2787 570 2918 628 ergo
2946 555 3121 628 angeli
3160 565 3287 612 sunt
3317 555 3393 611 illi
3423 557 3579 614 simi-

309 638 529 695 coudite
570 639 767 712 prolati
810 649 935 696 sunt
955 682 969 705 ,
1013 650 1069 696 et
1112 641 1350 714 intelligo
1381 644 1506 713 Quia
1537 642 1729 699 bifarie
1759 644 1817 698 in’
1846 654 1897 699 te
2002 643 2081 700 les
2118 654 2173 700 et
2194 640 2396 715 pariter
2417 647 2697 703 hominum
2719 658 2994 705 creatores
3019 664 3033 702 :
3058 657 3113 705 et
3136 649 3262 707 dum
3287 651 3445 706 unius
3466 654 3581 709 veri

309 732 427 803 ipse
456 733 665 790 divisus
690 749 769 790 es.
805 732 1011 790 Dicitur
1035 736 1178 789 enim
1207 736 1359 801 ﬁdes,
1397 746 1462 791 eo
1491 737 1631 806 quod
1661 736 1760 791 fuit
1795 736 1895 790 ali-

308 820 461 892 quid.
510 819 666 877 Unde
701 830 755 877 et
786 818 919 878 fides
939 834 964 864 α
989 823 1247 879 dieuntur
1278 824 1523 881 homines
1553 826 1647 895 qui
1670 826 1897 881 veritate

307 914 438 966 sunt
464 908 668 968 firmes.
699 910 756 968 Si
782 914 925 969 enim
955 915 1089 971 lides
1120 924 1224 976 est.
1261 932 1366 971 non
1405 926 1490 972 est
1530 916 1780 988 reproba,
1814 919 1899 974 vel

308 1004 400 1060 illa
432 1005 536 1061 alia
569 1018 693 1077 quae
719 1008 1089 1079 ignominioso
1114 1010 1210 1064 ore
1247 1009 1321 1064 illi
1368 1014 1473 1065 non
1516 1007 1673 1065 fanda
1714 1012 1896 1067 attitu-

307 1096 455 1153 lasﬁ’.
489 1096 555 1153 Si
579 1104 759 1154 autem
803 1102 951 1155 tanta
996 1096 1053 1156 et
1101 1100 1226 1155 talia
1275 1102 1471 1172 probra
1514 1102 1589 1157 illi
1630 1104 1891 1170 attitulas,

308 1186 535 1261 rego'uf
557 1186 719 1246 fidem
746 1189 983 1249 nominis
1010 1192 1217 1248 demas.
1254 1192 1389 1248 Dum
1427 1193 1569 1249 enim
1610 1194 1894 1263 reprobam

308 1285 468 1352 dicis,
512 1296 606 1343 tuo
651 1282 751 1343 ore
790 1286 1005 1345 ne'sciu‘s‘
1051 1298 1101 1345 te
1151 1290 1321 1360 ipsum
1367 1290 1540 1347 elidis.
1586 1290 1892 1362 Reprobum

304 1378 459 1434 enim
480 1378 677 1435 dicitur
702 1380 849 1451 quod
874 1391 998 1437 ante
1029 1382 1261 1438 electum
1290 1384 1519 1449 exstitit,
1548 1384 1890 1456 postmodum

303 1469 379 1523 ob
409 1466 617 1540 aliquid
637 1471 979 1541 reprobatur.
1010 1471 1161 1540 Quod
1190 1483 1247 1527 ut
1277 1474 1538 1544 legalibus
1566 1475 1894 1531 instrmnen-

304 1557 380 1613 tis
406 1557 747 1627 conﬁrmem,
770 1561 895 1617 audi
926 1554 1075 1633 quod
1098 1564 1342 1634 sequitur
1374 1562 1688 1636 :Argentum
1718 1570 1895 1638 repro-

302 1648 428 1704 bum
458 1658 639 1706 vacare
663 1668 773 1719 eos,
807 1652 932 1725 quia
964 1649 1219 1711 Dominus
1249 1658 1468 1727 projecil
1498 1656 1616 1713 illos
1647 1646 1781 1731 (fer.
1815 1677 1889 1727 v1,

301 1740 419 1812 50).
447 1742 680 1801 intueris
707 1756 896 1802 contra
930 1754 980 1803 te
1010 1748 1176 1805 fuisse
1205 1748 1461 1816 locutum,
1494 1760 1549 1808 et
1577 1761 1725 1808 tuum
1756 1754 1809 1808 in
1840 1764 1893 1810 te

304 1840 633 1892 mucroncm‘
670 1830 839 1895 fuisse
887 1834 1170 1895 retor'mm.
1232 1842 1375 1899 idem
1430 1844 1584 1900 enim‘
1622 1838 1891 1917 abjectum

2002 735 2096 790 Dei
2132 736 2395 791 culturam
2422 724 2715 808 praedicas,
2749 740 3039 796 multorum
3082 740 3305 796 deorum
3349 744 3579 800 servitu—

2000 834 2108 881 tem
2137 820 2391 883 incurris.

2067 919 2120 973 5.
2163 920 2324 976 Vides
2351 920 2524 993 legem
2559 938 2604 976 SI
2644 920 2936 980 carnaliter
2970 912 3293 980 observetur
3327 926 3452 984 esse
3489 916 3583 984 de-

1998 1026 2281 1095 structam.
2314 1017 2563 1075 Peteram
2593 1019 2689 1076 tibi
2721 1022 2882 1076 totius
2922 1014 3057 1093 legis
3098 1014 3376 1077 historiam
3412 1004 3582 1077 hiaui—

1997 1109 2270 1165 chzeorum
2326 1127 2476 1167 more
2530 1112 2934 1184 impugnantem
2978 1129 3039 1169 se
3086 1108 3316 1169 invicem
3360 1114 3583 1170 demon-

1995 1210 2171 1257 strare
2198 1219 2213 1268 ;
2245 1203 2337 1259 sed
2368 1202 2488 1258 vide
2511 1203 2636 1275 quia
2659 1219 2767 1259 non
2790 1203 2964 1259 solum
2990 1196 3122 1263 deos
3142 1202 3323 1274 plures
3343 1200 3578 1270 inducis,

1996 1307 2185 1347 verum
2220 1295 2384 1349 etiam
2415 1296 2682 1350 creaturis
2724 1292 2937 1375 exteris
2975 1292 3283 1351 creato'rcm’
3318 1290 3467 1352 tuum
3509 1297 3580 1353 si-

1996 1385 2177 1441 milem
2214 1402 2334 1445 esse
2377 1386 2579 1444 firmas.
2614 1387 2767 1456 Quod
2805 1389 2849 1445 si
2884 1390 2923 1444 a‘
2957 1404 3045 1445 me
3088 1390 3317 1461 requiris
3351 1384 3584 1460 qualiter

1995 1476 2099 1533 hoc
2138 1480 2394 1545 sentiam,
2436 1481 2541 1536 mei
2577 1481 2745 1536 animi
2776 1498 2883 1537 non
2922 1478 3189 1553 percipies
3220 1474 3578 1550 sententiam,

1995 1571 2121 1641 quia
2163 1572 2219 1627 in
2260 1572 2509 1629 malivola
2555 1576 2734 1630 anima
2780 1593 2883 1632 non
2920 1572 3082 1632 intrat
3120 1577 3375 1649 sapientia
3414 1577 3576 1650 (Sap.

1995 1678 2031 1726 ι,
2060 1661 2138 1732 4).
2173 1662 2373 1719 Verum
2402 1665 2528 1735 quia
2558 1662 2715 1722 casso
2743 1665 2929 1723 labore
2964 1666 3025 1723 in
3049 1656 3473 1724 confirmandam
3501 1668 3580 1725 le-

1993 1768 2112 1826 gem
2158 1754 2427 1823 desudas,
2479 1759 2755 1828 surdaque
2789 1754 2929 1815 aure
2960 1768 3015 1814 et
3060 1758 3376 1816 indomabili
3418 1757 3581 1817 corde

1995 1861 2081 1901 me
2118 1848 2428 1918 compedire
2471 1847 2720 1915 festinas,
2764 1850 2874 1906 noli
2921 1851 3176 1922 expansis
3218 1850 3385 1907 labris
3432 1852 3582 1907 testi;

303 1924 461 1996 quod
482 1928 767 1998 reprebum
800 1950 811 1985 :
842 1934 971 2004 quia
998 1936 1140 2004 quod
1172 1932 1443 2003 obiicitur,
1474 1938 1601 1995 ante
1628 1939 1890 2008 abiectio-
1921 1926 1967 1986 Β
1997 1938 2191 1993 moniis
2225 1938 2548 2010 applaudere
2590 1956 2812 2008 vanum,
2843 1944 2967 1997 cum
3003 1937 3142 1999 scias
3173 1957 3258 1997 me
3298 1936 3433 2015 legis
3472 1940 3578 1999 non

302 2034 429 2076 nem
455 2020 729 2094 proprium
759 2024 889 2080 esse”
909 2016 1330 2097 deprehenditur
1358 2047 1371 2083 :
1401 2031 1549 2100 quod
1573 2028 1746 2099 vobis,
1780 2048 1888 2089 non

300 2112 575 2184 gentibus,
612 2116 891 2187 cengruit;
914 2120 1208 2190 vestrmmte
1253 2119 1380 2193 legi',
1420 2137 1526 2176 non
1572 2124 1771 2179 nostr-.e
1802 2126 1885 2180 in-

299 2208 464 2264 sedit.
495 2207 626 2278 Quis
652 2210 820 2276 enim,
852 2214 897 2267 o'
916 2212 1231 2269 stultissime
1260 2215 1560 2281 hominum,
1594 2218 1664 2271 ita
1695 2234 1892 2273 vesano

297 2304 407 2357 ore
430 2298 618 2358 contra
650 2308 710 2359 Se
735 2298 989 2373 garrienti
1026 2300 1089 2361 in
1127 2306 1361 2377 p‘acilico‘
1393 2309 1575 2363 animo
1617 2325 1675 2364 se
1714 2311 1888 2380 ipsum

296 2394 539 2452 oceisit?
584 2394 653 2452 Et
694 2397 820 2453 licet
865 2394 1073 2455 τειῑᾶυέ
1104 2384 1273 2456 feﬁda‘
1308 2398 1480 2455 multa
1516 2417 1665 2457 more
1700 2417 1892 2474 proca-

298 2489 479 2557 cium,
522 2504 628 2545 non
674 2489 1054 2557 facundorum,
1104 2491 1414 2562 protuleris,
1461 2501 1517 2547 et
1561 2498 1677 2547 non'
1717 2492 1775 2547 ut
1814 2493 1891 2548 tui

293 2582 559 2655 iactitant
597 2592 694 2657 pc'r
739 2582 1177 2657 syllogismorum
1224 2592 1277 2640 et
1327 2588 1426 2656 pro
1461 2584 1889 2641 Soloecismorum

301 2675 544 2745 spineta.
580 2673 829 2731 acumina
851 2675 1003 2746 quasti
1025 2668 1313 2748 Chrysippi
1339 2670 1663 2747 iactaveris;
1709 2676 1889 2731 saltim

302 2766 714 2838 despectibilem
743 2763 931 2822 dicere
950 2778 1056 2823 non
1083 2765 1347 2822 debueras
1368 2805 1385 2832 ,
1432 2776 1532 2821 nec
1567 2765 1726 2821 vilem
1767 2782 1890 2837 pro—

302 2857 474 2923 ferre,
513 2874 674 2930 quam
719 2860 931 2933 regiam
963 2866 1020 2914 et
1057 2864 1341 2914 tonantem
1364 2856 1537 2915 oculis
1571 2857 1886 2929 praevidisti.

303 2950 407 3010 Vel
434 2953 505 3009 de
530 2954 632 3008 hoc
660 2954 988 3009 erubescere
1018 2949 1182 3008 debes
1205 2964 1270 3007 ea
1297 2950 1461 3006 nobis
1482 2950 1746 3023 ingerere,
1773 2966 1891 3020 quae

1998 2045 2199 2100 negare
2247 2039 2609 2101 prwceptum,
2658 2032 2753 2093 sed
2785 2048 2895 2103 per
2938 2030 3275 2092 intellectum
3322 2048 3580 2089 venerare

1998 2120 2256 2174 divinum.
2299 2118 2549 2192 Nunquid
2588 2136 2688 2193 ego
2721 2121 2915 2178 similis
2952 2123 3028 2178 tui
3067 2138 3218 2189 sum,
3260 2131 3320 2178 ut
3354 2124 3429 2179 ea"
3458 2118 3578 2195 qua:

1996 2209 2115 2264 luce
2161 2209 2391 2265 clariora
2437 2212 2716 2278 existum,
2747 2211 2908 2267 dubia
2959 2212 3150 2268 faciam
3191 2210 3583 2285 praedicando?

1994 2299 2149 2356 Absit
2179 2300 2364 2372 ergo'a
2397 2300 2518 2367 me,
2549 2310 2607 2356 ut
2632 2301 2724 2373 qui
2754 2302 3039 2359 veritatem
3065 2303 3208 2370 colo,
3238 2302 3577 2361 meri‘daeium

1996 2391 2206 2462 loquar.
2248 2391 2425 2448 Credo
2472 2393 2625 2448 enim’
2663 2388 2815 2464 Quod
2847 2393 2931 2450 lex
2978 2398 3083 2451 non
3114 2393 3287 2451 solum
3311 2388 3449 2464 tibi,
3483 2398 3577 2455 sed

1995 2484 2246 2540 Omnibus
2291 2491 2375 2539 est
2427 2482 2683 2556 gentibus
2721 2486 2879 2553 data,
2928 2488 3055 2557 quaa‘
3091 2476 3339 2559 deoalbgi’
3375 2476 3575 2545 tabulis

1996 2578 2098 2634 fuit
2124 2580 2348 2634 inserta.
2408 2572 2672 2656 Conspice
2718 2578 2925 2649 primas
2965 2580 3173 2636 tabulas
3224 2586 3407 2636 vestro
3447 2578 3580 2639 vitio

1996 2669 2221 2735 fractas,
2245 2678 2301 2725 et
2325 2664 2562 2742 intelli'ge
2597 2662 2810 2726 vest‘ras'
2841 2671 3176 2743 signiﬁcasse
3208 2673 3453 2729 insanias
3479 2670 3577 2729 fal‘o

1996 2776 2101 2816 sas.
2141 2760 2244 2829 Qui
2274 2761 2525 2832 primitus
2571 2758 2799 2832 quidem
2837 2761 3027 2829 electi,
3069 2763 3202 2818 νηὶο
3239 2762 3581 2822 veStro'estis

1996 2853 2246 2925 proiecti.
2286 2852 2523 2910 Adve'rte
2545 2895 2559 2919 ,
2591 2868 2719 2921 oro,
2752 2854 3019 2910 secundas
3058 2851 3268 2911 tabulas
3292 2854 3577 2913 velamini-

1996 2949 2096 3003 bus
2125 2945 2278 3003 vobis
2300 2946 2573 3014 obtectas,
2627 2958 2686 3003 ut
2726 2949 2888 3004 corda
2922 2946 3109 3005 v'estra'
3131 2962 3289 3006 casso
3320 2960 3460 3006 tecta
3487 2967 3581 3009 ve-

1997 3038 2195 3093 lamine
2242 3054 2348 3094 non
2398 3034 2803 3096 ill'ustrarentur
2842 3056 3082 3112 superno
3120 3034 3580 3100 ineriarrab'ililu-

2001 3130 2162 3185 mine.
2204 3129 2328 3186 Ideo
2348 3137 2405 3186 et‘
2438 3120 2649 3205 Moyses
2690 3122 2935 3190 velat‘um'
2970 3134 3154 3190 retulit
3182 3133 3420 3203 vultum,
3453 3138 3580 3208 quia

304 3043 409 3100 tibi
435 3058 542 3098 non
570 3044 789 3100 nescius
812 3059 873 3099 es
900 3042 1195 3099 abundare.
1233 3038 1597 3099 Conculcatur
1620 3038 1763 3097 e’ni'm
1794 3043 1891 3097 ho.

302 3135 398 3191 die
425 3149 541 3190 non
560 3133 701 3190 ﬁdes
716 3148 837 3206 qua:
862 3136 1061 3205 parum‘
1082 3133 1297 3190 exetitit‘
1321 3143 1508 3190 sancta
1530 3174 1546 3199 ,
1585 3134 1681 3189 sed
1712 3142 1889 3189 vestra

301 3227 773 3298 praevaricationis
796 3214 1065 3297 portem,
1086 3232 1142 3284 et
1169 3227 1363 3282 omnia"
1384 3224 1519 3282 falsa
1548 3227 1684 3298 pede
1708 3235 1893 3282 teruu-
1925 3290 1963 3302 Α
2000 3232 2238 3279 vestrum
2252 3222 2520 3296 significat
2540 3222 2869 3283 intellectum
2892 3230 3156 3286 hactenus
3176 3246 3400 3286 caecum.
3424 3231 3579 3302 Quod

303 3290 400 3379 iur
444 3322 742 3395 ﬁgmenta:
772 3290 828 3379 et
867 3290 1058 3380 audes?
1083 3322 1266 3379 dicere
1306 3321 1468 3379 vilem
1514 3290 1677 3394 quam
1718 3321 1886 3394 gloria
1917 3290 1964 3355 θ
1999 3331 2168 3387 usque
2212 3290 2370 3372 hodie
2419 3319 2648 3375 usitatos
2693 3312 2927 3379 Iudaice'
2960 3320 3163 3389 facitis,
3210 3324 3337 3379 dum
3366 3290 3577 3397 Epiati-

298 3416 459 3472 vides
500 3413 809 3480 ﬂm‘em'em,
858 3416 1075 3473 hundre'
1108 3422 1403 3471 tumentem
1425 3456 1441 3482 ,
1483 3414 1591 3470 late
1628 3414 1890 3486 longeque
1994 3422 2118 3462 cum
2144 3407 2172 3446 δ
2202 3407 2386 3463 siricio
2409 3404 2918 3493 velaniihe‘tegitis,
2952 3421 3008 3467 et
3032 3412 3367 3484 'legislatoris
3410 3417 3571 3473 verba

301 3505 641 3579 σηιεοιηεωῖ
665 3507 724 3562 ιη
752 3510 959 3563 unum,
985 3506 1129 3563 enim
1157 3508 1318 3562 hddie
1342 3520 1474 3579 gens
1500 3514 1682 3561 vestra
1712 3505 1891 3577 despi-
1995 3505 2134 3552 tecta
2161 3498 2413 3554 omnibus
2457 3492 2654 3572 legitis.
2694 3501 2822 3571 lpsa‘
2842 3502 2975 3557 vero
3012 3505 3319 3559 testimonia
3350 3520 3409 3561 se
3438 3506 3580 3560 invi-

299 3602 470 3667 εξιυγ,
499 3611 557 3656 ιη
578 3601 725 3658 velut
750 3616 989 3673 pannum
1016 3602 1366 3657 ωεηειωθιω
1394 3612 1490 3673 ρετ
1519 3612 1680 3671 regna
1708 3601 1888 3655 omnia
1992 3605 2109 3645 cem
2141 3590 2514 3662 impugnantia
2551 3590 2651 3648 sibi
2682 3596 2765 3649 est
2802 3594 3109 3665 specialiter
3151 3596 3316 3653 fuisse
3347 3597 3576 3669 digesta.

303 3692 661 3759 diffametur,
698 3695 773 3749 ita
816 3705 883 3748 ιιι-
921 3698 1034 3766 pro‘
1063 3704 1261 3768 magno
1304 3694 1631 3750 centumelio
1671 3692 1889 3750 luamus
1992 3678 2127 3736 Cave
2170 3697 2232 3735 ne
2261 3678 2581 3739 obliviscaris
2646 3680 2917 3775 verberum
2982 3684 3100 3756 (μιαί
3152 3689 3389 3744 viderunt
3435 3691 3579 3746 oculs

300 3785 433 3856 quis
457 3792 581 3842 εςςο
602 3782 835 3843 dicatur;
867 3785 1018 3855 Quod
1045 3786 1361 3858 νενοθεείίο
1392 3785 1487 3841 Dei
1519 3787 1611 3844 ubi
1641 3787 1889 3859 gloriaris
1990 3773 2091 3838 tui,
2116 3784 2165 3827 et
2196 3790 2259 3828 ne
2288 3774 2537 3829 excidant
2574 3776 2638 3832 de
2668 3776 2835 3831 corde”
2853 3784 2955 3833 tuo‘
2987 3780 3185 3834 cunctis
3228 3781 3409 3837 diebus
3456 3785 3573 3838 vita:

298 3879 491 3950 legem‘
502 3880 784 3950 scriptam,
808 3880 949 3936 adde
965 3879 1023 3935 si‘
1037 3879 1121 3935 Vis
1142 3884 1197 3934 et
1222 3878 1391 3934 multa
1412 3878 1699 3944 mirabilia,
1724 3892 1886 3949 quam

1997 3873 2095 3916 tum
2120 3862 2297 3932 (Deut.
2331 3878 2402 3928 Iv,
2430 3864 2501 3935 9).
2557 3863 2813 3933 Adt‘ei‘te',
2839 3868 3053 3924 inimice
3081 3880 3102 3909 ο
3137 3869 3228 3925 Dei
3260 3872 3489 3941 excelsi,
3522 3883 3581 3931 et

298 3990 425 4032 ηοη-
443 3974 681 4041 εἰδῇ·ωά
708 3974 952 4047 patribus
974 3974 1157 4029 divina
1189 3973 1318 4029 fecit
1343 3974 1603 4045 ροιθηιίει,
1631 3988 1751 4045 qua,
1773 3989 1888 4029 om.
1991 3955 2278 4047 diligenter
2300 3956 2407 4010 vim
2438 3952 2757 4012 sermonum1
2783 3956 3068 4016 considera
3096 3980 3108 4015 :
3145 3962 3227 4018 Ne
3250 3964 3575 4021 obliviscdris

300 4067 397 4123 nia
427 4045 814 4138 omnipotentis
845 4066 938 4122 Dei
970 4065 1070 4121 fuit
1099 4065 1399 4137 magnalia,
1442 4081 1547 4121 non
1586 4073 1884 4122 vestrorum

1997 4045 2260 4100 verborum
2325 4063 2443 4117 qua:
2490 4047 2728 4103 videnlur
2774 4048 3047 4107 oculimi‘.’
3100 4052 3177 4109 Et‘
3214 4054 3569 4129 eerte‘potius

299 4157 496 4213 imam
527 4157 823 4228 ρτοιεηίθ,
858 4156 975 4212 ωε
995 4157 1141 4212 enim
1170 4156 1477 4228 specialiter
1492 4156 1646 4228 juxta
1675 4158 1728 4212 in
1754 4156 1888 4227 lapi-
1992 4138 2280 4195 audientur
2324 4141 2482 4196 verba
2513 4184 2526 4206 ,
2573 4156 2736 4212 quam
2780 4142 3053 4202 videntur.
3117 4142 3289 4204 Verba
3327 4150 3474 4207 enim
3504 4154 3574 4209 ad

298 4251 433 4306 ἀεί,
469 4249 727 4305 mima,
772 4249 999 4316 ωωιιε,
1048 4248 1173 4320 quia
1220 4250 1417 4305 vestris
1463 4250 1724 4321 pmduﬁs
1769 4257 1888 4306 erm
1992 4246 2173 4298 aures,
2207 4244 2311 4286 non
2348 4236 2412 4287 ad
2438 4233 2621 4288 oculos
2648 4234 2941 4305 pertinent.
2985 4235 3091 4293 Sed
3132 4238 3177 4295 si
3202 4240 3309 4297 scis
3345 4240 3580 4313 qualiter
3628 4278 3639 4287 υ

298 4340 483 4396 danda
521 4340 854 4411 praecordiis.
901 4340 969 4396 Et
1006 4348 1073 4396 ut
1104 4346 1313 4396 certum
1356 4340 1455 4396 tibi
1492 4340 1582 4407 sit,
1624 4341 1886 4411 patulum,

296 4432 594 4504 specialem
620 4432 743 4503 ejus“
765 4440 983 4488 omnem
1013 4432 1253 4489 existere
1276 4440 1479 4488 textum
1498 4474 1513 4500 ,
1555 4432 1648 4488 Dei
1687 4432 1887 4504 scripta

296 4524 619 4595 praedicitur
660 4520 863 4595 digito,
913 4539 1023 4594 quo
1071 4523 1383 4595 espressius
1428 4524 1663 4595 Spiritus
1713 4525 1889 4581 sancti

297 4616 620 4686 designetur
652 4616 826 4671 virtus
862 4616 1162 4684 vocabulo;
1191 4632 1295 4671 non
1325 4618 1470 4673 enim
1503 4617 1763 4674 membris
1795 4635 1880 4673 ex-

296 4719 414 4766 stat
440 4709 796 4780 compositus,
821 4718 877 4764 ut
905 4710 1140 4765 carnalis
1162 4710 1280 4781 ejus
1306 4710 1522 4766 dicatur
1545 4711 1766 4780 digitus,
1794 4709 1889 4766 sed

297 4799 513 4870 Spiritu
557 4808 638 4855 est
684 4800 777 4856 Dei
828 4796 1195 4871 conscriptum
1235 4801 1495 4872 quidquid
1537 4814 1634 4872 per
1662 4800 1889 4873 digitum

295 4902 487 4949 exstat
515 4893 808 4962 signatum.
847 4891 982 4948 Nam
1014 4893 1058 4948 si
1087 4893 1258 4965 legem
1292 4894 1562 4949 carnalem
1595 4893 1891 4965 intelligere

296 4984 573 5049 volueris,
616 4998 722 5040 non
768 4984 942 5041 solum
973 4985 1085 5041 Deo
1112 4985 1355 5041 membra
1392 4985 1652 5051 ascribis,
1703 4992 1888 5040 verum

294 5079 469 5135 etiam
514 5077 757 5134 similem
793 5078 889 5133 tibi
918 5090 1041 5134 eum
1089 5078 1348 5133 firmabis.
1399 5078 1466 5133 Et
1516 5079 1641 5134 dum
1688 5077 1892 5150 refugis

296 5171 478 5227 Deum
508 5166 691 5227 dicere
717 5170 1028 5235 Christum,
1080 5174 1309 5225 omnem'
1345 5180 1570 5240 prorsus
1613 5171 1888 5226 hominem

296 5264 419 5319 Deo
448 5261 706 5334 probabis
740 5276 975 5333 aequum.
1019 5259 1113 5316 Sic
1150 5260 1292 5314 enim
1320 5259 1439 5316 ait:
1474 5258 1759 5315 Faciamus
1797 5263 1891 5315 Ico-

294 5357 498 5411 minem
524 5353 597 5409 ad
621 5354 903 5425 imaginem
943 5364 990 5408 et
1031 5351 1425 5407 similitudinem
1462 5361 1696 5406 nostram
1733 5349 1884 5423 (Gen.

294 5468 344 5515 I,
377 5446 490 5519 29).
532 5445 636 5515 Qui
675 5445 807 5502 dicit
840 5445 1027 5516 utique
1059 5444 1203 5501 Deus
1232 5453 1335 5511 est,
1370 5445 1463 5515 qui
1492 5442 1722 5499 faciendi
1751 5446 1893 5515 gerit

293 5539 615 5599 arbitrium.
646 5538 725 5593 Tu
754 5538 915 5594 modo
949 5538 1095 5593 mihi
1118 5538 1387 5608 responde
1408 5538 1605 5607 quibus
1634 5537 1779 5592 dicat
1810 5536 1889 5607 fa-

292 5636 546 5699 ciamus,
598 5643 655 5687 et
698 5646 927 5707 quorum
976 5641 1295 5702 potestatem
1349 5631 1579 5686 faciendi
1628 5630 1892 5699 desquirit

380 5792 401 5851 i‘
446 5774 782 5851 ἔαξε-Μαίη
819 5844 866 5851 ,.
1136 5848 1189 5851 ,_
1364 5846 1374 5851 _
1858 5844 1862 5851 .

379 5850 405 5889 ι’
454 5844 751 5916 Ιίρῖαιίσκιι
775 5884 790 5910 ,
817 5844 869 5899 id
898 5853 1009 5908 est,
1065 5846 1529 5915 Heptateuchum,
1562 5858 1655 5901 seu
1684 5844 1889 5913 septem

1994 4323 2096 4377 ista
2145 4324 2413 4392 dicantur,
2461 4330 2713 4397 eprne;
2746 4327 2787 4381 si
2833 4336 3013 4384 autem
3050 4333 3246 4398 nescis,
3278 4340 3473 4391 moneo
3500 4338 3571 4397 te'.

1994 4428 2128 4471 cave
2168 4418 2309 4485 quod
2355 4418 2531 4474 nescis
2595 4419 2701 4474 Sed
2751 4435 3033 4478 assmnens
3062 4421 3290 4480 formam
3327 4425 3575 4500 discipuli

1995 4518 2139 4580 pete,
2172 4527 2354 4581 quaere
2375 4553 2389 4575 ,
2418 4512 2652 4582 pulSate.
2694 4512 2953 4581 Quamvis
2984 4531 3089 4571 non
3123 4518 3362 4589 ignorem
3385 4520 3573 4576 docto-

1972 4620 2113 4677 ‘rutn
2141 4615 2194 4661 te
2225 4604 2550 4675 compilasse
2576 4606 2871 4672 volumina,
2900 4624 2964 4663 ex
2988 4625 3214 4679 quorum
3241 4611 3399 4667 hodie
3419 4616 3574 4683 quasi

1996 4695 2169 4766 fulges
2195 4694 2413 4751 ﬂuente.
2452 4694 2605 4763 Quod
2646 4706 2773 4751 vero
2812 4710 2898 4751 me
2940 4698 3125 4753 audire
3153 4701 3362 4755 cunctis
3387 4698 3576 4760 di'ebils

1995 4787 2118 4842 vita:
2163 4797 2266 4842 tua:
2313 4802 2372 4842 es
2420 4788 2567 4842 visus
2614 4787 2936 4854 admonere,
2986 4798 3043 4846 et
3067 4790 3220 4861 quasi
3251 4790 3449 4849 sciol'u's
3477 4810 3570 4850 ca-

1995 4880 2224 4935 vendam
2260 4878 2393 4934 mihi
2441 4878 2737 4934 caecitatem
2783 4879 2959 4935 oculis
3010 4891 3195 4952 aperte
3243 4886 3572 4955 praadieere,

1996 4973 2173 5027 minor
2203 4980 2305 5027 tute
2346 4970 2707 5040 procacitatis‘
2736 4971 3013 5027 iusaniam‘
3044 4974 3097 5029 in
3129 4979 3418 5034 momentis
3442 4996 3569 5050 pro-

1999 5073 2148 5119 terve
2170 5064 2447 5119 vesaniam
2473 5103 2488 5129 ,
2527 5076 2651 5134 qua:
2688 5072 2738 5118 te
2782 5068 2889 5118 non
2935 5066 3063 5121 sinit
3092 5069 3237 5123 recta
3268 5072 3488 5139 sentire,
3521 5084 3573 5130 et

1997 5154 2199 5212 calcata
2244 5155 2576 5212 conscientia
2627 5170 2692 5210 ea
2738 5155 2871 5209 mihi
2922 5156 3203 5229 ingerere,
3254 5160 3373 5233 qua:
3404 5162 3576 5221 nostri

1995 5250 2092 5304 tibi
2120 5250 2331 5317 tuisque
2356 5249 2550 5302 inesse.
2590 5246 2656 5302 Et
2678 5247 2732 5302 in
2761 5249 2863 5303 hoc
2888 5248 3219 5309 declamator
3244 5255 3337 5310 tibi
3364 5256 3486 5331 esse
3518 5275 3578 5316 es

1996 5347 2182 5411 visus;
2216 5345 2309 5401 sed
2359 5343 2481 5398 audi
2534 5343 2679 5412 quod
2721 5349 2908 5398 noster
2936 5352 3362 5417 sermo‘promat
3389 5347 3575 5406 facun-

1995 5440 2131 5504 dus,
2181 5448 2235 5493 et
2290 5437 2586 5494 caecitatem
2634 5444 2781 5492 tuam
2830 5450 2938 5492 uno
2975 5438 3058 5493 vel
3102 5439 3293 5497 saltem
3316 5445 3577 5502 erubesce

1996 5531 2262 5603 exemplo.
2308 5529 2589 5600 Nunquam
2613 5530 2758 5584 enim
2794 5545 2863 5585 ex
2907 5530 3071 5587 corde
3108 5535 3581 5592 nostro‘excidunt

1998 5641 2191 5695 magna
2220 5626 2313 5680 Dei
2340 5623 2641 5688 mirabilia,
2677 5639 2797 5694 quae
2827 5623 2931 5696 legi
2959 5635 3177 5681 exstant
3208 5628 3407 5705 inserta
3442 5649 3471 5685 ε.
3490 5633 3579 5689 vel

2002 5762 2194 5830 prioris
2234 5759 2355 5833 libri
2404 5757 2612 5833 Veteris
2670 5758 3058 5833 Testamenti:
3098 5776 3335 5833 nempe,
3382 5758 3573 5819 Penta-

2002 5828 2252 5886 icncluun
2286 5830 2500 5902 Moysis,
2526 5830 2691 5885 libros
2711 5828 2893 5893 Josue,
2927 5839 2981 5885 et
3004 5828 3276 5888 Judicuni.
3456 5852 3461 5857 ’

2074 5917 2092 5937 ⁴”
2136 5903 2259 5968 Ms,
2282 5901 2462 5955 Averle
2488 5902 2704 5955 inimici.
