4034 6350
525 341 633 400 495

1780 343 2037 403 ALVARI
2065 348 2540 410 CORDUBENSIS

3647 376 3728 436 ως
3740 412 3743 417 ,

526 454 791 514 terribilia
819 454 910 512 illa
928 493 945 521 ,
987 454 1186 526 quibus
1215 467 1242 495 ι
1270 454 1540 527 Egyptum
1569 456 1842 527 percussit
1866 459 2108 529 polentia
2137 467 2189 526 Α
2215 475 2544 531 conspectum
2583 470 2815 538 gentium
2856 469 3094 526 reuelauit
3135 473 3393 543 justitiam
3421 495 3556 535 suam
3586 482 3726 554 (Psal.

525 546 794 605 inaudita.
838 547 946 604 Sed
985 557 1041 604 et
1094 548 1467 604 contumacias
1517 557 1726 606 vestras
1755 549 1952 621 ibidem
1983 549 2115 621 legi-

521 654 667 705 mus,
694 650 751 696 et
779 639 1018 711 quotidie
1042 654 1136 694 vos
1166 639 1432 712 gemimus
1457 648 1512 697 et
1535 639 1801 696 dolemus.
1849 641 1958 698 Vos
1982 654 2112 697 vero

522 748 632 789 non
660 733 832 789 solum
862 732 952 789 illa
987 748 1130 789 nunc
1158 733 1313 788 obliti
1358 734 1490 791 estis
1517 751 1533 802 ;
1571 750 1758 790 verum
1790 735 1956 791 etiam
1986 748 2113 791 tunc

519 836 624 895 pro
650 822 819 879 nihilo
848 830 1261 879 contemnentes
1293 823 1544 881 duxistis.
1584 824 1718 881 Nam
1747 824 1835 880 illa
1863 826 2110 898 vestigia,

519 929 641 985 quae
666 912 813 970 sicco
838 899 988 968 mare
1013 912 1149 984 pede
1176 913 1548 978 calcaverunt,
1573 929 1699 969 mox
1722 924 1849 970 ante
1882 915 2111 970 vitulum

516 1003 825 1075 plaudenda
852 1003 1188 1060 saltaverunt
1215 1004 1265 1059 ιο.
1314 1004 1384 1060 Ει
1417 1004 1635 1061 mimice
1664 1004 1842 1060 ﬂuxus
1865 1016 1888 1045 α
1924 1021 2114 1076 corpo-

517 1114 636 1154 rum
675 1097 993 1163 imitantes,
1038 1112 1173 1154 voce
1208 1114 1338 1155 vere
1367 1115 1473 1154 non
1512 1099 1726 1155 excelsa
1751 1141 1766 1164 ,
1815 1100 1907 1155 sed
1933 1116 2111 1156 mersa

515 1194 793 1251 cantavit:
826 1193 902 1249 Hi
930 1204 1051 1250 sunt
1080 1195 1157 1249 dii
1184 1195 1288 1263 tui,
1314 1193 1511 1261 Israel,
1542 1195 1634 1265 qui
1663 1195 1955 1250 eduxerunt
1979 1205 2028 1250 te
2050 1196 2114 1250 de

517 1272 658 1343 terra
701 1286 897 1361 Egupti
922 1287 1125 1360 (Exod.
1171 1305 1232 1344 ut
1257 1329 1274 1355 ,
1323 1288 1441 1361 24).
1480 1289 1550 1344 Ει
1587 1290 1723 1346 bene
1763 1290 2114 1362 propheticus

514 1391 696 1432 sermo
722 1395 737 1431 :
766 1376 892 1432 Non
919 1377 1165 1434 excidant
1193 1380 1259 1435 de
1284 1380 1439 1435 corde
1471 1390 1561 1435 tuo
1590 1382 1794 1436 cunctis
1817 1382 2000 1436 diebus
2031 1383 2110 1436 ui-

513 1478 581 1524 tte
608 1479 740 1536 tute,
763 1470 922 1538 dixit,
968 1479 1028 1527 ut
1058 1488 1166 1528 non
1200 1473 1538 1544 operationis
1558 1474 1894 1544 signiﬁcaret
1924 1490 2113 1546 perpe-

515 1566 668 1614 tuum
695 1575 853 1616 usum
878 1602 894 1626 ,
944 1561 1040 1618 sed
1087 1571 1296 1617 tantum
1329 1563 1804 1619 renteinorationis
1847 1563 2113 1619 indiceret

512 1662 723 1707 votum.
766 1652 898 1721 Quis
927 1654 1096 1715 enim.
1129 1669 1165 1709 ο
1187 1654 1401 1719 insane,
1426 1670 1531 1711 non
1564 1655 1806 1726 quotidie
1831 1655 1931 1711 ista
1963 1672 2106 1713 reco—

513 1742 593 1799 lat
613 1744 776 1800 corde
803 1744 946 1801 sicut
974 1746 1239 1816 propheta
1280 1746 1452 1813 dicit,
1481 1746 1646 1802 etiam
1688 1755 1744 1800 et
1772 1762 1868 1803 ore
1898 1747 2110 1819 publice

2219 558 2446 630 xcvu),
2510 559 2653 630 quod
2699 570 2782 617 est
2835 561 3104 621 Christus.
3169 564 3442 639 [inpletum
3487 582 3564 628 est
3614 576 3728 633 enim

2219 650 2362 718 quod
2408 650 2581 707 David
2625 652 2795 708 multo
2841 664 2965 711 ante
3007 663 3249 728 tempore
3285 659 3507 716 cecinit:
3543 660 3730 721 Reatini-

2218 749 2429 794 scentur
2466 750 2514 796 et
2556 753 2920 800 convertentur
2963 746 3034 800 ad
3074 745 3352 804 Dominum
3393 751 3594 808 universi
3632 754 3732 824 ﬁnes

2220 838 2396 893 terrm,
2425 843 2475 886 et
2518 833 2812 891 adorabunt
2844 837 2900 891 in
2935 854 3212 909 conspectu
3251 840 3361 913 ejus
3392 858 3553 898 omnes
3587 848 3734 915 patric

2218 921 2447 992 gentium
2492 922 2665 996 (Psal.
2699 943 2815 991 XXI,
2843 928 2959 999 28).
2999 928 3164 987 Israel
3190 948 3395 999 sumus,
3422 935 3507 1005 qui
3532 934 3734 996 Messiant

2217 1010 2346 1067 olim
2397 1014 2673 1072 vobiscum
2723 1020 3177 1091 exspectavimus.
3230 1021 3336 1079 Sed
3381 1024 3468 1080 ubi
3509 1026 3735 1097 plenitudo

2196 1105 2459 1176 gentium
2486 1109 2656 1175 venit,
2686 1113 3005 1183 populorum
3030 1115 3245 1188 agmina
3266 1117 3454 1173 crevit.
3478 1118 3540 1174 Et
3563 1121 3736 1194 impleta

2218 1205 2346 1251 sunt
2393 1199 2801 1258 vaticinantium
2851 1203 3017 1271 dicta,
3064 1207 3193 1277 quia
3236 1207 3404 1280 gloria
3446 1207 3634 1267 Domini
3675 1228 3738 1270 re-

2215 1288 2360 1359 pleta
2385 1300 2469 1346 est
2501 1293 2680 1350 omnis
2726 1298 3210 1370 terra.‘Quisquis
3257 1314 3386 1357 vero
3433 1316 3496 1357 ex
3537 1303 3738 1376 gentibus

2215 1383 2343 1441 Jesu
2389 1397 2577 1444 nostro
2621 1390 2872 1458 credidit,
2910 1391 3198 1449 confestim
3233 1395 3287 1451 in
3325 1412 3541 1453 numero
3570 1399 3739 1456 lsraelis

2216 1480 2488 1535 transivit.
2520 1481 2587 1536 Et
2617 1490 2675 1536 ιιι
2701 1472 2846 1554 qtiod
2884 1485 3006 1542 dico
3045 1485 3266 1542 clariori
3311 1487 3509 1545 ﬁrmem
3547 1490 3737 1564 eloquio,

2217 1570 2558 1642 temetipsum
2596 1574 2863 1632 misellule
2902 1578 3178 1649 conspice,
3222 1590 3279 1636 et
3332 1581 3449 1639 vide
3479 1584 3679 1655 qualiter
3699 1586 3739 1642 in

2211 1659 2523 1717 Iudaeorum
2584 1665 2871 1722 transieris
2915 1668 3076 1724 acie:
3113 1669 3188 1726 ita
3232 1681 3291 1725 ut
3329 1669 3438 1742 jam
3489 1690 3582 1730 non
3622 1692 3738 1732 coin-

2214 1755 2420 1825 puteris
2454 1755 2509 1811 in
2542 1758 2814 1830 gentibus,
2864 1760 2959 1817 sed
3004 1762 3299 1835 applaudes
3331 1774 3381 1821 te
3406 1781 3470 1822 ex
3496 1765 3741 1825 Israelitico

513 1832 816 1907 designatis
859 1835 1011 1892 feriis
1060 1836 1240 1909 legat,
1283 1838 1429 1909 quod
1470 1838 1565 1894 tibi
1607 1837 1677 1894 ad
1706 1840 2109 1896 damnationem
2142 1838 2187 1899 B
2214 1846 2451 1903 existere
2488 1849 2751 1921 germine,
2801 1867 2902 1924 pro
2942 1868 3010 1910 eo
3040 1832 3201 1924 quod
3250 1872 3435 1913 comm
3461 1859 3604 1917 existi
3631 1871 3651 1900 ο
3675 1876 3742 1916 ve-

512 1928 790 1999 coguitum
819 1927 847 1969 ἀ
876 1931 1091 1987 exstat?

583 2018 640 2074 ι.
682 2019 837 2089 Quod
884 2038 1014 2078 vero
1052 2032 1104 2079 te
1138 2023 1391 2096 gloriaris
1446 2024 1619 2098 legem
1673 2036 1822 2083 tuam
1864 2026 2113 2084 lirmasse

514 2111 755 2169 verilicis
793 2115 1119 2172 testimoniis
1146 2134 1160 2171 :
1188 2117 1312 2187 quis
1339 2118 1503 2174 etiam
1546 2119 1641 2176 tibi
1676 2120 1769 2176 Dei
1800 2134 1920 2176 esse
1947 2136 2112 2191 nega-

516 2206 611 2267 vit,
646 2216 705 2262 ttt
725 2206 903 2265 diluas
930 2210 1074 2279 quod
1115 2226 1276 2268 nemo
1313 2212 1550 2284 objecit?
1597 2214 1838 2271 Dicimus
1866 2214 2009 2268 enim
2057 2222 2111 2268 te

515 2295 690 2369 legem
717 2299 1004 2371 reprobam
1032 2303 1418 2375 assumpsisse,
1448 2320 1557 2360 non
1589 2305 1733 2376 quod
1750 2305 1944 2361 tuncin
1970 2315 2108 2360 tem-

512 2407 645 2464 pore
669 2393 898 2464 reproba
919 2393 1037 2459 luit,
1062 2396 1156 2451 sed
1183 2397 1326 2467 quod
1343 2397 1795 2468 advenientejam
1826 2397 1965 2460 luce,
1993 2412 2112 2452 tun-

507 2487 604 2543 hra
656 2488 913 2545 cessavit.
964 2488 1157 2548 Omnis
1198 2491 1344 2547 enim
1367 2490 1455 2547 lex
1487 2502 1603 2559 tua,
1644 2492 1755 2548 imo
1802 2491 1926 2563 plus
1965 2505 2106 2558 mea,

507 2578 788 2636 Christum
840 2582 1163 2649 annuntiat,
1214 2598 1377 2655 quem
1408 2585 1589 2642 cuncti
1616 2583 1787 2641 Judaei
1817 2592 2107 2640 venturum

507 2684 631 2726 esse
660 2686 765 2727 non
789 2681 1012 2744 negant.
1051 2672 1175 2729 Scis
1201 2674 1449 2745 profecto
1470 2691 1664 2733 omnes
1686 2685 1835 2733 retro
1865 2674 2108 2744 majores

508 2772 861 2834 exspectasse
887 2764 1161 2829 Messiam,
1187 2775 1245 2822 et
1272 2765 1393 2837 ejus
1416 2768 1659 2838 quotidie
1682 2777 1867 2839 patres
1889 2778 2107 2839 optasse

504 2857 870 2927 praesentiam.
912 2856 1067 2925 Quod
1109 2859 1501 2930 prophetarum
1536 2860 1658 2916 libri
1684 2860 1897 2932 publice
1925 2861 2106 2931 prole-

508 2958 675 3015 runt,
722 2965 825 3006 nec
862 2951 1047 3007 cuncti
1091 2952 1223 3008 caeci
1270 2952 1545 3024 ducesque
1588 2968 1855 3009 caecorum
1905 2969 2104 3026 negare

503 3050 753 3112 possunt.
796 3042 980 3098 Semel
1005 3043 1153 3098 enim
1176 3042 1356 3100 lassus
1383 3058 1463 3109 es,
1494 3059 1595 3100 nec
1619 3058 1818 3112 negare
1845 3044 2026 3111 vales,
2053 3055 2103 3100 te

503 3133 787 3188 doctorum
817 3141 1034 3189 tuorum
1055 3134 1392 3206 jussionihus
1414 3135 1752 3207 compulsum
1782 3136 1967 3201 fuisse,
1994 3152 2100 3192 non

502 3224 808 3282 intentione
840 3225 965 3282 ﬁdei
989 3267 1005 3292 ,
1036 3202 1130 3283 sed
1154 3227 1327 3284 livore
1350 3202 1614 3300 perﬁdia),
1659 3228 1970 3285 facundiam
2002 3247 2097 3287 ca-
2126 3202 2174 3266 Ο

503 3315 688 3372 ninam
740 3331 839 3374 ore
884 3317 1106 3389 vipereo
1157 3318 1447 3376 subilasse.
1509 3320 1576 3375 Et
1616 3320 1737 3376 ideo
1774 3321 1902 3392 quia
1934 3323 2101 3378 verba

502 3419 593 3466 tua
620 3425 686 3467 ex
727 3410 910 3467 alieno
938 3412 1223 3469 stomacho
1254 3410 1457 3475 ﬂuunt,
1488 3422 1546 3469 et
1573 3428 1677 3468 non
1706 3412 1943 3470 doctoris
1962 3456 1977 3480 ,
2005 3415 2099 3471 sed

499 3501 750 3574 discipuli
783 3518 1089 3577 cognomen
1130 3503 1380 3570 sortiris,
1422 3503 1656 3559 libenter
1686 3504 1850 3560 debes
1877 3506 2096 3576 perqui-

497 3610 622 3652 rere
669 3611 928 3668 proceres
977 3595 1319 3670 Synagogte:
1354 3594 1547 3653 Utrum
1576 3595 1680 3652 iste
1718 3606 1904 3673 noster
1943 3597 2099 3654 Chri-

498 3696 649 3755 stus,
673 3705 836 3761 quem
884 3699 938 3748 tu
967 3706 1066 3748 ore
1103 3691 1458 3762 spurcissimo
1500 3690 1651 3747 visus
1685 3706 1746 3749 es
1783 3693 2093 3764 derogasse,

502 3786 722 3854 quando
751 3786 805 3841 iu
831 3787 1036 3843 mundo
1060 3786 1242 3844 lumen
1265 3797 1349 3845 est
1369 3797 1524 3845 ortus
1540 3827 1557 3855 ,
1582 3787 1780 3859 aliquis
1806 3805 1929 3845 eum
1957 3788 2096 3846 Mes-

497 3874 638 3929 siam
677 3878 933 3948 cognovit
965 3890 1033 3932 ex
1068 3877 1177 3934 illis
1207 3877 1388 3934 saltim
1420 3878 1509 3934 vel
1537 3878 1714 3935 unus?
1742 3878 1812 3935 Et
1836 3890 1984 3938 certe
2006 3897 2094 3937 ne-

496 3981 629 4040 gare
655 3983 762 4024 non
791 3969 996 4040 poteris
1017 4009 1035 4036 ,
1074 3969 1220 4041 quod
1263 3968 1418 4025 multi
1458 3969 1514 4025 in
1556 3986 1682 4027 eum
1717 3971 1998 4028 credidere
2025 3987 2091 4026 ex

498 4058 735 4124 ludatis;
764 4060 839 4115 ita
881 4068 941 4116 ut
967 4076 1066 4133 per
1093 4060 1313 4117 millena
1337 4060 1618 4117 hominum
1666 4062 1943 4135 agminum
1994 4077 2092 4118 sua

496 4167 659 4211 sacra
707 4154 1018 4226 disponeret
1065 4154 1332 4212 convivia.
1410 4155 1547 4212 Nam
1596 4172 1704 4213 non
1750 4158 1923 4214 solum
1972 4158 2091 4229 plu-

496 4261 590 4303 res
613 4286 631 4312 ,
677 4260 868 4302 verum
907 4247 1072 4304 etiam
1109 4263 1277 4321 prope
1307 4264 1498 4305 omnes
1533 4249 1704 4305 .Iudtei
1739 4250 2090 4307 crediderunt

493 4338 552 4394 in
575 4353 724 4395 eum.
764 4339 1155 4413 Exspectantes
1194 4341 1340 4398 enim
1390 4341 1666 4411 Messiam,
1699 4343 1791 4399 alii
1822 4359 2087 4415 cognove-

495 4442 622 4490 runt
645 4433 821 4506 ipsum
849 4450 972 4493 esse
1010 4436 1311 4493 errantium
1344 4436 1487 4493 viam
1516 4455 1531 4492 :
1557 4453 1721 4510 porro
1762 4437 1884 4495 aliis
1927 4454 2084 4495 scan-

491 4526 601 4583 dali
650 4528 833 4584 extitit
877 4538 1055 4600 petra.
1103 4529 1173 4585 Et
1206 4529 1327 4586 ideo
1359 4545 1464 4586 non
1497 4545 1598 4586 nos
1627 4540 1817 4603 gentes
1846 4531 2078 4588 dicimus

489 4632 631 4684 esse,
661 4618 758 4676 sed
802 4618 991 4686 Israel,
1023 4620 1150 4692 quia
1190 4636 1258 4676 ex
1298 4620 1414 4692 ipsa
1440 4620 1609 4691 stirpe
1644 4621 1942 4678 Israelitica
1969 4623 2077 4679 orti

488 4719 745 4778 parentes
788 4710 919 4766 olim
966 4710 1186 4767 luerunt
1231 4712 1429 4768 nOStri.
1476 4711 1584 4769 Sed
1614 4713 1706 4769 ubi
1736 4713 2077 4771 desideratus

485 4801 699 4857 cunctis
724 4802 975 4876 gentibus
1004 4804 1174 4871 venit,
1222 4803 1366 4860 illico
1401 4802 1517 4874 jam
1561 4805 1779 4862 venisse
1819 4796 2083 4879 cognovi?

485 4905 638 4956 mus,
679 4907 839 4963 quem
879 4893 1046 4949 multa
1082 4910 1182 4967 per
1222 4904 1466 4967 tempora
1512 4898 1698 4952 venire
1744 4909 1904 4955 antea
1948 4915 2075 4970 pro-

483 4978 765 5050 phetatum
811 4984 1156 5058 perlegimus.
1207 4986 1479 5043 Conversa
1522 4997 1609 5044 est
1652 4990 1797 5045 enim
1849 4992 1919 5047 ad
1974 5008 2073 5051 nos

483 5074 774 5133 multitudo
822 5081 1010 5146 maris,
1060 5090 1117 5135 et
1160 5080 1450 5139 diversitas
1482 5084 1725 5155 gentium
1757 5086 1825 5141 ad
1858 5102 1956 5143 nos
1984 5098 2070 5146 est

483 5182 703 5226 reversa
746 5168 880 5242 (Ira.
919 5172 1034 5242 ιχ).
1071 5171 1247 5245 Super
1274 5192 1375 5232 nos
1399 5188 1553 5234 ortus
1581 5189 1666 5236 est
1690 5179 1978 5249 Dominus,
2012 5192 2068 5241 et

477 5263 655 5320 honor
694 5261 813 5334 ejus
839 5264 893 5321 in
920 5281 1020 5326 nos
1050 5276 1134 5323 est
1174 5269 1343 5327 visus.
1388 5271 1455 5328 Et
1496 5283 1727 5346 pergunt
1768 5285 1957 5348 gentes
2008 5277 2064 5333 in

477 5353 682 5413 lumine
724 5366 933 5425 nostro,
969 5368 1025 5415 et
1062 5359 1114 5416 in
1156 5361 1442 5433 splendore
1473 5367 1650 5424 vultus
1677 5371 1851 5437 nostri
1877 5370 2059 5446 inclyti

2212 1938 2397 1993 sanite.
2442 1938 2711 2012 Quidquid
2757 1944 2902 1999 enim
2950 1945 3079 2001 olim
3120 1947 3504 2020 prophetarum
3531 1952 3738 2009 vaticinia

2213 2034 2434 2101 cecinit,
2466 2044 2522 2091 et
2546 2037 2702 2108 quasi
2731 2052 2832 2109 per
2862 2042 3210 2110 sponsionem
3243 2045 3503 2115 promisit,
3528 2047 3744 2104 credenti-

2212 2125 2315 2183 bus
2348 2126 2504 2185 nobis
2541 2129 2767 2197 dictum,
2804 2147 2932 2187 nam
2960 2150 3066 2189 non
3091 2137 3420 2209 negantibus
3444 2137 3554 2194 luit.
3577 2140 3635 2195 Et
3654 2140 3744 2196 ideo

2212 2214 2321 2273 nuli
2350 2217 2537 2275 buccis
2565 2220 2898 2279 tumentibus
2922 2232 2981 2280 et
3010 2224 3196 2283 inﬂato
3217 2236 3434 2300 gutture
3453 2228 3503 2284 in
3529 2229 3743 2302 promissa

2214 2319 2269 2367 te
2295 2311 2556 2368 extollere
2583 2311 2679 2368 alti
2715 2314 2916 2383 throni,
2954 2332 3084 2373 cum
3120 2318 3269 2377 scias
3306 2335 3424 2378 mea
3456 2322 3638 2391 omnia,
3660 2337 3741 2379 non

2214 2408 2306 2456 tua
2328 2416 2467 2459 esse.

2280 2495 2337 2552 5.
2379 2495 2536 2565 Quod
2575 2507 2757 2556 autem
2785 2500 2888 2571 ais,
2915 2501 3042 2575 quia
3067 2521 3264 2565 omnes
3288 2507 3425 2581 apud
3456 2508 3608 2567 Deum
3626 2511 3743 2582 quasi

2208 2589 2354 2646 stilla
2394 2602 2514 2647 sunt
2544 2593 2721 2651 situla:
2761 2593 2897 2668 (lsa.
2923 2599 3115 2672 ι,15),
3152 2610 3210 2658 et
3247 2603 3399 2675 quasi
3439 2619 3538 2660 non
3572 2605 3679 2669 sint,
3703 2615 3743 2661 et

2208 2695 2270 2741 ut
2298 2686 2459 2743 inane
2508 2698 2775 2759 reputatae
2805 2701 2963 2759 sunt,
2996 2695 3165 2750 miror
3195 2704 3253 2753 te
3284 2698 3583 2768 prudentem
3605 2699 3740 2755 virum

2210 2785 2320 2832 tam
2367 2778 2605 2836 inaniter
2654 2783 2931 2854 opiuasse.
2985 2785 3106 2843 Scis
3158 2789 3425 2861 profecto,
3476 2792 3589 2864 quia
3633 2791 3740 2864 apud

2206 2869 2376 2927 Deum
2408 2873 2586 2930 nullus
2624 2885 2710 2933 est
2747 2877 2973 2948 aliquid,
3016 2888 3109 2935 aut
3148 2884 3332 2940 nescis
3359 2885 3496 2956 quod
3524 2884 3668 2957 Moysi
3692 2883 3741 2939 de

2206 2979 2265 3018 se
2313 2964 2429 3035 ipse
2470 2966 2736 3023 retulerit.
2776 2968 2872 3025 Ait
2918 2973 3061 3027 enim
3096 2990 3110 3028 :
3141 2971 3262 3046 Ego
3298 2993 3413 3031 sum
3448 2978 3533 3048 qui
3557 2983 3739 3040 suum:

2203 3057 2345 3112 dices
2380 3057 2508 3127 ﬁliis
2538 3058 2710 3116 Israel
2733 3076 2753 3116 .'
2781 3061 2886 3128 Qui
2912 3074 2988 3119 est
3014 3066 3156 3120 misit
3192 3082 3280 3123 me
3321 3066 3511 3140 (Exod.
3538 3084 3607 3131 ιιι,
3634 3066 3739 3140 xlv).

2206 3149 2464 3223 lntelligis
2512 3167 2707 3224 nempe
2764 3170 2873 3227 quo
2922 3158 3107 3214 tendat
3134 3158 3263 3216 *ista
3309 3161 3562 3218 narratio.
3594 3159 3741 3230 Neque

2205 3245 2349 3301 enim
2382 3248 2601 3318 egregia
2632 3257 2689 3303 et
2716 3249 3008 3322 singularis
3033 3262 3121 3310 est
3166 3255 3274 3311 ista
3304 3256 3441 3322 laus,
3472 3256 3514 3313 si
3544 3252 3741 3311 esseali-

2204 3340 2288 3395 cui
2315 3350 2520 3424 praeter
2550 3342 2718 3398 [leum
2740 3350 3097 3406 concesseris.
3131 3349 3198 3405 Et
3227 3352 3369 3410 bene
3395 3353 3634 3424 propheta
3658 3364 3738 3404 ron

2204 3420 2412 3489 tantum
2445 3446 2657 3507 gentes,
2690 3438 2786 3493 sed
2814 3455 2992 3496 omnes
3028 3440 3165 3512 (Ira.
3190 3460 3243 3511 ι,
3275 3445 3365 3518 Π)
3392 3420 3584 3502 addidit
3607 3462 3620 3500 :
3640 3442 3737 3515 quia

2201 3534 2255 3579 ct
2294 3535 2508 3592 gentem
2559 3527 2910 3587 lsraeliticam
2961 3532 3015 3589 iu
3062 3551 3297 3593 numero
3345 3537 3734 3610 comprehendit;

2200 3616 2344 3672 enim
2377 3636 2554 3677 omnes
2579 3622 2739 3691 dixit,
2772 3624 2977 3681 nullam
3017 3630 3255 3701 excepit.
3289 3630 3346 3688 Si
3373 3640 3544 3689 autem
3584 3642 3737 3687 omnes

2198 3721 2387 3780 gentes
2412 3712 2491 3769 sic
2521 3723 2648 3793 sunt
2685 3716 2740 3772 in
2782 3728 3076 3790 conspectu
3120 3719 3240 3792 ejus
3269 3725 3422 3798 quasi
3453 3740 3549 3780 non
3572 3724 3678 3785 sint,
3699 3729 3737 3774 et

2196 3807 2348 3877 quasi
2371 3806 2522 3875 nihil,
2552 3819 2602 3864 et
2630 3810 2786 3867 inane
2816 3812 2837 3852 ί
2859 3826 3187 3885 raymtantur,
3225 3817 3285 3873 in
3315 3819 3558 3875 omnibus
3589 3823 3734 3873 autem

2197 3900 2469 3969 gentibus,
2513 3912 2570 3959 et
2606 3903 2776 3962 Israel
2812 3916 2934 3963 est:
2963 3924 3095 3981 ergo
3130 3917 3185 3965 et
3214 3909 3334 3982 ipse
3363 3919 3444 3969 est
3475 3910 3615 3983 quasi
3650 3921 3735 3962 non

2196 3991 2287 4056 sit,
2316 4000 2371 4048 et
2407 3993 2461 4049 in
2501 3994 2672 4050 nihilo
2701 4006 2866 4069 atque
2892 3998 3052 4056 inane
3078 4009 3385 4073 reputatur.
3414 4002 3479 4059 Et
3505 4003 3609 4058 hac
3629 3996 3736 4055 dici‘

2194 4100 2337 4150 mus,
2365 4094 2424 4141 ut
2448 4096 2628 4144 vestra
2661 4087 2944 4164 frangatur
2962 4095 3234 4166 superbia,
3264 4097 3575 4153 retundatur
3592 4107 3735 4150 asser-

2195 4176 2360 4234 tionis
2401 4180 2663 4237 versutia.
2723 4183 2993 4242 Caeterum
3036 4188 3260 4246 liberior
3298 4191 3429 4248 mihi
3478 4186 3732 4262 respousio,

2191 4276 2246 4323 et
2286 4267 2528 4338 brevior,
2573 4271 2685 4330 imo
2719 4273 2919 4331 clarior
2948 4286 3128 4334 exstat
3156 4294 3264 4337 :eo
3301 4282 3441 4355 quod
3470 4297 3531 4338 ex
3556 4276 3732 4337 Israelis

2190 4358 2360 4430 stirpe
2412 4361 2748 4422 descendens
2793 4377 2989 4424 cuncta
3040 4370 3173 4426 mihi
3223 4372 3426 4445 glorier
3450 4373 3603 4437 dicta,
3634 4382 3731 4441 qua:

2191 4450 2288 4508 tibi
2336 4461 2391 4508 tu
2439 4456 2721 4527 applaudis
2761 4470 3038 4534 excerpta.
3076 4462 3380 4525 Prudenter
3422 4467 3657 4539 intellige,
3686 4471 3731 4519 et

2188 4541 2396 4612 conjice
2423 4548 2705 4619 sapienter
2730 4560 2786 4607 et
2809 4568 2999 4625 aequus
3033 4554 3243 4614 arbiter
3267 4568 3404 4616 esto.
3437 4559 3564 4628 Quis
3589 4555 3728 4627 magis

2183 4636 2400 4694 lsraelis
2424 4640 2645 4697 nomine
2670 4646 2883 4701 censeri
2909 4655 2994 4703 est
3019 4647 3248 4718 dignus?
3276 4650 3357 4707 Tu
3386 4652 3496 4724 qui,
3523 4658 3578 4705 ut
3597 4647 3725 4710 dicis.

2181 4746 2248 4786 ex
2281 4730 2587 4790 idololatria
2617 4736 2683 4790 ad
2715 4740 2910 4793 summi
2944 4739 3038 4795 Dei
3063 4741 3268 4797 cultum
3295 4758 3540 4799 reversus
3579 4755 3650 4804 es.
3682 4744 3726 4794 el

2178 4841 2283 4906 non
2315 4836 2497 4899 gente,
2545 4831 2643 4884 sed
2688 4829 2793 4886 llde
2838 4830 3058 4889 Iudaeus
3087 4850 3186 4901 es;
3220 4850 3287 4892 an
3321 4852 3421 4909 ego
3447 4836 3537 4907 qui
3566 4842 3617 4891 et
3641 4831 3725 4888 lide

2177 4925 2233 4974 ct
2255 4927 2416 4992 gente
2445 4921 2472 4960 ε
2499 4917 2760 4977 Hebraeus
2796 4924 2954 4978 sum?
2998 4925 3093 4981 sed
3129 4926 3251 4984 ideo
3278 4928 3495 4985 Iudaeus
3521 4943 3618 4984 non
3644 4939 3721 4979 voc

2177 5028 2293 5078 cor,
2333 5012 2463 5084 quia
2506 5029 2695 5071 nomen
2733 5033 2923 5073 nouum
2965 5020 3097 5076 mihi
3140 5021 3449 5093 impositum
3486 5029 3585 5088 est,
3616 5016 3720 5091 quia

2176 5107 2320 5179 quod
2356 5123 2418 5163 os
2465 5106 2682 5163 Domini
2736 5111 3023 5169 nominavit
3072 5112 3211 5186 (Ira.
3258 5132 3393 5183 ιχη,
3432 5115 3507 5186 2).
3546 5111 3721 5181 Nempe

2174 5205 2335 5261 Pater
2362 5220 2515 5262 meus
2541 5204 2816 5263 Abraham
2842 5217 2945 5272 est,
2986 5209 3111 5281 quia
3143 5211 3375 5283 majores
3408 5209 3511 5269 mei
3536 5222 3595 5264 ex
3622 5204 3717 5276 ipsa

2173 5298 2568 5356 descenderunt
2612 5300 2835 5358 traduce
2865 5312 3284 5374 :exspectantes
3310 5304 3455 5361 enim
3496 5297 3713 5357 Messiam

2169 5399 2480 5460 venturum,
2521 5400 2577 5449 et
2611 5393 2935 5467 recipientes
2980 5397 3310 5466 venientem,
3349 5397 3519 5470 magis
3554 5393 3621 5451 illi
3648 5405 3715 5445 ﬂv-

476 5465 666 5525 reges;
695 5453 821 5525 quia
845 5466 1025 5512 notum
1049 5457 1171 5530 fecit
1193 5460 1451 5520 υοηιίηυε
1477 5464 1908 5541 εαιυιατεβαωη,
1938 5481 2060 5526 ante
2165 5485 2364 5542 denu“-
2389 5453 2557 5543 lsr'ael
2600 5453 2743 5555 esse;
2791 5504 2957 5560 quam
3000 5491 3093 5563 qui
3137 5453 3519 5564 eggpécjpbgnl
3556 5495 3608 5544 ει
3635 5497 3712 5538 νο·

543 5616 570 5681 ξ
610 5602 737 5681 ᾖξε..
764 5625 888 5681 qua.

540 5673 571 5715 δ
600 5675 733 5750 _Ms.,
760 5673 998 5750 calcavit,
1028 5682 1255 5741 saltauit.

538 5756 563 5823 ξ
694 5745 882 5823 ﬂexus.

536 5816 561 5857 δ
608 5816 729 5888 Μελ,
759 5829 982 5896 cognito.

2242 5653 2263 5682 θ
2304 5642 2365 5699 L.
2395 5645 2618 5703 Ita-sisti.

2242 5715 2260 5753 t
2301 5714 2377 5753 Mc
2451 5717 2505 5753 ί..
2535 5720 2618 5753 ι...

2242 5715 2260 5753 ί
2299 5714 2421 5779 Με..
2450 5717 2507 5772 in
2534 5720 2688 5774 hanc.

2242 5787 2267 5824 Β
2306 5785 2423 5841 Nic.
2458 5785 2584 5843 Ant.
2618 5788 2655 5843 Ι.
2689 5805 2761 5857 vi,
2804 5808 2859 5848 η.
2893 5792 3017 5862 171,
3047 5810 3249 5867 genere.
