4034 6350
361 453 465 513 897

1809 448 2184 522 EPISTOLAZ.

3530 449 3636 506 498

363 567 606 624 uientem
639 571 977 634 respuerant,
1022 577 1121 617 nec
1154 570 1329 616 tamen
1359 578 1480 617 eum
1517 578 1736 633 sperare
1765 577 1944 617 cessa-
1972 565 2021 626 Λ
2046 562 2178 632 quid
2209 572 2356 617 meat
2380 578 2560 618 sermo
2585 564 2798 620 divinus
2825 581 2840 619 :
2878 561 3143 621 Formans
3163 582 3245 621 me
3272 577 3506 623 extitere
3526 583 3638 624 ser-

363 666 533 715 runt:
569 655 895 728 exspectatis
917 654 1061 709 enim
1097 654 1397 725 hucusque,
1437 669 1598 724 quem
1631 663 1836 710 certum
1862 665 1947 711 est

356 751 474 823 iam
507 765 606 806 vos
634 747 912 820 repulisse.
939 745 1142 804 Gentes
1170 762 1299 804 vero
1323 749 1414 820 qui
1447 749 1515 804 ad
1540 749 1698 804 ﬁdem
1730 749 1947 806 Israelis

366 852 716 902 revertuntur
746 840 1004 911 quotidie,
1058 840 1376 896 inseruntur
1410 841 1606 912 popqu
1637 842 1752 907 Dei,
1788 842 1947 897 sicuti

366 949 422 994 tt:
470 939 620 993 visus
663 951 726 993 es
767 935 1073 991 Judzeorum
1121 935 1412 991 adhaesisse
1461 937 1654 992 errori.
1706 937 1859 1004 Quod
1902 938 1949 993 si

363 1031 746 1102 conquereris,
782 1045 878 1084 cur
899 1030 1254 1085 ctercmonias
1278 1028 1410 1100 legis
1435 1045 1542 1085 non
1573 1032 1946 1096 observamus,

364 1123 493 1179 andi
524 1123 719 1178 Isaiam
753 1121 964 1177 eunetis
991 1121 1118 1176 tuba
1139 1120 1475 1192 clangentem
1504 1138 1518 1176 :
1549 1121 1632 1176 Ne
1657 1123 1953 1177 memineri-

363 1215 432 1269 tis
455 1216 656 1284 priora,
684 1224 732 1269 et
760 1214 1060 1285 antiquiora
1084 1231 1147 1267 ne
1167 1214 1492 1268 intueamini.
1525 1213 1658 1268 Ecce
1686 1231 1777 1285 ego
1812 1214 1952 1284 facio

366 1322 501 1360 nova
532 1304 666 1376 (Isa.
695 1319 852 1369 XLIII,
872 1304 957 1367 18,
982 1304 1091 1372 l9).
1121 1301 1189 1359 Ut
1213 1303 1362 1358 vobis
1385 1303 1581 1358 nullam
1611 1304 1953 1360 occasionem

365 1397 657 1452 cavillamli
709 1397 1006 1454 omitteret.
1043 1395 1282 1449 futurum
1314 1406 1544 1467 tempus,
1584 1412 1688 1451 non
1725 1408 1952 1467 praeter-

366 1490 505 1545 imtu
535 1489 736 1559 posuit.
760 1487 828 1542 Et
854 1499 913 1542 ut
937 1487 1204 1544 indicaret
1229 1503 1334 1542 non
1358 1489 1531 1544 solum
1555 1489 1828 1560 gentibus,
1855 1489 1952 1545 sed

363 1583 533 1637 etiam
559 1590 614 1636 et
635 1579 854 1643 Iudaeis,
901 1580 992 1652 qui
1022 1596 1122 1636 nos
1163 1596 1371 1644 sumus,
1403 1581 1523 1635 data
1561 1582 1808 1651 sequitur
1836 1599 1849 1635 :
1883 1579 1953 1635 Et

365 1689 508 1725 nunc
534 1673 992 1743 orieitturmtique
1017 1688 1182 1742 cogno
1213 1673 1337 1726 retis
1356 1688 1416 1726 ea
1441 1671 1652 1743 (lbid.).
1683 1671 1955 1726 Delibera-

367 1762 481 1818 tive
505 1762 858 1828 conﬁrmans,
878 1763 1019 1832 quod
1046 1762 1216 1818 Judaei
1242 1771 1633 1834 cognoscerent
1657 1777 1719 1816 ea
1746 1762 1837 1834 qui
1856 1776 1952 1816 nos

365 1868 579 1908 smnus.
603 1853 780 1924 Atque
797 1863 854 1908 ut
875 1854 1114 1924 apertius
1133 1855 1370 1925 gentium
1394 1855 1746 1910 salvationem
1771 1863 1952 1911 osten-

365 1945 542 2008 deret,
558 1943 834 2012 subiunxit
852 1941 1077 1999 :Ponam
1093 1946 1147 1998 in
1158 1943 1383 2009 deserto,
1398 1960 1517 2014 qua:
1532 1962 1636 2001 non
1662 1945 1840 2001 fuerat
1860 1947 1950 2002 do—
1977 1925 2026 1986 Β

364 2037 556 2091 minici
599 2038 836 2092 vomeris
865 2037 1072 2091 cultura
1105 2038 1322 2091 domata
1351 2049 1377 2077 ⁸
1406 2039 1577 2102 riam,
1610 2038 1663 2092 id
1689 2047 1773 2092 est
1796 2037 1954 2093 Chri-

365 2139 506 2188 stus.
539 2129 630 2199 qui
675 2130 812 2184 dixit
840 2144 856 2184 :
890 2129 1001 2199 Ego
1049 2147 1166 2184 sum
1193 2130 1275 2184 via
1300 2170 1315 2195 ,
1345 2131 1534 2184 veritas
1554 2171 1570 2195 ,
1598 2141 1647 2185 et
1672 2131 1776 2184 vita
1813 2129 1950 2203 [Isa.

365 2220 602 2294 stv,6])
637 2234 685 2276 et
723 2223 778 2276 in
807 2223 943 2277 invio
969 2223 1211 2292 flumina.
1264 2222 1403 2278 Vere
1449 2223 1502 2278 in
1548 2224 1684 2278 invio
1731 2222 1954 2279 ﬂumina

365 2312 573 2383 posuit,
597 2313 814 2382 quando
844 2321 1033 2384 gentes
1076 2312 1388 2382 ignorantes
1439 2313 1574 2383 legis
1621 2315 1781 2377 viam,
1811 2323 1871 2369 ut
1897 2330 1956 2370 se

363 2416 760 2477 cognoscerent
789 2404 936 2471 fecit,
980 2413 1036 2460 et
1060 2407 1264 2462 siccato
1307 2405 1528 2471 vellere,
1559 2407 1700 2477 quod
1747 2409 1774 2448 b
1805 2408 1956 2478 prius

365 2495 572 2550 mundo
597 2507 784 2550 arente
810 2495 1024 2566 plenum
1053 2495 1225 2551 fuerat
1251 2512 1394 2563 rore,
1423 2497 1588 2553 totius
1613 2498 1798 2554 mundi
1822 2498 1956 2555 ﬁnes

365 2596 568 2645 humor
614 2589 857 2645 veritatis
902 2590 1173 2660 implevit,
1227 2590 1448 2661 soloque
1496 2590 1696 2647 vellere
1739 2592 1958 2648 siccitas

365 2683 528 2739 haesit
560 2701 573 2738 :
603 2681 928 2751 Glorificabit
955 2700 1038 2738 me
1068 2684 1230 2739 bestia
1255 2685 1401 2755 agri,
1431 2686 1707 2752 dracones,
1739 2696 1787 2740 et
1816 2697 1958 2741 stru-

366 2776 602 2832 cthiones
650 2787 672 2815 ο
724 2774 860 2848 (Isa.
911 2792 1074 2842 suit,
1107 2775 1220 2849 20).
1266 2777 1396 2846 Quae
1423 2779 1603 2833 omnia
1650 2779 1958 2850 parabolice

367 2867 620 2938 gentibus
660 2867 1034 2940 congruuntd.
1067 2884 1187 2939 qua:
1240 2870 1396 2925 vario
1429 2886 1614 2926 errore
1660 2871 1959 2926 bestiarum

367 2970 525 3016 erant
539 2959 855 3016 idololatria:
869 2969 1213 3017 consecratae.
1226 2961 1438 3032 Repetit
1459 2963 1602 3018 enim
1618 2964 1960 3019 vocationem

368 3051 643 3122 gentium,
683 3059 742 3105 ut
781 3050 1080 3107 ﬁrmiorem
1124 3053 1375 3107 ostendat
1409 3069 1423 3107 :
1460 3050 1598 3118 Quia
1628 3053 1748 3108 dedi
1779 3054 1834 3109 in
1867 3053 1959 3108 de-

369 3152 506 3199 serto
538 3159 725 3214 aquas,
752 3143 974 3214 ﬂumina
1001 3144 1056 3198 in
1077 3144 1232 3198 invio.
1263 3144 1328 3198 Et
1351 3153 1410 3199 ut
1437 3143 1602 3200 Israel
1628 3161 1733 3200 non
1768 3145 1957 3202 exclu-

369 3240 556 3304 deret,
590 3239 697 3294 imo
727 3247 784 3293 ut
812 3248 998 3308 gentes
1027 3239 1281 3309 populum
1313 3254 1469 3294 suum
1493 3237 1601 3308 jam
1631 3255 1752 3296 esse
1776 3250 1959 3298 Osten-

369 3328 550 3385 tleret.
583 3330 659 3384 ait
697 3347 712 3384 :
753 3325 957 3400 Populo
1001 3347 1148 3395 meo,
1183 3329 1348 3386 electo
1376 3348 1489 3386 meo
1532 3330 1744 3405 (Ibid.).
1799 3331 1959 3390 Vides

369 3424 499 3495 quia
526 3439 699 3493 aquas
727 3421 1016 3494 Evangelii.
1045 3432 1100 3478 et
1131 3421 1350 3478 ﬁumina
1392 3424 1758 3495 apostolorum
1806 3425 1963 3482 nobis

371 3514 751 3570 adhibendum
774 3525 901 3569 sunt
922 3515 1081 3580 datze,
1115 3514 1166 3569 id
1201 3525 1287 3571 est
1311 3513 1531 3580 ludatis,
1561 3517 1651 3588 qui
1685 3515 1963 3574 Christum

372 3615 751 3678 exspectantes
781 3607 1081 3662 venientem
1108 3616 1449 3679 receperunt,
1471 3608 1555 3662 vel
1583 3610 1834 3664 omnibus
1871 3611 1963 3680 qui

374 3713 544 3768 usque
573 3697 731 3753 hodie
765 3697 1147 3768 resipiscentes
1173 3714 1200 3752 a
1228 3697 1426 3754 diaboli
1456 3699 1686 3768 laqueis,
1711 3701 1965 3756 Ecclesia:

375 3807 431 3846 se
467 3789 710 3846 inserunt
753 3790 1028 3846 membris.
1064 3790 1138 3846 De
1174 3806 1284 3861 quo
1329 3791 1524 3861 populo
1570 3791 1916 3865 subjungitur
1945 3811 1959 3850 :

377 3881 642 3953 Populum
684 3883 840 3936 istum
886 3881 1094 3952 firmavi
1123 3884 1270 3944 mihi,
1298 3883 1506 3938 laudem
1557 3901 1725 3939 meam
1774 3902 1964 3940 narra-

377 3977 446 4031 bit
493 3987 518 4016 ο
572 3975 760 4048 (lbid.,
816 3974 928 4045 2t).
963 3974 1168 4031 Czetera
1198 3992 1319 4048 qum
1368 3985 1717 4047 sequuntur,
1766 3977 1964 4049 partim

378 4073 558 4134 fat-ta,
590 4070 787 4141 partim
841 4067 1020 4125 adhuc
1073 4067 1256 4123 futura
1313 4068 1471 4124 nobis
1518 4067 1688 4124 multa
1738 4068 1965 4141 promit-

379 4171 522 4217 tunt.

445 4255 500 4311 6.
531 4255 683 4324 Quod
717 4265 895 4312 autem
919 4256 1118 4312 asseris
1161 4271 1248 4312 me
1282 4256 1362 4311 ire
1385 4255 1440 4312 in
1477 4255 1752 4321 tenebras,
1794 4264 1849 4311 et
1876 4255 1963 4312 ni-

379 4348 509 4403 teris
561 4347 664 4403 hoc
692 4349 926 4418 probare
971 4347 1274 4402 testimonio
1319 4346 1470 4402 Isaia:
1515 4345 1788 4402 dicentis:
1825 4346 1963 4414 Quia

379 4459 492 4497 ecce
549 4443 771 4497 tenebrae
799 4443 1031 4509 operient
1064 4452 1279 4506 terram,
1311 4451 1359 4496 et
1385 4440 1552 4512 caligo
1578 4441 1796 4513 populos
1823 4441 1960 4513 (Isa.

378 4550 466 4596 ex,
497 4533 555 4606 2)
589 4552 603 4589 :
638 4534 806 4589 miror
831 4543 883 4590 te
911 4543 1148 4589 astutum
1178 4533 1452 4589 hominem
1483 4543 1592 4588 tam
1634 4535 1824 4590 leviter
1851 4535 1966 4606 opi-

378 4637 590 4692 natum,
615 4636 676 4682 ut
721 4643 808 4682 me
841 4626 983 4682 inter
1023 4625 1248 4697 papulas
1285 4641 1598 4693 numerans,
1631 4636 1684 4681 te
1710 4641 1740 4681 a
1765 4626 1963 4698 populo

381 4720 690 4777 subtrahas.
745 4718 865 4776 Iam
911 4720 1054 4776 enim
1103 4721 1352 4792 superius
1405 4719 1582 4778 fassus
1625 4736 1768 4787 sum,
1820 4722 1964 4792 quod

379 4831 544 4886 super
573 4829 672 4870 nos
695 4823 848 4870 ortus
867 4823 953 4870 est
981 4813 1257 4880 Dominus,
1286 4821 1340 4869 et
1360 4823 1551 4887 gentes
1579 4814 1634 4870 in
1667 4823 1856 4869 nostro
1885 4813 1966 4868 lu-

379 4910 529 4965 mine
558 4915 806 4981 pergunt.

453 5003 508 5058 7.
543 5003 608 5058 Et
632 5013 691 5059 ut
718 5003 858 5060 scias
883 5002 1009 5075 quia
1034 5017 1310 5072 nunquam
1353 5011 1441 5066 tu,
1469 5002 1653 5073 tuique
1682 5017 1968 5072 sequaces,

379 5096 581 5170 popqu
609 5097 702 5153 Dei
732 5097 1007 5162 aduneris,
1047 5095 1142 5152 sed
1169 5111 1383 5167 semper
1412 5096 1707 5166 dispersus,
1756 5110 1856 5151 nec
1903 5094 1971 5150 ad

380 5193 527 5247 viam
563 5204 879 5246 reversurus
902 5189 980 5244 sis
1008 5188 1186 5258 pacis,
1215 5187 1339 5242 andi
1382 5187 1574 5243 Isaiam
1622 5201 1690 5242 ex
1740 5203 1974 5260 persona

381 5283 587 5340 Christi
639 5282 802 5339 verba
843 5281 1094 5338 humana:
1121 5289 1327 5336 natura:
1363 5279 1716 5349 congruentia
1758 5280 1973 5350 procla-

384 5387 670 5436 titantem:
707 5375 774 5430 Et
824 5391 964 5430 nunc
1005 5373 1128 5428 dicit
1172 5371 1452 5436 Dominus,
1498 5371 1734 5441 formans
1791 5389 1870 5427 me
1911 5389 1977 5428 ea:

383 5485 534 5528 utero
558 5487 761 5526 servum
783 5470 905 5534 sibi,
937 5476 994 5524 ut
1026 5467 1273 5522 reducam
1305 5463 1471 5519 Jacob
1505 5464 1573 5518 ad
1614 5480 1756 5530 eum,
1777 5475 1824 5519 et
1849 5464 1977 5521 Sra-

384 5565 472 5621 hcl
511 5580 616 5620 non
652 5561 1055 5635 congregabitur
1093 5559 1227 5634 (Isa.
1260 5574 1422 5626 χιιι,
1469 5557 1546 5630 5).
1591 5557 1978 5616 Animadverte

463 5731 488 5760 δ
517 5717 640 5783 Ms.,
657 5717 948 5771 demotum.

460 5791 488 5830 ι)
520 5789 643 5861 Ms,
675 5788 787 5861 qui.

465 5873 487 5901 ε
518 5860 643 5926 Ms.,
666 5857 1054 5914 instructiones.

460 5930 492 5973 ⁴
523 5930 650 6000 κο..
673 5928 948 6001 congruit,
984 5929 1096 6000 qui.

1985 3305 2032 3370 C

2049 673 2168 712 vum
2211 657 2330 724 sibi,
2379 658 2430 712 id
2463 666 2544 714 est
2577 673 2645 714 ex
2685 673 2751 714 eo
2781 657 2897 728 ejus
2940 675 3058 714 sum
3089 675 3311 728 servus,
3339 675 3407 716 ex
3431 675 3540 732 quo
3569 660 3638 717 de

2051 759 2238 804 ventre
2265 759 2420 806 exsto
2442 750 2708 818 iactatus,
2738 759 2796 805 ut
2844 751 3059 807 auditor
3083 769 3192 809 non
3239 752 3638 810 scandalizetttr

2051 858 2269 898 servum
2306 843 2594 898 Dominum
2621 843 2847 900 audiens
2877 861 2891 899 :
2920 845 3046 916 quia
3089 845 3231 902 sicut
3259 861 3326 902 ex
3361 845 3524 901 Patre
3551 853 3639 902 est
3672 890 3678 897 .

2054 936 2197 992 Deus
2215 978 2229 1001 ,
2261 937 2336 992 ita
2364 951 2432 991 ex
2463 945 2636 992 matre
2659 945 2743 993 est
2772 951 2996 1003 servus,
3023 954 3162 994 unus
3199 939 3252 994 in
3279 948 3509 1010 utraque
3543 953 3637 994 na-

2054 1041 2172 1088 tura
2204 1033 2461 1089 Dominus
2485 1031 2642 1090 Jesus
2669 1033 2937 1092 Christus.
2995 1035 3101 1092 Sed
3132 1039 3234 1093 ista
3259 1053 3367 1093 non
3396 1039 3484 1093 hic
3528 1048 3638 1094 tra-

2053 1125 2248 1178 clauda
2276 1125 2630 1194 suscepimus.
2673 1125 2970 1182 Audiamus
2996 1128 3124 1196 quid
3166 1129 3268 1184 iste
3307 1145 3500 1185 servus
3530 1131 3636 1186 Do-

2056 1214 2188 1269 mini
2219 1215 2368 1279 dicit,
2411 1216 2500 1285 qui
2532 1216 2790 1271 Dominus
2817 1226 2936 1272 est:
2976 1217 3228 1273 Dominus
3251 1223 3443 1276 creavit
3475 1239 3554 1276 me
3577 1239 3642 1278 ea:

2056 1317 2204 1360 utero
2223 1323 2424 1360 servum
2444 1307 2563 1371 sibi,
2588 1317 2644 1362 ut
2668 1309 2913 1363 reducam
2935 1307 3101 1364 Iacob
3123 1310 3194 1364 ad
3217 1328 3334 1366 eum
3361 1328 3380 1368 :
3411 1329 3642 1383 moxque

2056 1399 2462 1454 deliberativam
2484 1403 2808 1456 sententiam
2839 1401 3061 1472 protulit
3083 1405 3267 1460 dicens
3295 1424 3309 1460 :
3350 1405 3417 1460 Et
3449 1404 3642 1465 Sraltet

2057 1508 2161 1546 non
2199 1493 2598 1563 congregabilur
2631 1510 2649 1548 :
2678 1493 2845 1548 libere
2885 1504 3046 1566 atque
3081 1497 3324 1553 absolute
3367 1499 3644 1569 professus

2061 1594 2146 1641 est
2177 1587 2316 1656 quod
2351 1584 2543 1642 Srahcl
2583 1602 2688 1641 non
2715 1590 3155 1658 congregahitur.
3200 1589 3385 1647 Sentis
3426 1606 3515 1656 ne,
3549 1590 3645 1648 ob-

2055 1693 2232 1744 secro,
2265 1693 2426 1748 quam
2473 1681 2658 1749 parvis
2685 1681 2864 1736 verbis
2892 1698 3092 1751 prunas
3129 1682 3499 1752 liquefecerim
3534 1683 3648 1755 gla-

2055 1770 2239 1833 ciales,
2269 1780 2323 1825 et
2351 1771 2672 1841 parvissimo
2698 1771 2928 1844 digitulo
2947 1789 3106 1844 quam
3133 1774 3315 1846 plures
3343 1785 3464 1832 tuas
3489 1773 3642 1832 dissic

2054 1860 2178 1931 pavi
2211 1860 2539 1933 phalangas?

2126 1955 2178 2009 8.
2213 1954 2407 2009 Verum
2433 1954 2659 2011 fractam
2687 1957 2955 2013 cervicem
2986 1958 3202 2014 interim
3233 1951 3438 2031 erigis;
3459 1965 3517 2014 et
3542 1957 3650 2017 hoc

2057 2045 2112 2100 in
2140 2043 2366 2101 Hebraeo
2397 2062 2503 2101 non
2535 2048 2719 2103 haberi
2748 2048 2887 2104 forte
2915 2051 3179 2106 causaris.
3219 2049 3326 2108 Sed
3352 2051 3472 2107 vide
3501 2051 3648 2124 quod

2059 2141 2283 2196 verbum
2328 2139 2652 2197 Hebraicum
2693 2140 2784 2198 ιο
2818 2142 2838 2181 ί
2882 2159 2988 2198 non
3035 2144 3294 2201 scribitur
3349 2159 3448 2215 per
3489 2143 3650 2200 tantes

2056 2242 2114 2289 et
2150 2250 2251 2288 vau
2278 2246 2298 2286 :
2313 2234 2455 2303 quod
2479 2234 2525 2289 si
2541 2244 2708 2298 esset,
2729 2235 3218 2307 signiﬁcaretquod
3233 2236 3428 2308 Aquila
3443 2237 3645 2308 posuit,

2057 2325 2128 2390 ei,
2160 2323 2242 2379 vel
2278 2324 2357 2378 illi
2413 2325 2832 2396 congregabitur.
2881 2325 2989 2380 Sed
3027 2341 3125 2397 per
3172 2326 3329 2382 tamet
3386 2336 3443 2384 et
3495 2325 3648 2394 aleb;

2059 2413 2202 2482 quod
2229 2413 2447 2484 proprie
2471 2431 2576 2469 non
2609 2423 2781 2469 sonat.
2834 2414 2969 2483 Quia
3001 2416 3166 2488 igitur
3202 2416 3371 2473 Jacob
3417 2432 3525 2473 non
3563 2426 3650 2473 est

2062 2503 2319 2558 reductus
2374 2501 2440 2556 ad
2500 2502 2784 2560 Dominum
2813 2546 2828 2571 ,
2878 2521 2979 2562 nec
3024 2506 3214 2562 Srahcl
3253 2515 3643 2579 congregatus;

2061 2601 2345 2665 propterea
2382 2591 2631 2650 Christus
2659 2595 2898 2664 loquitur
2923 2615 2935 2650 :
2965 2595 3131 2652 Vobis
3165 2612 3271 2652 non
3301 2595 3650 2653 credentibus

2059 2685 2384 2760 gloriﬁcatus
2411 2703 2526 2741 sum
2565 2688 2621 2742 in
2653 2688 2816 2742 oculis
2843 2687 3075 2751 Domini,
3105 2689 3160 2743 in
3191 2704 3279 2745 me
3299 2689 3444 2744 enim
3471 2688 3650 2747 omnis

2063 2782 2298 2837 mundus
2323 2780 2580 2847 credidit,
2620 2791 2668 2835 et
2712 2781 2852 2836 Deus
2896 2797 3042 2836 meus
3075 2781 3244 2850 factus
3291 2791 3366 2836 est
3391 2780 3647 2852 fortitudo

2063 2889 2178 2928 mea
2200 2871 2336 2944 (Isa.
2363 2887 2512 2928 xux.
2533 2872 2612 2942 5).
2640 2872 2806 2927 Deum
2833 2887 3012 2928 meum
3042 2873 3339 2928 secundum
3372 2872 3650 2929 hominem

2065 2964 2219 3029 dicit,
2246 2965 2370 3036 quia
2401 2965 2754 3020 sicutcontra
2790 2975 2840 3021 te
2883 2979 3104 3022 necesse
3129 2974 3212 3021 est
3253 2981 3342 3020 me
3386 2979 3508 3020 eum
3551 2962 3648 3020 lir-

2066 3073 2216 3113 mare
2243 3057 2410 3114 Deum
2445 3058 2729 3113 sententiis
2752 3057 3157 3129 Scripturarum
3177 3099 3191 3124 ,
3217 3058 3291 3113 ita
3323 3066 3512 3114 contra
3555 3056 3650 3128 qui

2065 3164 2188 3205 eum
2210 3150 2484 3205 hominem
2509 3150 2786 3220 negaverit
2809 3150 3057 3221 congruit
3089 3150 3220 3206 mihi
3245 3149 3652 3222 Scripturarum

2065 3245 2307 3315 arripere
2349 3243 2614 3314 praelium,
2650 3253 2707 3298 et
2733 3243 2913 3299 omnia
2949 3243 3034 3298 illa
3068 3243 3423 3298 humanitatis
3467 3257 3652 3298 exem-

2063 3336 2150 3408 pla
2189 3337 2502 3407 producere,
2545 3351 2641 3407 per
2663 3351 2781 3406 qua:
2816 3350 2939 3390 eum
2988 3334 3260 3389 hominem
3288 3349 3476 3389 verum
3519 3349 3651 3390 con-

2065 3432 2276 3488 ﬁrmem
2307 3447 2463 3500 esse;
2511 3433 2555 3488 si
2586 3433 2730 3488 enim
2760 3449 2923 3487 unttm
2958 3447 3024 3488 ex
3056 3433 3142 3488 his
3171 3447 3458 3505 negavero,
3491 3431 3654 3489 Chri-

2066 3525 2274 3580 stianus
2303 3540 2408 3577 non
2437 3538 2551 3578 ero.
2601 3521 2800 3579 Verum
2850 3523 2916 3577 ad
2949 3523 3194 3578 ordinem
3227 3513 3516 3578 redeamus
3541 3565 3554 3587 ,
3600 3532 3656 3579 et

2065 3613 2436 3686 propltetalem
2467 3613 2642 3668 adlutc
2673 3613 2995 3668 sententiam
3040 3613 3320 3668 videamus
3351 3628 3367 3667 :
3400 3611 3468 3666 Et
3515 3612 3656 3668 Deus

2065 3722 2209 3760 meus
2237 3705 2409 3774 factus
2439 3714 2510 3758 est
2548 3703 2801 3773 fortitudo
2850 3719 2985 3767 mea,
3011 3702 3102 3772 qui
3131 3702 3440 3757 consolatus
3462 3710 3544 3757 est
3569 3715 3657 3756 me

2067 3798 2277 3852 tristem
2326 3811 2486 3866 super
2534 3793 2892 3863 ahjet-tionem
2943 3793 3121 3864 populi
3171 3792 3298 3858 mei,
3336 3794 3476 3848 sicut
3516 3802 3571 3848 et
3601 3793 3658 3848 in

2066 3888 2434 3945 Pentateucho
2476 3888 2717 3957 legitur:
2768 3885 2989 3941 Paznitet
3035 3903 3115 3940 me
3163 3886 3422 3941 hominem
3474 3884 3656 3955 fecisse

2065 3997 2220 4052 super
2246 3990 2439 4035 terram
2463 3995 2480 4034 :
2510 3989 2556 4033 et
2586 3987 2756 4031 tactus
2776 3976 2956 4032 dolore
2977 3977 3148 4031 cordis
3181 3977 3514 4038 intrinserus,
3538 3975 3610 4030 ait
3637 3991 3658 4031 :

2023 4133 2028 4138 ,
2065 4075 2259 4132 Delebo
2286 4075 2545 4128 hominem
2573 4089 2726 4144 quem
2760 4071 2858 4141 feci
2883 4088 2914 4123 (ι
2945 4069 3080 4140 facie
3108 4079 3261 4123 terra?
3292 4065 3444 4138 (Gen.
3477 4083 3552 4132 VI,
3575 4067 3654 4140 6).

1990 4669 2042 4730 D

2065 4169 2217 4239 Quod
2236 4168 2280 4223 si
2296 4165 3023 4223 contradicendiealcaneutu
3052 4163 3238 4234 erigis,
3255 4177 3464 4234 expone
3488 4160 3660 4233 quali-

2068 4274 2150 4320 tcr
2166 4263 2294 4319 illud
2309 4259 2562 4332 intelligis
2573 4260 2716 4330 quod
2730 4275 2795 4314 ex
2811 4273 3041 4328 persona
3060 4257 3153 4312 Dei
3173 4258 3224 4312 in
3241 4255 3522 4312 Ezechiele
3535 4270 3660 4328 pro-

2056 4338 2225 4427 .plteta
2254 4353 2419 4424 legis:
2443 4351 2506 4405 Et
2537 4352 2591 4405 in
2617 4351 2854 4405 omnibus
2880 4349 2993 4405 istis
3024 4350 3372 4403 contristabas
3401 4366 3501 4402 me.
3555 4347 3658 4404 Se-

2064 4448 2249 4520 quitur
2273 4462 2287 4502 :
2315 4445 2548 4531 Parvun:
2563 4456 2635 4499 est
2653 4446 2700 4498 si
2719 4444 2910 4498 serrias
2932 4443 3059 4498 mihi
3071 4443 3138 4497 ad
3151 4440 3660 4498 suscitandastribus

2064 4539 2250 4604 Iacob,
2275 4538 2365 4609 qui
2394 4552 2491 4592 suo
2516 4537 2646 4591 vitio
2676 4545 3017 4599 corruerunt,
3043 4546 3090 4590 et
3122 4535 3191 4589 ad
3221 4535 3397 4604 faces,
3425 4533 3540 4589 sive
3577 4549 3661 4589 re-

2066 4633 2258 4703 liquas,
2298 4630 2484 4686 Srahcl
2521 4629 2891 4684 convertendus
2913 4626 3051 4699 (Isa.
3077 4643 3224 4691 XLIX,
3253 4627 3329 4696 6).
3365 4623 3478 4681 Hoc
3511 4625 3660 4682 enim

2066 4726 2293 4781 verbum
2320 4722 2644 4777 llebraicum
2677 4735 2860 4774 ncsure
2885 4728 3074 4780 sonat;
3108 4732 3208 4787 pro
3238 4714 3342 4770 ibis
3372 4715 3516 4769 enim
3538 4715 3662 4770 dedi

2067 4825 2118 4872 te
2143 4815 2199 4870 in
2227 4813 2391 4868 lucem
2407 4811 2646 4866 omnimn
2670 4811 2900 4882 gentium
2924 4807 3136 4880 (Ibid.),
3165 4815 3224 4860 ιιι
3247 4805 3518 4861 illumines
3541 4806 3660 4862 uni-
3729 4814 3744 4874 ί

2069 4921 2287 4962 versum
2315 4905 2594 4967 mundum,
2618 4912 2674 4958 et
2693 4900 2921 4957 salutem
2940 4914 3139 4964 meam,
3160 4913 3258 4972 per
3280 4913 3442 4967 quam
3468 4910 3660 4953 omnes
3739 4902 3752 4939 λ

2071 5000 2296 5057 credant
2331 5007 2386 5054 et
2425 4997 2560 5053 salvi
2597 4996 2749 5061 ﬁant,
2793 5010 2965 5064 usque
3004 4994 3071 5050 ad
3099 5004 3343 5050 extrema
3386 5001 3545 5050 terra:
3574 4991 3660 5048 fa-

2074 5097 2190 5152 cias
2213 5092 2512 5164 pervenire.
2550 5091 2810 5161 Quodque
2833 5089 3079 5159 sequitur
3109 5105 3123 5140 :
3160 5087 3414 5160 Magnum
3439 5087 3532 5142 tibi
3563 5097 3664 5157 est,

2079 5197 2132 5242 ut
2157 5187 2350 5240 voceris
2380 5200 2509 5253 puer
2544 5199 2711 5237 meus.
2738 5179 2987 5251 Magnum
3019 5177 3252 5236 refertur
3273 5179 3338 5234 ad
3365 5179 3663 5246 hominem,

2077 5285 2132 5332 et
2160 5275 2226 5330 ad
2255 5289 2502 5346 puerum,
2525 5273 2616 5345 qui
2645 5270 3055 5343 comparatione
3081 5270 3174 5326 Dei
3206 5285 3408 5341 parvus
3435 5279 3538 5326 est.
3563 5267 3662 5326 Illa

2079 5383 2209 5424 vero
2232 5365 2534 5423 testimonia
2559 5381 2700 5436 qute,
2726 5373 2782 5418 ιιι
2806 5363 3070 5419 unitatem
3096 5362 3366 5428 ﬁrmares,
3402 5361 3552 5418 inani
3581 5361 3662 5417 la-

2083 5460 2213 5514 bore
2238 5457 2486 5529 posuisti,
2513 5456 2739 5527 legendo
2764 5439 3121 5521 advertimus,
3137 5465 3190 5510 et
3219 5455 3376 5510 nobis
3397 5468 3663 5524 congrua,

2084 5567 2190 5608 non
2230 5552 2456 5607 adversa
2492 5549 2854 5622 prtevidimus.
2903 5548 3040 5619 Quia
3080 5565 3188 5606 non
3219 5559 3329 5606 tres
3357 5549 3486 5606 deos
3535 5545 3655 5603 coli~

2163 5724 2185 5752 θ
2214 5709 2309 5778 Μ.,
2337 5711 2570 5767 narrari.

2160 5783 2180 5823 ί
2214 5781 2337 5848 Ms.,
2363 5781 2479 5838 ΕΟ.
2511 5783 2867 5839 Scribendum
2897 5791 3078 5840 autem
3106 5779 3199 5838 ιο

2087 5855 2158 5922 E,
2189 5855 2417 5925 ipsemet
2459 5870 2692 5924 namque
2725 5865 2916 5912 auctor
2967 5853 3200 5910 aﬂirmat

2087 5941 2207 5982 esse
2236 5925 2475 5982 litteram
2506 5926 2778 5982 dictionis.

3224 5795 3327 5908 pe:
3349 5778 3414 5846 L,
3439 5793 3546 5834 non
3569 5790 3664 5848 per

3302 5861 3403 5906 met
3433 5851 3664 5908 primm

3302 5861 3403 5906 met
3433 5851 3669 5922 primm
