4034 6350
453 347 558 408 ιιιθ

1711 340 1961 397 ALVARI
2003 340 2477 397 CORDUBENSIS

455 476 594 524 inus,
624 461 717 536 sed
743 476 904 514 unum
933 460 984 511 in
1008 457 1269 511 Trinitate
1297 455 1588 508 asserimus
1609 464 1656 507 el
1690 468 2029 508 veneramus.
2061 454 2108 512 Α
2139 463 2508 523 esspcetatum
2566 453 2813 509 Messiam
2857 455 3064 526 suscepi
3107 463 3380 525 pastorem
3432 464 3713 512 aeternum.

456 553 624 620 Quem
665 551 758 606 tibi
791 550 1006 606 ﬁrmare
1035 564 1321 621 possumus
1347 547 1552 602 idoneis
1582 548 1824 609 testibus,
1851 554 1901 601 et
1925 546 2029 601 elo-

457 630 613 714 quiis
645 645 1027 715 prophetarnm
1069 641 1376 696 tonantibus
1405 659 1417 694 :
1446 638 1730 694 Faciamus
1774 642 2030 694 hominem

458 739 527 792 ad
549 738 844 807 imaginem,
879 746 925 788 et
949 733 1347 787 similitudinem
1377 743 1629 797 nostram,
1653 733 1724 786 ait
1757 730 2035 801 Scriptura

457 828 634 883 divina
685 825 836 896 (Gen.
865 842 904 891 ι,
933 813 1046 894 26).
1094 824 1157 878 Et
1207 834 1263 878 ut
1292 841 1396 878 non
1421 825 1486 878 ad
1533 823 1750 894 angelos
1781 821 1879 876 ista
1913 837 2034 885 vox,

457 924 548 978 sed
579 923 643 975 ad
665 921 857 975 Filium
890 918 1233 980 formaretur,
1262 934 1381 972 mox
1407 918 1640 972 addidit:
1665 918 1727 970 Et
1754 917 1871 986 fecit
1901 918 2037 971 Deus

456 1014 734 1078 hominem,
765 1013 834 1066 ad
869 1011 1147 1081 imaginem
1183 1009 1276 1063 Dei
1309 1011 1427 1081 fecit
1460 1008 1816 1080 illuni..Atuli,
1839 1007 2039 1078 perfide

455 1116 507 1160 et
541 1106 660 1161 fidei
710 1115 909 1160 sanctae
942 1105 1191 1180 adverse,
1226 1103 1392 1158 Deum
1435 1103 1718 1158 facientem
1746 1103 1811 1157 ad
1855 1103 2040 1174 imagi-

456 1212 577 1250 nem
636 1197 753 1263 Dei,
784 1205 834 1250 et
863 1211 1127 1268 cognosce
1169 1194 1453 1249 Trinitatis
1495 1195 1806 1266 mysterium
1843 1195 1893 1247 in
1936 1202 2039 1248 tua:

459 1291 748 1345 creationis
800 1289 1142 1361 principium.
1206 1286 1372 1342 Verbo
1434 1286 1666 1351 Domini,
1710 1286 1783 1340 ait
1846 1286 2036 1349 David,

458 1381 570 1434 caeli
635 1380 837 1450 ﬁrmati
872 1391 1014 1445 sunt,
1053 1391 1098 1434 et
1131 1380 1316 1449 spiritu
1377 1377 1482 1432 oris
1521 1377 1634 1446 ejus
1666 1377 1833 1430 omnis
1878 1377 2038 1430 virtus

459 1489 634 1525 eorum
665 1470 837 1542 (Psal.
872 1488 928 1535 ιι,
964 1472 1040 1544 6).
1078 1471 1168 1527 Sic
1191 1481 1245 1526 et
1272 1471 1439 1525 Isaias
1469 1480 1649 1524 vatum
1677 1484 1834 1539 quam
1867 1467 2038 1522 maxi-

459 1583 544 1619 me
567 1567 774 1636 primus
817 1575 901 1620 ter
939 1576 1153 1621 sanctus
1203 1575 1452 1637 repetens
1491 1564 1625 1634 (Isa.
1660 1580 1748 1628 v1,
1779 1562 1881 1633 3.),
1915 1561 2039 1616 Tri-

460 1660 682 1714 nitatem
735 1660 1104 1722 demonstrat;
1146 1659 1238 1712 sed
1281 1657 1556 1712 Dominum
1612 1655 1799 1720 Deum,
1851 1663 1905 1709 et
1934 1668 2038 1708 non

463 1754 670 1808 Domini
700 1754 794 1809 Dei
829 1753 1075 1817 dicendo,
1121 1752 1380 1805 unitatem
1411 1749 1669 1805 declarat.

530 1846 583 1901 9.
621 1845 813 1900 Verum
835 1847 962 1917 quid
992 1846 1123 1903 mihi
1167 1861 1299 1916 opus
1329 1854 1410 1898 est
1435 1844 1486 1897 in
1519 1861 1575 1897 re
1605 1855 1713 1912 tam
1739 1851 1924 1914 aperta
1948 1840 2035 1896 diu
2067 1819 2114 1890 Β

462 1938 780 2003 consistere,
813 1955 932 2009 qum
961 1954 1064 1991 non
1099 1938 1255 1990 unin:
1283 1935 1593 1998 voluminis,
1621 1935 1714 1987 sed
1748 1933 2040 1988 multorum

464 2039 810 2084 monumenta
848 2028 1178 2082 volut‘l’iinutn
1214 2027 1371 2081 debet
1402 2024 1716 2079 continere?
1755 2022 1887 2076 Illud
1916 2036 2044 2075 sane

465 2122 704 2176 breviter
732 2123 996 2186 inlimem,
1021 2121 1141 2191 quia
1173 2121 1215 2175 si
1250 2119 1413 2173 totius
1436 2118 1568 2188 legis
1597 2117 1878 2171 historiam
1908 2131 2041 2169 ven-

465 2215 620 2268 tilare
643 2215 908 2271 acerrime
929 2214 1186 2276 volueris,
1233 2222 1324 2266 attt
1352 2212 1551 2266 trinum
1583 2209 1749 2264 Deum
1774 2208 2043 2273 credehis,

468 2319 555 2361 aut
587 2307 902 2362 idololatrire
930 2323 1115 2361 errore.
1148 2306 1342 2359 multos
1365 2313 1418 2358 et
1444 2304 1626 2374 plures
1649 2301 1884 2356 imlnces.
1913 2302 2045 2355 Cum

462 2413 510 2455 et
544 2403 805 2474 faciamus
846 2410 900 2456 et
970 2400 1366 2463 descendemus,
1399 2407 1452 2450 et
1491 2397 1605 2468 quis
1663 2396 1753 2448 ibit
1788 2394 1952 2454 nobis,
1995 2402 2047 2446 et

465 2494 562 2550 alia
597 2511 756 2566 quam
799 2494 1048 2565 plurima,
1109 2494 1160 2547 in
1195 2492 1446 2546 litterulis
1494 2489 1788 2560 perlegeris
1831 2489 2042 2542 sacris:

466 2587 587 2640 dum
632 2575 686 2640 et
716 2585 880 2640 Deum
909 2601 937 2639 a
971 2585 1081 2639 Deo
1111 2585 1334 2652 missum
1367 2585 1419 2638 in
1460 2582 1720 2636 Zaeltaria
1755 2581 2046 2643 inveneris,

465 2686 512 2728 ιιι
547 2675 906 2746 pluralitatem
947 2676 1169 2730 deorum
1195 2689 1220 2716 ιι
1246 2677 1296 2728 in
1326 2674 1508 2729 multis
1551 2673 1850 2725 adverteris
1892 2669 2044 2723 locis.

465 2752 622 2834 Quoi
659 2767 838 2822 studio
877 2767 1160 2822 brevitatis
1195 2767 1287 2822 tibi
1303 2765 1662 2836 perquircnda
1702 2762 2044 2825 dimittimus,

468 2867 522 2912 ut
548 2859 735 2912 audias
761 2869 814 2913 et
846 2868 1049 2923 taceas,
1084 2868 1141 2932 nt
1164 2857 1433 2929 intelligas
1469 2865 1522 2910 et
1548 2857 1624 2910 sie
1653 2855 1912 2926 loquaris.
1940 2853 2046 2908 Ve-

465 2953 645 3007 nimus
682 2953 746 3006 ad
791 2952 1029 3023 epilogos
1060 2960 1201 3016 tuos,
1253 2951 1302 3004 ιιι
1342 2960 1424 3005 est
1473 2947 1537 3002 ad
1590 2947 1874 3002 maledicta
1935 2955 2045 3011 tua,

471 3046 559 3100 ubi
595 3061 678 3100 me
704 3047 957 3101 miserum
1002 3061 1187 3110 voras,
1220 3053 1274 3098 et
1296 3043 1493 3097 oblitus
1522 3041 1717 3094 veteris
1753 3038 2041 3109 proverbii,

465 3140 588 3192 dum
614 3137 754 3191 aliud
778 3139 876 3202 ais,
902 3139 1106 3191 crimen
1133 3134 1489 3189 fortissimum
1517 3131 1695 3202 perdis
1725 3150 1736 3183 :
1765 3129 2048 3183 Mendaees

470 3245 736 3284 memores
758 3245 880 3283 esse
905 3231 1122 3282 debere.
1160 3227 1386 3280 Sursum
1413 3232 1466 3276 ut
1492 3239 1574 3277 me
1606 3238 1709 3276 non
1744 3223 1932 3283 lilium,
1957 3223 2047 3276 sed

465 3331 680 3389 gentem
711 3319 975 3382 lirmares,
1003 3317 1366 3371 testimonium
1390 3313 1540 3368 Isaiae
1566 3313 1788 3384 posuisti
1817 3333 1826 3366 :
1855 3312 2048 3367 Omnes

466 3420 640 3481 gentes
662 3411 811 3482 quasi
830 3409 987 3464 stilla'
1007 3408 1199 3470 situla’,
1229 3417 1274 3460 et
1298 3406 1447 3476 quasi
1477 3422 1577 3458 non
1600 3405 1721 3482 sint.
1750 3403 1900 3457 Nunc
1923 3418 2050 3459 vero

466 3506 538 3560 ttti
598 3503 796 3558 oblitus
835 3501 1095 3573 prepositi
1148 3510 1196 3553 te.
1247 3501 1419 3570 ipsum
1471 3481 1736 3567 infringis,
1774 3496 2045 3551 dicendo:

463 3596 632 3652 Deum
683 3595 773 3668 qui
816 3604 863 3649 te
901 3595 1075 3666 genuit
1119 3591 1442 3663 dereliquisti
1487 3589 1644 3662 (Deut
1710 3606 1879 3654 xxx",
1934 3590 2045 3661 l8).

463 3687 520 3744 Si
539 3688 687 3743 enim
715 3702 798 3740 me
824 3685 1030 3754 genuit,
1055 3669 1386 3755 pater-meus
1413 3691 1516 3746 est,
1550 3689 1604 3735 et
1642 3697 1745 3733 non
1769 3696 1827 3734 es
1861 3691 1913 3733 tu
1936 3680 2052 3748 ejus

466 3781 607 3834 illius
643 3779 811 3834 solus.
843 3777 1158 3848 Quanquam
1193 3785 1247 3831 et
1269 3774 1538 3830 subtiliter
1572 3775 1696 3828 dum
1720 3773 2055 3844 primogeui--

467 3884 578 3930 tum
609 3873 772 3928 Israel
805 3873 967 3938 dicat,
1001 3872 1136 3926 alios
1162 3879 1282 3940 post
1309 3869 1731 3940 primogenitum
1762 3883 1819 3922 se
1853 3865 2054 3921 habere

466 3965 728 4020 declarat.
768 3962 1172 4032 Primogenitus
1191 3962 1333 4016 enim
1365 3976 1468 4014 non
1499 3960 1695 4014 dicitur
1723 3959 1822 4012 nisi
1854 3959 2053 4013 fratres

469 4061 688 4123 habeat,
716 4074 946 4130 quorum
975 4059 1076 4112 iste
1111 4057 1182 4111 sit
1212 4056 1448 4126 primus;
1487 4063 1539 4106 et
1566 4053 1703 4107 bene
1730 4052 2052 4120 primogeni-

468 4161 576 4214 tus,
630 4166 735 4206 non
781 4151 1105 4222 unigenitus,
1155 4150 1330 4203 dictus
1360 4157 1459 4202 est.
1497 4145 1551 4199 Si
1595 4155 1774 4198 autem
1821 4159 1965 4207 eum,
1997 4154 2053 4196 ut

470 4245 626 4308 dicis,
659 4243 940 4314 dereliqni,
970 4251 1181 4297 constat
1208 4257 1290 4294 me
1322 4256 1442 4294 eum
1479 4246 1638 4290 antea
1674 4250 1832 4289 nosse
1864 4253 1875 4287 :
1905 4236 2049 4304 quod

474 4332 677 4397 lsraeli,
707 4349 810 4387 non
838 4333 1086 4404 gentibus
1123 4330 1400 4402 congruit;
1431 4328 1555 4397 quia
1587 4335 1772 4397 gentes
1805 4341 1909 4378 non
1937 4326 2048 4394 jam

469 4427 740 4496 cognitum
771 4426 1120 4496 reliquerunt,
1141 4424 1232 4477 sed
1277 4422 1510 4475 nondum
1539 4420 1811 4490 cognitum
1841 4434 2051 4473 assum-

467 4525 710 4588 pseruut.
750 4517 857 4572 Ant
885 4517 1028 4569 enim
1068 4531 1150 4569 me
1189 4513 1430 4568 Jndmum
1485 4509 1728 4565 firmabis
1779 4519 1833 4564 et
1878 4510 2048 4564 lilium

470 4609 588 4676 Dei,
637 4619 697 4665 ut
744 4624 866 4666 eum
897 4608 988 4680 qui
1019 4623 1102 4662 me
1133 4605 1696 4678 genuitalereliqnisse
1739 4605 2046 4670 confirmes,

471 4711 564 4756 aut
596 4711 808 4773 gentem
829 4742 843 4767 ,
871 4711 924 4756 et
955 4710 1006 4754 te
1037 4700 1087 4754 in
1116 4715 1311 4754 vanum
1337 4707 1531 4752 cuncta
1556 4697 1797 4768 posuisse
1822 4697 2048 4751 dolebis.

472 4789 578 4846 Sed
610 4800 664 4844 tu
699 4792 824 4844 dum
871 4791 1266 4865 invectionibtls
1315 4799 1367 4844 et
1410 4789 1751 4843 contumeliis
1791 4797 1936 4841 lotus
1960 4804 2051 4842 vo-

473 4882 693 4952 lutando
719 4883 969 4947 desudas,
1006 4893 1248 4936 tuasnou
1283 4881 1510 4950 corrigis
1552 4895 1736 4946 nugas.
1787 4878 1952 4932 Vides
2005 4889 2052 4932 te

471 4977 756 5030 verborum
792 4985 1003 5030 tuorum
1058 4975 1316 5027 lanternis
1354 4973 1608 5032 vinctum,
1666 4981 1718 5024 et
1777 4987 1879 5024 non
1941 4989 2052 5024 ara-

474 5085 699 5124 nearum
760 5068 1060 5130 cassicnlis,
1099 5067 1190 5118 sed
1249 5063 1543 5117 fortissimo
1578 5074 1629 5117 et
1689 5064 1859 5116 solido
1912 5073 2053 5116 reelc

476 5150 851 5215 censtrictum.
889 5159 952 5211 Et
982 5171 1276 5211 conversus
1308 5171 1389 5219 es,
1423 5157 1524 5220 ais,
1561 5158 1624 5208 ad
1668 5157 1936 5209 hominem
1966 5173 2055 5225 pe-

474 5252 725 5307 riturum.
768 5251 964 5304 Eadem
1013 5248 1152 5301 enim
1200 5247 1419 5316 repetis,
1470 5255 1524 5301 et
1553 5246 1899 5301 stoliditatem
1955 5256 2056 5299 tua-

479 5339 720 5411 segnitiae
745 5337 908 5392 semel
937 5353 1039 5390 non
1083 5334 1275 5390 sulIicit
1301 5337 1720 5389 demonstrasse.
1753 5335 1847 5388 Ais
1873 5336 2014 5389 enim
2041 5355 2052 5389 :

481 5431 768 5486 Conversus
801 5446 853 5483 es
896 5429 962 5481 ad
1004 5428 1261 5480 hominem
1294 5429 1617 5497 periturum;
1673 5442 1800 5497 ergo
1833 5436 1884 5480 tu
1926 5428 2053 5481 milii

482 5526 634 5577 ιιιςιίδ
663 5539 742 5585 es,
766 5522 906 5592 quod
937 5522 1100 5575 Deum
1145 5521 1481 5575 adoraverim
1516 5520 1692 5572 vivum
1721 5536 1733 5572 :
1760 5533 1929 5587 usque
1966 5520 2052 5572 ditt

567 5677 573 5695 ε
606 5657 922 5710 Trinitatem
955 5657 1006 5710 in
1034 5655 1160 5711 Deo.

559 5751 575 5762 -η
618 5728 839 5797 Spurca.

457 5827 464 5840 ι
550 5813 562 5840 ι
613 5799 945 5868 Ms.,_iura...
982 5801 1293 5855 sacrarium.

2082 4573 2132 4632 Ι)

2141 542 2274 597 Dum
2325 545 2466 599 enim
2516 545 2650 600 dicis
2699 562 2977 605 conversus
3029 563 3103 612 es,
3139 546 3382 602 ostendis
3425 545 3575 616 quod
3610 560 3715 606 non

2140 653 2290 708 gens,
2335 639 2427 692 sed
2471 638 2696 708 populus
2742 636 2838 702 fui,
2899 639 2989 709 qui
3045 647 3220 695 tecum
3263 637 3432 694 multo
3477 648 3719 710 tempore

2141 731 2389 787 Messiam
2414 733 2828 804 Redemptorem
2863 735 3104 789 omnium
3141 735 3472 804 exspectavi.

2215 823 2298 877 10.
2329 823 2494 879 Vides
2526 825 2652 894 quia
2681 840 2835 879 casso
2871 824 3106 890 laboras,
3144 826 3268 881 dum
3302 825 3434 881 nihil
3467 825 3642 888 vides,
3673 834 3724 881 et

2139 921 2349 994 palpas,
2375 921 2499 974 dum
2546 929 2633 976 tua
2679 929 2732 976 tu
2773 921 2887 991 ipse
2931 920 3072 975 dicta
3127 922 3428 990 impugnas.
3465 919 3589 976 Jam
3619 937 3720 977 non

2143 1015 2272 1069 mibi
2314 1014 2579 1086 promissa
2629 1023 2683 1070 et
2719 1014 3167 1085 repromissiones
3225 1029 3470 1083 opponas
3523 1032 3536 1070 :
3596 1030 3722 1085 gen-

2143 1116 2330 1177 tesque
2361 1122 2542 1162 coram
2566 1106 2675 1162 Deo
2696 1122 2888 1163 exesas
2907 1115 2962 1160 et
2983 1105 3362 1175 improbabiles
3385 1107 3536 1160 dicas
3559 1120 3576 1160 :
3604 1106 3723 1175 quia

2143 1215 2248 1254 non
2285 1213 2371 1254 mc
2406 1207 2645 1267 gentem,
2700 1197 2790 1252 sed
2820 1197 3064 1254 Judaeum
3103 1197 3412 1256 conﬁrmas.
3463 1197 3600 1253 Illud
3643 1213 3726 1252 au-

2145 1299 2248 1344 tem
2275 1292 2414 1360 quod
2453 1290 2517 1343 de
2571 1289 2753 1345 cloaca
2784 1289 2988 1344 ventris
3020 1289 3096 1344 tui
3148 1289 3411 1344 ructando
3439 1289 3654 1352 educis,
3677 1301 3728 1346 et

2142 1400 2334 1456 spurga
2365 1385 2391 1423 ι)
2423 1383 2575 1438 lallea
2618 1385 2670 1438 in
2696 1383 3114 1454 Redemptorem
3137 1382 3479 1452 conjiciendo
3509 1385 3728 1453 adspar.

2143 1479 2244 1547 gis,
2273 1479 2452 1533 cordis
2473 1477 2546 1531 tui
2579 1477 2890 1532 thesaurum
2919 1477 3200 1541 ostendis;
3231 1477 3354 1545 quia
3381 1476 3552 1532 malus
3579 1477 3726 1532 homo

2143 1570 2205 1626 de
2232 1570 2369 1626 malo
2394 1571 2638 1625 thesauro
2659 1569 2856 1640 profert
2880 1586 2940 1624 ea
2971 1585 3087 1640 qua:
3111 1579 3230 1623 sunt
3256 1567 3449 1638 (Matth
3501 1566 3725 1636 1:11.35),

2143 1672 2188 1717 et
2236 1662 2405 1716 omnis
2463 1661 2620 1715 arbor
2674 1660 2814 1716 mala
2865 1660 3070 1731 fructus
3122 1660 3287 1715 malos
3342 1661 3474 1730 facit
3511 1659 3722 1731 (Matth.

2142 1769 2241 1820 vn,
2278 1753 2387 1826 I7).
2415 1751 2624 1808 Fatuus
2655 1753 2978 1822 enim,jnxta
3012 1752 3226 1816 Isaiam,
3261 1752 3411 1822 fatua
3450 1752 3726 1822 loquitur;

2146 1856 2191 1902 et
2230 1862 2320 1901 cor
2341 1845 2452 1916 ejus
2501 1862 2632 1908 vana
2654 1843 2924 1913 intelliget,
2953 1855 3004 1897 ut
3033 1843 3287 1913 compleat
3314 1845 3621 1916 iniquitates
3640 1886 3652 1906 ,
3680 1854 3724 1899 et

2147 1939 2393 2009 loquatur
2417 1945 2598 2006 contra
2632 1936 2910 1990 Dominum
2933 1934 3261 1990 mendacium
3285 1933 3422 2004 (Isa.
3453 1950 3628 1998 xxx",
3651 1935 3721 2004 6).

2146 2031 2236 2086 Ille
2283 2030 2534 2100 loquatur
2571 2029 2858 2100 spnrcitias
2886 2027 3185 2084 secundum
3231 2027 3619 2098 Hieronymum
3645 2026 3722 2082 in-

2147 2125 2446 2196 quientem,
2471 2123 2558 2192 qui
2585 2132 2761 2193 potest
2787 2136 2980 2190 spurca
3004 2121 3366 2186 couunittere.
3392 2118 3449 2182 In
3467 2134 3563 2184 ore
3586 2118 3720 2179 enim

2148 2217 2295 2272 stulti
2325 2216 2473 2286 virga
2504 2215 2788 2286 superbiae.
2826 2212 2975 2268 Unde
3004 2221 3058 2266 ct
3093 2211 3377 2268 Psalmista
3409 2213 3475 2268 de
3515 2220 3571 2269 te
3599 2211 3721 2268 tris-

2149 2323 2252 2378 que
2285 2304 2550 2360 similibus
2593 2305 2726 2374 dicit
2772 2324 2782 2357 :
2817 2301 3114 2360 Posuerunt
3149 2305 3204 2360 in
3238 2303 3363 2358 cwlo
3400 2321 3456 2358 os
3477 2320 3652 2372 suum,
3681 2312 3722 2357 et

2150 2400 2328 2470 lingua
2375 2413 2554 2452 eorum
2583 2397 2789 2450 transiit
2824 2413 2980 2466 super
2998 2407 3191 2450 terram
3222 2395 3396 2463 (Psal.
3425 2411 3596 2459 Lxxu.
3627 2395 3678 2460 9)
3707 2410 3719 2460 ;

2150 2494 2213 2547 de
2235 2492 2430 2561 quibus
2459 2499 2514 2546 et
2539 2490 2664 2545 alibi
2705 2490 2835 2546 dicit
2863 2510 2874 2544 :
2906 2489 3182 2558 Disperdat
3209 2489 3465 2546 Dominus
3491 2492 3720 2546 universa

2149 2585 2288 2638 labia
2319 2585 2520 2644 dolosa,
2546 2594 2593 2638 et
2636 2583 2871 2652 linguam
2903 2582 3286 2654 magniloquam
3316 2579 3490 2653 (Paul.
3523 2597 3600 2643 ιι,
3629 2580 3719 2652 4);

2149 2684 2201 2729 et
2232 2674 2370 2730 alter
2395 2683 2650 2730 econtra:
2685 2671 2808 2728 Non
2831 2675 3011 2743 recipit
3037 2674 3216 2743 fatuus
3240 2674 3391 2730 verba
3416 2673 3720 2743 prudentius,

2151 2771 2249 2825 nisi
2287 2788 2348 2844 ea
2397 2769 2594 2825 dixeris
2623 2785 2742 2839 qua:
2793 2776 3064 2834 versantur
3111 2769 3163 2821 in
3194 2767 3350 2822 corde
3375 2765 3490 2836 ejus
3546 2765 3720 2837 (litor.

2151 2878 2304 2922 xvm.
2340 2861 2427 2932 2);
2455 2869 2511 2916 et
2545 2861 2659 2932 ipse
2694 2859 2787 2931 qui
2816 2875 2978 2928 supra
3011 2876 3024 2912 :
3052 2858 3218 2924 Iuda,
3252 2859 3379 2928 quid
3403 2857 3653 2928 gloriaris
3675 2859 3724 2916 in

2148 2954 2376 3024 malitia,
2413 2954 2500 3024 qui
2529 2962 2708 3024 potens
2743 2969 2795 3006 es
2824 2952 2877 3006 in
2907 2951 3231 3021 iniquitatem
3265 2960 3374 3006 tota
3407 2949 3534 3010 die!
3561 2945 3722 3022 (Ptol.

2149 3064 2220 3109 ω.
2251 3048 2329 3116 ὅ.)
2368 3046 2432 3104 Ει
2460 3041 2623 3104 totius
2652 3044 2932 3115 sequentia
2969 3043 3161 3113 psalmi
3195 3057 3364 3111 usque.
3389 3053 3437 3100 et
3458 3040 3727 3110 pra’valuit

2156 3142 2208 3199 in
2261 3140 2486 3196 uanitate
2524 3155 2639 3192 sua.
2675 3135 2779 3192 Ista
2812 3144 2895 3191 est
2927 3136 3173 3190 adversio
3202 3143 3404 3198 vestra,
3437 3143 3492 3190 et
3515 3143 3730 3198 conten-

2159 3232 2233 3300 tio
2267 3231 2422 3300 dura,
2446 3246 2564 3300 quae
2590 3245 2686 3296 nec
2709 3227 2975 3296 sacriﬁcio
3009 3227 3280 3296 expiatur,
3307 3241 3404 3282 nec
3434 3225 3634 3288 bestia.
3661 3223 3731 3281 De

2153 3340 2253 3394 qua
2285 3323 2543 3392 propheta
2577 3323 2654 3388 ait
2685 3339 2697 3376 :
2735 3319 3014 3384 Peccatum
3043 3319 3200 3372 .Iuda:
3228 3319 3478 3388 scriptum
3503 3330 3577 3378 es!
3602 3318 3730 3388 ctylo

2152 3415 2344 3486 ferreo,
2369 3413 2420 3466 in
2444 3429 2614 3484 ungue
2637 3412 2977 3466 adamantina
3000 3421 3272 3464 exaratum
3298 3409 3433 3470 (λεν.
3463 3425 3598 3476 ml,
3624 3409 3728 3478 Il).

2155 3509 2225 3564 Ut
2260 3515 2314 3562 et
2344 3522 2439 3578 per
2482 3505 2682 3578 ferrum
2724 3513 2778 3560 et
2821 3519 2916 3575 per
2963 3502 3341 3558 indomabilem
3390 3503 3726 3564 adamanietn

2153 3610 2471 3674 perpetuum
2505 3600 2832 3670 designaret.

2230 3696 2308 3750 ll.
2347 3692 2452 3747 Sed
2499 3694 2620 3762 quia
2667 3691 2902 3761 pollutus
2953 3690 3122 3744 multa
3173 3689 3373 3760 polluta
3426 3687 3645 3748 dixisti.
3680 3693 3726 3740 et

2155 3785 2533 3848 contumeliam
2563 3783 2756 3850 summi
2789 3782 2880 3837 Dei
2905 3783 3065 3838 surda
3090 3796 3302 3851 nequeo
3323 3796 3454 3840 aure
3481 3779 3727 3841 transire,

2157 3879 2280 3934 audi
2307 3894 2425 3950 qua:
2468 3876 2689 3945 veritas,
2715 3891 2820 3945 non
2853 3875 3130 3945 superbia,
3160 3873 3307 3928 dicit.
3333 3872 3492 3934 Audi.
3517 3869 3726 3926 inimice

2158 3968 2248 4024 Dei
2280 3967 2498 4028 excelsi,
2539 3965 2661 4040 andi
2702 3964 3020 4036 profanator
3061 3963 3200 4034 juris
3241 3963 3442 4027 divini,
3472 3962 3618 4023 audi,
3643 3973 3724 4013 sa-

2157 4060 2353 4114 erariic
2383 4059 2612 4113 violator
2641 4057 2836 4122 sancti,
2865 4057 3008 4122 audi,
3043 4071 3290 4110 vasorum
3325 4054 3534 4109 Domini
3561 4053 3723 4106 latro:

2156 4155 2280 4226 quia
2312 4153 2362 4206 in
2391 4161 2866 4220 tantumunquam
2902 4151 2968 4205 de
3013 4148 3342 4206 Sodomitica
3382 4148 3539 4202 vinea
3585 4145 3723 4203 bibit.

2156 4256 2208 4301 et
2246 4247 2426 4300 vinum
2455 4245 2660 4310 livoris,
2688 4243 2988 4300 draconum
3031 4243 3383 4313 aspidumque
3432 4241 3651 4302 libavit,
3679 4248 3730 4292 ut

2159 4346 2212 4391 tu
2245 4336 2335 4406 qui
2376 4350 2541 4388 ausus
2568 4351 2628 4398 es
2670 4343 2856 4388 contra
2881 4332 3165 4388 Excelsqu
3196 4333 3248 4386 in
3279 4331 3531 4401 superbia
3566 4328 3730 4383 estol-

2157 4429 2285 4493 lcre,
2319 4437 2372 4483 et
2402 4444 2522 4482 cum
2552 4426 2761 4482 diabolo
2784 4425 3108 4482 calumniam
3145 4422 3282 4478 Filio
3315 4423 3406 4478 Dei
3434 4421 3732 4491 instruere?

2158 4519 2289 4587 Quis
2317 4533 2550 4586 unquam
2584 4526 2732 4588 lapla
2764 4517 3002 4572 caecitate
3033 4530 3324 4584 percussus
3346 4524 3447 4576 est,
3479 4515 3571 4584 qui
3603 4515 3733 4568 dicat

2161 4609 2478 4664 munditiam
2507 4607 2798 4682 pollutione
2827 4604 3048 4661 vincid‘?
3094 4605 3304 4660 Intuere
3325 4648 3337 4668 ,
3383 4605 3569 4674 miser,
3603 4601 3732 4674 quod

2163 4699 2347 4753 Phtebi
2385 4699 2514 4751 ralii
2570 4697 2808 4766 cloacam
2851 4705 3128 4766 penetrem
3150 4738 3162 4758 ,
3194 4713 3291 4751 nec
3322 4705 3500 4770 tamen
3532 4705 3625 4749 aut
3653 4694 3730 4748 lu-

2162 4791 2306 4844 mine
2332 4789 2548 4859 proprio
2575 4800 2596 4827 θ
2627 4801 2834 4853 carent,
2873 4799 2963 4842 aut
2999 4789 3392 4862 inunumlitiatn
3427 4787 3625 4848 cloaca!
3654 4801 3734 4841 su-

2163 4890 2332 4935 munt.
2367 4880 2503 4946 Quin
2534 4881 2710 4950 potius
2735 4881 3041 4936 exsiccatnr
3070 4879 3270 4942 cloaca,
3300 4888 3354 4934 et
3378 4877 3508 4932 solis
3537 4877 3728 4931 lumina

2163 4987 2375 5039 semper
2401 4978 2718 5040 permanent
2747 4972 2910 5024 clara.
2940 4971 3091 5037 Quod
3124 4971 3164 5024 si
3189 4969 3375 5038 oculus
3398 4969 3544 5042 ctyli,
3571 4967 3731 5034 lauru,-

2160 5062 2241 5114 lus
2265 5078 2425 5131 super
2456 5070 2600 5115 astra
2637 5061 2889 5122 tonantis,
2922 5061 2998 5113 sol
3027 5061 3137 5113 lucc
3161 5059 3316 5132 facit,
3335 5039 3544 5132 quanto
3571 5059 3728 5128 magis

2161 5151 2245 5204 ille
2276 5152 2364 5220 qui
2400 5153 2564 5205 solem
2595 5151 2835 5204 creavit?
2885 5151 2951 5204 Et
2991 5151 3183 5216 dillidis
3225 5130 3289 5204 de
3328 5130 3417 5204 Dei
3461 5130 3686 5222 potentia
3711 5189 3724 5212 ,

2161 5241 2311 5310 cujus
2363 5257 2523 5311 opera
2576 5241 2811 5311 quotidie
2854 5241 3120 5311 conspicis
3172 5242 3341 5295 mira?
3381 5242 3524 5322 picis
3569 5241 3722 5302 mihi,

2160 5337 2426 5404 quomodo
2460 5352 2588 5389 caro
2625 5351 2842 5389 carnem
2875 5336 3080 5405 genuit,
3108 5345 3162 5388 et
3201 5335 3395 5389 violata
3435 5352 3541 5414 rion
3573 5333 3720 5386 exsti-

2164 5431 2261 5483 tit?
2288 5430 2412 5482 Dico
2445 5429 2571 5492 tibi,
2600 5428 2832 5497 qualiter
2857 5427 3006 5496 virga
3040 5428 3217 5482 Aaron
3249 5442 3413 5500 mices
3447 5424 3721 5504 produxit,

2162 5534 2214 5578 et
2246 5525 2480 5593 plantata
2513 5539 2616 5577 non
2649 5522 2782 5577 fuit?
2814 5523 3045 5592 qualiter
3077 5523 3153 5576 sol
3189 5505 3492 5576 naturalem
3539 5527 3724 5576 motum

2236 5659 2258 5696 δ
2293 5659 2412 5722 Ms.,
2446 5659 2656 5712 vinceri.

2243 5745 2264 5768 υ
2298 5729 2418 5796 Ms.,
2451 5728 2623 5781 lumen
2644 5729 2929 5812 proprium.

2674 5991 2732 6035 ο
