4034 6350
316 305 414 365 50!

1737 313 2117 372 EPISTOLE.
2511 338 2540 366 ο

3479 320 3582 377 ὔθὲ

317 424 631 496 relinquens
658 468 670 490 ,
731 426 1060 498 longiuscule
1117 427 1255 482 diem
1315 428 1541 484 lucendo
1598 431 1899 500 protraxit?
1927 437 1976 495 Α
2003 431 2094 486 alti
2129 432 2306 488 throni
2340 435 2588 490 manibus
2611 432 2868 490 fabricata
2891 433 3228 504 receptacula
3257 432 3447 487 vulvae.
3479 433 3582 486 Λιι-

314 519 601 587 Quomodo
645 534 812 573 maris
846 519 985 574 unda
1007 560 1021 582 ,
1058 517 1274 574 ﬂuentia
1307 531 1514 576 natura:
1543 538 1652 577 suae
1682 523 1846 578 oblita
1876 567 1887 585 ,

314 613 516 667 erectis
540 611 891 681 marginibus,
935 610 1144 686 glaciali
1178 613 1352 682 rigore
1382 614 1625 668 solidatis
1669 616 1896 687 gurgiti-

310 705 438 768 bus,
472 714 528 758 ut
572 719 758 760 murus
799 703 985 760 firmus
1010 706 1191 760 stetit?
1219 706 1461 772 Qualiter
1491 709 1662 774 asina,
1696 711 1894 766 animal

310 799 558 869 pecuale,
610 798 874 852 humanas
927 799 1027 854 rite
1079 799 1317 869 loquelas
1348 803 1662 872 .produxit?
1692 806 1896 872 Quibus

311 891 492 945 modis
523 890 601 945 sol
633 906 728 960 per
755 892 1048 959 orelegium
1077 906 1102 932 ο
1129 893 1382 961 gradibus
1418 897 1720 964 quindecim
1751 909 1898 955 retro

311 1001 373 1040 se
398 987 596 1040 vertit?
625 986 684 1040 Et
715 988 839 1041 dum
873 987 972 1042 ista
1005 990 1185 1044 omnia
1218 1007 1321 1044 non
1359 994 1769 1060 rationabiliter,
1803 998 1895 1052 sed

309 1078 684 1148 potentialiter
727 1078 867 1134 facta
916 1083 1232 1151 cognoveris
1255 1123 1268 1146 ,
1307 1084 1436 1138 velis
1468 1085 1602 1141 nolis
1637 1087 1663 1126 ι)
1693 1087 1896 1145 invitus

309 1167 529 1222 silentio
579 1167 816 1237 linguam
855 1171 1211 1242 constringes.
1257 1173 1319 1226 Et
1362 1190 1482 1228 cum
1512 1191 1607 1230 ore
1642 1176 1896 1247 pestifero

308 1258 486 1313 multa
526 1259 779 1328 pestifera
831 1261 1000 1326 dicis,
1031 1262 1156 1316 dum
1189 1279 1288 1333 per
1335 1266 1610 1337 virginalia
1660 1268 1893 1324 claustra

306 1351 682 1420 polluttunque
717 1363 949 1407 meatum
979 1357 1212 1424 propriis
1256 1356 1412 1413 labiis
1435 1360 1710 1416 osculasse
1740 1363 1894 1432 geni-

308 1443 439 1496 talia
472 1444 691 1507 astruis,
719 1459 838 1512 quae
871 1444 1230 1501 inverecunda
1277 1446 1455 1504 fronte
1499 1466 1696 1520 procax
1725 1453 1898 1508 satius

304 1533 614 1604 protulisti,
647 1534 772 1588 dum
810 1536 1000 1590 matris
1030 1546 1132 1590 tuae
1158 1541 1495 1608 receptacula
1528 1552 1582 1596 et
1616 1543 1764 1596 sinus
1810 1544 1894 1598 in-

306 1635 496 1682 ternos
525 1627 692 1681 vulvae
713 1628 1099 1683 exsecrabilem
1121 1632 1450 1700 approbasti.
1468 1634 1625 1697 Audi,
1645 1635 1895 1701 sceleste,

305 1727 363 1772 et
407 1718 650 1773 omnium
697 1719 1131 1774 exsecrationum
1179 1722 1262 1776 vel
1309 1723 1770 1779 abominationum
1814 1741 1897 1780 re-

304 1808 472 1879 plete.
503 1811 725 1880 spiritus
767 1811 1068 1877 immunde,
1121 1823 1175 1869 et
1224 1815 1490 1872 horrende
1519 1826 1678 1887 atque
1719 1835 1816 1888 per
1845 1829 1894 1874 te

304 1899 479 1955 Deum
508 1903 684 1955 vivum
715 1902 1093 1973 blasphemare
1121 1921 1181 1959 es
1206 1916 1228 1943 α
1263 1922 1460 1972 ausus,
1505 1915 1560 1962 et
1598 1923 1695 1978 per
1727 1925 1894 1964 vanas

303 2007 503 2046 vocum
545 1995 810 2050 novitates
853 2005 1223 2052 commentare
1256 2013 1316 2054 es
1343 1998 1369 2037 ά
1417 2001 1584 2055 uisus.
1638 2001 1811 2073 Atque
1843 2003 1892 2056 iu

304 2086 500 2154 primis
540 2095 651 2140 toto
687 2103 912 2158 corpore
965 2097 1230 2157 tremens,
1285 2090 1441 2146 funes
1486 2101 1605 2148 tuos
1639 2104 1664 2133 ο
1711 2094 1894 2150 oculos

303 2192 462 2232 meos
510 2179 808 2234 maledictis
849 2180 1182 2237 clamoribus
1215 2183 1432 2249 damno,
1456 2185 1582 2253 quia
1617 2185 1741 2239 talia
1769 2201 1892 2256 per-

302 2278 570 2336 ceperunt
611 2268 879 2339 legendo:
929 2271 972 2325 si
1005 2272 1150 2326 enim
1196 2272 1362 2327 Isaias
1410 2273 1608 2344 polluta
1653 2275 1789 2329 labia
1838 2290 1894 2330 se

303 2361 514 2416 habere
545 2371 770 2418 testatus
793 2372 874 2418 est
901 2362 1035 2430 (Isa.
1065 2379 1138 2430 vr,
1167 2363 1250 2432 ὅ),
1273 2367 1398 2435 quia
1430 2366 1482 2420 in
1513 2367 1690 2421 medio
1711 2367 1892 2436 populi

302 2453 513 2522 polluta
545 2453 681 2507 labia
713 2454 958 2509 habentis
992 2457 1302 2518 habitabat;
1345 2458 1470 2527 quid
1503 2461 1574 2516 de
1596 2475 1680 2511 me
1712 2459 1893 2514 dicen-

303 2542 438 2597 dum
480 2554 583 2608 est,
633 2545 721 2616 qui
755 2560 862 2600 nou
912 2546 1083 2601 solum
1133 2549 1324 2603 merito
1371 2550 1653 2620 exigente,
1705 2566 1891 2604 verum

303 2634 476 2688 etiam
515 2634 584 2688 ob
611 2643 733 2690 tuas
773 2637 1007 2703 nmnias,
1042 2635 1463 2710 frivolorumque
1495 2641 1893 2696 commentitias

306 2725 542 2792 fabulas,
591 2743 724 2797 quas
771 2728 963 2788 oculis.
1015 2731 1342 2800 auribusque
1397 2733 1606 2796 audivi,
1662 2733 1893 2802 pollutus

304 2815 582 2870 consisto?
610 2815 720 2880 Va),
751 2833 850 2882 vm,
881 2833 958 2872 we
984 2819 1075 2873 tibi
1096 2861 1109 2880 .
1145 2820 1308 2874 miser
1354 2820 1560 2887 infelix,
1592 2824 1682 2892 qui
1733 2823 1894 2894 impie

304 2909 582 2964 discutere
609 2912 771 2966 audes
824 2927 982 2982 quem
1014 2913 1172 2984 digne
1216 2929 1407 2984 rogare
1452 2930 1558 2969 non
1585 2916 1752 2970 vales.
1787 2915 1890 2971 Sed

304 3000 396 3055 dic
449 3003 1117 3071 mihi:Adulter-antibus,
1151 3014 1313 3076 atque
1364 3007 1526 3064 veluti
1574 3009 1697 3078 equi
1747 3009 1891 3064 insa-

304 3091 524 3147 nientes
565 3093 630 3146 ad
677 3109 872 3150 uxores
919 3097 1290 3164 proximorum
1341 3098 1778 3168 respicientibus,
1824 3114 1888 3153 ex

302 3183 427 3253 ipso
459 3183 664 3238 incestu
694 3163 1043 3242 nascentibus
1074 3186 1194 3254 quis
1226 3163 1453 3257 corpora
1485 3186 1741 3250 fabricat,
1777 3189 1888 3259 spi-
1919 3163 1964 3224 Ο

302 3275 556 3343 ritusque
597 3274 774 3328 vitalis
802 3275 1024 3328 tribuit?
1051 3291 1228 3332 nonne
1261 3277 1438 3332 Deus?
1478 3275 1535 3332 Si
1581 3278 1719 3332 Deus
1763 3294 1894 3350 ergo

303 3382 416 3421 non
451 3367 618 3426 solum
651 3368 702 3421 in
731 3377 969 3423 stercore
1014 3385 1205 3425 manus
1237 3370 1610 3440 plasmationis
1641 3387 1752 3425 suae
1796 3371 1895 3425 im-

302 3459 497 3525 mittit,
541 3475 724 3514 verum
767 3461 956 3524 etiam,
987 3460 1131 3531 quod
1157 3459 1316 3526 absit,
1345 3461 1609 3515 malorum
1635 3477 1894 3530 coopera-

304 3560 395 3605 tor
417 3551 624 3616 existit,
651 3567 773 3607 cum
797 3553 863 3607 de
895 3552 984 3607 tali
1033 3553 1350 3622 contagione
1394 3553 1739 3607 nascentibus
1784 3553 1892 3607 ani-

302 3641 480 3698 males
503 3643 689 3700 tribuit
716 3641 870 3698 flatos
897 3643 938 3697 ί.
966 3643 1117 3711 Quod
1151 3653 1334 3699 uoster
1355 3643 1592 3713 prudens
1643 3661 1891 3716 magnus-

303 3749 412 3803 que
447 3733 800 3801 Hieronymus
829 3736 918 3790 tali
951 3738 1049 3791 sub
1078 3736 1246 3807 figura
1275 3737 1544 3807 exposuit,
1574 3747 1631 3791 ut
1656 3738 1888 3792 sementi

301 3824 454 3880 {ruta
492 3826 700 3882 sublata
732 3827 895 3884 sulcis
925 3829 1092 3883 indita
1138 3838 1496 3899 compararet.
1545 3829 1628 3883 An
1665 3830 1886 3894 idcirco,

302 3919 424 3983 ait,
475 3929 616 3974 terra
661 3921 988 3977 tructilicare
1028 3921 1117 3975 tali
1151 3922 1358 3976 satione
1403 3937 1508 3976 non
1545 3922 1735 3989 debet,
1767 3925 1889 3992 quia

302 4019 460 4068 sator
479 4027 544 4066 ea
563 4015 587 4052 Β
614 4013 886 4068 immunda
912 4014 1199 4086 projecerit
1227 4015 1424 4070 manu?
1445 4031 1633 4070 verum
1657 4032 1763 4071 non
1791 4017 1890 4072 ista

306 4103 398 4159 hic
423 4105 702 4160 tractanda
731 4107 1082 4175 suscepimus.

380 4193 470 4249 12.
499 4194 707 4262 Nescis,
736 4198 938 4268 inique,
967 4201 1088 4268 quia
1119 4199 1170 4254 in
1200 4201 1345 4256 omni
1376 4201 1514 4265 loco,
1553 4209 1660 4256 tam
1688 4203 1890 4257 mundo

304 4305 474 4362 quam
512 4289 750 4356 horrido,
806 4291 944 4348 Deus
973 4293 1142 4346 astitit
1172 4294 1235 4358 h;
1292 4295 1383 4348 sed
1410 4310 1515 4348 non
1550 4294 1888 4348 immunditia

304 4383 432 4447 loci,
455 4383 550 4438 sed
573 4383 831 4438 munditia
856 4385 1063 4440 Domini
1091 4386 1210 4441 loco
1230 4387 1527 4441 redundat?
1544 4387 1624 4439 An
1650 4386 1883 4456 ignoras,

309 4477 453 4546 quod
477 4475 608 4530 nihil
639 4476 970 4532 immundum
1004 4477 1132 4542 Deo,
1159 4478 1250 4548 qui
1301 4493 1367 4532 ex
1412 4477 1689 4532 immundo
1714 4486 1889 4545 potest

311 4545 490 4620 facere
524 4566 816 4620 mttndum?
842 4565 953 4622 Non
987 4545 1240 4631 attendis,
1267 4568 1409 4638 quod
1455 4569 1616 4622 etiam
1649 4565 1890 4621 iuferna-
1922 4545 1970 4604 θ

310 4657 417 4713 lem
445 4658 625 4715 locum
656 4659 960 4724 horrorum,
995 4661 1388 4730 potioribusque
1442 4661 1722 4716 fetentium
1770 4675 1889 4712 otti-

311 4753 459 4806 uium
483 4751 721 4822 peiorem
739 4760 986 4822 penetrat
1013 4752 1189 4806 Deus?
1221 4752 1326 4806 Aut
1367 4752 1508 4807 enim
1542 4753 1706 4806 Deum
1738 4766 1890 4805 crea-

313 4852 484 4898 torem
515 4857 708 4914 corpus
728 4853 966 4898 uostrmn
993 4844 1286 4900 fabricasse
1309 4846 1568 4909 firmabis,
1601 4855 1694 4898 aut
1723 4844 1886 4898 alium

311 4945 614 4990 creatorem
642 4945 833 5006 praeter
878 4936 1044 4991 Deum
1073 4953 1191 4994 esse
1236 4936 1514 4992 defendes.
1545 4937 1706 4991 David
1747 4936 1888 4990 enim

315 5027 547 5081 audetet
568 5028 696 5082 dicit
722 5047 733 5081 :
766 5027 957 5082 Manus
999 5040 1104 5082 ture
1144 5030 1375 5098 fecerunt
1398 5046 1496 5090 me,
1527 5039 1573 5082 et
1599 5029 1894 5099 plasmare-

314 5131 432 5174 runt
455 5136 539 5174 me
561 5117 734 5191 (Psal.
757 5135 946 5185 cxvut,
973 5122 1084 5191 75).
1112 5121 1177 5176 Et
1205 5132 1358 5176 certe
1377 5121 1506 5178 alibi
1555 5123 1722 5176 dicit:
1761 5121 1892 5174 Ecce

314 5213 368 5268 in
391 5215 753 5288 iniquitatibus
797 5226 1074 5286 conceptus
1109 5232 1246 5280 sum,
1279 5226 1326 5267 et
1347 5225 1352 5237 ’
1367 5215 1647 5268 iit-delictis
1688 5217 1884 5285 peperit

311 5323 395 5364 ne
441 5320 609 5364 mater
661 5325 774 5364 mea
808 5308 979 5382 (Prol.
1038 5325 1088 5376 ι,
1122 5309 1194 5379 7).
1235 5293 1394 5380 Vides
1449 5318 1640 5372 manus
1676 5308 1884 5362 Domini

312 5403 429 5472 ipsa
454 5402 707 5475 genitalia
750 5418 869 5473 qua:
900 5412 954 5457 tu
987 5418 1148 5457 exosa
1172 5387 1585 5466 dicis,‘l_‘erisse;
1619 5400 1889 5469 conspicis

386 5568 412 5598 ι
444 5555 499 5610 Id
525 5565 610 5612 est
634 5555 980 5626 horologium.

386 5626 412 5664 δ
445 5627 563 5689 Ms.,
594 5627 758 5682 nobis.

389 5697 438 5737 εδ
473 5699 566 5762 M.,
590 5710 683 5754 est.

391 5779 414 5807 ο
441 5768 497 5823 F.
529 5771 775 5840 lanatos.

1999 525 2050 579 di
2075 535 2128 581 et
2163 527 2304 582 aliud
2331 525 2653 582 :Faciamus
2675 527 2937 582 hominem
2958 527 3026 580 ad
3051 527 3331 596 imaginem
3367 537 3411 578 et
3444 528 3580 578 simt-

1999 615 2271 672 litudinem
2295 630 2525 673 nostram
2563 618 2716 680 (Gen.
2749 637 2789 684 I,
2809 618 2924 688 26).
2949 618 3016 673 Et
3066 628 3120 672 tu
3170 617 3460 688 imaginem
3489 617 3580 671 Dri

1999 711 2133 766 dicis
2155 728 2276 767 esse
2290 712 2585 779 pollutam?
2605 711 2875 767 Prtevides
2899 713 3168 767 hominem
3199 711 3265 765 ad
3289 710 3579 780 imaginem

1999 803 2092 861 Dei
2115 821 2237 860 esse
2261 805 2550 860 formatum
2578 805 2818 860 lineatim
2842 821 2938 876 per
2957 804 3198 860 membra
3228 804 3540 860 distinctum
3565 821 3579 867 ;

1997 898 2132 950 etin
2191 898 2590 968 exprobabilem
2637 898 2773 952 dicis
2821 908 3098 963 naturam,
3137 897 3290 966 cujus
3344 899 3582 954 divinam

1998 990 2266 1058 prospicis
2283 988 2514 1044 formam
2532 990 2554 1042 ?
2573 990 2681 1044 Nec
2696 998 2877 1060 potest
2896 989 3076 1044 dicere
3101 991 3336 1044 animam
3355 990 3421 1044 ad
3445 989 3582 1044 ima-

1999 1081 2176 1153 ginem
2213 1082 2305 1135 Dei
2337 1097 2457 1136 esse
2490 1081 2800 1136 formatam.
2829 1081 3002 1136 llomo
3031 1081 3175 1135 enim
3220 1081 3288 1135 ab
3318 1082 3482 1134 humo
3509 1080 3584 1134 di-

1997 1172 2159 1234 citur,
2182 1170 2233 1225 id
2259 1181 2342 1226 est
2373 1180 2540 1236 terra,
2569 1169 2710 1224 unde
2753 1187 2954 1240 corpus
2989 1180 3171 1225 noster
3198 1179 3284 1224 est
3311 1169 3584 1234 conditus,

1997 1279 2103 1316 nou
2142 1264 2210 1316 ab
2245 1265 2446 1324 anima,
2479 1264 2632 1334 cujus
2658 1264 2921 1334 originem
2949 1263 3127 1318 nullus
3170 1264 3313 1316 norit
3350 1272 3584 1318 creatus.

1996 1353 2076 1409 Ac
2101 1371 2196 1424 per
2218 1356 2319 1410 hoc
2341 1371 2446 1409 non
2471 1357 2850 1426 ignominiose,
2883 1365 2938 1411 ιιι
2972 1367 3025 1412 tu
3054 1357 3277 1421 astruis,
3304 1354 3584 1426 virginalia

1998 1446 2222 1516 virginis
2274 1448 2507 1517 propriis
2549 1450 2728 1519 tetigit
2767 1449 2943 1511 labiis,
2994 1450 3086 1503 sed
3117 1447 3372 1520 gloriose,
3402 1456 3459 1501 ut
3486 1461 3587 1502 nos

1996 1538 2232 1591 veridice
2281 1538 2527 1597 dicimus,
2565 1538 2972 1593 similitudinem
3005 1538 3098 1592 Dei
3150 1554 3254 1592 nou
3299 1537 3472 1592 solum
3504 1543 3582 1590 te—

1997 1628 2138 1698 tigit,
2171 1629 2264 1684 sed
2307 1630 2421 1685 suis
2464 1631 2668 1701 recepit
2715 1631 2766 1684 in
2813 1631 3147 1686 membrulis.
3193 1630 3371 1700 Atque
3419 1629 3470 1684 in
3520 1641 3584 1682 ea

1999 1720 2172 1777 forma
2232 1724 2284 1777 in
2341 1733 2582 1794 tempore
2635 1724 2781 1778 nasci
2824 1724 3071 1793 dignatus
3098 1732 3204 1784 est,
3250 1723 3301 1776 in
3327 1705 3431 1790 qua
3460 1728 3587 1774 ante

1927 1797 1970 1856 Β
2001 1822 2242 1882 tempore
2266 1829 2370 1868 non
2400 1814 2729 1883 specialiter,
2762 1814 2856 1869 sed
2894 1813 3178 1877 usualiter,
3223 1819 3582 1867 monstratum

1998 1918 2055 1958 se
2084 1919 2202 1958 esse
2233 1904 2484 1959 omnibus
2513 1916 2697 1958 notmn
2729 1913 2845 1960 est:
2883 1907 3008 1974 quia
3064 1887 3156 1975 qui
3211 1904 3262 1956 in
3315 1899 3586 1972 principio

1998 1994 2273 2048 hominem
2318 2011 2382 2049 ex
2423 1996 2633 2049 cunctis
2670 1995 2857 2050 bestiis
2878 1996 3242 2066 pulchriorem
3269 1992 3448 2062 elegit.
3479 2005 3587 2046 non

1999 2085 2100 2138 nisi
2151 2100 2274 2139 eum
2307 2087 2370 2139 de
2419 2085 2645 2139 consilio
2685 2085 2750 2140 ad
2783 2101 2934 2139 suam
2959 2085 3246 2155 imaginem
3278 2083 3425 2137 fecit.
3458 2079 3585 2134 Haec

1998 2184 2189 2229 cuncta
2217 2191 2335 2244 qua:
2365 2175 2583 2244 protuli,
2611 2175 2760 2228 salvo
2784 2175 2888 2230 alio
2911 2189 3097 2240 sensu,
3125 2190 3232 2246 quo
3259 2170 3584 2228 Christianis

1997 2274 2232 2320 tractare
2274 2267 2490 2320 insitum
2523 2276 2602 2321 est
2628 2267 2883 2332 diximus,
2908 2266 3236 2322 utJudaicos
3259 2265 3587 2322 elideremus

1995 2371 2231 2423 errores,
2268 2375 2371 2412 non
2398 2367 2453 2411 ut
2477 2359 2668 2427 dogma
2700 2360 3022 2414 conficerem
3065 2357 3408 2414 Christianis.
3435 2355 3582 2411 Con-

1998 2448 2213 2502 tumelia
2243 2465 2389 2512 vero,
2423 2466 2583 2519 quam
2627 2450 2676 2502 in
2711 2451 2875 2505 Deum
2918 2449 3104 2517 inflato
3129 2465 3242 2515 ore,
3275 2451 3588 2504 vesicarum

1997 2554 2146 2593 more
2188 2548 2459 2610 tergente,
2497 2540 2765 2594 diabolieo
2806 2539 3018 2596 amatus
3048 2541 3264 2611 spiritu,
3302 2549 3586 2595 venenata,

1995 2629 2267 2684 nmltoties
2295 2630 2633 2698 excerpsisti,
2665 2629 2792 2687 Picet
2836 2631 2999 2683 multa
3041 2631 3321 2684 inhonesta
3349 2671 3364 2695 ,
3395 2637 3448 2682 et
3497 2645 3584 2684 re-

1995 2722 2284 2802 sponsione
2334 2737 2438 2776 non
2472 2722 2631 2792 digna
2675 2722 2969 2787 contineat,
3014 2731 3194 2777 tamen
3229 2721 3362 2776 nihil
3412 2722 3586 2792 majus

1994 2830 2155 2884 quam
2202 2830 2419 2870 crucem
2452 2815 2534 2869 vel
2576 2823 2827 2879 inertem,
2861 2830 2954 2870 seu
2999 2817 3064 2870 ad
3116 2815 3317 2870 inferos
3366 2816 3577 2870 descen-

1995 2908 2221 2970 sionem,
2249 2907 2512 2977 designat.
2538 2907 2691 2976 Quod
2721 2922 2818 2962 nos
2842 2923 2946 2962 non
2972 2907 3143 2962 solum
3171 2924 3276 2962 non
3304 2923 3584 2979 negamus,

1995 3017 2181 3056 verum
2215 3003 2377 3056 etiam
2407 3003 2470 3057 ad
2503 3018 2597 3058 ore
2646 3019 2800 3057 arum
2831 3011 3044 3073 tropeos
3081 3005 3126 3069 ί,
3157 3018 3280 3058 cum
3310 3017 3418 3057 uno
3445 3003 3582 3056 ami-

1994 3107 2178 3147 corum
2207 3095 2386 3162 sponsi
2413 3093 2556 3148 velut
2597 3093 2837 3149 victricia
2867 3109 2959 3149 seu
3000 3093 3387 3163 triumphantia
3435 3109 3583 3148 arma

1997 3185 2337 3249 extollentes,
2369 3187 2620 3248 diximus,
2655 3187 2736 3240 vel
2789 3187 3032 3242 dicemus
3064 3205 3077 3240 :
3109 3185 3275 3241 Nobis
3305 3187 3438 3241 absit
3472 3187 3571 3257 glo-

1995 3279 2141 3341 riari,
2175 3281 2275 3334 nisi
2325 3280 2377 3333 in
2430 3297 2580 3334 crure
2609 3278 2818 3333 Domini
2855 3280 3019 3334 nostri
3053 3278 3182 3334 Iesu
3220 3279 3416 3334 Christi
3440 3279 3581 3351 (Gal.

1995 3385 2072 3432 vr,
2108 3370 2216 3441 14).
2263 3372 2467 3424 Cuncta
2493 3387 2621 3426 vero
2661 3387 2778 3438 qua:
2811 3371 3013 3434 dixisti,
3044 3380 3098 3424 et
3123 3371 3383 3442 ampliora
3422 3370 3584 3424 Isaia.c

1995 3463 2255 3531 propheta
2288 3465 2352 3516 de
2385 3471 2452 3527 te,
2496 3464 2705 3532 tuisque
2737 3461 3005 3517 similibus
3046 3471 3251 3526 texens,
3282 3462 3580 3531 proposuit.

1996 3557 2083 3609 ubi
2117 3557 2229 3610 haec
2253 3557 2502 3611 universa
2530 3571 2624 3610 vos
2664 3556 2843 3610 dicere
2877 3554 3240 3626 prophetavit,
3274 3553 3342 3606 ab
3367 3568 3433 3608 eo
3465 3553 3582 3607 loco

1995 3649 2046 3704 iu
2079 3666 2184 3719 quo
2211 3649 2285 3702 ait
2313 3648 2448 3720 (Isa.
2475 3664 2565 3707 LII.
2598 3649 2681 3718 13)
2717 3665 2729 3701 :
2771 3647 2904 3701 Ecce
2927 3646 3177 3717 intelliget
3201 3661 3379 3699 servus
3409 3662 3581 3710 meus,

1995 3755 2163 3808 usque
2192 3741 2255 3794 ad
2283 3755 2406 3794 cum
2434 3739 2525 3794 abi
2555 3738 2635 3794 sic
2671 3738 2832 3792 verba
2867 3736 3038 3792 finivit
3070 3755 3081 3788 :
3114 3735 3179 3790 Et
3225 3738 3333 3806 ipse
3371 3746 3581 3806 peccata

1993 3832 2279 3885 multorum
2323 3831 2467 3898 tulit,
2501 3840 2549 3884 et
2595 3846 2688 3900 pro
2717 3829 3190 3899 transgressoribus
3247 3827 3412 3880 oravit
3466 3825 3578 3897 (Id.

1995 3945 2110 3992 Lm,
2143 3926 2250 3997 l2).

2069 4022 2152 4075 i5.
2198 4017 2401 4089 Adjicis
2452 4018 2610 4073 aliam
2664 4017 3038 4090 gravissimam
3088 4030 3283 4071 mmem
3333 4012 3520 4070 dicens
3564 4027 3580 4068 :

1993 4110 2310 4164 Maledictus
2331 4109 2422 4179 qui
2442 4108 2654 4177 conﬁdit
2678 4109 2729 4162 in
2766 4108 2972 4160 homine
2999 4104 3132 4177 (Jer.
3158 4120 3288 4166 xvn,
3319 4101 3398 4173 5),
3423 4101 3576 4171 quasi

1992 4207 2114 4260 ideo
2141 4205 2411 4258 hominem
2436 4203 2674 4266 credam,
2704 4201 2828 4270 quia
2861 4200 3021 4253 homo
3041 4204 3147 4263 est,
3180 4205 3235 4252 et
3268 4211 3374 4250 non
3403 4195 3579 4264 potius

1993 4315 2114 4354 eum
2149 4298 2392 4362 adorem,
2423 4297 2547 4365 quia
2601 4295 2740 4349 Deus
2790 4301 2889 4347 est.
2934 4291 3098 4346 Recte
3132 4291 3235 4345 hoc
3274 4289 3507 4350 diceres,
3536 4286 3579 4341 si

1997 4405 2082 4444 me
2129 4403 2322 4460 purum
2382 4403 2503 4440 eum
2552 4386 2828 4440 hominem
2872 4392 2925 4438 et
2981 4397 3088 4438 non
3141 4383 3306 4436 Deum
3349 4380 3580 4451 credere

1994 4496 2137 4550 smpe
2197 4479 2460 4533 audisses.
2508 4475 2613 4530 Sed
2657 4477 2778 4545 quia
2825 4477 2949 4528 dum
2996 4473 3194 4528 nimius
3247 4471 3473 4530 incedis.
3525 4479 3579 4523 et

1996 4588 2179 4627 amore
2207 4568 2605 4625 contradicendi
2638 4567 2871 4637 linguam
2905 4566 3248 4634 maliloquam
3275 4572 3576 4632 temperare

1997 4680 2026 4717 a
2055 4661 2396 4717 contumeliis
2424 4661 2619 4721 neseis,
2663 4671 2714 4712 te
2750 4659 2920 4728 ipsum
2958 4667 3047 4710 tuo
3070 4670 3198 4710 ense
3231 4655 3452 4708 occidis.
3480 4654 3575 4707 Dic

1997 4755 2150 4820 mihi,
2177 4769 2295 4815 oro,
2341 4753 2384 4806 si
2438 4765 2708 4819 nunquam
2735 4749 2946 4818 penitus
2985 4746 3205 4802 valeas:
3238 4746 3403 4801 Istum
3444 4745 3578 4798 Mes-

1995 4850 2150 4912 siam,
2189 4862 2346 4917 quem
2398 4845 2649 4915 speratis,
2681 4843 2953 4898 hominem
2988 4857 3132 4906 esse,
3165 4857 3230 4894 au
3265 4841 3430 4894 Deum
3459 4855 3577 4894 cre-

1994 4943 2158 4998 ditis?
2191 4942 2245 4995 Si
2274 4941 2434 4994 homo
2468 4946 2582 5002 est,
2634 4935 2900 4990 maledicti
2935 4949 3028 4987 vos
3064 4947 3253 4986 omnes
3273 4931 3426 4996 estis,
3453 4931 3575 5002 quia

1997 5049 2216 5090 carnem
2244 5031 2522 5085 braehimn
2546 5026 2696 5081 vobis
2729 5039 2848 5078 esse
2875 5023 3163 5078 confiditis.
3200 5019 3256 5076 Si
3289 5019 3431 5076 Deus
3457 5031 3536 5076 est
3559 5064 3570 5080 ,

1996 5137 2126 5193 ergo
2162 5137 2266 5176 non
2293 5128 2375 5174 est
2404 5117 2588 5174 David.
2620 5131 2717 5170 nec
2763 5114 2904 5168 ﬁlius
2950 5111 3086 5180 ejus,
3115 5128 3213 5166 nec
3235 5111 3464 5167 vinculis
3492 5126 3576 5165 re-

1998 5215 2233 5285 ligatus:
2280 5211 2404 5281 quia
2459 5209 2598 5261 Deus
2628 5207 2766 5261 liber
2796 5215 2897 5267 est,
2945 5219 3044 5260 nec
3084 5203 3453 5271 cujuscunque
3495 5213 3578 5256 est

1999 5322 2206 5362 servus.
2248 5301 2360 5356 Non
2398 5312 2446 5354 te
2493 5299 2676 5369 pudet,
2704 5296 3069 5351 infelicissime
3099 5293 3425 5360 mortalium,
3465 5302 3573 5347 tam

2000 5397 2283 5453 ridiculosa
2327 5394 2517 5451 sectari
2565 5394 2843 5462 figmenta,
2869 5399 2926 5445 ut
2971 5399 3270 5445 monstrum
3301 5395 3574 5460 portento-

2071 5552 2089 5589 τ
2121 5550 2333 5620 Aliquid
2358 5551 2525 5604 deest.

2070 5625 2094 5664 ⁸
2122 5622 2246 5686 Ms.,
2272 5623 2394 5692 quia
2423 5630 2685 5674 asatorea.

2069 5697 2092 5734 ιι
2125 5693 2186 5747 F.
2213 5693 2430 5746 assistit.

2075 5775 2086 5809 ἰ
2125 5769 2162 5822 1.
2199 5763 2751 5831 adorearumitraptea,
2787 5761 2840 5816 id
2863 5769 2967 5830 est,
2991 5759 3173 5832 gloriae
3205 5761 3570 5812 monumenta.
