4034 6350
533 328 638 383 505
1594 341 1621 363 ⁸

1779 326 2036 385 ALVARI
2072 328 2124 384 Ct

2226 324 2553 386 DUBENSIS
3664 332 3746 403 ειη

535 460 674 508 sum,
698 455 859 514 quem
900 443 1132 501 vinculis
1177 443 1535 501 constrictum
1581 451 1639 499 et
1683 441 1893 535 catenis
1921 441 2115 499 ferreis
2143 448 2194 509 Α
2222 455 2313 506 tua
2349 453 2748 522 prosecutione,
2791 466 2921 526 ergo
2942 460 2999 508 et
3023 459 3214 525 gentes
3259 452 3441 509 liberae
3465 466 3581 512 sunt
3604 448 3751 535 asup.

486 566 491 571 ·
536 537 688 593 audis
712 536 1128 609 ligatum,tuum
1167 546 1230 593 ut
1258 538 1330 593 sit
1372 545 1656 608 exspectes
1694 534 2009 610 refugium?
2052 536 2121 593 Et

535 629 656 684 ideo
702 628 1017 686 maledictus
1063 637 1117 684 tu
1166 628 1222 685 in
1253 628 1440 695 domo,
1485 628 1805 684 maledictus
1862 628 1918 684 in
1965 643 2117 701 agro,

535 722 821 779 Psalmista
850 723 1055 794 pariter
1076 733 1440 794 concrepante
1466 740 1481 777 :
1530 721 1794 792 Deﬁciunt
1822 732 2121 793 peccatores

535 832 569 869 ιι
622 826 763 870 terra
824 823 873 869 et
922 814 1112 887 iniqui,
1166 815 1245 869 ita
1292 824 1350 869 ut
1411 831 1518 871 non
1566 814 1853 870 subsistant
1913 811 2119 888 (Psal.

534 924 650 975 cm,
681 908 794 979 55).

607 1002 694 1056 14.
731 1002 951 1074 Reliqua
990 1018 1123 1059 vero
1157 1018 1279 1075 quae
1321 1004 1551 1076 posuisti
1591 1005 1948 1076 responsione
1979 1008 2123 1065 indi-

532 1110 636 1166 gna
687 1095 873 1166 judico
916 1111 1072 1162 esse,
1132 1112 1233 1169 pro
1304 1113 1371 1154 eo
1432 1098 1576 1169 quod
1639 1113 1704 1154 ea
1764 1115 1963 1169 ponere
2023 1099 2120 1157 tibi

532 1193 722 1241 contra
763 1200 849 1239 me
888 1186 1110 1256 placuit,
1141 1203 1263 1258 qua:
1302 1198 1390 1243 tua
1429 1187 1659 1259 segnitia
1703 1205 1979 1261 nunquam
2031 1206 2120 1247 me

532 1286 821 1349 negantem
846 1278 1073 1334 audivit.
1099 1278 1233 1335 Nam
1255 1279 1402 1350 quod
1430 1279 1567 1334 dicis
1596 1298 1610 1332 :
1650 1277 1773 1334 Non
1796 1280 1920 1348 fecit
1943 1279 2122 1335 taliter

533 1369 678 1422 omni
704 1369 908 1423 nationi
943 1367 1117 1440 (Psal.
1143 1384 1346 1433 cxcvu,
1372 1368 1487 1439 26),
1497 1368 1610 1435 jam
1644 1384 1730 1424 me
1757 1369 1926 1440 ipsam
1947 1370 2122 1425 natio-

533 1479 682 1529 nem,
710 1464 797 1519 cui
828 1473 976 1519 tanta
994 1464 1277 1530 fecit,esse
1308 1465 1542 1520 ﬁrmavi.
1569 1465 1636 1520 Et
1665 1480 1764 1521 nec
1788 1480 2011 1521 necesse
2036 1471 2123 1520 est

532 1558 666 1613 mihi
708 1558 873 1615 latius
914 1575 1266 1631 prosequere,
1297 1561 1439 1632 quod
1467 1561 1708 1616 breviter
1740 1560 1994 1631 superius
2026 1561 2112 1615 in-

536 1651 739 1727 tentati
771 1670 784 1705 :
816 1652 940 1721 quia
973 1660 1030 1707 et
1055 1651 1329 1708 fastidium
1364 1663 1628 1725 generant
1651 1655 1847 1726 saepius
1870 1655 2118 1725 repetita,

2223 543 2384 615 plicio
2408 544 2681 602 saevientis
2710 546 2988 617 gehennaa,
3020 544 3148 615 quia
3181 543 3314 600 nihil
3346 545 3426 603 eis
3452 554 3750 610 commenda-

2221 637 2300 693 vit
2323 636 2632 693 divitiarum
2663 639 2840 711 legum
2868 651 3126 704 suarum;
3168 635 3343 693 solum
3361 635 3522 695 Israel
3553 641 3751 700 immani-

2224 720 2390 786 tatem
2442 731 2730 788 sustinebit
2772 746 3104 803 ptenarnm”
3157 730 3283 801 quia
3340 730 3412 785 illi
3454 731 3548 788 soli
3587 737 3751 793 credita

2223 831 2400 879 sunte
2453 822 2665 895 eloquia
2712 825 3122 895 prophetarum.
3165 821 3233 878 Et
3284 823 3409 877 dum
3452 825 3613 881 omnis
3647 825 3755 885 liber

2223 912 2531 970 abscederit
2574 915 2825 973 mundus.
2867 914 3029 969 Israel
3074 921 3281 968 tantum
3311 913 3525 983 lugebit,
3559 915 3605 970 in
3626 931 3754 988 quem

2224 1005 2327 1065 fuit
2357 1022 2611 1076 magnum
2642 1016 2697 1062 et
2720 1005 3040 1062 admirabile
3066 1020 3263 1062 nomen
3296 1004 3413 1075 ejus
3437 1005 3598 1075 ιΡωι.
3624 1025 3754 1078 uxv,

2220 1099 2299 1171 2).
2325 1097 2489 1155 Vides
2515 1098 2656 1169 quod
2701 1098 2830 1154 dum
2862 1098 3021 1153 idolis
3066 1096 3242 1161 faves,
3270 1096 3411 1161 Jovi,
3453 1097 3756 1159 Mercurium

2221 1191 2441 1257 lunoni,
2498 1200 2548 1247 te
2583 1190 2756 1261 ipsum
2801 1191 3018 1256 aduris;
3068 1198 3126 1246 et
3167 1190 3299 1244 dum
3328 1191 3525 1261 satagis
3553 1193 3757 1251 occidere

2222 1280 2516 1344 Christum,
2544 1280 2842 1335 Barabbam
2870 1280 3050 1352 eligis,
3094 1280 3269 1349 patris
3292 1280 3369 1336 tui
3399 1283 3597 1354 antiqui
3620 1284 3756 1340 hostis

2222 1373 2551 1428 ministrum.
2587 1372 2732 1428 Dicis
2761 1389 2774 1427 :
2806 1372 2975 1440 Quem
3009 1372 3027 1411 ί
3052 1372 3274 1429 Judaeus
3313 1372 3434 1438 fuit,
3477 1386 3528 1431 et
3565 1377 3755 1433 circum-

2221 1467 2483 1523 cisionem
2520 1464 2786 1535 implevit,
2834 1475 2890 1522 et
2936 1466 3041 1520 alia
3071 1482 3165 1536 per
3192 1482 3317 1538 quae
3367 1467 3460 1522 tibi
3488 1470 3756 1537 revertendi

2224 1559 2426 1615 aditum
2456 1558 2685 1625 claudis,
2717 1559 2844 1614 dum
2893 1558 2945 1614 in
2995 1559 3266 1614 Belzebth
3297 1557 3437 1613 facta
3486 1557 3757 1628 calumnias,

2221 1662 2279 1712 et
2305 1653 2569 1724 Spiritum
2619 1664 2869 1709 sanetum
2903 1654 3281 1725 blasphemare
3323 1671 3586 1726 nunquam
3616 1656 3760 1711 formi-

535 1754 588 1797 et
624 1744 1033 1814 intelligentiam
1064 1746 1358 1802 obscurant
1398 1747 1675 1803 multoties
1718 1749 1884 1805 dicta.
1918 1748 2122 1806 Fumos
2225 1749 2341 1804 das.
2367 1747 2474 1804 Sed
2503 1749 2682 1805 dicam
2711 1748 2809 1805 tibi
2842 1748 2985 1804 unde
3011 1764 3136 1804 cum
3178 1748 3417 1821 pejorem
3454 1748 3531 1804 bis
3556 1749 3759 1804 omnibus

534 1849 665 1890 vero
697 1844 803 1889 tuae
829 1836 1090 1891 caecitatis
1144 1837 1497 1908 adspargens,
1524 1838 1918 1910 domorumque
1942 1838 2127 1909 caligi-
2156 1822 2202 1883 Β
2230 1838 2465 1895 habuisti
2497 1856 2511 1895 :
2544 1838 2681 1907 Quia
2728 1854 2851 1895 eum
2884 1846 3068 1895 castos
3117 1839 3428 1910 diligentem
3477 1847 3529 1894 et
3568 1838 3760 1909 vit-gius

537 1944 655 1992 nes,
688 1929 884 1997 quibus
930 1928 1111 1984 lumen
1153 1938 1397 1985 nostrum
1426 1930 1716 1987 obcludere
1742 1933 1898 2004 cupis
1929 1931 2066 1988 dicis
2098 1944 2124 1974 ι

536 2037 589 2082 te
613 2027 665 2083 in
694 2025 1027 2082 Francorum
1076 2028 1217 2099 regis
1252 2027 1455 2098 palatio
1486 2027 1685 2085 vidisse
1715 2028 2126 2100 quatuordecim

538 2119 685 2177 viros
715 2119 857 2175 inter
880 2134 938 2176 se
979 2121 1124 2190 ipsos
1168 2120 1312 2175 cultu
1343 2120 1610 2176 diversos.
1635 2120 1803 2188 Quasi
1834 2120 2127 2177 nescienti-

538 2212 639 2268 bus
666 2212 716 2266 vi
742 2211 869 2267 leris
890 2198 1099 2281 jactare
1125 2211 1448 2267 doctrinam.
1477 2211 1615 2278 Quid
1636 2212 1779 2268 enim
1812 2213 1941 2268 mihi
1971 2212 2127 2268 obest

542 2304 685 2373 quod
730 2302 940 2369 vidisti,
969 2310 1023 2358 et
1072 2302 1202 2357 mihi
1256 2303 1538 2358 renuntias
1576 2303 1719 2375 quod
1750 2304 1915 2360 etiam
1941 2304 1987 2359 si
2016 2318 2124 2360 non

540 2395 810 2461 vidisses,
869 2404 923 2450 et
986 2394 1187 2450 vidisse
1240 2402 1296 2450 te
1343 2394 1524 2450 dicere
1564 2395 1822 2466 poteras?
1874 2395 2124 2466 Nunquid

540 2490 728 2561 ignoro
774 2489 1077 2544 novitatum
1120 2503 1357 2552 errores,
1400 2496 1458 2543 et
1497 2489 1839 2559 septuaginta
1893 2489 2124 2543 duarum

542 2586 804 2639 lucrosum
834 2583 1149 2653 pravitates,
1168 2583 1278 2638 imo
1298 2582 1460 2637 etiam
1481 2582 1618 2637 ritus
1633 2581 1876 2637 diversos
1899 2579 2125 2650 legendo

541 2674 790 2745 cognovi,
828 2673 955 2729 licet
985 2684 1037 2729 te
1077 2689 1355 2744 nunquam
1385 2672 1809 2728 renuntiatorem
1840 2671 2120 2726 haberem.

543 2770 778 2822 Duorum
806 2783 934 2823 vero
958 2767 1241 2837 gentilium
1263 2782 1362 2823 cur
1381 2765 1748 2822 enumerando
1776 2762 2124 2836 prosequeris

544 2859 781 2923 nomina,
833 2873 1059 2928 quorum
1106 2857 1212 2913 hoc
1265 2866 1505 2928 tempore
1550 2855 1728 2912 nullus
1768 2855 2045 2926 praeliatur
2070 2855 2122 2911 ι’.

545 2948 650 3005 Sed
679 2951 812 3005 dicis
848 2969 861 3004 :
891 2949 1138 3022 Nunquid
1164 2959 1217 3004 tu
1242 2949 1474 3020 majores
1499 2949 1686 3004 domos
1711 2946 1835 3003 Iesu
1868 2955 1960 3002 tuo
1986 2945 2125 3004 facis

544 3052 705 3107 quam
735 3039 809 3094 illi
843 3039 946 3094 diis
979 3039 1091 3096 suis
1117 3039 1379 3103 fecerunt,
1423 3053 1549 3093 cum
1574 3051 1713 3091 unus
1737 3050 1806 3090 ex
1832 3036 1918 3092 bis
1938 3035 2014 3091 ita
2040 3035 2124 3093 sui

545 3132 755 3189 delubri
782 3133 979 3191 deﬂeat
1006 3150 1170 3191 causa
1200 3145 1222 3173 ο
1255 3150 1270 3188 :

671 3246 785 3305 Hri.
815 3247 934 3299 mibi
965 3248 1066 3310 jam
1089 3247 1235 3297 video
1252 3245 1424 3310 subitis
1444 3242 1815 3310 hpsunypinis

671 3304 870 3361 Condita
895 3304 1013 3358 fama
1038 3308 1143 3368 diu.
1168 3306 1338 3371 templi
1359 3318 1559 3370 quoque
1582 3305 1759 3355 nobilis
1790 3304 1967 3356 aedem.

546 3414 653 3471 Pro
675 3431 782 3487 quo
810 3430 907 3471 nos
934 3415 1037 3471 ista
1068 3411 1446 3485 subjungimus
1478 3429 1492 3465 :

669 3528 851 3578 Bancid
874 3528 984 3578 dum
1009 3526 1237 3591 quiddam
1257 3524 1395 3591 balba
1417 3526 1483 3591 de
1509 3536 1628 3574 nare
1655 3524 1846 3591 locutus

673 3591 984 3654 Prae~trepis,
1010 3585 1065 3639 a'e
1088 3598 1264 3639 tenero
1288 3585 1315 3626 (ι
1341 3586 1619 3651 supplantas
1642 3589 1792 3638 verba
1828 3586 2004 3649 palato.

547 3699 645 3755 Dic
688 3698 842 3764 mihi,
898 3698 1082 3761 miser,
1135 3703 1190 3749 et
1220 3704 1401 3750 tamen
1454 3708 1560 3749 non
1603 3691 1954 3756 miserabilis,
1997 3689 2131 3763 quid

548 3786 896 3848 emolumenti
942 3786 1036 3843 tibi
1080 3785 1182 3842 ista
1221 3786 1441 3842 advexit
1491 3784 1817 3841 narrationis
1862 3782 2132 3839 invectio?

546 3884 725 3956 placet
746 3896 815 3937 ne
836 3880 955 3943 tibi,
971 3888 1031 3935 ut
1054 3889 1147 3935 tuo
1168 3879 1265 3935 tibi
1287 3888 1344 3934 et
1362 3894 1462 3952 ego
1479 3894 1728 3936 sermone
1750 3876 2127 3948 respondeam,

547 3974 837 4045 dicamque
881 3991 893 4027 :
935 3970 1189 4043 Nunquid
1241 3982 1296 4027 tu
1345 3970 1457 4028 Deo
1502 3979 1593 4026 tuo
1637 3968 1872 4040 majores
1916 3968 2129 4035 domos,

545 4082 710 4139 quam
733 4065 806 4120 dii
839 4065 1086 4121 homines
1108 4064 1210 4121 diis
1248 4065 1360 4121 suis
1388 4061 1679 4127 fabricare,
1715 4070 1867 4134 potes
1883 4058 2129 4132 erigere?

546 4158 754 4215 Addam
784 4159 829 4214 si
853 4158 1005 4225 velis,
1040 4159 1203 4215 etiam
1226 4159 1370 4214 aliud
1400 4169 1453 4212 et
1475 4156 1724 4214 Jeremiae
1755 4170 1851 4225 per
1873 4151 2128 4223 alphabe-

548 4254 717 4310 ticum
748 4253 1040 4325 planctum,
1072 4270 1196 4309 cum
1248 4254 1408 4324 hujus
1436 4251 1654 4323 gentilis
1675 4263 1983 4319 comparem
2013 4246 2129 4302 ido-

545 4344 615 4402 lis
640 4342 885 4401 deﬂentis
930 4360 1137 4401 casum.
1181 4343 1310 4399 Haec
1338 4359 1444 4398 non
1486 4340 1641 4412 culpa
1672 4348 1856 4394 nostra
1899 4347 2004 4402 est,
2034 4336 2127 4393 sed

545 4448 657 4505 tua,
705 4439 798 4510 qui
844 4454 943 4496 nos
982 4435 1231 4509 coegisti,
1277 4444 1334 4490 et
1384 4432 1724 4490 contumeliis
1765 4432 1923 4504 plena
1960 4431 2125 4487 verba

540 4532 881 4604 prompsisti.

2231 1932 2552 2004 cognovisti.
2586 1932 2828 1987 Dicerem
2876 1931 2992 1996 tibi,
3025 1939 3085 1987 ut
3120 1932 3250 2002 quid
3276 1930 3485 1987 exstitit
3520 1930 3760 1986 circumeio

2230 2038 2342 2091 sus,
2372 2024 2474 2081 nisi
2509 2041 2627 2081 eam
2658 2024 2754 2080 tibi
2780 2026 3051 2096 cognitam
3086 2026 3307 2081 scirem.
3337 2025 3473 2091 Quid
3495 2024 3625 2081 enim
3654 2040 3758 2097 opus

2230 2124 2314 2172 est
2352 2116 2406 2172 in
2451 2130 2605 2172 casso
2642 2114 2828 2170 labore
2857 2131 3008 2171 arma
3038 2115 3327 2182 ventilare,
3375 2127 3429 2171 et
3462 2131 3575 2172 eum
3605 2116 3759 2172 docere

2230 2208 2404 2279 quise
2430 2207 2698 2279 perditum
2722 2221 2828 2261 non
2852 2208 3028 2262 nescit
3059 2206 3214 2262 esse?
3243 2205 3407 2263 Doleo
3440 2216 3679 2279 super-te,
3706 2206 3760 2261 mi

2231 2315 2507 2362 conserve,
2542 2309 2597 2356 et
2627 2311 2685 2354 ut
2718 2301 2859 2356 Deus
2892 2299 3061 2363 novit,
3090 2301 3277 2356 veraci
3328 2300 3487 2357 corde
3512 2300 3759 2370 compatior

2231 2394 2364 2460 tibi,
2418 2392 2509 2464 qui
2568 2400 2693 2465 post
2742 2400 2892 2447 tanta
2927 2401 3002 2448 σει
3053 2391 3179 2448 talia
3238 2393 3391 2451 nisus
3441 2408 3500 2450 es
3545 2391 3760 2448 ventilare

2233 2501 2435 2541 manta.

2305 2582 2394 2637 i6.
2433 2581 2587 2650 Quod
2636 2598 2766 2639 vero
2803 2583 3104 2639 sententias
3142 2583 3528 2655 prophetarum
3565 2598 3650 2654 per
3670 2577 3759 2637 cola

2232 2683 2287 2731 et
2304 2684 2574 2730 commata
2599 2676 2624 2715 ⁸
2639 2673 2858 2741 indicis,
2886 2691 3152 2750 cognosce
3172 2691 3262 2732 me
3283 2691 3378 2732 eas
3402 2673 3534 2732 bene
3555 2674 3754 2733 rimasse.

2234 2766 2475 2838 mihique
2522 2766 2701 2822 omnia
2743 2776 3107 2823 consentanea
3147 2783 3274 2824 esse
3315 2786 3330 2823 :
3371 2768 3612 2840 pleraque
3647 2763 3759 2819 enim

2227 2858 2342 2931 jam
2376 2858 2517 2913 facta
2552 2858 2624 2913 ibi
2666 2867 2978 2923 narrantur,
3017 2859 3120 2914 alia
3163 2859 3324 2926 mihi,
3366 2859 3454 2931 qui
3482 2856 3626 2913 Israel
3648 2868 3755 2915 sum.

2235 2947 2417 3005 futura
2446 2946 2721 3005 texuntur.
2773 2947 3039 3005 Nonnulla
3087 2949 3526 3005 convertentibus
3561 2946 3692 3000 vobis
3718 2942 3757 2996 in

2236 3041 2343 3096 line
2369 3041 2435 3097 ad
2466 3040 2901 3111 praedicationem
2936 3041 3063 3095 Elite
3083 3050 3425 3112 promuntur,
3450 3037 3644 3111 quando
3660 3046 3756 3089 cen-

2238 3141 2349 3189 tum
2392 3132 2747 3204 quadraginta
2787 3141 3019 3204 qnatuor
3061 3132 3229 3188 millia
3279 3130 3345 3189 ad
3378 3131 3527 3187 Iidem
3565 3125 3663 3183 vrri
3690 3120 3758 3178 Dei

2154 3185 2199 3250 ρ
3054 3185 3641 3296 έέιῖιιιιηιιιτΑειιιιιιι
3661 3229 3758 3288 quo

2233 3335 2447 3390 cunque
2476 3319 2600 3374 ierit
2628 3320 2813 3391 (Apoc.
2838 3327 2972 3386 XlV).
2998 3318 3191 3375 Omnia
3221 3318 3371 3374 enim
3410 3332 3523 3388 qua:
3554 3308 3754 3385 promisit

2236 3409 2513 3468 exhibebit
2562 3426 2668 3467 non
2712 3411 2942 3468 mendax
2996 3409 3159 3477 Deus,
3198 3409 3528 3483 temporibus
3554 3405 3757 3469 suis.no-

2235 3505 2336 3570 bis,
2379 3519 2486 3558 non
2528 3503 2708 3563 vobis:
2754 3503 2906 3559 vobis
2950 3502 3116 3559 etiam
3157 3519 3283 3559 cum
3326 3500 3530 3558 fueritis
3560 3492 3756 3555 conversi

2234 3596 2301 3650 ad
2355 3603 2627 3664 pastorem
2674 3601 2732 3650 et
2773 3595 3111 3650 visitatorem
3156 3597 3463 3651 animarum
3508 3599 3755 3647 vestrarum

2233 3684 2287 3756 (1
2313 3683 2461 3740 Petr.
2488 3701 2549 3750 ιι.
2574 3682 2691 3757 25).
2721 3682 2828 3740 Sed
2866 3700 2995 3757 rogo
3023 3694 3095 3750 te,
3129 3694 3187 3739 ιιι
3221 3684 3462 3741 fraterno
3498 3694 3632 3738 more
3652 3675 3756 3731 veri-

2236 3784 2399 3832 tatem
2437 3775 2566 3830 mihi
2615 3791 2720 3830 non
2752 3776 3090 3832 mendacium
3131 3776 3399 3847 proferas.
3440 3772 3574 3829 Dicis
3607 3770 3754 3825 enim:

2230 3866 2351 3923 Ista:
2373 3866 2757 3923 sententiaatne
2776 3866 3059 3937 judaizare
3078 3879 3395 3937 coegerunt.
3417 3866 3483 3923 Et
3503 3880 3593 3921 cur
3613 3862 3755 3930 lingua

2232 3977 2261 4016 a
2289 3961 2452 4018 corde
2488 3961 2778 4017 dissentit?
2805 3976 2905 4017 cur
2930 3976 2992 4017 os
3027 3962 3207 4018 animo
3234 3979 3347 4019 non
3366 3956 3666 4019 concordat?
3684 3966 3758 4007 cur

2232 4054 2377 4110 aliud
2399 4054 2560 4120 labia,
2580 4053 2724 4109 aliud
2745 4052 2910 4111 corda
2930 4055 3200 4111 volutant.
3219 4054 3343 4113 Scis
3364 4052 3591 4127 profecto
3603 4061 3701 4117 quis
3719 4052 3757 4097 le

2224 4148 2506 4220 judaizare
2536 4145 2842 4219 compellit;
2874 4147 2965 4218 qui
2987 4146 3157 4202 Adam
3182 4165 3211 4202 a
3232 4146 3482 4218 paradiso
3501 4140 3666 4214 ejecit;
3687 4132 3757 4204 tllli

2231 4237 2599 4303 Salomonem,
2630 4236 2775 4293 idida
2798 4237 2827 4277 ιι
2857 4238 3090 4303 Domini.
3121 4252 3311 4295 errare
3334 4238 3493 4303 fecit;
3526 4231 3607 4303 qui
3634 4227 3756 4285 Sam«

2229 4332 2344 4387 soni
2401 4330 2586 4386 oculos
2644 4329 2796 4398 tulit;
2854 4330 2944 4402 qni
2976 4329 3148 4386 Eliam
3195 4344 3489 4403 perumque
3538 4328 3554 4367 ί
3601 4324 3754 4379 timom

2230 4424 2523 4480 concussit.
2561 4422 2658 4480 Vis
2683 4425 2824 4480 scire
2859 4423 2982 4496 quis
3012 4424 3147 4480 tanti
3174 4433 3367 4481 auctor
3392 4428 3471 4478 est
3499 4413 3650 4475 mali?
3674 4408 3753 4464 Fr.

2151 4552 2205 4615 Β
2231 4516 2398 4581 mina,
2429 4532 2549 4588 qua:
2576 4524 2661 4573 est
2680 4516 2845 4572 animi
2871 4524 2927 4571 et
2945 4515 3191 4588 corporis
3219 4515 3383 4572 tinea.
3413 4513 3475 4569 Et
3498 4502 3626 4583 quod
3646 4499 3755 4615 male

615 4592 717 4682 i5:
745 4626 897 4695 Quod
922 4634 1102 4682 autem
1147 4623 1388 4697 peiorem
1435 4622 1712 4678 Christum
1742 4620 1923 4676 dicere
1964 4633 2127 4674 ausus
2153 4592 2204 4615 υ
2231 4608 2468 4681 οωρίειὶ,
2493 4623 2591 4664 cur
2612 4608 2830 4680 perﬁcis
2860 4618 2981 4665 actu
3011 4608 3219 4680 pejori?
3248 4624 3348 4666 cur
3375 4592 3755 4697 venereasj-til'j:

543 4732 626 4784 es,
657 4728 761 4774 tua:
789 4718 985 4774 anima:
1028 4716 1299 4774 homicida
1349 4730 1429 4779 es,
1491 4714 1582 4784 qui
1628 4713 1852 4767 veritate
1880 4710 2126 4781 neglecta

542 4808 728 4864 verbis
772 4819 825 4865 te
853 4809 1191 4881 purgandum
1234 4807 1407 4877 cupis,
1438 4803 1530 4877 qui
1578 4804 1738 4860 rebus
1780 4803 2016 4874 urgeris,
2047 4800 2130 4857 di-

544 4914 673 4964 cens
704 4917 718 4955 :
746 4899 826 4956 illi
871 4916 971 4956 nec
1010 4899 1180 4971 legem
1215 4899 1472 4962 habuere,
1520 4911 1621 4952 nec
1659 4895 1763 4950 illis
1803 4895 1941 4950 Deus
1972 4892 2128 4965 quid-

548 5005 711 5060 quam
756 4991 1018 5061 requiret,
1059 4992 1204 5061 quod
1251 5004 1524 5058 nunquam
1567 4984 1982 5043 commendavit.
2014 4982 2128 5040 Hac

621 5157 648 5186 ι
683 5144 808 5209 Ms.,
835 5144 1010 5199 ducis.

619 5217 649 5256 δ
690 5214 815 5287 Mm,
839 5216 1208 5287 prelibnttura.
1644 5281 1664 5287 _
1818 5268 1831 5280 ,

617 5297 643 5357 9
687 5286 816 5353 Ms,
839 5281 936 5341 sue
958 5285 1188 5341 delubris
1208 5287 1398 5357 deﬂeat
1419 5302 1605 5348 causa,
1639 5281 1675 5337 f.
1704 5296 1909 5353 casum.

616 5356 654 5431 4A
682 5349 839 5431 Apud
893 5356 1134 5431 Persium
1180 5376 1194 5412 :
1250 5349 1497 5431 lj'liquat;
1535 5365 1581 5410 et
1617 5349 1792 5409 tenero
1829 5349 2129 5423 supplantat

546 5428 701 5484 verba
732 5427 927 5495 palato.
956 5427 1071 5485 Sat.
1105 5444 1143 5495 ι,
1174 5443 1228 5485 v.
1254 5428 1343 5485 35.

622 5511 649 5534 ⁸⁵
688 5511 813 5562 Δις..
835 5512 930 5556 est.

624 5572 647 5611 ί
688 5572 729 5627 Ι.
764 5572 888 5639 Qui,
924 5572 1008 5627 vel
1033 5572 1174 5628 forte
1207 5589 1221 5627 :
1253 5571 1519 5641 Dicisque.

571 5715 583 5729 _
622 5644 650 5684 ⁸
681 5641 741 5699 ld
772 5635 885 5711 est,
930 5644 1075 5715 quod
1114 5642 1308 5700 nostris
1336 5635 1497 5712 punio
1524 5658 1555 5712 ει
1584 5656 1753 5707 coma,
1782 5636 1991 5712 virgula
2024 5635 2130 5692 sci-

546 5714 675 5774 licet
696 5729 817 5771 cum
848 5714 1066 5787 puncto.
1928 5736 1936 5743 ·

619 5786 649 5827 ιι
689 5785 869 5852 Idida,
920 5786 1173 5844 hebraica
1212 5801 1334 5853 vox,
1385 5783 1526 5841 idem
1568 5798 1631 5840 ac
1670 5782 1932 5849 amabilis,
1966 5790 2025 5836 ut
2061 5795 2128 5836 ex

2228 4711 2407 4775 ptates
2436 4712 2673 4768 secutus,
2698 4700 2924 4758 Veneris
2947 4700 3123 4759 factus
3148 4716 3208 4758 es
3235 4698 3457 4758 servus?
3480 4694 3534 4751 Si
3559 4700 3604 4748 te
3626 4681 3756 4744 libido

2230 4795 2482 4862 delectat,
2534 4803 2590 4849 et
2631 4793 2915 4866 virginitas
2965 4791 3262 4865 ﬂoridaque
3305 4791 3519 4850 castitas
3564 4783 3752 4839 horret.

2232 4903 2339 4945 non
2367 4885 2603 4949 Judaeos,
2627 4886 2720 4942 sed
2755 4884 3148 4942 Mamentianos
3180 4882 3194 4936 i
3230 4883 3460 4956 inquire,
3485 4873 3570 4932 ubi
3592 4881 3753 4956 seculi:

2233 4980 2359 5036 dum
2403 4976 2658 5035 szeculum
2702 4976 2929 5051 fulgeas,
2978 4986 3034 5034 et
3068 4991 3176 5033 non
3216 4990 3378 5032 unam
3417 4979 3639 5029 uxorem.
3682 4952 3752 5012 59d

2235 5138 2591 5197 Vocabulario
2623 5136 2814 5194 Bibliae
2833 5136 3236 5210 Complutensis
3257 5139 3491 5208 apparet.
3526 5136 3726 5237 uno}?

2235 5221 2375 5237 .--....
2413 5210 2639 5237 una".-.
2674 5211 2725 5237 ε..
2756 5224 2910 5237 ..........
2938 5211 3078 5237 ...ηυι
3108 5208 3332 5237 Din"..-
3378 5203 3628 5237 ρει-ισιωη-
3653 5202 3696 5237 Ill

2232 5221 2376 5268 tasse
2405 5210 2642 5268 Idithum
2674 5211 2728 5266 in
2756 5224 2912 5266 versu
2938 5202 3079 5278 a'pud
3108 5202 3357 5278 (ὶιοεθιῐιῖ.Δ
3378 5202 3748 5278 ϐιιιιεξιιξξτιξίξῗζ

2230 5260 2780 5349 saturatam}...
2793 5260 3517 5351 ⁷ῥιδρπεξᾱηῑάίζξξιιιηίο.,ν
3531 5260 3748 5351 ιιίειςιίιίεε

2231 5332 2592 5445 Ξὲξιὲυῖέξέῖἐὲί
2613 5332 2979 5435 triﬁda?
2992 5332 3750 5445 ’βψεξζέξῖγετξὲηῗρινίίὲίἳπῖ

2232 5408 2354 5512 tibi
2405 5408 3557 5512 signiﬁcat-greatﬁrmamus
3587 5408 3749 5512 “3‘21;

2233 5468 2354 5581 iii?
2385 5468 3574 5581 ιῑίιῑίξεηλιιέι-ιεξξέέίοῑιέδξἐῖιεξξζῃοιπεςέο
3605 5468 3746 5581 3,3;

2236 5546 2440 5622 tibiam?
2466 5546 2586 5629 in},
2614 5546 2761 5621 iter.
2790 5546 2861 5617 ss
2892 5546 3143 5619 inculcat
3193 5580 3209 5617 ς
3263 5558 3438 5623 tam,
3482 5547 3565 5620 qui
3604 5546 3726 5606 eis!“

2232 5635 2504 5691 Christum
2537 5650 2680 5690 nunc
2710 5635 2824 5705 ispe
2851 5633 3125 5689 Salomon.
3636 5676 3665 5730 ι

2310 5708 2324 5730 ι
2374 5704 2393 5730 1
2468 5722 2771 5730 “unm.-.”
2821 5721 2881 5730 η..
2914 5705 2986 5730 In.
3040 5719 3099 5730 ...
3133 5702 3245 5730 οη...
3292 5715 3393 5730 ..ιι-ι
3446 5706 3526 5730 ι-ΙΙ
3571 5698 3617 5730 ν.

2310 5708 2328 5778 ᾖ
2373 5704 2434 5778 μ·
2466 5698 2794 5778 Ρενειιηιιιηέ,
2816 5721 2884 5778 ex
2914 5705 3100 5778 lib._ut
3133 5702 3264 5778 Reg.
3286 5715 3412 5778 nap.
3444 5706 3553 5778 xiv,
3571 5698 3681 5737 va.

2309 5777 2322 5827 i
2372 5776 2427 5832 ld
2450 5773 2552 5841 est,
2585 5773 2721 5848 quos
2743 5775 2904 5847 vulgo
2922 5775 3155 5831 dicimus
3182 5773 3570 5829 Multandum-

2726 6024 2767 6053 θ
