  <div class='ocr_page' id='page_1' title='image "/cluster/home/n/w/nwhite01/storage/ocr_20150623/121/hvd.32044015471642/259.png"; bbox 0 0 4034 6350; ppageno 0'>
   <div class='ocr_carea' id='block_1_1' title="bbox 552 301 655 367">
    <p class='ocr_par' dir='ltr' id='par_1_1' title="bbox 552 301 655 367">
     <span class='ocr_line' id='line_1_1' title="bbox 552 301 655 367; baseline -0.078 0"><span class='ocrx_word' id='word_1_1' title='bbox 552 301 655 367; x_wconf 63' lang='lat'><strong>5.07</strong></span> 
     </span>
    </p>
   </div>
   <div class='ocr_carea' id='block_1_2' title="bbox 1797 302 2569 365">
    <p class='ocr_par' dir='ltr' id='par_1_2' title="bbox 1797 302 2569 365">
     <span class='ocr_line' id='line_1_2' title="bbox 1797 302 2569 365; baseline 0.009 -7"><span class='ocrx_word' id='word_1_2' title='bbox 1797 302 2053 360; x_wconf 74' lang='lat' dir='ltr'><strong>ALVAIII</strong></span> <span class='ocrx_word' id='word_1_3' title='bbox 2092 302 2569 365; x_wconf 63' lang='lat' dir='ltr'><strong>MDUBENSIS</strong></span> 
     </span>
    </p>
   </div>
   <div class='ocr_carea' id='block_1_3' title="bbox 3709 316 3805 378">
    <p class='ocr_par' dir='ltr' id='par_1_3' title="bbox 3709 316 3805 378">
     <span class='ocr_line' id='line_1_3' title="bbox 3709 316 3805 378; baseline 0 0"><span class='ocrx_word' id='word_1_4' title='bbox 3709 316 3805 378; x_wconf 70' lang='grc' dir='ltr'><strong>ιω</strong></span> 
     </span>
    </p>
   </div>
   <div class='ocr_carea' id='block_1_4' title="bbox 549 414 3799 497">
    <p class='ocr_par' dir='ltr' id='par_1_4' title="bbox 549 414 3799 497">
     <span class='ocr_line' id='line_1_4' title="bbox 549 414 3799 497; baseline 0.001 -26"><span class='ocrx_word' id='word_1_5' title='bbox 549 415 792 484; x_wconf 66' lang='lat' dir='ltr'><strong>diciora.</strong></span> <span class='ocrx_word' id='word_1_6' title='bbox 816 425 1110 488; x_wconf 60' lang='lat' dir='ltr'><strong>pomus</strong></span> <span class='ocrx_word' id='word_1_7' title='bbox 1410 425 1466 471; x_wconf 87' lang='lat' dir='ltr'><strong>ut</strong></span> <span class='ocrx_word' id='word_1_8' title='bbox 1489 414 1702 485; x_wconf 68' lang='lat' dir='ltr'><strong>ﬂegma.</strong></span> <span class='ocrx_word' id='word_1_9' title='bbox 1728 415 1960 472; x_wconf 77' lang='lat' dir='ltr'><strong>Gustum</strong></span> <span class='ocrx_word' id='word_1_10' title='bbox 1986 417 2133 473; x_wconf 75' lang='lat' dir='ltr'><strong>cinia</strong></span> <span class='ocrx_word' id='word_1_11' title='bbox 2162 418 2209 479; x_wconf 71' lang='grc' dir='ltr'><strong>Α</strong></span> <span class='ocrx_word' id='word_1_12' title='bbox 2240 428 2418 472; x_wconf 84' lang='lat' dir='ltr'><strong>vestra</strong></span> <span class='ocrx_word' id='word_1_13' title='bbox 2444 435 2553 475; x_wconf 84' lang='lat' dir='ltr'><strong>non</strong></span> <span class='ocrx_word' id='word_1_14' title='bbox 2610 421 2938 491; x_wconf 73' lang='lat' dir='ltr'><strong>suscipitur?</strong></span> <span class='ocrx_word' id='word_1_15' title='bbox 2989 421 3129 490; x_wconf 73' lang='lat' dir='ltr'><strong>Quid</strong></span> <span class='ocrx_word' id='word_1_16' title='bbox 3184 438 3271 480; x_wconf 85' lang='lat' dir='ltr'><strong>me</strong></span> <span class='ocrx_word' id='word_1_17' title='bbox 3318 425 3655 497; x_wconf 67' lang='lat' dir='ltr'><strong>isisemgast</strong></span> <span class='ocrx_word' id='word_1_18' title='bbox 3710 428 3799 489; x_wconf 62' lang='grc' dir='ltr'><strong>ιο.</strong></span> 
     </span>
    </p>
   </div>
   <div class='ocr_carea' id='block_1_5' title="bbox 550 509 2127 582">
    <p class='ocr_par' dir='ltr' id='par_1_5' title="bbox 550 509 2127 582">
     <span class='ocr_line' id='line_1_5' title="bbox 550 509 2127 582; baseline -0.002 -13"><span class='ocrx_word' id='word_1_19' title='bbox 550 520 797 574; x_wconf 80' lang='lat' dir='ltr'><strong>nostrum</strong></span> <span class='ocrx_word' id='word_1_20' title='bbox 820 511 919 569; x_wconf 80' lang='lat' dir='ltr'><strong>tibi</strong></span> <span class='ocrx_word' id='word_1_21' title='bbox 947 509 1259 575; x_wconf 72' lang='lat' dir='ltr'><strong>indidimus,</strong></span> <span class='ocrx_word' id='word_1_22' title='bbox 1276 518 1347 580; x_wconf 69' lang='lat' dir='ltr'><strong>ut</strong></span> <span class='ocrx_word' id='word_1_23' title='bbox 1369 526 1470 582; x_wconf 89' lang='lat' dir='ltr'><strong>per</strong></span> <span class='ocrx_word' id='word_1_24' title='bbox 1494 510 1598 573; x_wconf 82' lang='lat' dir='ltr'><strong>ista</strong></span> <span class='ocrx_word' id='word_1_25' title='bbox 1612 525 1782 581; x_wconf 86' lang='lat' dir='ltr'><strong>parva</strong></span> <span class='ocrx_word' id='word_1_26' title='bbox 1811 512 2006 567; x_wconf 86' lang='lat' dir='ltr'><strong>timeas</strong></span> <span class='ocrx_word' id='word_1_27' title='bbox 2038 510 2127 567; x_wconf 87' lang='lat' dir='ltr'><strong>illa</strong></span> 
     </span>
    </p>
   </div>
   <div class='ocr_carea' id='block_1_6' title="bbox 2240 512 3802 588">
    <p class='ocr_par' dir='ltr' id='par_1_6' title="bbox 2240 512 3802 588">
     <span class='ocr_line' id='line_1_6' title="bbox 2240 512 3802 588; baseline 0.009 -23"><span class='ocrx_word' id='word_1_28' title='bbox 2240 512 2459 579; x_wconf 87' lang='lat' dir='ltr'><strong>quentia</strong></span> <span class='ocrx_word' id='word_1_29' title='bbox 2488 514 2776 583; x_wconf 86' lang='lat' dir='ltr'><strong>conspice:</strong></span> <span class='ocrx_word' id='word_1_30' title='bbox 2809 514 2945 582; x_wconf 91' lang='lat' dir='ltr'><strong>Quia</strong></span> <span class='ocrx_word' id='word_1_31' title='bbox 2981 515 3038 570; x_wconf 87' lang='lat' dir='ltr'><strong>in</strong></span> <span class='ocrx_word' id='word_1_32' title='bbox 3063 518 3205 571; x_wconf 77' lang='lat' dir='ltr'><strong>omni</strong></span> <span class='ocrx_word' id='word_1_33' title='bbox 3253 516 3369 571; x_wconf 77' lang='lat' dir='ltr'><strong>loco</strong></span> <span class='ocrx_word' id='word_1_34' title='bbox 3406 518 3734 588; x_wconf 71' lang='lat' dir='ltr'><strong>sacriﬁcetur</strong></span> <span class='ocrx_word' id='word_1_35' title='bbox 3758 535 3802 580; x_wconf 87' lang='lat' dir='ltr'><strong>et</strong></span> 
     </span>
    </p>
   </div>
   <div class='ocr_carea' id='block_1_7' title="bbox 552 602 3797 680">
    <p class='ocr_par' dir='ltr' id='par_1_7' title="bbox 552 602 3797 680">
     <span class='ocr_line' id='line_1_7' title="bbox 552 602 3797 680; baseline 0.004 -22"><span class='ocrx_word' id='word_1_36' title='bbox 552 618 673 678; x_wconf 66' lang='lat' dir='ltr'><strong>qua;</strong></span> <span class='ocrx_word' id='word_1_37' title='bbox 695 618 888 675; x_wconf 72' lang='lat' dir='ltr'><strong>magna</strong></span> <span class='ocrx_word' id='word_1_38' title='bbox 908 610 1040 665; x_wconf 73' lang='lat' dir='ltr'><strong>sunt</strong></span> <span class='ocrx_word' id='word_1_39' title='bbox 1066 643 1081 668; x_wconf 90' lang='lat'><strong>,</strong></span> <span class='ocrx_word' id='word_1_40' title='bbox 1121 618 1245 659; x_wconf 82' lang='lat' dir='ltr'><strong>cum</strong></span> <span class='ocrx_word' id='word_1_41' title='bbox 1274 602 1375 660; x_wconf 87' lang='lat' dir='ltr'><strong>ista</strong></span> <span class='ocrx_word' id='word_1_42' title='bbox 1402 612 1458 659; x_wconf 89' lang='lat' dir='ltr'><strong>te</strong></span> <span class='ocrx_word' id='word_1_43' title='bbox 1486 603 1562 658; x_wconf 85' lang='lat' dir='ltr'><strong>ita</strong></span> <span class='ocrx_word' id='word_1_44' title='bbox 1588 603 1976 670; x_wconf 77' lang='lat' dir='ltr'><strong>mntriverint,</strong></span> <span class='ocrx_word' id='word_1_45' title='bbox 2012 621 2137 675; x_wconf 74' lang='lat' dir='ltr'><strong>qua:</strong></span> <span class='ocrx_word' id='word_1_46' title='bbox 2238 604 2458 673; x_wconf 71' lang='lat' dir='ltr'><strong>offertur</strong></span> <span class='ocrx_word' id='word_1_47' title='bbox 2476 606 2674 663; x_wconf 74' lang='lat' dir='ltr'><strong>nomini</strong></span> <span class='ocrx_word' id='word_1_48' title='bbox 2701 623 2813 662; x_wconf 80' lang='lat' dir='ltr'><strong>meo</strong></span> <span class='ocrx_word' id='word_1_49' title='bbox 2833 606 3029 663; x_wconf 78' lang='lat' dir='ltr'><strong>oblatio</strong></span> <span class='ocrx_word' id='word_1_50' title='bbox 3068 624 3174 664; x_wconf 86' lang='lat' dir='ltr'><strong>non</strong></span> <span class='ocrx_word' id='word_1_51' title='bbox 3210 609 3435 680; x_wconf 74' lang='lat' dir='ltr'><strong>politus,</strong></span> <span class='ocrx_word' id='word_1_52' title='bbox 3470 612 3566 668; x_wconf 83' lang='lat' dir='ltr'><strong>sed</strong></span> <span class='ocrx_word' id='word_1_53' title='bbox 3591 618 3797 671; x_wconf 68' lang='lat' dir='ltr'><strong>mus.</strong></span> 
     </span>
    </p>
   </div>
   <div class='ocr_carea' id='block_1_8' title="bbox 547 698 2132 773">
    <p class='ocr_par' dir='ltr' id='par_1_8' title="bbox 547 698 2132 773">
     <span class='ocr_line' id='line_1_8' title="bbox 547 698 2132 773; baseline -0.001 -13"><span class='ocrx_word' id='word_1_54' title='bbox 547 715 713 773; x_wconf 77' lang='lat' dir='ltr'><strong>parva</strong></span> <span class='ocrx_word' id='word_1_55' title='bbox 736 708 887 756; x_wconf 78' lang='lat' dir='ltr'><strong>sunt.</strong></span> <span class='ocrx_word' id='word_1_56' title='bbox 922 698 1173 769; x_wconf 77' lang='lat' dir='ltr'><strong>Nunquid</strong></span> <span class='ocrx_word' id='word_1_57' title='bbox 1212 714 1318 755; x_wconf 83' lang='lat' dir='ltr'><strong>non</strong></span> <span class='ocrx_word' id='word_1_58' title='bbox 1338 708 1584 770; x_wconf 82' lang='lat' dir='ltr'><strong>poteram</strong></span> <span class='ocrx_word' id='word_1_59' title='bbox 1611 700 1709 755; x_wconf 90' lang='lat' dir='ltr'><strong>tibi</strong></span> <span class='ocrx_word' id='word_1_60' title='bbox 1739 701 1909 757; x_wconf 82' lang='lat' dir='ltr'><strong>totius</strong></span> <span class='ocrx_word' id='word_1_61' title='bbox 1934 702 2132 760; x_wconf 81' lang='lat' dir='ltr'><strong>Danie-</strong></span> 
     </span>
    </p>
   </div>
   <div class='ocr_carea' id='block_1_9' title="bbox 2237 695 3798 769">
    <p class='ocr_par' dir='ltr' id='par_1_9' title="bbox 2237 695 3798 769">
     <span class='ocr_line' id='line_1_9' title="bbox 2237 695 3798 769; baseline 0.008 -17"><span class='ocrx_word' id='word_1_62' title='bbox 2237 695 2390 763; x_wconf 69' lang='grc' dir='ltr'><strong>ρυοά</strong></span> <span class='ocrx_word' id='word_1_63' title='bbox 2429 699 2701 769; x_wconf 89' lang='lat' dir='ltr'><strong>proprium</strong></span> <span class='ocrx_word' id='word_1_64' title='bbox 2747 699 3177 759; x_wconf 77' lang='lat' dir='ltr'><strong>Christianorum</strong></span> <span class='ocrx_word' id='word_1_65' title='bbox 3220 712 3342 769; x_wconf 87' lang='lat' dir='ltr'><strong>est;</strong></span> <span class='ocrx_word' id='word_1_66' title='bbox 3378 714 3435 763; x_wconf 78' lang='lat' dir='ltr'><strong>et</strong></span> <span class='ocrx_word' id='word_1_67' title='bbox 3462 714 3517 759; x_wconf 92' lang='lat' dir='ltr'><strong>ut</strong></span> <span class='ocrx_word' id='word_1_68' title='bbox 3564 706 3678 761; x_wconf 67' lang='lat' dir='ltr'><strong>haec</strong></span> <span class='ocrx_word' id='word_1_69' title='bbox 3707 723 3798 764; x_wconf 86' lang='lat' dir='ltr'><strong>vox</strong></span> 
     </span>
    </p>
   </div>
   <div class='ocr_carea' id='block_1_10' title="bbox 510 790 3796 870">
    <p class='ocr_par' dir='ltr' id='par_1_10' title="bbox 510 790 3796 870">
     <span class='ocr_line' id='line_1_10' title="bbox 510 790 3796 870; baseline 0.002 -19"><span class='ocrx_word' id='word_1_70' title='bbox 510 793 616 851; x_wconf 49' lang='lat' dir='ltr'><strong>‘Iis</strong></span> <span class='ocrx_word' id='word_1_71' title='bbox 655 790 902 865; x_wconf 81' lang='lat' dir='ltr'><strong>ptolerre</strong></span> <span class='ocrx_word' id='word_1_72' title='bbox 942 792 1267 858; x_wconf 78' lang='lat' dir='ltr'><strong>historiam,</strong></span> <span class='ocrx_word' id='word_1_73' title='bbox 1327 792 1448 848; x_wconf 80' lang='lat' dir='ltr'><strong>ﬁdei</strong></span> <span class='ocrx_word' id='word_1_74' title='bbox 1499 802 1697 850; x_wconf 63' lang='lat' dir='ltr'><strong>nostra:</strong></span> <span class='ocrx_word' id='word_1_75' title='bbox 1749 796 2018 861; x_wconf 82' lang='lat' dir='ltr'><strong>radicem,</strong></span> <span class='ocrx_word' id='word_1_76' title='bbox 2080 806 2134 853; x_wconf 90' lang='lat' dir='ltr'><strong>et</strong></span> <span class='ocrx_word' id='word_1_77' title='bbox 2237 809 2344 848; x_wconf 91' lang='lat' dir='ltr'><strong>non</strong></span> <span class='ocrx_word' id='word_1_78' title='bbox 2373 802 2828 861; x_wconf 78' lang='lat' dir='ltr'><strong>contemneretur,</strong></span> <span class='ocrx_word' id='word_1_79' title='bbox 2856 796 3033 851; x_wconf 68' lang='lat' dir='ltr'><strong>datae</strong></span> <span class='ocrx_word' id='word_1_80' title='bbox 3060 797 3214 866; x_wconf 83' lang='lat' dir='ltr'><strong>quasi</strong></span> <span class='ocrx_word' id='word_1_81' title='bbox 3241 812 3364 852; x_wconf 79' lang='lat' dir='ltr'><strong>cura</strong></span> <span class='ocrx_word' id='word_1_82' title='bbox 3388 798 3558 869; x_wconf 79' lang='lat' dir='ltr'><strong>gloria</strong></span> <span class='ocrx_word' id='word_1_83' title='bbox 3580 803 3796 870; x_wconf 78' lang='lat' dir='ltr'><strong>repetit:</strong></span> 
     </span>
    </p>
   </div>
   <div class='ocr_carea' id='block_1_11' title="bbox 541 884 2134 956">
    <p class='ocr_par' dir='ltr' id='par_1_11' title="bbox 541 884 2134 956">
     <span class='ocr_line' id='line_1_11' title="bbox 541 884 2134 956; baseline 0.002 -13"><span class='ocrx_word' id='word_1_84' title='bbox 541 896 758 943; x_wconf 80' lang='lat' dir='ltr'><strong>scutum</strong></span> <span class='ocrx_word' id='word_1_85' title='bbox 788 884 1161 956; x_wconf 65' lang='lat' dir='ltr'><strong>praevalidum,</strong></span> <span class='ocrx_word' id='word_1_86' title='bbox 1187 886 1277 940; x_wconf 92' lang='lat' dir='ltr'><strong>ubi</strong></span> <span class='ocrx_word' id='word_1_87' title='bbox 1309 900 1414 939; x_wconf 92' lang='lat' dir='ltr'><strong>non</strong></span> <span class='ocrx_word' id='word_1_88' title='bbox 1448 884 1622 941; x_wconf 89' lang='lat' dir='ltr'><strong>solum</strong></span> <span class='ocrx_word' id='word_1_89' title='bbox 1655 886 1889 944; x_wconf 89' lang='lat' dir='ltr'><strong>Sanctus</strong></span> <span class='ocrx_word' id='word_1_90' title='bbox 1919 896 2134 946; x_wconf 85' lang='lat' dir='ltr'><strong>sancto-</strong></span> 
     </span>
    </p>
   </div>
   <div class='ocr_carea' id='block_1_12' title="bbox 542 978 2128 1053">
    <p class='ocr_par' dir='ltr' id='par_1_12' title="bbox 542 978 2128 1053">
     <span class='ocr_line' id='line_1_12' title="bbox 542 978 2128 1053; baseline 0.001 -18"><span class='ocrx_word' id='word_1_91' title='bbox 542 995 662 1035; x_wconf 86' lang='lat' dir='ltr'><strong>rum</strong></span> <span class='ocrx_word' id='word_1_92' title='bbox 686 979 975 1044; x_wconf 77' lang='lat' dir='ltr'><strong>occiditur,</strong></span> <span class='ocrx_word' id='word_1_93' title='bbox 1004 993 1192 1034; x_wconf 86' lang='lat' dir='ltr'><strong>verum</strong></span> <span class='ocrx_word' id='word_1_94' title='bbox 1222 978 1388 1033; x_wconf 79' lang='lat' dir='ltr'><strong>etiam</strong></span> <span class='ocrx_word' id='word_1_95' title='bbox 1424 988 1668 1050; x_wconf 89' lang='lat' dir='ltr'><strong>tempora</strong></span> <span class='ocrx_word' id='word_1_96' title='bbox 1696 995 1960 1037; x_wconf 85' lang='lat' dir='ltr'><strong>annorum</strong></span> <span class='ocrx_word' id='word_1_97' title='bbox 1989 998 2128 1053; x_wconf 68' lang='lat' dir='ltr'><strong>pra:-</strong></span> 
     </span>
    </p>
   </div>
   <div class='ocr_carea' id='block_1_13' title="bbox 539 1070 2127 1146">
    <p class='ocr_par' dir='ltr' id='par_1_13' title="bbox 539 1070 2127 1146">
     <span class='ocr_line' id='line_1_13' title="bbox 539 1070 2127 1146; baseline 0.004 -19"><span class='ocrx_word' id='word_1_98' title='bbox 539 1070 664 1127; x_wconf 83' lang='lat' dir='ltr'><strong>iixis</strong></span> <span class='ocrx_word' id='word_1_99' title='bbox 704 1071 1134 1128; x_wconf 77' lang='lat' dir='ltr'><strong>hebdomadibus</strong></span> <span class='ocrx_word' id='word_1_100' title='bbox 1178 1082 1553 1137; x_wconf 89' lang='lat' dir='ltr'><strong>numerantur,</strong></span> <span class='ocrx_word' id='word_1_101' title='bbox 1591 1082 1648 1129; x_wconf 90' lang='lat' dir='ltr'><strong>et</strong></span> <span class='ocrx_word' id='word_1_102' title='bbox 1678 1090 1849 1146; x_wconf 90' lang='lat' dir='ltr'><strong>usque</strong></span> <span class='ocrx_word' id='word_1_103' title='bbox 1885 1077 1951 1132; x_wconf 89' lang='lat' dir='ltr'><strong>ad</strong></span> <span class='ocrx_word' id='word_1_104' title='bbox 1995 1093 2127 1133; x_wconf 88' lang='lat' dir='ltr'><strong>con-</strong></span> 
     </span>
    </p>
   </div>
   <div class='ocr_carea' id='block_1_14' title="bbox 536 1163 2126 1236">
    <p class='ocr_par' dir='ltr' id='par_1_14' title="bbox 536 1163 2126 1236">
     <span class='ocr_line' id='line_1_14' title="bbox 536 1163 2126 1236; baseline 0.005 -18"><span class='ocrx_word' id='word_1_105' title='bbox 536 1163 956 1220; x_wconf 80' lang='lat' dir='ltr'><strong>summationem</strong></span> <span class='ocrx_word' id='word_1_106' title='bbox 1008 1172 1065 1221; x_wconf 88' lang='lat' dir='ltr'><strong>et</strong></span> <span class='ocrx_word' id='word_1_107' title='bbox 1114 1164 1273 1221; x_wconf 84' lang='lat' dir='ltr'><strong>linem</strong></span> <span class='ocrx_word' id='word_1_108' title='bbox 1332 1180 1684 1236; x_wconf 72' lang='lat' dir='ltr'><strong>perseverare</strong></span> <span class='ocrx_word' id='word_1_109' title='bbox 1740 1168 2126 1226; x_wconf 77' lang='lat' dir='ltr'><strong>desolationem</strong></span> 
     </span>
    </p>
   </div>
   <div class='ocr_carea' id='block_1_15' title="bbox 533 1255 2124 1325">
    <p class='ocr_par' dir='ltr' id='par_1_15' title="bbox 533 1255 2124 1325">
     <span class='ocr_line' id='line_1_15' title="bbox 533 1255 2124 1325; baseline 0.003 -14"><span class='ocrx_word' id='word_1_110' title='bbox 533 1271 631 1312; x_wconf 91' lang='lat' dir='ltr'><strong>ore</strong></span> <span class='ocrx_word' id='word_1_111' title='bbox 658 1255 973 1325; x_wconf 83' lang='lat' dir='ltr'><strong>prophetico</strong></span> <span class='ocrx_word' id='word_1_112' title='bbox 1001 1255 1233 1311; x_wconf 81' lang='lat' dir='ltr'><strong>dicitur?</strong></span> <span class='ocrx_word' id='word_1_113' title='bbox 1264 1255 1583 1312; x_wconf 75' lang='lat' dir='ltr'><strong>Retexerem</strong></span> <span class='ocrx_word' id='word_1_114' title='bbox 1613 1258 1714 1313; x_wconf 84' lang='lat' dir='ltr'><strong>hoc</strong></span> <span class='ocrx_word' id='word_1_115' title='bbox 1739 1258 1857 1314; x_wconf 90' lang='lat' dir='ltr'><strong>loco</strong></span> <span class='ocrx_word' id='word_1_116' title='bbox 1885 1264 1949 1314; x_wconf 80' lang='lat' dir='ltr'><strong>ab</strong></span> <span class='ocrx_word' id='word_1_117' title='bbox 1976 1262 2124 1317; x_wconf 69' lang='lat' dir='ltr'><strong>exitu</strong></span> 
     </span>
    </p>
   </div>
   <div class='ocr_carea' id='block_1_16' title="bbox 531 1348 2126 1426">
    <p class='ocr_par' dir='ltr' id='par_1_16' title="bbox 531 1348 2126 1426">
     <span class='ocr_line' id='line_1_16' title="bbox 531 1348 2126 1426; baseline 0.008 -28"><span class='ocrx_word' id='word_1_118' title='bbox 531 1348 787 1402; x_wconf 76' lang='lat' dir='ltr'><strong>sermonis</strong></span> <span class='ocrx_word' id='word_1_119' title='bbox 815 1358 869 1403; x_wconf 91' lang='lat' dir='ltr'><strong>ut</strong></span> <span class='ocrx_word' id='word_1_120' title='bbox 895 1351 1086 1407; x_wconf 78' lang='lat' dir='ltr'><strong>iterum</strong></span> <span class='ocrx_word' id='word_1_121' title='bbox 1121 1350 1413 1419; x_wconf 73' lang='lat' dir='ltr'><strong>atdiﬁcetur</strong></span> <span class='ocrx_word' id='word_1_122' title='bbox 1457 1350 1793 1422; x_wconf 69' lang='lat' dir='ltr'><strong>Hierusplem</strong></span> <span class='ocrx_word' id='word_1_123' title='bbox 1847 1371 2009 1426; x_wconf 88' lang='lat' dir='ltr'><strong>usque</strong></span> <span class='ocrx_word' id='word_1_124' title='bbox 2055 1357 2126 1410; x_wconf 83' lang='lat' dir='ltr'><strong>ad</strong></span> 
     </span>
    </p>
   </div>
   <div class='ocr_carea' id='block_1_17' title="bbox 2232 886 3800 963">
    <p class='ocr_par' dir='ltr' id='par_1_17' title="bbox 2232 886 3800 963">
     <span class='ocr_line' id='line_1_17' title="bbox 2232 886 3800 963; baseline 0.008 -25"><span class='ocrx_word' id='word_1_125' title='bbox 2232 886 2357 957; x_wconf 91' lang='lat' dir='ltr'><strong>quia</strong></span> <span class='ocrx_word' id='word_1_126' title='bbox 2395 902 2642 957; x_wconf 73' lang='lat' dir='ltr'><strong>magnum</strong></span> <span class='ocrx_word' id='word_1_127' title='bbox 2682 897 2755 942; x_wconf 82' lang='lat' dir='ltr'><strong>est</strong></span> <span class='ocrx_word' id='word_1_128' title='bbox 2780 904 2967 943; x_wconf 81' lang='lat' dir='ltr'><strong>nomen</strong></span> <span class='ocrx_word' id='word_1_129' title='bbox 2994 904 3189 953; x_wconf 76' lang='lat' dir='ltr'><strong>mem,</strong></span> <span class='ocrx_word' id='word_1_130' title='bbox 3216 905 3319 944; x_wconf 82' lang='lat' dir='ltr'><strong>non</strong></span> <span class='ocrx_word' id='word_1_131' title='bbox 3351 892 3405 944; x_wconf 87' lang='lat' dir='ltr'><strong>iu</strong></span> <span class='ocrx_word' id='word_1_132' title='bbox 3446 892 3684 963; x_wconf 74' lang='lat' dir='ltr'><strong>popuiis,</strong></span> <span class='ocrx_word' id='word_1_133' title='bbox 3716 896 3800 951; x_wconf 80' lang='lat' dir='ltr'><strong>sed</strong></span> 
     </span>
    </p>
   </div>
   <div class='ocr_carea' id='block_1_18' title="bbox 2232 977 3802 1056">
    <p class='ocr_par' dir='ltr' id='par_1_18' title="bbox 2232 977 3802 1056">
     <span class='ocr_line' id='line_1_18' title="bbox 2232 977 3802 1056; baseline 0.008 -27"><span class='ocrx_word' id='word_1_134' title='bbox 2232 977 2290 1030; x_wconf 87' lang='lat' dir='ltr'><strong>in</strong></span> <span class='ocrx_word' id='word_1_135' title='bbox 2320 977 2577 1047; x_wconf 75' lang='lat' dir='ltr'><strong>gentibus.</strong></span> <span class='ocrx_word' id='word_1_136' title='bbox 2608 978 2738 1033; x_wconf 87' lang='lat' dir='ltr'><strong>Item</strong></span> <span class='ocrx_word' id='word_1_137' title='bbox 2758 979 2928 1034; x_wconf 87' lang='lat' dir='ltr'><strong>Isaias</strong></span> <span class='ocrx_word' id='word_1_138' title='bbox 2953 980 2982 1020; x_wconf 62' lang='grc' dir='ltr'>δ</span> <span class='ocrx_word' id='word_1_139' title='bbox 3006 978 3141 1035; x_wconf 85' lang='lat' dir='ltr'><strong>dicit</strong></span> <span class='ocrx_word' id='word_1_140' title='bbox 3170 998 3182 1035; x_wconf 91' lang='lat'><strong>:</strong></span> <span class='ocrx_word' id='word_1_141' title='bbox 3212 979 3661 1038; x_wconf 65' lang='lat' dir='ltr'><strong>Prmonn’catione</strong></span> <span class='ocrx_word' id='word_1_142' title='bbox 3684 1003 3802 1056; x_wconf 75' lang='lat' dir='ltr'><strong>pra-</strong></span> 
     </span>
    </p>
   </div>
   <div class='ocr_carea' id='block_1_19' title="bbox 2231 1071 3799 1147">
    <p class='ocr_par' dir='ltr' id='par_1_19' title="bbox 2231 1071 3799 1147">
     <span class='ocr_line' id='line_1_19' title="bbox 2231 1071 3799 1147; baseline 0.008 -24"><span class='ocrx_word' id='word_1_143' title='bbox 2231 1071 2465 1125; x_wconf 81' lang='lat' dir='ltr'><strong>oaricata</strong></span> <span class='ocrx_word' id='word_1_144' title='bbox 2503 1081 2580 1127; x_wconf 80' lang='lat' dir='ltr'><strong>est</strong></span> <span class='ocrx_word' id='word_1_145' title='bbox 2614 1076 2669 1126; x_wconf 86' lang='lat' dir='ltr'><strong>in</strong></span> <span class='ocrx_word' id='word_1_146' title='bbox 2705 1087 2785 1126; x_wconf 83' lang='lat' dir='ltr'><strong>me</strong></span> <span class='ocrx_word' id='word_1_147' title='bbox 2813 1072 2999 1128; x_wconf 81' lang='lat' dir='ltr'><strong>domus</strong></span> <span class='ocrx_word' id='word_1_148' title='bbox 3018 1072 3054 1127; x_wconf 80' lang='lat' dir='ltr'><strong><em>l</em></strong></span> <span class='ocrx_word' id='word_1_149' title='bbox 3061 1074 3184 1128; x_wconf 84' lang='lat' dir='ltr'><strong>uda.</strong></span> <span class='ocrx_word' id='word_1_150' title='bbox 3212 1074 3386 1142; x_wconf 84' lang='lat' dir='ltr'><strong>Quam</strong></span> <span class='ocrx_word' id='word_1_151' title='bbox 3407 1078 3799 1147; x_wconf 64' lang='lat' dir='ltr'><strong>praevaricatio-</strong></span> 
     </span>
    </p>
   </div>
   <div class='ocr_carea' id='block_1_20' title="bbox 2232 1164 3800 1237">
    <p class='ocr_par' dir='ltr' id='par_1_20' title="bbox 2232 1164 3800 1237">
     <span class='ocr_line' id='line_1_20' title="bbox 2232 1164 3800 1237; baseline 0.006 -20"><span class='ocrx_word' id='word_1_152' title='bbox 2232 1178 2354 1219; x_wconf 90' lang='lat' dir='ltr'><strong>nem</strong></span> <span class='ocrx_word' id='word_1_153' title='bbox 2383 1164 2621 1235; x_wconf 81' lang='lat' dir='ltr'><strong>apertius</strong></span> <span class='ocrx_word' id='word_1_154' title='bbox 2656 1165 2996 1237; x_wconf 78' lang='lat' dir='ltr'><strong>designavit:</strong></span> <span class='ocrx_word' id='word_1_155' title='bbox 3050 1166 3383 1235; x_wconf 77' lang='lat' dir='ltr'><strong>Negaeerunt</strong></span> <span class='ocrx_word' id='word_1_156' title='bbox 3426 1186 3527 1235; x_wconf 89' lang='lat' dir='ltr'><strong>me,</strong></span> <span class='ocrx_word' id='word_1_157' title='bbox 3573 1181 3625 1225; x_wconf 84' lang='lat' dir='ltr'><strong>et</strong></span> <span class='ocrx_word' id='word_1_158' title='bbox 3665 1174 3800 1227; x_wconf 72' lang='lat' dir='ltr'><strong>dixe-</strong></span> 
     </span>
    </p>
   </div>
   <div class='ocr_carea' id='block_1_21' title="bbox 2228 1257 3799 1332">
    <p class='ocr_par' dir='ltr' id='par_1_21' title="bbox 2228 1257 3799 1332">
     <span class='ocr_line' id='line_1_21' title="bbox 2228 1257 3799 1332; baseline 0.005 -20"><span class='ocrx_word' id='word_1_159' title='bbox 2228 1267 2352 1312; x_wconf 84' lang='lat' dir='ltr'><strong>runt</strong></span> <span class='ocrx_word' id='word_1_160' title='bbox 2377 1277 2397 1313; x_wconf 90' lang='lat'><strong>:</strong></span> <span class='ocrx_word' id='word_1_161' title='bbox 2430 1257 2553 1314; x_wconf 86' lang='lat' dir='ltr'><strong>Non</strong></span> <span class='ocrx_word' id='word_1_162' title='bbox 2579 1269 2654 1314; x_wconf 92' lang='lat' dir='ltr'><strong>est</strong></span> <span class='ocrx_word' id='word_1_163' title='bbox 2694 1261 2803 1331; x_wconf 80' lang='lat' dir='ltr'><strong>ipse</strong></span> <span class='ocrx_word' id='word_1_164' title='bbox 2833 1259 2970 1331; x_wconf 83' lang='lat' dir='ltr'><strong>(ler.</strong></span> <span class='ocrx_word' id='word_1_165' title='bbox 3004 1276 3058 1326; x_wconf 90' lang='lat' dir='ltr'><strong>v,</strong></span> <span class='ocrx_word' id='word_1_166' title='bbox 3104 1261 3217 1332; x_wconf 67' lang='lat'><strong>£2).</strong></span> <span class='ocrx_word' id='word_1_167' title='bbox 3247 1261 3347 1330; x_wconf 85' lang='lat' dir='ltr'><strong>Qui</strong></span> <span class='ocrx_word' id='word_1_168' title='bbox 3397 1263 3545 1332; x_wconf 80' lang='lat' dir='ltr'><strong>ipse?</strong></span> <span class='ocrx_word' id='word_1_169' title='bbox 3588 1263 3799 1320; x_wconf 68' lang='lat' dir='ltr'><strong>Messias</strong></span> 
     </span>
    </p>
   </div>
   <div class='ocr_carea' id='block_1_22' title="bbox 2230 1349 3799 1421">
    <p class='ocr_par' dir='ltr' id='par_1_22' title="bbox 2230 1349 3799 1421">
     <span class='ocr_line' id='line_1_22' title="bbox 2230 1349 3799 1421; baseline 0.004 -18"><span class='ocrx_word' id='word_1_170' title='bbox 2230 1363 2338 1403; x_wconf 88' lang='lat' dir='ltr'><strong>non</strong></span> <span class='ocrx_word' id='word_1_171' title='bbox 2363 1358 2448 1404; x_wconf 88' lang='lat' dir='ltr'><strong>est</strong></span> <span class='ocrx_word' id='word_1_172' title='bbox 2484 1349 2585 1404; x_wconf 88' lang='lat' dir='ltr'><strong>iste</strong></span> <span class='ocrx_word' id='word_1_173' title='bbox 2612 1350 2703 1420; x_wconf 91' lang='lat' dir='ltr'><strong>qui</strong></span> <span class='ocrx_word' id='word_1_174' title='bbox 2736 1351 2904 1415; x_wconf 89' lang='lat' dir='ltr'><strong>venit,</strong></span> <span class='ocrx_word' id='word_1_175' title='bbox 2939 1352 3033 1405; x_wconf 89' lang='lat' dir='ltr'><strong>sed</strong></span> <span class='ocrx_word' id='word_1_176' title='bbox 3078 1351 3242 1405; x_wconf 90' lang='lat' dir='ltr'><strong>alium</strong></span> <span class='ocrx_word' id='word_1_177' title='bbox 3291 1363 3692 1421; x_wconf 78' lang='lat' dir='ltr'><strong>exspectamus.</strong></span> <span class='ocrx_word' id='word_1_178' title='bbox 3720 1356 3799 1410; x_wconf 84' lang='lat' dir='ltr'><strong>Vi-</strong></span> 
     </span>
    </p>
   </div>
   <div class='ocr_carea' id='block_1_23' title="bbox 530 1437 3796 1517">
    <p class='ocr_par' dir='ltr' id='par_1_23' title="bbox 530 1437 3796 1517">
     <span class='ocr_line' id='line_1_23' title="bbox 530 1437 3796 1517; baseline 0.003 -27"><span class='ocrx_word' id='word_1_179' title='bbox 530 1437 796 1496; x_wconf 80' lang='lat' dir='ltr'><strong>C/m&#39;uum</strong></span> <span class='ocrx_word' id='word_1_180' title='bbox 822 1443 1009 1498; x_wconf 69' lang='lat' dir='ltr'><strong>ducem</strong></span> <span class='ocrx_word' id='word_1_181' title='bbox 1038 1443 1200 1515; x_wconf 70' lang='lat' dir='ltr'><strong>(Dan.</strong></span> <span class='ocrx_word' id='word_1_182' title='bbox 1241 1460 1319 1510; x_wconf 67' lang='lat' dir='ltr'><strong>lx,</strong></span> <span class='ocrx_word' id='word_1_183' title='bbox 1361 1444 1477 1516; x_wconf 66' lang='lat' dir='ltr'><strong>ea),</strong></span> <span class='ocrx_word' id='word_1_184' title='bbox 1516 1461 1691 1503; x_wconf 74' lang='lat' dir='ltr'><strong>annos</strong></span> <span class='ocrx_word' id='word_1_185' title='bbox 1732 1447 2123 1517; x_wconf 56' lang='lat' dir='ltr'><strong>imperatorum</strong></span> <span class='ocrx_word' id='word_1_186' title='bbox 2229 1439 2323 1496; x_wconf 88' lang='lat' dir='ltr'><strong>des</strong></span> <span class='ocrx_word' id='word_1_187' title='bbox 2347 1456 2508 1511; x_wconf 91' lang='lat' dir='ltr'><strong>quam</strong></span> <span class='ocrx_word' id='word_1_188' title='bbox 2534 1450 2720 1512; x_wconf 84' lang='lat' dir='ltr'><strong>aperte</strong></span> <span class='ocrx_word' id='word_1_189' title='bbox 2750 1442 2987 1498; x_wconf 86' lang='lat' dir='ltr'><strong>insanias</strong></span> <span class='ocrx_word' id='word_1_190' title='bbox 3013 1453 3223 1498; x_wconf 88' lang='lat' dir='ltr'><strong>vestras</strong></span> <span class='ocrx_word' id='word_1_191' title='bbox 3254 1445 3516 1515; x_wconf 87' lang='lat' dir='ltr'><strong>propheta</strong></span> <span class='ocrx_word' id='word_1_192' title='bbox 3548 1446 3796 1516; x_wconf 74' lang='lat' dir='ltr'><strong>depinxit.</strong></span> 
     </span>
    </p>
   </div>
   <div class='ocr_carea' id='block_1_24' title="bbox 530 1527 2113 1613">
    <p class='ocr_par' dir='ltr' id='par_1_24' title="bbox 530 1535 2113 1613">
     <span class='ocr_line' id='line_1_24' title="bbox 530 1535 2113 1613; baseline 0.007 -26"><span class='ocrx_word' id='word_1_193' title='bbox 530 1535 871 1603; x_wconf 86' lang='lat' dir='ltr'><strong>regnantium</strong></span> <span class='ocrx_word' id='word_1_194' title='bbox 903 1551 1075 1607; x_wconf 89' lang='lat' dir='ltr'><strong>usque</strong></span> <span class='ocrx_word' id='word_1_195' title='bbox 1111 1537 1178 1591; x_wconf 88' lang='lat' dir='ltr'><strong>ad</strong></span> <span class='ocrx_word' id='word_1_196' title='bbox 1200 1536 1399 1593; x_wconf 80' lang='lat' dir='ltr'><strong>Christi</strong></span> <span class='ocrx_word' id='word_1_197' title='bbox 1437 1537 1750 1613; x_wconf 83' lang='lat' dir='ltr'><strong>adventum,</strong></span> <span class='ocrx_word' id='word_1_198' title='bbox 1781 1549 1837 1595; x_wconf 91' lang='lat' dir='ltr'><strong>et</strong></span> <span class='ocrx_word' id='word_1_199' title='bbox 1863 1541 2113 1598; x_wconf 85' lang='lat' dir='ltr'><strong>docerem</strong></span> 
     </span>
    </p>
   </div>
   <div class='ocr_carea' id='block_1_25' title="bbox 2216 1527 3800 1613">
    <p class='ocr_par' dir='ltr' id='par_1_25' title="bbox 2225 1529 3800 1608">
     <span class='ocr_line' id='line_1_25' title="bbox 2225 1529 3800 1608; baseline 0.006 -23"><span class='ocrx_word' id='word_1_200' title='bbox 2225 1529 2358 1586; x_wconf 90' lang='lat' dir='ltr'><strong>Item</strong></span> <span class='ocrx_word' id='word_1_201' title='bbox 2385 1531 2499 1602; x_wconf 85' lang='lat' dir='ltr'><strong>ipse</strong></span> <span class='ocrx_word' id='word_1_202' title='bbox 2527 1551 2539 1587; x_wconf 92' lang='lat'><strong>:</strong></span> <span class='ocrx_word' id='word_1_203' title='bbox 2571 1532 2707 1588; x_wconf 81' lang='lat' dir='ltr'><strong>Ecce</strong></span> <span class='ocrx_word' id='word_1_204' title='bbox 2743 1534 2856 1589; x_wconf 87' lang='lat' dir='ltr'><strong>dies</strong></span> <span class='ocrx_word' id='word_1_205' title='bbox 2897 1535 3116 1596; x_wconf 76' lang='lat' dir='ltr'><strong>venient,</strong></span> <span class='ocrx_word' id='word_1_206' title='bbox 3149 1536 3277 1589; x_wconf 73' lang='lat' dir='ltr'><strong>dicit</strong></span> <span class='ocrx_word' id='word_1_207' title='bbox 3313 1536 3571 1591; x_wconf 82' lang='lat' dir='ltr'><strong>Dominus</strong></span> <span class='ocrx_word' id='word_1_208' title='bbox 3595 1578 3611 1602; x_wconf 90' lang='lat'><strong>,</strong></span> <span class='ocrx_word' id='word_1_209' title='bbox 3660 1548 3708 1592; x_wconf 88' lang='lat' dir='ltr'><strong>et</strong></span> <span class='ocrx_word' id='word_1_210' title='bbox 3732 1539 3800 1608; x_wconf 79' lang='lat' dir='ltr'><strong>fe-</strong></span> 
     </span>
    </p>
   </div>
   <div class='ocr_carea' id='block_1_26' title="bbox 527 1622 2113 1701">
    <p class='ocr_par' dir='ltr' id='par_1_26' title="bbox 527 1624 2113 1701">
     <span class='ocr_line' id='line_1_26' title="bbox 527 1624 2113 1701; baseline 0.007 -22"><span class='ocrx_word' id='word_1_211' title='bbox 527 1624 635 1693; x_wconf 85' lang='lat' dir='ltr'><strong>iam</strong></span> <span class='ocrx_word' id='word_1_212' title='bbox 658 1641 781 1681; x_wconf 88' lang='lat' dir='ltr'><strong>esse</strong></span> <span class='ocrx_word' id='word_1_213' title='bbox 816 1626 1095 1698; x_wconf 81' lang='lat' dir='ltr'><strong>inpletum</strong></span> <span class='ocrx_word' id='word_1_214' title='bbox 1117 1669 1139 1699; x_wconf 17' lang='grc' dir='ltr'><strong>,ν</strong></span> <span class='ocrx_word' id='word_1_215' title='bbox 1173 1630 1319 1699; x_wconf 91' lang='lat' dir='ltr'><strong>quod</strong></span> <span class='ocrx_word' id='word_1_216' title='bbox 1359 1628 1523 1683; x_wconf 85' lang='lat' dir='ltr'><strong>stulta</strong></span> <span class='ocrx_word' id='word_1_217' title='bbox 1566 1632 1919 1701; x_wconf 86' lang='lat' dir='ltr'><strong>persuasione</strong></span> <span class='ocrx_word' id='word_1_218' title='bbox 1945 1635 2113 1690; x_wconf 79' lang='lat' dir='ltr'><strong>adhuc</strong></span> 
     </span>
    </p>
   </div>
   <div class='ocr_carea' id='block_1_27' title="bbox 2216 1622 3797 1701">
    <p class='ocr_par' dir='ltr' id='par_1_27' title="bbox 2224 1622 3797 1698">
     <span class='ocr_line' id='line_1_27' title="bbox 2224 1622 3797 1698; baseline 0.007 -24"><span class='ocrx_word' id='word_1_219' title='bbox 2224 1622 2359 1675; x_wconf 79' lang='lat' dir='ltr'><strong>riam</strong></span> <span class='ocrx_word' id='word_1_220' title='bbox 2381 1625 2562 1678; x_wconf 83' lang='lat' dir='ltr'><strong>domui</strong></span> <span class='ocrx_word' id='word_1_221' title='bbox 2594 1636 2617 1665; x_wconf 78' lang='grc' dir='ltr'><strong>ο</strong></span> <span class='ocrx_word' id='word_1_222' title='bbox 2658 1625 2836 1692; x_wconf 72' lang='lat' dir='ltr'><strong>Juda&#39;,</strong></span> <span class='ocrx_word' id='word_1_223' title='bbox 2869 1626 2922 1681; x_wconf 89' lang='lat' dir='ltr'><strong>id</strong></span> <span class='ocrx_word' id='word_1_224' title='bbox 2956 1635 3059 1691; x_wconf 81' lang='lat' dir='ltr'><strong>est,</strong></span> <span class='ocrx_word' id='word_1_225' title='bbox 3105 1627 3336 1693; x_wconf 83' lang='lat' dir='ltr'><strong>duabus,</strong></span> <span class='ocrx_word' id='word_1_226' title='bbox 3368 1637 3580 1698; x_wconf 84' lang='lat' dir='ltr'><strong>pactum</strong></span> <span class='ocrx_word' id='word_1_227' title='bbox 3625 1646 3797 1685; x_wconf 73' lang='lat' dir='ltr'><strong>norunt</strong></span> 
     </span>
    </p>
   </div>
   <div class='ocr_carea' id='block_1_28' title="bbox 524 1711 2113 1789">
    <p class='ocr_par' dir='ltr' id='par_1_28' title="bbox 524 1718 2113 1789">
     <span class='ocr_line' id='line_1_28' title="bbox 524 1718 2113 1789; baseline 0.007 -19"><span class='ocrx_word' id='word_1_228' title='bbox 524 1718 728 1787; x_wconf 85' lang='lat' dir='ltr'><strong>putatis</strong></span> <span class='ocrx_word' id='word_1_229' title='bbox 746 1718 1097 1789; x_wconf 88' lang='lat' dir='ltr'><strong>implendum.</strong></span> <span class='ocrx_word' id='word_1_230' title='bbox 1123 1718 1229 1774; x_wconf 82' lang='lat' dir='ltr'><strong>Sed</strong></span> <span class='ocrx_word' id='word_1_231' title='bbox 1252 1729 1306 1775; x_wconf 90' lang='lat' dir='ltr'><strong>et</strong></span> <span class='ocrx_word' id='word_1_232' title='bbox 1327 1719 1682 1777; x_wconf 74' lang='lat' dir='ltr'><strong>defectionem</strong></span> <span class='ocrx_word' id='word_1_233' title='bbox 1703 1722 1849 1778; x_wconf 89' lang='lat' dir='ltr'><strong>illam</strong></span> <span class='ocrx_word' id='word_1_234' title='bbox 1875 1725 2113 1781; x_wconf 86' lang='lat' dir='ltr'><strong>traducis</strong></span> 
     </span>
    </p>
   </div>
   <div class='ocr_carea' id='block_1_29' title="bbox 2216 1711 3798 1789">
    <p class='ocr_par' dir='ltr' id='par_1_29' title="bbox 2225 1711 3798 1789">
     <span class='ocr_line' id='line_1_29' title="bbox 2225 1711 3798 1789; baseline 0.007 -24"><span class='ocrx_word' id='word_1_235' title='bbox 2225 1711 2360 1783; x_wconf 82' lang='lat' dir='ltr'><strong>(Jer.</strong></span> <span class='ocrx_word' id='word_1_236' title='bbox 2393 1730 2523 1769; x_wconf 81' lang='lat' dir='ltr'><strong>xxxi</strong></span> <span class='ocrx_word' id='word_1_237' title='bbox 2548 1756 2563 1777; x_wconf 90' lang='lat'><strong>,</strong></span> <span class='ocrx_word' id='word_1_238' title='bbox 2611 1716 2722 1788; x_wconf 78' lang='grc'><strong>51).</strong></span> <span class='ocrx_word' id='word_1_239' title='bbox 2760 1716 2912 1772; x_wconf 87' lang='lat' dir='ltr'><strong>Unde</strong></span> <span class='ocrx_word' id='word_1_240' title='bbox 2940 1717 3042 1775; x_wconf 89' lang='lat' dir='ltr'><strong>hoc</strong></span> <span class='ocrx_word' id='word_1_241' title='bbox 3069 1733 3281 1783; x_wconf 82' lang='lat' dir='ltr'><strong>norum,</strong></span> <span class='ocrx_word' id='word_1_242' title='bbox 3327 1719 3432 1774; x_wconf 85' lang='lat' dir='ltr'><strong>nisi</strong></span> <span class='ocrx_word' id='word_1_243' title='bbox 3474 1728 3632 1775; x_wconf 84' lang='lat' dir='ltr'><strong>vetus</strong></span> <span class='ocrx_word' id='word_1_244' title='bbox 3678 1737 3798 1789; x_wconf 71' lang='lat' dir='ltr'><strong>pra:-</strong></span> 
     </span>
    </p>
   </div>
   <div class='ocr_carea' id='block_1_30' title="bbox 524 1797 3797 1889">
    <p class='ocr_par' dir='ltr' id='par_1_30' title="bbox 524 1797 3797 1889">
     <span class='ocr_line' id='line_1_30' title="bbox 524 1797 3797 1889; baseline 0.005 -27"><span class='ocrx_word' id='word_1_245' title='bbox 524 1807 583 1862; x_wconf 86' lang='lat' dir='ltr'><strong>in</strong></span> <span class='ocrx_word' id='word_1_246' title='bbox 614 1809 847 1879; x_wconf 88' lang='lat' dir='ltr'><strong>regibus,</strong></span> <span class='ocrx_word' id='word_1_247' title='bbox 891 1825 1052 1880; x_wconf 86' lang='lat' dir='ltr'><strong>quam</strong></span> <span class='ocrx_word' id='word_1_248' title='bbox 1097 1797 1265 1868; x_wconf 74' lang='lat' dir='ltr'><strong>Iacob</strong></span> <span class='ocrx_word' id='word_1_249' title='bbox 1309 1813 1480 1869; x_wconf 89' lang='lat' dir='ltr'><strong>sacris</strong></span> <span class='ocrx_word' id='word_1_250' title='bbox 1525 1816 1775 1885; x_wconf 81' lang='lat' dir='ltr'><strong>praedixit</strong></span> <span class='ocrx_word' id='word_1_251' title='bbox 1817 1819 2117 1889; x_wconf 63' lang='lat' dir='ltr'><strong>prresagiis,</strong></span> <span class='ocrx_word' id='word_1_252' title='bbox 2148 1804 2197 1865; x_wconf 81' lang='grc' dir='ltr'><strong>Β</strong></span> <span class='ocrx_word' id='word_1_253' title='bbox 2222 1804 2478 1860; x_wconf 62' lang='lat' dir='ltr'><strong>cedere”</strong></span> <span class='ocrx_word' id='word_1_254' title='bbox 2509 1807 2576 1860; x_wconf 75' lang='grc' dir='ltr'><strong>Εῑ</strong></span> <span class='ocrx_word' id='word_1_255' title='bbox 2602 1808 2726 1862; x_wconf 65' lang='lat' dir='ltr'><strong>ideo</strong></span> <span class='ocrx_word' id='word_1_256' title='bbox 2754 1823 2950 1863; x_wconf 70' lang='grc' dir='ltr'><strong>ηονυιη</strong></span> <span class='ocrx_word' id='word_1_257' title='bbox 2981 1818 3221 1879; x_wconf 46' lang='lat' dir='ltr'><strong>Pactum,</strong></span> <span class='ocrx_word' id='word_1_258' title='bbox 3261 1818 3321 1864; x_wconf 74' lang='grc' dir='ltr'><strong>ιιι</strong></span> <span class='ocrx_word' id='word_1_259' title='bbox 3347 1819 3589 1866; x_wconf 50' lang='lat' dir='ltr'><strong>vatim&quot;</strong></span> <span class='ocrx_word' id='word_1_260' title='bbox 3627 1813 3797 1868; x_wconf 61' lang='lat' dir='ltr'><strong>abole-</strong></span> 
     </span>
    </p>
   </div>
   <div class='ocr_carea' id='block_1_31' title="bbox 526 1899 2113 1979">
    <p class='ocr_par' dir='ltr' id='par_1_31' title="bbox 526 1899 2113 1979">
     <span class='ocr_line' id='line_1_31' title="bbox 526 1899 2113 1979; baseline 0.007 -25"><span class='ocrx_word' id='word_1_261' title='bbox 526 1906 769 1970; x_wconf 89' lang='lat' dir='ltr'><strong>tempore</strong></span> <span class='ocrx_word' id='word_1_262' title='bbox 826 1900 1185 1958; x_wconf 74' lang='lat' dir='ltr'><strong>afﬁrmassem</strong></span> <span class='ocrx_word' id='word_1_263' title='bbox 1233 1904 1498 1961; x_wconf 54' lang='lat' dir='ltr'><strong>accidime</strong></span> <span class='ocrx_word' id='word_1_264' title='bbox 1549 1905 1808 1971; x_wconf 83' lang='lat' dir='ltr'><strong>Herodis.</strong></span> <span class='ocrx_word' id='word_1_265' title='bbox 1857 1899 1949 1979; x_wconf 78' lang='lat' dir='ltr'><strong>q&#39;ni</strong></span> <span class='ocrx_word' id='word_1_266' title='bbox 2010 1925 2113 1966; x_wconf 92' lang='lat' dir='ltr'><strong>non</strong></span> 
     </span>
    </p>
   </div>
   <div class='ocr_carea' id='block_1_32' title="bbox 2216 1899 3795 1979">
    <p class='ocr_par' dir='ltr' id='par_1_32' title="bbox 2222 1899 3795 1975">
     <span class='ocr_line' id='line_1_32' title="bbox 2222 1899 3795 1975; baseline 0.006 -25"><span class='ocrx_word' id='word_1_267' title='bbox 2222 1905 2306 1951; x_wconf 90' lang='lat' dir='ltr'><strong>ret</strong></span> <span class='ocrx_word' id='word_1_268' title='bbox 2332 1914 2346 1962; x_wconf 91' lang='lat'><strong>;</strong></span> <span class='ocrx_word' id='word_1_269' title='bbox 2378 1908 2521 1952; x_wconf 89' lang='lat' dir='ltr'><strong>et&#39;ut</strong></span> <span class='ocrx_word' id='word_1_270' title='bbox 2546 1899 2648 1955; x_wconf 89' lang='lat' dir='ltr'><strong>hoc</strong></span> <span class='ocrx_word' id='word_1_271' title='bbox 2675 1909 2889 1968; x_wconf 84' lang='lat' dir='ltr'><strong>pactqu</strong></span> <span class='ocrx_word' id='word_1_272' title='bbox 2930 1915 3037 1955; x_wconf 89' lang='lat' dir='ltr'><strong>non</strong></span> <span class='ocrx_word' id='word_1_273' title='bbox 3064 1900 3257 1971; x_wconf 88' lang='lat' dir='ltr'><strong>legem,</strong></span> <span class='ocrx_word' id='word_1_274' title='bbox 3286 1902 3380 1957; x_wconf 84' lang='lat' dir='ltr'><strong>sed</strong></span> <span class='ocrx_word' id='word_1_275' title='bbox 3426 1901 3795 1975; x_wconf 83' lang='lat' dir='ltr'><strong>Evangelium,</strong></span> 
     </span>
    </p>
   </div>
   <div class='ocr_carea' id='block_1_33' title="bbox 523 1987 2113 2068">
    <p class='ocr_par' dir='ltr' id='par_1_33' title="bbox 523 1987 2113 2068">
     <span class='ocr_line' id='line_1_33' title="bbox 523 1987 2113 2068; baseline 0.008 -22"><span class='ocrx_word' id='word_1_276' title='bbox 523 1987 856 2059; x_wconf 73' lang='lat' dir='ltr'><strong>Judzeorum,</strong></span> <span class='ocrx_word' id='word_1_277' title='bbox 879 1995 975 2050; x_wconf 83' lang='lat' dir='ltr'><strong>sed</strong></span> <span class='ocrx_word' id='word_1_278' title='bbox 995 1995 1309 2068; x_wconf 67' lang='lat' dir='ltr'><strong>alienigena:</strong></span> <span class='ocrx_word' id='word_1_279' title='bbox 1335 1998 1544 2053; x_wconf 87' lang='lat' dir='ltr'><strong>exstitit</strong></span> <span class='ocrx_word' id='word_1_280' title='bbox 1566 2000 1752 2068; x_wconf 86' lang='lat' dir='ltr'><strong>prolis.</strong></span> <span class='ocrx_word' id='word_1_281' title='bbox 1782 2000 1848 2055; x_wconf 89' lang='lat' dir='ltr'><strong>Et</strong></span> <span class='ocrx_word' id='word_1_282' title='bbox 1879 2002 1981 2056; x_wconf 87' lang='lat' dir='ltr'><strong>hoc</strong></span> <span class='ocrx_word' id='word_1_283' title='bbox 2009 2018 2113 2058; x_wconf 89' lang='lat' dir='ltr'><strong>non</strong></span> 
     </span>
    </p>
   </div>
   <div class='ocr_carea' id='block_1_34' title="bbox 2216 1987 3799 2068">
    <p class='ocr_par' dir='ltr' id='par_1_34' title="bbox 2223 1992 3799 2065">
     <span class='ocr_line' id='line_1_34' title="bbox 2223 1992 3799 2065; baseline 0.006 -22"><span class='ocrx_word' id='word_1_284' title='bbox 2223 1998 2329 2044; x_wconf 77' lang='lat' dir='ltr'><strong>nan</strong></span> <span class='ocrx_word' id='word_1_285' title='bbox 2376 1997 2583 2045; x_wconf 89' lang='lat' dir='ltr'><strong>tantum</strong></span> <span class='ocrx_word' id='word_1_286' title='bbox 2630 1992 2902 2063; x_wconf 78' lang='lat' dir='ltr'><strong>gentibus,</strong></span> <span class='ocrx_word' id='word_1_287' title='bbox 2955 1994 3048 2049; x_wconf 80' lang='lat' dir='ltr'><strong>sed</strong></span> <span class='ocrx_word' id='word_1_288' title='bbox 3083 1994 3246 2048; x_wconf 90' lang='lat' dir='ltr'><strong>etiam</strong></span> <span class='ocrx_word' id='word_1_289' title='bbox 3295 1993 3519 2060; x_wconf 64' lang='lat' dir='ltr'><strong>Judaeis,</strong></span> <span class='ocrx_word' id='word_1_290' title='bbox 3571 1998 3664 2065; x_wconf 85' lang='lat' dir='ltr'><strong>qui</strong></span> <span class='ocrx_word' id='word_1_291' title='bbox 3713 2012 3799 2053; x_wconf 86' lang='lat' dir='ltr'><strong>nos</strong></span> 
     </span>
    </p>
   </div>
   <div class='ocr_carea' id='block_1_35' title="bbox 524 2084 2116 2158">
    <p class='ocr_par' dir='ltr' id='par_1_35' title="bbox 524 2084 2116 2158">
     <span class='ocr_line' id='line_1_35' title="bbox 524 2084 2116 2158; baseline 0.006 -19"><span class='ocrx_word' id='word_1_292' title='bbox 524 2085 663 2140; x_wconf 80' lang='lat' dir='ltr'><strong>meis</strong></span> <span class='ocrx_word' id='word_1_293' title='bbox 696 2084 968 2143; x_wconf 84' lang='lat' dir='ltr'><strong>Ilrmarem</strong></span> <span class='ocrx_word' id='word_1_294' title='bbox 993 2088 1195 2154; x_wconf 80' lang='lat' dir='ltr'><strong>verbis,</strong></span> <span class='ocrx_word' id='word_1_295' title='bbox 1222 2089 1318 2144; x_wconf 86' lang='lat' dir='ltr'><strong>sed</strong></span> <span class='ocrx_word' id='word_1_296' title='bbox 1345 2090 1474 2145; x_wconf 91' lang='lat' dir='ltr'><strong>olim</strong></span> <span class='ocrx_word' id='word_1_297' title='bbox 1505 2092 1676 2145; x_wconf 88' lang='lat' dir='ltr'><strong>vestri</strong></span> <span class='ocrx_word' id='word_1_298' title='bbox 1715 2092 1980 2158; x_wconf 90' lang='lat' dir='ltr'><strong>doctoris,</strong></span> <span class='ocrx_word' id='word_1_299' title='bbox 2008 2109 2116 2149; x_wconf 91' lang='lat' dir='ltr'><strong>non</strong></span> 
     </span>
    </p>
   </div>
   <div class='ocr_carea' id='block_1_36' title="bbox 523 2177 2114 2251">
    <p class='ocr_par' dir='ltr' id='par_1_36' title="bbox 523 2177 2114 2251">
     <span class='ocr_line' id='line_1_36' title="bbox 523 2177 2114 2251; baseline 0.004 -18"><span class='ocrx_word' id='word_1_300' title='bbox 523 2177 695 2233; x_wconf 81' lang='lat' dir='ltr'><strong>solum</strong></span> <span class='ocrx_word' id='word_1_301' title='bbox 719 2179 877 2236; x_wconf 89' lang='lat' dir='ltr'><strong>unius</strong></span> <span class='ocrx_word' id='word_1_302' title='bbox 901 2179 1126 2251; x_wconf 85' lang='lat' dir='ltr'><strong>Josippi,</strong></span> <span class='ocrx_word' id='word_1_303' title='bbox 1150 2196 1334 2236; x_wconf 85' lang='lat' dir='ltr'><strong>verum</strong></span> <span class='ocrx_word' id='word_1_304' title='bbox 1356 2182 1520 2238; x_wconf 86' lang='lat' dir='ltr'><strong>etiam</strong></span> <span class='ocrx_word' id='word_1_305' title='bbox 1545 2192 1601 2238; x_wconf 85' lang='lat' dir='ltr'><strong>et</strong></span> <span class='ocrx_word' id='word_1_306' title='bbox 1620 2182 1862 2239; x_wconf 82' lang='lat' dir='ltr'><strong>Philonis</strong></span> <span class='ocrx_word' id='word_1_307' title='bbox 1911 2185 2114 2240; x_wconf 85' lang='lat' dir='ltr'><strong>Tamen</strong></span> 
     </span>
    </p>
   </div>
   <div class='ocr_carea' id='block_1_37' title="bbox 516 2269 2116 2342">
    <p class='ocr_par' dir='ltr' id='par_1_37' title="bbox 516 2269 2116 2342">
     <span class='ocr_line' id='line_1_37' title="bbox 516 2269 2116 2342; baseline 0.006 -19"><span class='ocrx_word' id='word_1_308' title='bbox 516 2269 647 2340; x_wconf 86' lang='lat' dir='ltr'><strong>quia</strong></span> <span class='ocrx_word' id='word_1_309' title='bbox 699 2280 755 2327; x_wconf 86' lang='lat' dir='ltr'><strong>tu</strong></span> <span class='ocrx_word' id='word_1_310' title='bbox 801 2288 906 2328; x_wconf 91' lang='lat' dir='ltr'><strong>non</strong></span> <span class='ocrx_word' id='word_1_311' title='bbox 940 2273 1121 2328; x_wconf 86' lang='lat' dir='ltr'><strong>studio</strong></span> <span class='ocrx_word' id='word_1_312' title='bbox 1150 2274 1411 2330; x_wconf 65' lang='lat' dir='ltr'><strong>doctrinae</strong></span> <span class='ocrx_word' id='word_1_313' title='bbox 1451 2276 1755 2342; x_wconf 87' lang='lat' dir='ltr'><strong>contendis,</strong></span> <span class='ocrx_word' id='word_1_314' title='bbox 1809 2278 1904 2332; x_wconf 90' lang='lat' dir='ltr'><strong>sed</strong></span> <span class='ocrx_word' id='word_1_315' title='bbox 1944 2276 2116 2333; x_wconf 85' lang='lat' dir='ltr'><strong>livore</strong></span> 
     </span>
    </p>
   </div>
   <div class='ocr_carea' id='block_1_38' title="bbox 520 2364 2113 2437">
    <p class='ocr_par' dir='ltr' id='par_1_38' title="bbox 520 2364 2113 2437">
     <span class='ocr_line' id='line_1_38' title="bbox 520 2364 2113 2437; baseline 0.004 -19"><span class='ocrx_word' id='word_1_316' title='bbox 520 2364 834 2420; x_wconf 83' lang='lat' dir='ltr'><strong>destruendi</strong></span> <span class='ocrx_word' id='word_1_317' title='bbox 876 2367 1114 2436; x_wconf 86' lang='lat' dir='ltr'><strong>assurgis</strong></span> <span class='ocrx_word' id='word_1_318' title='bbox 1150 2407 1165 2431; x_wconf 96' lang='lat'><strong>,</strong></span> <span class='ocrx_word' id='word_1_319' title='bbox 1219 2366 1291 2422; x_wconf 91' lang='lat' dir='ltr'><strong>ob</strong></span> <span class='ocrx_word' id='word_1_320' title='bbox 1324 2367 1425 2424; x_wconf 89' lang='lat' dir='ltr'><strong>hoc</strong></span> <span class='ocrx_word' id='word_1_321' title='bbox 1455 2383 1680 2425; x_wconf 86' lang='lat' dir='ltr'><strong>necesse</strong></span> <span class='ocrx_word' id='word_1_322' title='bbox 1713 2369 1844 2424; x_wconf 88' lang='lat' dir='ltr'><strong>mibi</strong></span> <span class='ocrx_word' id='word_1_323' title='bbox 1878 2371 2113 2437; x_wconf 80' lang='lat' dir='ltr'><strong>exstitit,</strong></span> 
     </span>
    </p>
   </div>
   <div class='ocr_carea' id='block_1_39' title="bbox 523 2457 2113 2531">
    <p class='ocr_par' dir='ltr' id='par_1_39' title="bbox 523 2457 2113 2531">
     <span class='ocr_line' id='line_1_39' title="bbox 523 2457 2113 2531; baseline 0.006 -22"><span class='ocrx_word' id='word_1_324' title='bbox 523 2469 636 2510; x_wconf 85' lang='lat' dir='ltr'><strong>non</strong></span> <span class='ocrx_word' id='word_1_325' title='bbox 666 2471 785 2511; x_wconf 89' lang='lat' dir='ltr'><strong>mea</strong></span> <span class='ocrx_word' id='word_1_326' title='bbox 814 2457 911 2512; x_wconf 87' lang='lat' dir='ltr'><strong>tibi</strong></span> <span class='ocrx_word' id='word_1_327' title='bbox 942 2458 1125 2513; x_wconf 89' lang='lat' dir='ltr'><strong>omnia</strong></span> <span class='ocrx_word' id='word_1_328' title='bbox 1155 2458 1442 2529; x_wconf 84' lang='lat' dir='ltr'><strong>propalare</strong></span> <span class='ocrx_word' id='word_1_329' title='bbox 1476 2461 1756 2531; x_wconf 80' lang='lat' dir='ltr'><strong>mysteria,</strong></span> <span class='ocrx_word' id='word_1_330' title='bbox 1787 2461 1879 2517; x_wconf 88' lang='lat' dir='ltr'><strong>sed</strong></span> <span class='ocrx_word' id='word_1_331' title='bbox 1905 2471 2113 2519; x_wconf 86' lang='lat' dir='ltr'><strong>tantum</strong></span> 
     </span>
    </p>
   </div>
   <div class='ocr_carea' id='block_1_40' title="bbox 516 2549 2113 2622">
    <p class='ocr_par' dir='ltr' id='par_1_40' title="bbox 516 2549 2113 2622">
     <span class='ocr_line' id='line_1_40' title="bbox 516 2549 2113 2622; baseline 0.004 -18"><span class='ocrx_word' id='word_1_332' title='bbox 516 2549 801 2605; x_wconf 78' lang='lat' dir='ltr'><strong>destruere</strong></span> <span class='ocrx_word' id='word_1_333' title='bbox 821 2565 1050 2622; x_wconf 72' lang='lat' dir='ltr'><strong>quaeque</strong></span> <span class='ocrx_word' id='word_1_334' title='bbox 1078 2565 1180 2605; x_wconf 84' lang='lat' dir='ltr'><strong>vox</strong></span> <span class='ocrx_word' id='word_1_335' title='bbox 1206 2550 1497 2622; x_wconf 88' lang='lat' dir='ltr'><strong>protulerit</strong></span> <span class='ocrx_word' id='word_1_336' title='bbox 1515 2553 1678 2607; x_wconf 87' lang='lat' dir='ltr'><strong>nuda.</strong></span> <span class='ocrx_word' id='word_1_337' title='bbox 1704 2554 2113 2610; x_wconf 83' lang='lat' dir='ltr'><strong>Assertionibus</strong></span> 
     </span>
    </p>
   </div>
   <div class='ocr_carea' id='block_1_41' title="bbox 512 2642 2115 2716">
    <p class='ocr_par' dir='ltr' id='par_1_41' title="bbox 512 2642 2115 2716">
     <span class='ocr_line' id='line_1_41' title="bbox 512 2642 2115 2716; baseline 0.003 -19"><span class='ocrx_word' id='word_1_338' title='bbox 512 2642 717 2714; x_wconf 80' lang='lat' dir='ltr'><strong>quippe</strong></span> <span class='ocrx_word' id='word_1_339' title='bbox 739 2643 846 2699; x_wconf 88' lang='lat' dir='ltr'><strong>tuis</strong></span> <span class='ocrx_word' id='word_1_340' title='bbox 867 2643 1060 2700; x_wconf 84' lang='lat' dir='ltr'><strong>obvius</strong></span> <span class='ocrx_word' id='word_1_341' title='bbox 1084 2644 1266 2698; x_wconf 80' lang='lat' dir='ltr'><strong>exstiti</strong></span> <span class='ocrx_word' id='word_1_342' title='bbox 1290 2662 1303 2697; x_wconf 90' lang='lat'><strong>:</strong></span> <span class='ocrx_word' id='word_1_343' title='bbox 1325 2659 1449 2700; x_wconf 90' lang='lat' dir='ltr'><strong>nam</strong></span> <span class='ocrx_word' id='word_1_344' title='bbox 1472 2658 1577 2700; x_wconf 86' lang='lat' dir='ltr'><strong>non</strong></span> <span class='ocrx_word' id='word_1_345' title='bbox 1601 2661 1687 2702; x_wconf 89' lang='lat' dir='ltr'><strong>me</strong></span> <span class='ocrx_word' id='word_1_346' title='bbox 1714 2647 1867 2716; x_wconf 86' lang='lat' dir='ltr'><strong>quasi</strong></span> <span class='ocrx_word' id='word_1_347' title='bbox 1894 2646 2115 2702; x_wconf 80' lang='lat' dir='ltr'><strong>ﬁrmare</strong></span> 
     </span>
    </p>
   </div>
   <div class='ocr_carea' id='block_1_42' title="bbox 516 2734 2114 2810">
    <p class='ocr_par' dir='ltr' id='par_1_42' title="bbox 516 2734 2114 2810">
     <span class='ocr_line' id='line_1_42' title="bbox 516 2734 2114 2810; baseline 0.003 -19"><span class='ocrx_word' id='word_1_348' title='bbox 516 2735 731 2798; x_wconf 88' lang='lat' dir='ltr'><strong>conavi,</strong></span> <span class='ocrx_word' id='word_1_349' title='bbox 764 2735 857 2805; x_wconf 84' lang='lat' dir='ltr'><strong>qui</strong></span> <span class='ocrx_word' id='word_1_350' title='bbox 888 2749 976 2791; x_wconf 85' lang='lat' dir='ltr'><strong>me</strong></span> <span class='ocrx_word' id='word_1_351' title='bbox 996 2734 1211 2790; x_wconf 75' lang='lat' dir='ltr'><strong>firmum</strong></span> <span class='ocrx_word' id='word_1_352' title='bbox 1236 2749 1356 2792; x_wconf 85' lang='lat' dir='ltr'><strong>esse</strong></span> <span class='ocrx_word' id='word_1_353' title='bbox 1385 2751 1600 2807; x_wconf 87' lang='lat' dir='ltr'><strong>semper</strong></span> <span class='ocrx_word' id='word_1_354' title='bbox 1620 2738 1871 2810; x_wconf 88' lang='lat' dir='ltr'><strong>cognovi.</strong></span> <span class='ocrx_word' id='word_1_355' title='bbox 1903 2738 1965 2793; x_wconf 87' lang='lat' dir='ltr'><strong>Et</strong></span> <span class='ocrx_word' id='word_1_356' title='bbox 1989 2739 2114 2795; x_wconf 86' lang='lat' dir='ltr'><strong>ideo</strong></span> 
     </span>
    </p>
   </div>
   <div class='ocr_carea' id='block_1_43' title="bbox 517 2828 2112 2900">
    <p class='ocr_par' dir='ltr' id='par_1_43' title="bbox 517 2828 2112 2900">
     <span class='ocr_line' id='line_1_43' title="bbox 517 2828 2112 2900; baseline 0.001 -18"><span class='ocrx_word' id='word_1_357' title='bbox 517 2834 647 2883; x_wconf 88' lang='lat' dir='ltr'><strong>tuus</strong></span> <span class='ocrx_word' id='word_1_358' title='bbox 670 2828 767 2883; x_wconf 88' lang='lat' dir='ltr'><strong>tibi</strong></span> <span class='ocrx_word' id='word_1_359' title='bbox 795 2843 975 2885; x_wconf 83' lang='lat' dir='ltr'><strong>sermo</strong></span> <span class='ocrx_word' id='word_1_360' title='bbox 1004 2828 1310 2900; x_wconf 88' lang='lat' dir='ltr'><strong>respondit,</strong></span> <span class='ocrx_word' id='word_1_361' title='bbox 1338 2836 1394 2883; x_wconf 88' lang='lat' dir='ltr'><strong>et</strong></span> <span class='ocrx_word' id='word_1_362' title='bbox 1421 2828 1474 2883; x_wconf 90' lang='lat' dir='ltr'><strong>in</strong></span> <span class='ocrx_word' id='word_1_363' title='bbox 1508 2838 1558 2884; x_wconf 89' lang='lat' dir='ltr'><strong>te</strong></span> <span class='ocrx_word' id='word_1_364' title='bbox 1584 2828 1764 2900; x_wconf 86' lang='lat' dir='ltr'><strong>lingua</strong></span> <span class='ocrx_word' id='word_1_365' title='bbox 1791 2838 1878 2884; x_wconf 85' lang='lat' dir='ltr'><strong>tua</strong></span> <span class='ocrx_word' id='word_1_366' title='bbox 1909 2838 2112 2885; x_wconf 90' lang='lat' dir='ltr'><strong>retorta</strong></span> 
     </span>
    </p>
   </div>
   <div class='ocr_carea' id='block_1_44' title="bbox 514 2916 2114 2991">
    <p class='ocr_par' dir='ltr' id='par_1_44' title="bbox 514 2916 2114 2991">
     <span class='ocr_line' id='line_1_44' title="bbox 514 2916 2114 2991; baseline 0.002 -19"><span class='ocrx_word' id='word_1_367' title='bbox 514 2916 640 2974; x_wconf 70' lang='lat' dir='ltr'><strong>fuit.</strong></span> <span class='ocrx_word' id='word_1_368' title='bbox 681 2916 1041 2990; x_wconf 82' lang='lat' dir='ltr'><strong>Quapropter,</strong></span> <span class='ocrx_word' id='word_1_369' title='bbox 1074 2919 1120 2974; x_wconf 88' lang='lat' dir='ltr'><strong>si</strong></span> <span class='ocrx_word' id='word_1_370' title='bbox 1150 2918 1362 2990; x_wconf 86' lang='lat' dir='ltr'><strong>aliquid</strong></span> <span class='ocrx_word' id='word_1_371' title='bbox 1410 2920 1600 2975; x_wconf 88' lang='lat' dir='ltr'><strong>durius</strong></span> <span class='ocrx_word' id='word_1_372' title='bbox 1648 2921 2007 2991; x_wconf 88' lang='lat' dir='ltr'><strong>promanavit,</strong></span> <span class='ocrx_word' id='word_1_373' title='bbox 2034 2921 2114 2976; x_wconf 85' lang='lat' dir='ltr'><strong>vi-</strong></span> 
     </span>
    </p>
   </div>
   <div class='ocr_carea' id='block_1_45' title="bbox 518 3009 2105 3081">
    <p class='ocr_par' dir='ltr' id='par_1_45' title="bbox 518 3009 2105 3081">
     <span class='ocr_line' id='line_1_45' title="bbox 518 3009 2105 3081; baseline 0.003 -15"><span class='ocrx_word' id='word_1_374' title='bbox 518 3009 653 3066; x_wconf 82' lang='lat' dir='ltr'><strong>tium</strong></span> <span class='ocrx_word' id='word_1_375' title='bbox 693 3011 906 3081; x_wconf 66' lang='lat' dir='ltr'><strong>agroti,</strong></span> <span class='ocrx_word' id='word_1_376' title='bbox 948 3026 1055 3068; x_wconf 88' lang='lat' dir='ltr'><strong>non</strong></span> <span class='ocrx_word' id='word_1_377' title='bbox 1095 3012 1289 3067; x_wconf 83' lang='lat' dir='ltr'><strong>medici</strong></span> <span class='ocrx_word' id='word_1_378' title='bbox 1343 3012 1474 3079; x_wconf 78' lang='lat' dir='ltr'><strong>fuit;</strong></span> <span class='ocrx_word' id='word_1_379' title='bbox 1510 3014 1651 3067; x_wconf 87' lang='lat' dir='ltr'><strong>unde</strong></span> <span class='ocrx_word' id='word_1_380' title='bbox 1698 3022 1754 3067; x_wconf 89' lang='lat' dir='ltr'><strong>et</strong></span> <span class='ocrx_word' id='word_1_381' title='bbox 1798 3014 2105 3070; x_wconf 86' lang='lat' dir='ltr'><strong>mordaelus</strong></span> 
     </span>
    </p>
   </div>
   <div class='ocr_carea' id='block_1_46' title="bbox 517 3103 2105 3177">
    <p class='ocr_par' dir='ltr' id='par_1_46' title="bbox 517 3103 2105 3177">
     <span class='ocr_line' id='line_1_46' title="bbox 517 3103 2105 3177; baseline 0.001 -17"><span class='ocrx_word' id='word_1_382' title='bbox 517 3103 693 3177; x_wconf 80' lang='lat' dir='ltr'><strong>stylus</strong></span> <span class='ocrx_word' id='word_1_383' title='bbox 725 3104 944 3161; x_wconf 87' lang='lat' dir='ltr'><strong>incessit</strong></span> <span class='ocrx_word' id='word_1_384' title='bbox 990 3105 1122 3161; x_wconf 87' lang='lat' dir='ltr'><strong>locis</strong></span> <span class='ocrx_word' id='word_1_385' title='bbox 1144 3105 1344 3175; x_wconf 88' lang='lat' dir='ltr'><strong>quibus</strong></span> <span class='ocrx_word' id='word_1_386' title='bbox 1368 3106 1689 3176; x_wconf 79' lang='lat' dir='ltr'><strong>sacrilegam</strong></span> <span class='ocrx_word' id='word_1_387' title='bbox 1711 3106 2105 3177; x_wconf 80' lang='lat' dir='ltr'><strong>Oppositionem</strong></span> 
     </span>
    </p>
   </div>
   <div class='ocr_carea' id='block_1_47' title="bbox 2220 2086 3795 2160">
    <p class='ocr_par' dir='ltr' id='par_1_47' title="bbox 2220 2086 3795 2160">
     <span class='ocr_line' id='line_1_47' title="bbox 2220 2086 3795 2160; baseline 0.004 -23"><span class='ocrx_word' id='word_1_388' title='bbox 2220 2096 2427 2149; x_wconf 88' lang='lat' dir='ltr'><strong>sumus,</strong></span> <span class='ocrx_word' id='word_1_389' title='bbox 2458 2086 2692 2155; x_wconf 88' lang='lat' dir='ltr'><strong>positum</strong></span> <span class='ocrx_word' id='word_1_390' title='bbox 2721 2086 2893 2153; x_wconf 87' lang='lat' dir='ltr'><strong>scias,</strong></span> <span class='ocrx_word' id='word_1_391' title='bbox 2921 2086 3044 2141; x_wconf 84' lang='lat' dir='ltr'><strong>audi</strong></span> <span class='ocrx_word' id='word_1_392' title='bbox 3080 2106 3093 2141; x_wconf 93' lang='lat'><strong>:</strong></span> <span class='ocrx_word' id='word_1_393' title='bbox 3126 2087 3247 2142; x_wconf 85' lang='lat' dir='ltr'><strong>Non</strong></span> <span class='ocrx_word' id='word_1_394' title='bbox 3271 2089 3559 2143; x_wconf 73' lang='lat' dir='ltr'><strong>secundum</strong></span> <span class='ocrx_word' id='word_1_395' title='bbox 3593 2099 3795 2160; x_wconf 69' lang='lat' dir='ltr'><strong>pactum</strong></span> 
     </span>
    </p>
   </div>
   <div class='ocr_carea' id='block_1_48' title="bbox 2216 2174 3797 2252">
    <p class='ocr_par' dir='ltr' id='par_1_48' title="bbox 2216 2174 3797 2252">
     <span class='ocr_line' id='line_1_48' title="bbox 2216 2174 3797 2252; baseline 0.006 -24"><span class='ocrx_word' id='word_1_396' title='bbox 2216 2174 2358 2246; x_wconf 81' lang='lat' dir='ltr'><strong>quod</strong></span> <span class='ocrx_word' id='word_1_397' title='bbox 2395 2177 2568 2246; x_wconf 81' lang='lat' dir='ltr'><strong>pepigi</strong></span> <span class='ocrx_word' id='word_1_398' title='bbox 2594 2194 2712 2231; x_wconf 85' lang='lat' dir='ltr'><strong>cum</strong></span> <span class='ocrx_word' id='word_1_399' title='bbox 2751 2179 2989 2249; x_wconf 81' lang='lat' dir='ltr'><strong>patribus</strong></span> <span class='ocrx_word' id='word_1_400' title='bbox 3011 2195 3212 2245; x_wconf 85' lang='lat' dir='ltr'><strong>eorum,</strong></span> <span class='ocrx_word' id='word_1_401' title='bbox 3235 2180 3449 2251; x_wconf 81' lang='lat' dir='ltr'><strong>quando</strong></span> <span class='ocrx_word' id='word_1_402' title='bbox 3490 2183 3797 2252; x_wconf 69' lang='lat' dir='ltr'><strong>apprehendi</strong></span> 
     </span>
    </p>
   </div>
   <div class='ocr_carea' id='block_1_49' title="bbox 2216 2270 3797 2343">
    <p class='ocr_par' dir='ltr' id='par_1_49' title="bbox 2216 2270 3797 2343">
     <span class='ocr_line' id='line_1_49' title="bbox 2216 2270 3797 2343; baseline 0.004 -22"><span class='ocrx_word' id='word_1_403' title='bbox 2216 2282 2434 2322; x_wconf 79' lang='lat' dir='ltr'><strong>manum</strong></span> <span class='ocrx_word' id='word_1_404' title='bbox 2468 2285 2672 2335; x_wconf 88' lang='lat' dir='ltr'><strong>eorum,</strong></span> <span class='ocrx_word' id='word_1_405' title='bbox 2700 2279 2755 2323; x_wconf 89' lang='lat' dir='ltr'><strong>ut</strong></span> <span class='ocrx_word' id='word_1_406' title='bbox 2781 2270 3052 2325; x_wconf 86' lang='lat' dir='ltr'><strong>educerem</strong></span> <span class='ocrx_word' id='word_1_407' title='bbox 3079 2286 3166 2325; x_wconf 87' lang='lat' dir='ltr'><strong>eos</strong></span> <span class='ocrx_word' id='word_1_408' title='bbox 3192 2272 3258 2325; x_wconf 89' lang='lat' dir='ltr'><strong>de</strong></span> <span class='ocrx_word' id='word_1_409' title='bbox 3278 2281 3418 2325; x_wconf 83' lang='lat' dir='ltr'><strong>terra</strong></span> <span class='ocrx_word' id='word_1_410' title='bbox 3462 2271 3707 2343; x_wconf 66' lang='lat' dir='ltr'><strong>Egypti,</strong></span> <span class='ocrx_word' id='word_1_411' title='bbox 3752 2272 3797 2327; x_wconf 88' lang='lat' dir='ltr'><strong>id</strong></span> 
     </span>
    </p>
   </div>
   <div class='ocr_carea' id='block_1_50' title="bbox 2217 2358 3796 2432">
    <p class='ocr_par' dir='ltr' id='par_1_50' title="bbox 2217 2358 3796 2432">
     <span class='ocr_line' id='line_1_50' title="bbox 2217 2358 3796 2432; baseline 0.003 -20"><span class='ocrx_word' id='word_1_412' title='bbox 2217 2366 2302 2412; x_wconf 89' lang='lat' dir='ltr'><strong>est</strong></span> <span class='ocrx_word' id='word_1_413' title='bbox 2342 2369 2555 2429; x_wconf 88' lang='lat' dir='ltr'><strong>pactum</strong></span> <span class='ocrx_word' id='word_1_414' title='bbox 2604 2359 2756 2430; x_wconf 83' lang='lat' dir='ltr'><strong>legis.</strong></span> <span class='ocrx_word' id='word_1_415' title='bbox 2807 2358 2969 2416; x_wconf 85' lang='lat' dir='ltr'><strong>Vides</strong></span> <span class='ocrx_word' id='word_1_416' title='bbox 3006 2359 3175 2432; x_wconf 86' lang='lat' dir='ltr'><strong>legem</strong></span> <span class='ocrx_word' id='word_1_417' title='bbox 3232 2361 3513 2427; x_wconf 84' lang='lat' dir='ltr'><strong>abolitam,</strong></span> <span class='ocrx_word' id='word_1_418' title='bbox 3559 2372 3615 2418; x_wconf 88' lang='lat' dir='ltr'><strong>et</strong></span> <span class='ocrx_word' id='word_1_419' title='bbox 3654 2363 3796 2432; x_wconf 80' lang='lat' dir='ltr'><strong>quasi</strong></span> 
     </span>
    </p>
   </div>
   <div class='ocr_carea' id='block_1_51' title="bbox 2217 2453 3795 2529">
    <p class='ocr_par' dir='ltr' id='par_1_51' title="bbox 2217 2453 3795 2529">
     <span class='ocr_line' id='line_1_51' title="bbox 2217 2453 3795 2529; baseline 0.006 -23"><span class='ocrx_word' id='word_1_420' title='bbox 2217 2455 2505 2522; x_wconf 85' lang='lat' dir='ltr'><strong>reprobam</strong></span> <span class='ocrx_word' id='word_1_421' title='bbox 2537 2453 2733 2510; x_wconf 84' lang='lat' dir='ltr'><strong>factam</strong></span> <span class='ocrx_word' id='word_1_422' title='bbox 2764 2472 2777 2508; x_wconf 89' lang='lat'><strong>:</strong></span> <span class='ocrx_word' id='word_1_423' title='bbox 2815 2465 2871 2510; x_wconf 90' lang='lat' dir='ltr'><strong>et</strong></span> <span class='ocrx_word' id='word_1_424' title='bbox 2894 2457 3031 2511; x_wconf 88' lang='lat' dir='ltr'><strong>bene</strong></span> <span class='ocrx_word' id='word_1_425' title='bbox 3071 2457 3333 2527; x_wconf 87' lang='lat' dir='ltr'><strong>propheta</strong></span> <span class='ocrx_word' id='word_1_426' title='bbox 3376 2459 3480 2514; x_wconf 91' lang='lat' dir='ltr'><strong>hoc</strong></span> <span class='ocrx_word' id='word_1_427' title='bbox 3507 2466 3633 2529; x_wconf 89' lang='lat' dir='ltr'><strong>post</strong></span> <span class='ocrx_word' id='word_1_428' title='bbox 3672 2468 3795 2515; x_wconf 85' lang='lat' dir='ltr'><strong>tem-</strong></span> 
     </span>
    </p>
   </div>
   <div class='ocr_carea' id='block_1_52' title="bbox 2215 2547 3794 2623">
    <p class='ocr_par' dir='ltr' id='par_1_52' title="bbox 2215 2547 3794 2623">
     <span class='ocr_line' id='line_1_52' title="bbox 2215 2547 3794 2623; baseline 0.006 -23"><span class='ocrx_word' id='word_1_429' title='bbox 2215 2561 2319 2617; x_wconf 88' lang='lat' dir='ltr'><strong>pus</strong></span> <span class='ocrx_word' id='word_1_430' title='bbox 2340 2547 2562 2605; x_wconf 86' lang='lat' dir='ltr'><strong>evenire</strong></span> <span class='ocrx_word' id='word_1_431' title='bbox 2584 2548 2873 2619; x_wconf 69' lang='lat' dir='ltr'><strong>paedixit:</strong></span> <span class='ocrx_word' id='word_1_432' title='bbox 2901 2550 3027 2620; x_wconf 83' lang='lat' dir='ltr'><strong>quia</strong></span> <span class='ocrx_word' id='word_1_433' title='bbox 3058 2565 3165 2607; x_wconf 84' lang='lat' dir='ltr'><strong>non</strong></span> <span class='ocrx_word' id='word_1_434' title='bbox 3196 2566 3294 2605; x_wconf 90' lang='lat' dir='ltr'><strong>suo</strong></span> <span class='ocrx_word' id='word_1_435' title='bbox 3322 2551 3378 2607; x_wconf 83' lang='lat' dir='ltr'><strong>in</strong></span> <span class='ocrx_word' id='word_1_436' title='bbox 3407 2561 3671 2623; x_wconf 87' lang='lat' dir='ltr'><strong>tempore,</strong></span> <span class='ocrx_word' id='word_1_437' title='bbox 3711 2555 3794 2608; x_wconf 84' lang='lat' dir='ltr'><strong>sed</strong></span> 
     </span>
    </p>
   </div>
   <div class='ocr_carea' id='block_1_53' title="bbox 2217 2636 3795 2713">
    <p class='ocr_par' dir='ltr' id='par_1_53' title="bbox 2217 2636 3795 2713">
     <span class='ocr_line' id='line_1_53' title="bbox 2217 2636 3795 2713; baseline 0.005 -22"><span class='ocrx_word' id='word_1_438' title='bbox 2217 2636 2271 2691; x_wconf 91' lang='lat' dir='ltr'><strong>in</strong></span> <span class='ocrx_word' id='word_1_439' title='bbox 2297 2638 2412 2692; x_wconf 90' lang='lat' dir='ltr'><strong>dies</strong></span> <span class='ocrx_word' id='word_1_440' title='bbox 2439 2649 2694 2695; x_wconf 89' lang='lat' dir='ltr'><strong>venturos</strong></span> <span class='ocrx_word' id='word_1_441' title='bbox 2716 2640 2988 2713; x_wconf 76' lang='lat' dir='ltr'><strong>Evangelii</strong></span> <span class='ocrx_word' id='word_1_442' title='bbox 3006 2650 3395 2699; x_wconf 81' lang='lat' dir='ltr'><strong>testamentum</strong></span> <span class='ocrx_word' id='word_1_443' title='bbox 3420 2644 3659 2699; x_wconf 87' lang='lat' dir='ltr'><strong>dandum</strong></span> <span class='ocrx_word' id='word_1_444' title='bbox 3681 2660 3795 2699; x_wconf 84' lang='lat' dir='ltr'><strong>esse</strong></span> 
     </span>
    </p>
   </div>
   <div class='ocr_carea' id='block_1_54' title="bbox 2215 2735 3794 2810">
    <p class='ocr_par' dir='ltr' id='par_1_54' title="bbox 2215 2735 3794 2810">
     <span class='ocr_line' id='line_1_54' title="bbox 2215 2735 3794 2810; baseline 0.003 -20"><span class='ocrx_word' id='word_1_445' title='bbox 2215 2735 2483 2806; x_wconf 63' lang='lat' dir='ltr'><strong>praevidit.</strong></span> <span class='ocrx_word' id='word_1_446' title='bbox 2516 2735 2652 2791; x_wconf 77' lang='lat' dir='ltr'><strong>Audi</strong></span> <span class='ocrx_word' id='word_1_447' title='bbox 2689 2738 2884 2793; x_wconf 89' lang='lat' dir='ltr'><strong>iterum</strong></span> <span class='ocrx_word' id='word_1_448' title='bbox 2929 2737 3176 2793; x_wconf 81' lang='lat' dir='ltr'><strong>Ezechiel</strong></span> <span class='ocrx_word' id='word_1_449' title='bbox 3206 2757 3219 2793; x_wconf 90' lang='lat'><strong>:</strong></span> <span class='ocrx_word' id='word_1_450' title='bbox 3263 2738 3398 2794; x_wconf 82' lang='lat' dir='ltr'><strong>Dedi</strong></span> <span class='ocrx_word' id='word_1_451' title='bbox 3426 2740 3502 2794; x_wconf 84' lang='lat' dir='ltr'><strong>eis</strong></span> <span class='ocrx_word' id='word_1_452' title='bbox 3544 2751 3794 2810; x_wconf 75' lang='lat' dir='ltr'><strong>pra-cepta</strong></span> 
     </span>
    </p>
   </div>
   <div class='ocr_carea' id='block_1_55' title="bbox 2216 2825 3791 2901">
    <p class='ocr_par' dir='ltr' id='par_1_55' title="bbox 2216 2825 3791 2901">
     <span class='ocr_line' id='line_1_55' title="bbox 2216 2825 3791 2901; baseline 0.004 -22"><span class='ocrx_word' id='word_1_453' title='bbox 2216 2840 2319 2879; x_wconf 85' lang='lat' dir='ltr'><strong>non</strong></span> <span class='ocrx_word' id='word_1_454' title='bbox 2344 2825 2498 2891; x_wconf 84' lang='lat' dir='ltr'><strong>bona,</strong></span> <span class='ocrx_word' id='word_1_455' title='bbox 2520 2837 2567 2881; x_wconf 92' lang='lat' dir='ltr'><strong>et</strong></span> <span class='ocrx_word' id='word_1_456' title='bbox 2585 2826 2793 2897; x_wconf 84' lang='lat' dir='ltr'><strong>judicia</strong></span> <span class='ocrx_word' id='word_1_457' title='bbox 2817 2829 2872 2882; x_wconf 87' lang='lat' dir='ltr'><strong>in</strong></span> <span class='ocrx_word' id='word_1_458' title='bbox 2897 2828 3085 2900; x_wconf 88' lang='lat' dir='ltr'><strong>quibus</strong></span> <span class='ocrx_word' id='word_1_459' title='bbox 3123 2846 3226 2883; x_wconf 83' lang='lat' dir='ltr'><strong>non</strong></span> <span class='ocrx_word' id='word_1_460' title='bbox 3252 2831 3422 2884; x_wconf 74' lang='lat' dir='ltr'><strong>vivant</strong></span> <span class='ocrx_word' id='word_1_461' title='bbox 3455 2830 3679 2901; x_wconf 66' lang='lat' dir='ltr'><strong>(Eucti.</strong></span> <span class='ocrx_word' id='word_1_462' title='bbox 3707 2846 3791 2897; x_wconf 84' lang='lat' dir='ltr'><strong>xx,</strong></span> 
     </span>
    </p>
   </div>
   <div class='ocr_carea' id='block_1_56' title="bbox 2214 2914 3794 2994">
    <p class='ocr_par' dir='ltr' id='par_1_56' title="bbox 2214 2914 3794 2994">
     <span class='ocr_line' id='line_1_56' title="bbox 2214 2914 3794 2994; baseline 0.006 -25"><span class='ocrx_word' id='word_1_463' title='bbox 2214 2914 2326 2985; x_wconf 74' lang='lat'><strong>20).</strong></span> <span class='ocrx_word' id='word_1_464' title='bbox 2353 2915 2519 2973; x_wconf 87' lang='lat' dir='ltr'><strong>Isaias</strong></span> <span class='ocrx_word' id='word_1_465' title='bbox 2545 2926 2723 2972; x_wconf 89' lang='lat' dir='ltr'><strong>autem</strong></span> <span class='ocrx_word' id='word_1_466' title='bbox 2752 2919 2932 2984; x_wconf 86' lang='lat' dir='ltr'><strong>audet,</strong></span> <span class='ocrx_word' id='word_1_467' title='bbox 2973 2929 3028 2973; x_wconf 89' lang='lat' dir='ltr'><strong>et</strong></span> <span class='ocrx_word' id='word_1_468' title='bbox 3064 2919 3238 2975; x_wconf 82' lang='lat' dir='ltr'><strong>dicit:</strong></span> <span class='ocrx_word' id='word_1_469' title='bbox 3280 2920 3494 2987; x_wconf 78' lang='lat' dir='ltr'><strong>Audite,</strong></span> <span class='ocrx_word' id='word_1_470' title='bbox 3538 2923 3794 2994; x_wconf 77' lang='lat' dir='ltr'><strong>principes</strong></span> 
     </span>
    </p>
   </div>
   <div class='ocr_carea' id='block_1_57' title="bbox 2216 3006 3795 3084">
    <p class='ocr_par' dir='ltr' id='par_1_57' title="bbox 2216 3006 3795 3084">
     <span class='ocr_line' id='line_1_57' title="bbox 2216 3006 3795 3084; baseline 0.004 -22"><span class='ocrx_word' id='word_1_471' title='bbox 2216 3006 2590 3075; x_wconf 70' lang='lat' dir='ltr'><strong>Sodomorum,</strong></span> <span class='ocrx_word' id='word_1_472' title='bbox 2618 3010 2863 3080; x_wconf 85' lang='lat' dir='ltr'><strong>percipite</strong></span> <span class='ocrx_word' id='word_1_473' title='bbox 2883 3010 3101 3066; x_wconf 85' lang='lat' dir='ltr'><strong>auribus</strong></span> <span class='ocrx_word' id='word_1_474' title='bbox 3130 3009 3291 3082; x_wconf 80' lang='lat' dir='ltr'><strong>legam</strong></span> <span class='ocrx_word' id='word_1_475' title='bbox 3322 3010 3417 3066; x_wconf 85' lang='lat' dir='ltr'><strong>Dei</strong></span> <span class='ocrx_word' id='word_1_476' title='bbox 3440 3014 3615 3073; x_wconf 77' lang='lat' dir='ltr'><strong>uestri.</strong></span> <span class='ocrx_word' id='word_1_477' title='bbox 3641 3030 3795 3084; x_wconf 78' lang='lat' dir='ltr'><strong>popu-</strong></span> 
     </span>
    </p>
   </div>
   <div class='ocr_carea' id='block_1_58' title="bbox 2216 3097 3795 3168">
    <p class='ocr_par' dir='ltr' id='par_1_58' title="bbox 2216 3097 3795 3168">
     <span class='ocr_line' id='line_1_58' title="bbox 2216 3097 3795 3168; baseline 0.005 -15"><span class='ocrx_word' id='word_1_478' title='bbox 2216 3098 2299 3153; x_wconf 81' lang='lat' dir='ltr'><strong>lus</strong></span> <span class='ocrx_word' id='word_1_479' title='bbox 2327 3097 2651 3156; x_wconf 80' lang='lat' dir='ltr'><strong>Gomorrlue.</strong></span> <span class='ocrx_word' id='word_1_480' title='bbox 2702 3100 2820 3168; x_wconf 78' lang='lat' dir='ltr'><strong>Quo</strong></span> <span class='ocrx_word' id='word_1_481' title='bbox 2862 3103 2992 3158; x_wconf 76' lang='lat' dir='ltr'><strong>milii</strong></span> <span class='ocrx_word' id='word_1_482' title='bbox 3033 3102 3317 3158; x_wconf 82' lang='lat' dir='ltr'><strong>multitudo</strong></span> <span class='ocrx_word' id='word_1_483' title='bbox 3348 3106 3677 3159; x_wconf 73' lang='lat' dir='ltr'><strong>uictimarum</strong></span> <span class='ocrx_word' id='word_1_484' title='bbox 3718 3124 3795 3161; x_wconf 76' lang='lat' dir='ltr'><strong>re-</strong></span> 
     </span>
    </p>
   </div>
   <div class='ocr_carea' id='block_1_59' title="bbox 514 3173 3791 3270">
    <p class='ocr_par' dir='ltr' id='par_1_59' title="bbox 514 3173 3791 3270">
     <span class='ocr_line' id='line_1_59' title="bbox 514 3173 3791 3270; baseline 0.002 -23"><span class='ocrx_word' id='word_1_485' title='bbox 514 3173 606 3270; x_wconf 73' lang='lat' dir='ltr'><strong>pia</strong></span> <span class='ocrx_word' id='word_1_486' title='bbox 638 3197 989 3268; x_wconf 81' lang='lat' dir='ltr'><strong>responsione</strong></span> <span class='ocrx_word' id='word_1_487' title='bbox 1010 3173 1354 3267; x_wconf 68' lang='lat' dir='ltr'><strong>compressit.</strong></span> <span class='ocrx_word' id='word_1_488' title='bbox 1380 3197 1460 3251; x_wconf 88' lang='lat' dir='ltr'><strong>Tu</strong></span> <span class='ocrx_word' id='word_1_489' title='bbox 1486 3173 1613 3253; x_wconf 61' lang='lat' dir='ltr'><strong>vero</strong></span> <span class='ocrx_word' id='word_1_490' title='bbox 1637 3173 1841 3255; x_wconf 76' lang='lat' dir='ltr'><strong>amo</strong></span> <span class='ocrx_word' id='word_1_491' title='bbox 1861 3213 1926 3253; x_wconf 79' lang='lat' dir='ltr'><strong>ea</strong></span> <span class='ocrx_word' id='word_1_492' title='bbox 1958 3199 2114 3255; x_wconf 77' lang='lat' dir='ltr'><strong>nobis</strong></span> <span class='ocrx_word' id='word_1_493' title='bbox 2139 3173 2188 3240; x_wconf 64' lang='grc' dir='ltr'><strong>(ἶ</strong></span> <span class='ocrx_word' id='word_1_494' title='bbox 2217 3203 2472 3259; x_wconf 83' lang='lat' dir='ltr'><strong>strarum,</strong></span> <span class='ocrx_word' id='word_1_495' title='bbox 2522 3195 2646 3249; x_wconf 84' lang='lat' dir='ltr'><strong>dicit</strong></span> <span class='ocrx_word' id='word_1_496' title='bbox 2702 3194 2955 3250; x_wconf 79' lang='lat' dir='ltr'><strong>Dominus</strong></span> <span class='ocrx_word' id='word_1_497' title='bbox 2993 3210 3012 3247; x_wconf 78' lang='lat'><strong>.°</strong></span> <span class='ocrx_word' id='word_1_498' title='bbox 3038 3194 3235 3251; x_wconf 82' lang='lat' dir='ltr'><strong>Plenus</strong></span> <span class='ocrx_word' id='word_1_499' title='bbox 3281 3214 3441 3263; x_wconf 82' lang='lat' dir='ltr'><strong>sunt;</strong></span> <span class='ocrx_word' id='word_1_500' title='bbox 3494 3197 3791 3255; x_wconf 74' lang='lat' dir='ltr'><strong>holocausta</strong></span> 
     </span>
    </p>
   </div>
   <div class='ocr_carea' id='block_1_60' title="bbox 518 3287 2114 3362">
    <p class='ocr_par' dir='ltr' id='par_1_60' title="bbox 518 3287 2114 3362">
     <span class='ocr_line' id='line_1_60' title="bbox 518 3287 2114 3362; baseline 0.002 -18"><span class='ocrx_word' id='word_1_501' title='bbox 518 3289 787 3360; x_wconf 83' lang='lat' dir='ltr'><strong>responde</strong></span> <span class='ocrx_word' id='word_1_502' title='bbox 806 3304 928 3362; x_wconf 78' lang='lat' dir='ltr'><strong>qum</strong></span> <span class='ocrx_word' id='word_1_503' title='bbox 949 3288 1143 3362; x_wconf 89' lang='lat' dir='ltr'><strong>placita</strong></span> <span class='ocrx_word' id='word_1_504' title='bbox 1168 3291 1276 3345; x_wconf 89' lang='lat' dir='ltr'><strong>Deo</strong></span> <span class='ocrx_word' id='word_1_505' title='bbox 1296 3290 1580 3358; x_wconf 85' lang='lat' dir='ltr'><strong>cognoscis</strong></span> <span class='ocrx_word' id='word_1_506' title='bbox 1595 3287 1729 3343; x_wconf 76' lang='lat' dir='ltr'><strong>fore.</strong></span> <span class='ocrx_word' id='word_1_507' title='bbox 1764 3289 1884 3346; x_wconf 83' lang='lat' dir='ltr'><strong>Scis</strong></span> <span class='ocrx_word' id='word_1_508' title='bbox 1914 3306 2114 3361; x_wconf 89' lang='lat' dir='ltr'><strong>nempe</strong></span> 
     </span>
    </p>
   </div>
   <div class='ocr_carea' id='block_1_61' title="bbox 516 3379 2110 3452">
    <p class='ocr_par' dir='ltr' id='par_1_61' title="bbox 516 3379 2110 3452">
     <span class='ocr_line' id='line_1_61' title="bbox 516 3379 2110 3452; baseline 0.002 -18"><span class='ocrx_word' id='word_1_509' title='bbox 516 3381 640 3451; x_wconf 88' lang='lat' dir='ltr'><strong>quia</strong></span> <span class='ocrx_word' id='word_1_510' title='bbox 672 3380 724 3435; x_wconf 92' lang='lat' dir='ltr'><strong>in</strong></span> <span class='ocrx_word' id='word_1_511' title='bbox 764 3381 1047 3452; x_wconf 65' lang='lat' dir='ltr'><strong>praesentia</strong></span> <span class='ocrx_word' id='word_1_512' title='bbox 1080 3379 1416 3452; x_wconf 85' lang='lat' dir='ltr'><strong>angelorum,</strong></span> <span class='ocrx_word' id='word_1_513' title='bbox 1449 3394 1543 3435; x_wconf 87' lang='lat' dir='ltr'><strong>seu</strong></span> <span class='ocrx_word' id='word_1_514' title='bbox 1582 3389 1901 3435; x_wconf 86' lang='lat' dir='ltr'><strong>cunctarum</strong></span> <span class='ocrx_word' id='word_1_515' title='bbox 1940 3381 2110 3438; x_wconf 85' lang='lat' dir='ltr'><strong>virtu-</strong></span> 
     </span>
    </p>
   </div>
   <div class='ocr_carea' id='block_1_62' title="bbox 517 3474 2109 3540">
    <p class='ocr_par' dir='ltr' id='par_1_62' title="bbox 517 3474 2109 3540">
     <span class='ocr_line' id='line_1_62' title="bbox 517 3474 2109 3540; baseline 0.003 -11"><span class='ocrx_word' id='word_1_516' title='bbox 517 3482 652 3540; x_wconf 88' lang='lat' dir='ltr'><strong>tum,</strong></span> <span class='ocrx_word' id='word_1_517' title='bbox 684 3475 789 3531; x_wconf 85' lang='lat' dir='ltr'><strong>erit</strong></span> <span class='ocrx_word' id='word_1_518' title='bbox 823 3477 937 3531; x_wconf 75' lang='lat' dir='ltr'><strong>lucc</strong></span> <span class='ocrx_word' id='word_1_519' title='bbox 965 3474 1242 3530; x_wconf 88' lang='lat' dir='ltr'><strong>contentio</strong></span> <span class='ocrx_word' id='word_1_520' title='bbox 1268 3482 1452 3528; x_wconf 89' lang='lat' dir='ltr'><strong>nostra</strong></span> <span class='ocrx_word' id='word_1_521' title='bbox 1490 3474 1733 3530; x_wconf 87' lang='lat' dir='ltr'><strong>discussa</strong></span> <span class='ocrx_word' id='word_1_522' title='bbox 1770 3493 1785 3529; x_wconf 91' lang='lat'><strong>:</strong></span> <span class='ocrx_word' id='word_1_523' title='bbox 1819 3475 1894 3530; x_wconf 89' lang='lat' dir='ltr'><strong>ita</strong></span> <span class='ocrx_word' id='word_1_524' title='bbox 1925 3485 1985 3530; x_wconf 93' lang='lat' dir='ltr'><strong>ut</strong></span> <span class='ocrx_word' id='word_1_525' title='bbox 2008 3491 2109 3533; x_wconf 88' lang='lat' dir='ltr'><strong>nec</strong></span> 
     </span>
    </p>
   </div>
   <div class='ocr_carea' id='block_1_63' title="bbox 515 3568 2110 3642">
    <p class='ocr_par' dir='ltr' id='par_1_63' title="bbox 515 3568 2110 3642">
     <span class='ocr_line' id='line_1_63' title="bbox 515 3568 2110 3642; baseline 0.001 -17"><span class='ocrx_word' id='word_1_526' title='bbox 515 3585 621 3625; x_wconf 89' lang='lat' dir='ltr'><strong>una</strong></span> <span class='ocrx_word' id='word_1_527' title='bbox 661 3580 946 3642; x_wconf 64' lang='lat' dir='ltr'><strong>praetereat</strong></span> <span class='ocrx_word' id='word_1_528' title='bbox 995 3571 1122 3635; x_wconf 87' lang='lat' dir='ltr'><strong>iota,</strong></span> <span class='ocrx_word' id='word_1_529' title='bbox 1167 3584 1290 3640; x_wconf 67' lang='lat' dir='ltr'><strong>quae</strong></span> <span class='ocrx_word' id='word_1_530' title='bbox 1339 3584 1444 3623; x_wconf 91' lang='lat' dir='ltr'><strong>non</strong></span> <span class='ocrx_word' id='word_1_531' title='bbox 1494 3568 1641 3639; x_wconf 89' lang='lat' dir='ltr'><strong>quali</strong></span> <span class='ocrx_word' id='word_1_532' title='bbox 1686 3570 1868 3625; x_wconf 91' lang='lat' dir='ltr'><strong>animo</strong></span> <span class='ocrx_word' id='word_1_533' title='bbox 1904 3571 2110 3627; x_wconf 86' lang='lat' dir='ltr'><strong>sciatur</strong></span> 
     </span>
    </p>
   </div>
   <div class='ocr_carea' id='block_1_64' title="bbox 515 3658 2107 3734">
    <p class='ocr_par' dir='ltr' id='par_1_64' title="bbox 515 3658 2107 3734">
     <span class='ocr_line' id='line_1_64' title="bbox 515 3658 2107 3734; baseline 0.001 -16"><span class='ocrx_word' id='word_1_534' title='bbox 515 3677 640 3719; x_wconf 82' lang='lat' dir='ltr'><strong>esse</strong></span> <span class='ocrx_word' id='word_1_535' title='bbox 662 3664 992 3733; x_wconf 84' lang='lat' dir='ltr'><strong>conscripta,</strong></span> <span class='ocrx_word' id='word_1_536' title='bbox 1016 3670 1071 3717; x_wconf 92' lang='lat' dir='ltr'><strong>et</strong></span> <span class='ocrx_word' id='word_1_537' title='bbox 1097 3669 1191 3717; x_wconf 89' lang='lat' dir='ltr'><strong>aut</strong></span> <span class='ocrx_word' id='word_1_538' title='bbox 1213 3658 1764 3727; x_wconf 72' lang='lat' dir='ltr'><strong>remunerationibus&#39;,</strong></span> <span class='ocrx_word' id='word_1_539' title='bbox 1797 3671 1891 3717; x_wconf 87' lang='lat' dir='ltr'><strong>aut</strong></span> <span class='ocrx_word' id='word_1_540' title='bbox 1914 3663 2107 3734; x_wconf 86' lang='lat' dir='ltr'><strong>plagis,</strong></span> 
     </span>
    </p>
   </div>
   <div class='ocr_carea' id='block_1_65' title="bbox 517 3742 2007 3828">
    <p class='ocr_par' dir='ltr' id='par_1_65' title="bbox 517 3742 2007 3828">
     <span class='ocr_line' id='line_1_65' title="bbox 517 3742 2007 3828; baseline -0.002 -17"><span class='ocrx_word' id='word_1_541' title='bbox 517 3758 965 3827; x_wconf 83' lang='lat' dir='ltr'><strong>compensabitur</strong></span> <span class='ocrx_word' id='word_1_542' title='bbox 993 3756 1176 3828; x_wconf 87' lang='lat' dir='ltr'><strong>digna.</strong></span> <span class='ocrx_word' id='word_1_543' title='bbox 2002 3742 2007 3747; x_wconf 70' lang='grc'><strong>’</strong></span> 
     </span>
    </p>
   </div>
   <div class='ocr_carea' id='block_1_66' title="bbox 593 3844 2106 3920">
    <p class='ocr_par' dir='ltr' id='par_1_66' title="bbox 593 3844 2106 3920">
     <span class='ocr_line' id='line_1_66' title="bbox 593 3844 2106 3920; baseline 0.003 -20"><span class='ocrx_word' id='word_1_544' title='bbox 593 3844 679 3901; x_wconf 80' lang='lat' dir='ltr'><strong>i9.</strong></span> <span class='ocrx_word' id='word_1_545' title='bbox 721 3844 877 3901; x_wconf 91' lang='lat' dir='ltr'><strong>Libet</strong></span> <span class='ocrx_word' id='word_1_546' title='bbox 902 3846 957 3901; x_wconf 88' lang='lat' dir='ltr'><strong>in</strong></span> <span class='ocrx_word' id='word_1_547' title='bbox 989 3846 1150 3902; x_wconf 77' lang='lat' dir='ltr'><strong>finem</strong></span> <span class='ocrx_word' id='word_1_548' title='bbox 1184 3847 1251 3902; x_wconf 83' lang='lat' dir='ltr'><strong>ad</strong></span> <span class='ocrx_word' id='word_1_549' title='bbox 1286 3854 1575 3919; x_wconf 90' lang='lat' dir='ltr'><strong>utrumque</strong></span> <span class='ocrx_word' id='word_1_550' title='bbox 1613 3849 1708 3904; x_wconf 89' lang='lat' dir='ltr'><strong>tibi</strong></span> <span class='ocrx_word' id='word_1_551' title='bbox 1759 3850 2106 3920; x_wconf 87' lang='lat' dir='ltr'><strong>respondere.</strong></span> 
     </span>
    </p>
   </div>
   <div class='ocr_carea' id='block_1_67' title="bbox 520 3936 2111 4010">
    <p class='ocr_par' dir='ltr' id='par_1_67' title="bbox 520 3936 2111 4010">
     <span class='ocr_line' id='line_1_67' title="bbox 520 3936 2111 4010; baseline 0.002 -17"><span class='ocrx_word' id='word_1_552' title='bbox 520 3936 580 3993; x_wconf 91' lang='lat' dir='ltr'><strong>Si</strong></span> <span class='ocrx_word' id='word_1_553' title='bbox 602 3950 798 4006; x_wconf 87' lang='lat' dir='ltr'><strong>pacem</strong></span> <span class='ocrx_word' id='word_1_554' title='bbox 836 3937 1130 4001; x_wconf 87' lang='lat' dir='ltr'><strong>desideras,</strong></span> <span class='ocrx_word' id='word_1_555' title='bbox 1163 3953 1313 3992; x_wconf 89' lang='lat' dir='ltr'><strong>arma</strong></span> <span class='ocrx_word' id='word_1_556' title='bbox 1356 3939 1598 4010; x_wconf 86' lang='lat' dir='ltr'><strong>depone;</strong></span> <span class='ocrx_word' id='word_1_557' title='bbox 1630 3940 1674 3995; x_wconf 92' lang='lat' dir='ltr'><strong>si</strong></span> <span class='ocrx_word' id='word_1_558' title='bbox 1699 3949 1878 3996; x_wconf 89' lang='lat' dir='ltr'><strong>autem</strong></span> <span class='ocrx_word' id='word_1_559' title='bbox 1908 3949 1961 3995; x_wconf 90' lang='lat' dir='ltr'><strong>te</strong></span> <span class='ocrx_word' id='word_1_560' title='bbox 2001 3950 2111 3996; x_wconf 90' lang='lat' dir='ltr'><strong>tor-</strong></span> 
     </span>
    </p>
   </div>
   <div class='ocr_carea' id='block_1_68' title="bbox 520 4032 2112 4106">
    <p class='ocr_par' dir='ltr' id='par_1_68' title="bbox 520 4032 2112 4106">
     <span class='ocr_line' id='line_1_68' title="bbox 520 4032 2112 4106; baseline 0.002 -18"><span class='ocrx_word' id='word_1_561' title='bbox 520 4041 705 4088; x_wconf 86' lang='lat' dir='ltr'><strong>menta</strong></span> <span class='ocrx_word' id='word_1_562' title='bbox 737 4032 1021 4099; x_wconf 89' lang='lat' dir='ltr'><strong>delectant,</strong></span> <span class='ocrx_word' id='word_1_563' title='bbox 1053 4032 1156 4089; x_wconf 87' lang='lat' dir='ltr'><strong>tela</strong></span> <span class='ocrx_word' id='word_1_564' title='bbox 1182 4049 1465 4104; x_wconf 89' lang='lat' dir='ltr'><strong>compone.</strong></span> <span class='ocrx_word' id='word_1_565' title='bbox 1501 4034 1609 4091; x_wconf 88' lang='lat' dir='ltr'><strong>Sed</strong></span> <span class='ocrx_word' id='word_1_566' title='bbox 1635 4044 1870 4106; x_wconf 91' lang='lat' dir='ltr'><strong>quantus</strong></span> <span class='ocrx_word' id='word_1_567' title='bbox 1902 4035 2033 4091; x_wconf 85' lang='lat' dir='ltr'><strong>velis</strong></span> <span class='ocrx_word' id='word_1_568' title='bbox 2058 4037 2112 4091; x_wconf 89' lang='lat' dir='ltr'><strong>in</strong></span> 
     </span>
    </p>
   </div>
   <div class='ocr_carea' id='block_1_69' title="bbox 519 4122 2113 4196">
    <p class='ocr_par' dir='ltr' id='par_1_69' title="bbox 519 4122 2113 4196">
     <span class='ocr_line' id='line_1_69' title="bbox 519 4122 2113 4196; baseline 0.002 -18"><span class='ocrx_word' id='word_1_569' title='bbox 519 4122 767 4193; x_wconf 85' lang='lat' dir='ltr'><strong>clypeum</strong></span> <span class='ocrx_word' id='word_1_570' title='bbox 798 4138 989 4195; x_wconf 80' lang='lat' dir='ltr'><strong>surge;</strong></span> <span class='ocrx_word' id='word_1_571' title='bbox 1026 4140 1134 4196; x_wconf 88' lang='lat' dir='ltr'><strong>quo</strong></span> <span class='ocrx_word' id='word_1_572' title='bbox 1162 4124 1370 4190; x_wconf 87' lang='lat' dir='ltr'><strong>malles,</strong></span> <span class='ocrx_word' id='word_1_573' title='bbox 1412 4127 1656 4181; x_wconf 87' lang='lat' dir='ltr'><strong>turbines</strong></span> <span class='ocrx_word' id='word_1_574' title='bbox 1685 4135 1877 4195; x_wconf 87' lang='lat' dir='ltr'><strong>torque</strong></span> <span class='ocrx_word' id='word_1_575' title='bbox 1904 4144 1917 4179; x_wconf 93' lang='lat'><strong>:</strong></span> <span class='ocrx_word' id='word_1_576' title='bbox 1959 4128 2113 4181; x_wconf 85' lang='lat' dir='ltr'><strong>hasta</strong></span> 
     </span>
    </p>
   </div>
   <div class='ocr_carea' id='block_1_70' title="bbox 521 4213 2112 4288">
    <p class='ocr_par' dir='ltr' id='par_1_70' title="bbox 521 4213 2112 4288">
     <span class='ocr_line' id='line_1_70' title="bbox 521 4213 2112 4288; baseline 0.004 -21"><span class='ocrx_word' id='word_1_577' title='bbox 521 4213 681 4269; x_wconf 76' lang='lat' dir='ltr'><strong>fortis</strong></span> <span class='ocrx_word' id='word_1_578' title='bbox 709 4223 812 4280; x_wconf 90' lang='lat' dir='ltr'><strong>est,</strong></span> <span class='ocrx_word' id='word_1_579' title='bbox 844 4224 898 4270; x_wconf 90' lang='lat' dir='ltr'><strong>et</strong></span> <span class='ocrx_word' id='word_1_580' title='bbox 929 4215 981 4271; x_wconf 92' lang='lat' dir='ltr'><strong>in</strong></span> <span class='ocrx_word' id='word_1_581' title='bbox 1022 4215 1413 4288; x_wconf 81' lang='lat' dir='ltr'><strong>disputationes</strong></span> <span class='ocrx_word' id='word_1_582' title='bbox 1441 4218 1740 4273; x_wconf 85' lang='lat' dir='ltr'><strong>vehemens</strong></span> <span class='ocrx_word' id='word_1_583' title='bbox 1781 4227 1931 4273; x_wconf 81' lang='lat' dir='ltr'><strong>texat</strong></span> <span class='ocrx_word' id='word_1_584' title='bbox 1957 4228 1982 4258; x_wconf 77' lang='grc' dir='ltr'>ι</span> <span class='ocrx_word' id='word_1_585' title='bbox 2016 4233 2112 4273; x_wconf 87' lang='grc' dir='ltr'><strong>ηο-</strong></span> 
     </span>
    </p>
   </div>
   <div class='ocr_carea' id='block_1_71' title="bbox 520 4306 2109 4381">
    <p class='ocr_par' dir='ltr' id='par_1_71' title="bbox 520 4306 2109 4381">
     <span class='ocr_line' id='line_1_71' title="bbox 520 4306 2109 4381; baseline 0.005 -22"><span class='ocrx_word' id='word_1_586' title='bbox 520 4306 685 4360; x_wconf 71' lang='lat' dir='ltr'><strong>(ItISlls</strong></span> <span class='ocrx_word' id='word_1_587' title='bbox 710 4306 1043 4378; x_wconf 85' lang='lat' dir='ltr'><strong>dignoscitur</strong></span> <span class='ocrx_word' id='word_1_588' title='bbox 1085 4324 1229 4375; x_wconf 87' lang='lat' dir='ltr'><strong>esse,</strong></span> <span class='ocrx_word' id='word_1_589' title='bbox 1267 4319 1322 4363; x_wconf 91' lang='lat' dir='ltr'><strong>et</strong></span> <span class='ocrx_word' id='word_1_590' title='bbox 1348 4309 1439 4378; x_wconf 90' lang='lat' dir='ltr'><strong>qui</strong></span> <span class='ocrx_word' id='word_1_591' title='bbox 1481 4317 1640 4363; x_wconf 89' lang='lat' dir='ltr'><strong>acuto</strong></span> <span class='ocrx_word' id='word_1_592' title='bbox 1666 4310 1844 4380; x_wconf 89' lang='lat' dir='ltr'><strong>capite</strong></span> <span class='ocrx_word' id='word_1_593' title='bbox 1889 4322 2109 4381; x_wconf 78' lang='lat' dir='ltr'><strong>pugnet,</strong></span> 
     </span>
    </p>
   </div>
   <div class='ocr_carea' id='block_1_72' title="bbox 519 4397 2113 4469">
    <p class='ocr_par' dir='ltr' id='par_1_72' title="bbox 519 4397 2113 4469">
     <span class='ocr_line' id='line_1_72' title="bbox 519 4397 2113 4469; baseline 0.004 -18"><span class='ocrx_word' id='word_1_594' title='bbox 519 4397 841 4469; x_wconf 86' lang='lat' dir='ltr'><strong>hostemque</strong></span> <span class='ocrx_word' id='word_1_595' title='bbox 882 4414 988 4454; x_wconf 92' lang='lat' dir='ltr'><strong>non</strong></span> <span class='ocrx_word' id='word_1_596' title='bbox 1018 4400 1191 4455; x_wconf 91' lang='lat' dir='ltr'><strong>solum</strong></span> <span class='ocrx_word' id='word_1_597' title='bbox 1236 4399 1505 4465; x_wconf 83' lang='lat' dir='ltr'><strong>vulneret,</strong></span> <span class='ocrx_word' id='word_1_598' title='bbox 1541 4400 1635 4455; x_wconf 90' lang='lat' dir='ltr'><strong>sed</strong></span> <span class='ocrx_word' id='word_1_599' title='bbox 1680 4401 1983 4457; x_wconf 86' lang='lat' dir='ltr'><strong>detruncet.</strong></span> <span class='ocrx_word' id='word_1_600' title='bbox 2037 4402 2113 4458; x_wconf 89' lang='lat' dir='ltr'><strong>De</strong></span> 
     </span>
    </p>
   </div>
   <div class='ocr_carea' id='block_1_73' title="bbox 517 4488 1250 4561">
    <p class='ocr_par' dir='ltr' id='par_1_73' title="bbox 517 4488 1250 4561">
     <span class='ocr_line' id='line_1_73' title="bbox 517 4488 1250 4561; baseline 0.004 -20"><span class='ocrx_word' id='word_1_601' title='bbox 517 4489 768 4560; x_wconf 82' lang='lat' dir='ltr'><strong>qualibus</strong></span> <span class='ocrx_word' id='word_1_602' title='bbox 794 4488 1046 4561; x_wconf 83' lang='lat' dir='ltr'><strong>Virgilius</strong></span> <span class='ocrx_word' id='word_1_603' title='bbox 1074 4492 1207 4546; x_wconf 88' lang='lat' dir='ltr'><strong>dicit</strong></span> <span class='ocrx_word' id='word_1_604' title='bbox 1237 4508 1250 4544; x_wconf 92' lang='lat'><strong>:</strong></span> 
     </span>
    </p>
   </div>
   <div class='ocr_carea' id='block_1_74' title="bbox 772 4584 1792 4648">
    <p class='ocr_par' dir='ltr' id='par_1_74' title="bbox 772 4584 1792 4648">
     <span class='ocr_line' id='line_1_74' title="bbox 772 4584 1792 4648; baseline 0 -11"><span class='ocrx_word' id='word_1_605' title='bbox 772 4584 1043 4637; x_wconf 76' lang='lat' dir='ltr'><strong>Aentoulco</strong></span> <span class='ocrx_word' id='word_1_606' title='bbox 1064 4588 1159 4637; x_wconf 83' lang='lat' dir='ltr'><strong>ritu</strong></span> <span class='ocrx_word' id='word_1_607' title='bbox 1180 4587 1308 4637; x_wconf 89' lang='lat' dir='ltr'><strong>soliti</strong></span> <span class='ocrx_word' id='word_1_608' title='bbox 1334 4595 1567 4648; x_wconf 86' lang='lat' dir='ltr'><strong>torquere</strong></span> <span class='ocrx_word' id='word_1_609' title='bbox 1592 4586 1792 4637; x_wconf 77' lang='lat' dir='ltr'><strong>catellas</strong></span> 
     </span>
    </p>
   </div>
   <div class='ocr_carea' id='block_1_75' title="bbox 517 4675 2108 4750">
    <p class='ocr_par' dir='ltr' id='par_1_75' title="bbox 517 4675 2108 4750">
     <span class='ocr_line' id='line_1_75' title="bbox 517 4675 2108 4750; baseline 0.003 -19"><span class='ocrx_word' id='word_1_610' title='bbox 517 4675 723 4733; x_wconf 76' lang='lat' dir='ltr'><strong>Parvus</strong></span> <span class='ocrx_word' id='word_1_611' title='bbox 777 4679 1130 4735; x_wconf 82' lang='lat' dir='ltr'><strong>sententiolas</strong></span> <span class='ocrx_word' id='word_1_612' title='bbox 1178 4680 1564 4750; x_wconf 87' lang='lat' dir='ltr'><strong>prophetarum</strong></span> <span class='ocrx_word' id='word_1_613' title='bbox 1615 4679 1706 4735; x_wconf 89' lang='lat' dir='ltr'><strong>hic</strong></span> <span class='ocrx_word' id='word_1_614' title='bbox 1768 4679 2108 4735; x_wconf 87' lang='lat' dir='ltr'><strong>annotandas</strong></span> 
     </span>
    </p>
   </div>
   <div class='ocr_carea' id='block_1_76' title="bbox 517 4755 2106 4845">
    <p class='ocr_par' dir='ltr' id='par_1_76' title="bbox 517 4755 2106 4845">
     <span class='ocr_line' id='line_1_76' title="bbox 517 4755 2106 4845; baseline 0.001 -22"><span class='ocrx_word' id='word_1_615' title='bbox 517 4768 772 4827; x_wconf 84' lang='lat' dir='ltr'><strong>duximus</strong></span> <span class='ocrx_word' id='word_1_616' title='bbox 820 4779 1019 4845; x_wconf 80' lang='lat' dir='ltr'><strong>ratum,</strong></span> <span class='ocrx_word' id='word_1_617' title='bbox 1064 4779 1125 4824; x_wconf 93' lang='lat' dir='ltr'><strong>ut</strong></span> <span class='ocrx_word' id='word_1_618' title='bbox 1170 4781 1413 4826; x_wconf 90' lang='lat' dir='ltr'><strong>nostrum</strong></span> <span class='ocrx_word' id='word_1_619' title='bbox 1444 4755 1794 4840; x_wconf 83' lang='lat' dir='ltr'><strong>vestrumque</strong></span> <span class='ocrx_word' id='word_1_620' title='bbox 1841 4770 1964 4825; x_wconf 85' lang='lat' dir='ltr'><strong>lldei</strong></span> <span class='ocrx_word' id='word_1_621' title='bbox 2013 4771 2106 4825; x_wconf 88' lang='lat' dir='ltr'><strong>de-</strong></span> 
     </span>
    </p>
   </div>
   <div class='ocr_carea' id='block_1_77' title="bbox 520 4861 2108 4934">
    <p class='ocr_par' dir='ltr' id='par_1_77' title="bbox 520 4861 2108 4934">
     <span class='ocr_line' id='line_1_77' title="bbox 520 4861 2108 4934; baseline 0.002 -19"><span class='ocrx_word' id='word_1_622' title='bbox 520 4870 891 4927; x_wconf 79' lang='lat' dir='ltr'><strong>monstremus</strong></span> <span class='ocrx_word' id='word_1_623' title='bbox 940 4870 1163 4917; x_wconf 91' lang='lat' dir='ltr'><strong>statum.</strong></span> <span class='ocrx_word' id='word_1_624' title='bbox 1216 4861 1308 4917; x_wconf 82' lang='lat' dir='ltr'><strong>Ait</strong></span> <span class='ocrx_word' id='word_1_625' title='bbox 1356 4862 1616 4919; x_wconf 87' lang='lat' dir='ltr'><strong>Dominus</strong></span> <span class='ocrx_word' id='word_1_626' title='bbox 1656 4878 1753 4934; x_wconf 90' lang='lat' dir='ltr'><strong>per</strong></span> <span class='ocrx_word' id='word_1_627' title='bbox 1794 4861 2108 4918; x_wconf 80' lang='lat' dir='ltr'><strong>Malachiam</strong></span> 
     </span>
    </p>
   </div>
   <div class='ocr_carea' id='block_1_78' title="bbox 516 4953 2109 5027">
    <p class='ocr_par' dir='ltr' id='par_1_78' title="bbox 516 4953 2109 5027">
     <span class='ocr_line' id='line_1_78' title="bbox 516 4953 2109 5027; baseline 0.001 -20"><span class='ocrx_word' id='word_1_628' title='bbox 516 4954 837 5025; x_wconf 88' lang='lat' dir='ltr'><strong>prophetam</strong></span> <span class='ocrx_word' id='word_1_629' title='bbox 871 4953 1027 5025; x_wconf 77' lang='lat' dir='ltr'><strong>(Mal.</strong></span> <span class='ocrx_word' id='word_1_630' title='bbox 1062 4970 1114 5021; x_wconf 84' lang='grc' dir='ltr'><strong>ι,</strong></span> <span class='ocrx_word' id='word_1_631' title='bbox 1152 4954 1243 5020; x_wconf 73' lang='grc'><strong>10,</strong></span> <span class='ocrx_word' id='word_1_632' title='bbox 1273 4954 1364 5027; x_wconf 82' lang='grc' dir='ltr'><strong>Η)</strong></span> <span class='ocrx_word' id='word_1_633' title='bbox 1392 4972 1406 5011; x_wconf 89' lang='lat'><strong>:</strong></span> <span class='ocrx_word' id='word_1_634' title='bbox 1445 4955 1568 5010; x_wconf 80' lang='lat' dir='ltr'><strong>Non</strong></span> <span class='ocrx_word' id='word_1_635' title='bbox 1604 4967 1680 5011; x_wconf 85' lang='lat' dir='ltr'><strong>est</strong></span> <span class='ocrx_word' id='word_1_636' title='bbox 1710 4956 1951 5011; x_wconf 82' lang='lat' dir='ltr'><strong>voluntas</strong></span> <span class='ocrx_word' id='word_1_637' title='bbox 1981 4957 2109 5010; x_wconf 84' lang='lat' dir='ltr'><strong>mihi</strong></span> 
     </span>
    </p>
   </div>
   <div class='ocr_carea' id='block_1_79' title="bbox 518 5044 2108 5117">
    <p class='ocr_par' dir='ltr' id='par_1_79' title="bbox 518 5044 2108 5117">
     <span class='ocr_line' id='line_1_79' title="bbox 518 5044 2108 5117; baseline 0.002 -18"><span class='ocrx_word' id='word_1_638' title='bbox 518 5045 573 5099; x_wconf 86' lang='lat' dir='ltr'><strong>in</strong></span> <span class='ocrx_word' id='word_1_639' title='bbox 612 5045 777 5110; x_wconf 81' lang='lat' dir='ltr'><strong>vobis,</strong></span> <span class='ocrx_word' id='word_1_640' title='bbox 820 5046 944 5098; x_wconf 85' lang='lat' dir='ltr'><strong>dicit</strong></span> <span class='ocrx_word' id='word_1_641' title='bbox 976 5044 1269 5109; x_wconf 85' lang='lat' dir='ltr'><strong>Dominus;</strong></span> <span class='ocrx_word' id='word_1_642' title='bbox 1339 5055 1389 5101; x_wconf 89' lang='lat' dir='ltr'><strong>et</strong></span> <span class='ocrx_word' id='word_1_643' title='bbox 1434 5064 1624 5102; x_wconf 89' lang='lat' dir='ltr'><strong>munus</strong></span> <span class='ocrx_word' id='word_1_644' title='bbox 1675 5064 1778 5102; x_wconf 86' lang='lat' dir='ltr'><strong>non</strong></span> <span class='ocrx_word' id='word_1_645' title='bbox 1828 5048 2108 5117; x_wconf 84' lang='lat' dir='ltr'><strong>suscipiant</strong></span> 
     </span>
    </p>
   </div>
   <div class='ocr_carea' id='block_1_80' title="bbox 517 5136 2108 5210">
    <p class='ocr_par' dir='ltr' id='par_1_80' title="bbox 517 5136 2108 5210">
     <span class='ocr_line' id='line_1_80' title="bbox 517 5136 2108 5210; baseline 0.001 -18"><span class='ocrx_word' id='word_1_646' title='bbox 517 5137 585 5193; x_wconf 77' lang='lat' dir='ltr'><strong>de</strong></span> <span class='ocrx_word' id='word_1_647' title='bbox 623 5152 783 5191; x_wconf 85' lang='lat' dir='ltr'><strong>manu</strong></span> <span class='ocrx_word' id='word_1_648' title='bbox 828 5146 1014 5191; x_wconf 82' lang='lat' dir='ltr'><strong>vestra.</strong></span> <span class='ocrx_word' id='word_1_649' title='bbox 1053 5136 1272 5204; x_wconf 81' lang='lat' dir='ltr'><strong>Quare?</strong></span> <span class='ocrx_word' id='word_1_650' title='bbox 1313 5136 1448 5207; x_wconf 87' lang='lat' dir='ltr'><strong>Quia</strong></span> <span class='ocrx_word' id='word_1_651' title='bbox 1505 5138 1569 5193; x_wconf 85' lang='lat' dir='ltr'><strong>ab</strong></span> <span class='ocrx_word' id='word_1_652' title='bbox 1614 5150 1733 5193; x_wconf 86' lang='lat' dir='ltr'><strong>ortu</strong></span> <span class='ocrx_word' id='word_1_653' title='bbox 1779 5139 1903 5193; x_wconf 81' lang='lat' dir='ltr'><strong>solis</strong></span> <span class='ocrx_word' id='word_1_654' title='bbox 1946 5156 2108 5210; x_wconf 85' lang='lat' dir='ltr'><strong>usque</strong></span> 
     </span>
    </p>
   </div>
   <div class='ocr_carea' id='block_1_81' title="bbox 519 5230 2110 5301">
    <p class='ocr_par' dir='ltr' id='par_1_81' title="bbox 519 5230 2110 5301">
     <span class='ocr_line' id='line_1_81' title="bbox 519 5230 2110 5301; baseline -0.001 -16"><span class='ocrx_word' id='word_1_655' title='bbox 519 5230 590 5284; x_wconf 88' lang='lat' dir='ltr'><strong>ad</strong></span> <span class='ocrx_word' id='word_1_656' title='bbox 619 5245 862 5285; x_wconf 81' lang='lat' dir='ltr'><strong>occasum</strong></span> <span class='ocrx_word' id='word_1_657' title='bbox 912 5244 1156 5301; x_wconf 87' lang='lat' dir='ltr'><strong>magnum</strong></span> <span class='ocrx_word' id='word_1_658' title='bbox 1199 5241 1271 5285; x_wconf 84' lang='lat' dir='ltr'><strong>est</strong></span> <span class='ocrx_word' id='word_1_659' title='bbox 1304 5247 1490 5285; x_wconf 87' lang='lat' dir='ltr'><strong>nomen</strong></span> <span class='ocrx_word' id='word_1_660' title='bbox 1525 5247 1717 5285; x_wconf 88' lang='lat' dir='ltr'><strong>meum.</strong></span> <span class='ocrx_word' id='word_1_661' title='bbox 1765 5230 1823 5285; x_wconf 90' lang='lat' dir='ltr'><strong>In</strong></span> <span class='ocrx_word' id='word_1_662' title='bbox 1872 5231 2110 5301; x_wconf 84' lang='lat' dir='ltr'><strong>quibus?</strong></span> 
     </span>
    </p>
   </div>
   <div class='ocr_carea' id='block_1_82' title="bbox 522 5323 2105 5399">
    <p class='ocr_par' dir='ltr' id='par_1_82' title="bbox 522 5323 2105 5399">
     <span class='ocr_line' id='line_1_82' title="bbox 522 5323 2105 5399; baseline -0.002 -18"><span class='ocrx_word' id='word_1_663' title='bbox 522 5323 830 5396; x_wconf 88' lang='lat' dir='ltr'><strong>Sequitur:</strong></span> <span class='ocrx_word' id='word_1_664' title='bbox 885 5324 943 5378; x_wconf 88' lang='lat' dir='ltr'><strong>in</strong></span> <span class='ocrx_word' id='word_1_665' title='bbox 997 5324 1255 5399; x_wconf 81' lang='lat' dir='ltr'><strong>gentibus.</strong></span> <span class='ocrx_word' id='word_1_666' title='bbox 1319 5324 1386 5381; x_wconf 84' lang='lat' dir='ltr'><strong>Et</strong></span> <span class='ocrx_word' id='word_1_667' title='bbox 1434 5340 1533 5380; x_wconf 90' lang='lat' dir='ltr'><strong>cur</strong></span> <span class='ocrx_word' id='word_1_668' title='bbox 1582 5340 1777 5380; x_wconf 90' lang='lat' dir='ltr'><strong>munus</strong></span> <span class='ocrx_word' id='word_1_669' title='bbox 1834 5325 1898 5380; x_wconf 90' lang='lat' dir='ltr'><strong>de</strong></span> <span class='ocrx_word' id='word_1_670' title='bbox 1944 5340 2105 5379; x_wconf 88' lang='lat' dir='ltr'><strong>manu</strong></span> 
     </span>
    </p>
   </div>
   <div class='ocr_carea' id='block_1_83' title="bbox 592 5482 2103 5557">
    <p class='ocr_par' dir='ltr' id='par_1_83' title="bbox 592 5482 2103 5557">
     <span class='ocr_line' id='line_1_83' title="bbox 592 5482 2103 5557; baseline 0.004 -23"><span class='ocrx_word' id='word_1_671' title='bbox 592 5496 620 5533; x_wconf 64' lang='grc' dir='ltr'><strong>ς</strong></span> <span class='ocrx_word' id='word_1_672' title='bbox 656 5482 740 5538; x_wconf 77' lang='lat' dir='ltr'><strong>An</strong></span> <span class='ocrx_word' id='word_1_673' title='bbox 766 5490 996 5557; x_wconf 47' lang='lat' dir='ltr'><strong>tectum,</strong></span> <span class='ocrx_word' id='word_1_674' title='bbox 1022 5484 1109 5540; x_wconf 83' lang='lat' dir='ltr'><strong>vel</strong></span> <span class='ocrx_word' id='word_1_675' title='bbox 1131 5485 1347 5539; x_wconf 71' lang='lat' dir='ltr'><strong>textus!</strong></span> <span class='ocrx_word' id='word_1_676' title='bbox 1385 5484 1547 5541; x_wconf 80' lang='lat' dir='ltr'><strong>Juxta</strong></span> <span class='ocrx_word' id='word_1_677' title='bbox 1588 5484 1718 5557; x_wconf 88' lang='lat' dir='ltr'><strong>illud</strong></span> <span class='ocrx_word' id='word_1_678' title='bbox 1770 5482 1976 5557; x_wconf 77' lang='lat' dir='ltr'><strong>Virgilii</strong></span> <span class='ocrx_word' id='word_1_679' title='bbox 2009 5500 2103 5557; x_wconf 82' lang='lat' dir='ltr'><strong>vui</strong></span> 
     </span>
    </p>
   </div>
   <div class='ocr_carea' id='block_1_84' title="bbox 520 5552 2106 5628">
    <p class='ocr_par' dir='ltr' id='par_1_84' title="bbox 520 5552 2106 5628">
     <span class='ocr_line' id='line_1_84' title="bbox 520 5552 2106 5628; baseline -0.001 -15"><span class='ocrx_word' id='word_1_680' title='bbox 520 5555 645 5613; x_wconf 58' lang='lat' dir='ltr'><strong>(En.</strong></span> <span class='ocrx_word' id='word_1_681' title='bbox 677 5572 729 5609; x_wconf 90' lang='lat' dir='ltr'><strong>v.</strong></span> <span class='ocrx_word' id='word_1_682' title='bbox 773 5552 1292 5625; x_wconf 66' lang='lat' dir='ltr'><strong>626:11astamuue.</strong></span> <span class='ocrx_word' id='word_1_683' title='bbox 1345 5566 1393 5613; x_wconf 83' lang='lat' dir='ltr'><strong>et</strong></span> <span class='ocrx_word' id='word_1_684' title='bbox 1438 5556 1603 5628; x_wconf 84' lang='lat' dir='ltr'><strong>clypei</strong></span> <span class='ocrx_word' id='word_1_685' title='bbox 1654 5572 1756 5613; x_wconf 82' lang='lat' dir='ltr'><strong>non</strong></span> <span class='ocrx_word' id='word_1_686' title='bbox 1806 5552 2106 5611; x_wconf 64' lang='lat' dir='ltr'><strong>enarrabile</strong></span> 
     </span>
    </p>
   </div>
   <div class='ocr_carea' id='block_1_85' title="bbox 520 5638 1032 5761">
    <p class='ocr_par' dir='ltr' id='par_1_85' title="bbox 520 5638 1032 5761">
     <span class='ocr_line' id='line_1_85' title="bbox 520 5638 741 5681; baseline 0.005 -1"><span class='ocrx_word' id='word_1_687' title='bbox 520 5638 741 5681; x_wconf 69' lang='lat' dir='ltr'><strong>tortum.</strong></span> 
     </span>
     <span class='ocr_line' id='line_1_86' title="bbox 596 5695 1032 5761; baseline 0.007 -9"><span class='ocrx_word' id='word_1_688' title='bbox 596 5698 622 5739; x_wconf 70' lang='grc' dir='ltr'>δ</span> <span class='ocrx_word' id='word_1_689' title='bbox 659 5697 697 5761; x_wconf 87' lang='grc'><strong>1.</strong></span> <span class='ocrx_word' id='word_1_690' title='bbox 749 5695 1032 5755; x_wconf 77' lang='lat' dir='ltr'><strong>Jeremias.</strong></span> 
     </span>
    </p>
   </div>
   <div class='ocr_carea' id='block_1_86' title="bbox 2216 3284 3791 3359">
    <p class='ocr_par' dir='ltr' id='par_1_86' title="bbox 2216 3284 3791 3359">
     <span class='ocr_line' id='line_1_87' title="bbox 2216 3284 3791 3359; baseline 0.006 -22"><span class='ocrx_word' id='word_1_691' title='bbox 2216 3284 2459 3344; x_wconf 79' lang='lat' dir='ltr'><strong>arietum.</strong></span> <span class='ocrx_word' id='word_1_692' title='bbox 2498 3294 2546 3338; x_wconf 88' lang='lat' dir='ltr'><strong>et</strong></span> <span class='ocrx_word' id='word_1_693' title='bbox 2587 3285 2793 3356; x_wconf 77' lang='lat' dir='ltr'><strong>adipem</strong></span> <span class='ocrx_word' id='word_1_694' title='bbox 2822 3286 3113 3357; x_wconf 70' lang='lat' dir='ltr'><strong>pinguium,</strong></span> <span class='ocrx_word' id='word_1_695' title='bbox 3145 3289 3451 3359; x_wconf 80' lang='lat' dir='ltr'><strong>sanguinem</strong></span> <span class='ocrx_word' id='word_1_696' title='bbox 3497 3290 3791 3355; x_wconf 65' lang='lat' dir='ltr'><strong>anulorum,</strong></span> 
     </span>
    </p>
   </div>
   <div class='ocr_carea' id='block_1_87' title="bbox 2217 3373 3793 3451">
    <p class='ocr_par' dir='ltr' id='par_1_87' title="bbox 2217 3373 3793 3451">
     <span class='ocr_line' id='line_1_88' title="bbox 2217 3373 3793 3451; baseline 0.006 -24"><span class='ocrx_word' id='word_1_697' title='bbox 2217 3384 2264 3428; x_wconf 82' lang='lat' dir='ltr'><strong>et</strong></span> <span class='ocrx_word' id='word_1_698' title='bbox 2288 3373 2574 3438; x_wconf 84' lang='lat' dir='ltr'><strong>hircorum,</strong></span> <span class='ocrx_word' id='word_1_699' title='bbox 2609 3384 2657 3430; x_wconf 89' lang='lat' dir='ltr'><strong>et</strong></span> <span class='ocrx_word' id='word_1_700' title='bbox 2684 3392 2940 3446; x_wconf 83' lang='lat' dir='ltr'><strong>agnorum</strong></span> <span class='ocrx_word' id='word_1_701' title='bbox 2968 3376 3133 3432; x_wconf 86' lang='lat' dir='ltr'><strong>noluit</strong></span> <span class='ocrx_word' id='word_1_702' title='bbox 3165 3376 3298 3447; x_wconf 75' lang='grc' dir='ltr'><strong>(ιω.</strong></span> <span class='ocrx_word' id='word_1_703' title='bbox 3331 3395 3381 3446; x_wconf 86' lang='grc' dir='ltr'><strong>ι,</strong></span> <span class='ocrx_word' id='word_1_704' title='bbox 3412 3380 3526 3451; x_wconf 73' lang='grc'><strong>10).</strong></span> <span class='ocrx_word' id='word_1_705' title='bbox 3580 3380 3649 3437; x_wconf 88' lang='lat' dir='ltr'><strong>Ut</strong></span> <span class='ocrx_word' id='word_1_706' title='bbox 3691 3395 3793 3436; x_wconf 73' lang='lat' dir='ltr'><strong>om-</strong></span> 
     </span>
    </p>
   </div>
   <div class='ocr_carea' id='block_1_88' title="bbox 2202 3466 3792 3539">
    <p class='ocr_par' dir='ltr' id='par_1_88' title="bbox 2202 3466 3792 3539">
     <span class='ocr_line' id='line_1_89' title="bbox 2202 3466 3792 3539; baseline 0.005 -19"><span class='ocrx_word' id='word_1_707' title='bbox 2202 3466 2304 3520; x_wconf 73' lang='lat' dir='ltr'><strong>nia</strong></span> <span class='ocrx_word' id='word_1_708' title='bbox 2345 3474 2524 3521; x_wconf 88' lang='lat' dir='ltr'><strong>vestra</strong></span> <span class='ocrx_word' id='word_1_709' title='bbox 2573 3466 2869 3533; x_wconf 79' lang='lat' dir='ltr'><strong>sacriﬁcia,</strong></span> <span class='ocrx_word' id='word_1_710' title='bbox 2897 3468 2950 3522; x_wconf 89' lang='lat' dir='ltr'><strong>in</strong></span> <span class='ocrx_word' id='word_1_711' title='bbox 2982 3483 3089 3539; x_wconf 87' lang='lat' dir='ltr'><strong>qua</strong></span> <span class='ocrx_word' id='word_1_712' title='bbox 3134 3478 3314 3525; x_wconf 85' lang='lat' dir='ltr'><strong>vestra</strong></span> <span class='ocrx_word' id='word_1_713' title='bbox 3363 3471 3637 3528; x_wconf 78' lang='lat' dir='ltr'><strong>conﬁditis</strong></span> <span class='ocrx_word' id='word_1_714' title='bbox 3682 3487 3792 3528; x_wconf 77' lang='lat' dir='ltr'><strong>esse</strong></span> 
     </span>
    </p>
   </div>
   <div class='ocr_carea' id='block_1_89' title="bbox 2208 3560 3788 3637">
    <p class='ocr_par' dir='ltr' id='par_1_89' title="bbox 2208 3560 3788 3637">
     <span class='ocr_line' id='line_1_90' title="bbox 2208 3560 3788 3637; baseline 0.004 -23"><span class='ocrx_word' id='word_1_715' title='bbox 2208 3560 2482 3627; x_wconf 77' lang='lat' dir='ltr'><strong>remedia,</strong></span> <span class='ocrx_word' id='word_1_716' title='bbox 2528 3562 2840 3618; x_wconf 83' lang='lat' dir='ltr'><strong>ostenderet</strong></span> <span class='ocrx_word' id='word_1_717' title='bbox 2895 3564 3143 3632; x_wconf 78' lang='lat' dir='ltr'><strong>reprobo.</strong></span> <span class='ocrx_word' id='word_1_718' title='bbox 3205 3563 3357 3623; x_wconf 82' lang='lat' dir='ltr'><strong>Unde</strong></span> <span class='ocrx_word' id='word_1_719' title='bbox 3405 3574 3461 3621; x_wconf 84' lang='lat' dir='ltr'><strong>et</strong></span> <span class='ocrx_word' id='word_1_720' title='bbox 3515 3566 3788 3637; x_wconf 86' lang='lat' dir='ltr'><strong>sequitur:</strong></span> 
     </span>
    </p>
   </div>
   <div class='ocr_carea' id='block_1_90' title="bbox 2208 3652 3790 3725">
    <p class='ocr_par' dir='ltr' id='par_1_90' title="bbox 2208 3652 3790 3725">
     <span class='ocr_line' id='line_1_91' title="bbox 2208 3652 3790 3725; baseline 0.006 -19"><span class='ocrx_word' id='word_1_721' title='bbox 2208 3652 2350 3720; x_wconf 73' lang='lat' dir='ltr'><strong>Quis</strong></span> <span class='ocrx_word' id='word_1_722' title='bbox 2371 3656 2607 3725; x_wconf 76' lang='lat' dir='ltr'><strong>qua&#39;sioit</strong></span> <span class='ocrx_word' id='word_1_723' title='bbox 2631 3656 2743 3710; x_wconf 81' lang='lat' dir='ltr'><strong>Iure</strong></span> <span class='ocrx_word' id='word_1_724' title='bbox 2781 3656 2845 3710; x_wconf 88' lang='lat' dir='ltr'><strong>de</strong></span> <span class='ocrx_word' id='word_1_725' title='bbox 2869 3658 3112 3713; x_wconf 85' lang='lat' dir='ltr'><strong>manibus</strong></span> <span class='ocrx_word' id='word_1_726' title='bbox 3147 3660 3348 3725; x_wconf 68' lang='lat' dir='ltr'><strong>vestris,</strong></span> <span class='ocrx_word' id='word_1_727' title='bbox 3379 3669 3435 3713; x_wconf 83' lang='lat' dir='ltr'><strong>ut</strong></span> <span class='ocrx_word' id='word_1_728' title='bbox 3461 3660 3790 3716; x_wconf 74' lang='lat' dir='ltr'><strong>ambularetii</strong></span> 
     </span>
    </p>
   </div>
   <div class='ocr_carea' id='block_1_91' title="bbox 2214 3745 3789 3821">
    <p class='ocr_par' dir='ltr' id='par_1_91' title="bbox 2214 3745 3789 3821">
     <span class='ocr_line' id='line_1_92' title="bbox 2214 3745 3789 3821; baseline 0.004 -22"><span class='ocrx_word' id='word_1_729' title='bbox 2214 3745 2272 3799; x_wconf 83' lang='lat' dir='ltr'><strong>iu</strong></span> <span class='ocrx_word' id='word_1_730' title='bbox 2294 3746 2445 3800; x_wconf 86' lang='lat' dir='ltr'><strong>atriis</strong></span> <span class='ocrx_word' id='word_1_731' title='bbox 2474 3746 2620 3800; x_wconf 81' lang='lat' dir='ltr'><strong>meis.</strong></span> <span class='ocrx_word' id='word_1_732' title='bbox 2658 3745 2740 3800; x_wconf 87' lang='lat' dir='ltr'><strong>Ne</strong></span> <span class='ocrx_word' id='word_1_733' title='bbox 2785 3746 3020 3817; x_wconf 72' lang='lat' dir='ltr'><strong>oﬂ&#39;eratis</strong></span> <span class='ocrx_word' id='word_1_734' title='bbox 3061 3747 3202 3803; x_wconf 86' lang='lat' dir='ltr'><strong>ultra</strong></span> <span class='ocrx_word' id='word_1_735' title='bbox 3238 3750 3563 3820; x_wconf 77' lang='lat' dir='ltr'><strong>sacriﬁcium</strong></span> <span class='ocrx_word' id='word_1_736' title='bbox 3605 3750 3789 3821; x_wconf 77' lang='lat' dir='ltr'><strong>frustra</strong></span> 
     </span>
    </p>
   </div>
   <div class='ocr_carea' id='block_1_92' title="bbox 2215 3838 3793 3913">
    <p class='ocr_par' dir='ltr' id='par_1_92' title="bbox 2215 3838 3793 3913">
     <span class='ocr_line' id='line_1_93' title="bbox 2215 3838 3793 3913; baseline 0.003 -21"><span class='ocrx_word' id='word_1_737' title='bbox 2215 3838 2403 3910; x_wconf 85' lang='lat' dir='ltr'><strong>(Ibid.,</strong></span> <span class='ocrx_word' id='word_1_738' title='bbox 2457 3839 2541 3899; x_wconf 72' lang='grc'><strong>12,</strong></span> <span class='ocrx_word' id='word_1_739' title='bbox 2595 3838 2704 3910; x_wconf 79' lang='lat' dir='ltr'><strong>I3).</strong></span> <span class='ocrx_word' id='word_1_740' title='bbox 2747 3839 3066 3911; x_wconf 82' lang='lat' dir='ltr'><strong>Diligentius</strong></span> <span class='ocrx_word' id='word_1_741' title='bbox 3117 3842 3327 3899; x_wconf 80' lang='lat' dir='ltr'><strong>intuere</strong></span> <span class='ocrx_word' id='word_1_742' title='bbox 3362 3844 3530 3908; x_wconf 81' lang='lat' dir='ltr'><strong>ultra,</strong></span> <span class='ocrx_word' id='word_1_743' title='bbox 3575 3853 3631 3899; x_wconf 87' lang='lat' dir='ltr'><strong>et</strong></span> <span class='ocrx_word' id='word_1_744' title='bbox 3688 3847 3793 3913; x_wconf 77' lang='lat' dir='ltr'><strong>{ru-</strong></span> 
     </span>
    </p>
   </div>
   <div class='ocr_carea' id='block_1_93' title="bbox 2214 3924 3790 4005">
    <p class='ocr_par' dir='ltr' id='par_1_93' title="bbox 2214 3924 3790 4005">
     <span class='ocr_line' id='line_1_94' title="bbox 2214 3924 3790 4005; baseline 0.003 -21"><span class='ocrx_word' id='word_1_745' title='bbox 2214 3924 2345 3986; x_wconf 73' lang='lat' dir='ltr'><strong>stra.</strong></span> <span class='ocrx_word' id='word_1_746' title='bbox 2379 3929 2456 3985; x_wconf 79' lang='lat' dir='ltr'><strong>Ne</strong></span> <span class='ocrx_word' id='word_1_747' title='bbox 2490 3930 2730 3987; x_wconf 82' lang='lat' dir='ltr'><strong>oll&#39;eratis</strong></span> <span class='ocrx_word' id='word_1_748' title='bbox 2778 3932 2938 3998; x_wconf 76' lang='lat' dir='ltr'><strong>ultra,</strong></span> <span class='ocrx_word' id='word_1_749' title='bbox 2981 3933 3034 3988; x_wconf 92' lang='lat' dir='ltr'><strong>id</strong></span> <span class='ocrx_word' id='word_1_750' title='bbox 3078 3942 3161 3988; x_wconf 86' lang='lat' dir='ltr'><strong>est</strong></span> <span class='ocrx_word' id='word_1_751' title='bbox 3213 3933 3547 4005; x_wconf 86' lang='lat' dir='ltr'><strong>aliquando:</strong></span> <span class='ocrx_word' id='word_1_752' title='bbox 3591 3934 3790 3991; x_wconf 80' lang='lat' dir='ltr'><strong>sacriﬁ-</strong></span> 
     </span>
    </p>
   </div>
   <div class='ocr_carea' id='block_1_94' title="bbox 2216 4025 3787 4100">
    <p class='ocr_par' dir='ltr' id='par_1_94' title="bbox 2216 4025 3787 4100">
     <span class='ocr_line' id='line_1_95' title="bbox 2216 4025 3787 4100; baseline -0.002 -19"><span class='ocrx_word' id='word_1_753' title='bbox 2216 4028 2358 4082; x_wconf 90' lang='lat' dir='ltr'><strong>cium</strong></span> <span class='ocrx_word' id='word_1_754' title='bbox 2386 4028 2605 4096; x_wconf 79' lang='lat' dir='ltr'><strong>frustra,</strong></span> <span class='ocrx_word' id='word_1_755' title='bbox 2632 4028 2808 4093; x_wconf 88' lang='lat' dir='ltr'><strong>idest,</strong></span> <span class='ocrx_word' id='word_1_756' title='bbox 2839 4028 2955 4083; x_wconf 85' lang='lat' dir='ltr'><strong>sine</strong></span> <span class='ocrx_word' id='word_1_757' title='bbox 2969 4029 3386 4094; x_wconf 84' lang='lat' dir='ltr'><strong>causa,hocest,</strong></span> <span class='ocrx_word' id='word_1_758' title='bbox 3411 4025 3787 4100; x_wconf 69' lang='lat' dir='ltr'><strong>praestamenti.</strong></span> 
     </span>
    </p>
   </div>
   <div class='ocr_carea' id='block_1_95' title="bbox 2216 4118 3789 4191">
    <p class='ocr_par' dir='ltr' id='par_1_95' title="bbox 2216 4118 3789 4191">
     <span class='ocr_line' id='line_1_96' title="bbox 2216 4118 3789 4191; baseline -0.002 -16"><span class='ocrx_word' id='word_1_759' title='bbox 2216 4119 2368 4188; x_wconf 89' lang='lat' dir='ltr'><strong>Quod</strong></span> <span class='ocrx_word' id='word_1_760' title='bbox 2400 4121 2446 4175; x_wconf 89' lang='lat' dir='ltr'><strong>si</strong></span> <span class='ocrx_word' id='word_1_761' title='bbox 2478 4120 2699 4187; x_wconf 78' lang='lat' dir='ltr'><strong>frustm,</strong></span> <span class='ocrx_word' id='word_1_762' title='bbox 2730 4128 2790 4175; x_wconf 86' lang='lat' dir='ltr'><strong>ut</strong></span> <span class='ocrx_word' id='word_1_763' title='bbox 2810 4121 2967 4186; x_wconf 84' lang='lat' dir='ltr'><strong>dixit,</strong></span> <span class='ocrx_word' id='word_1_764' title='bbox 2997 4118 3193 4176; x_wconf 72' lang='lat' dir='ltr'><strong>offerre</strong></span> <span class='ocrx_word' id='word_1_765' title='bbox 3223 4121 3527 4183; x_wconf 81' lang='lat' dir='ltr'><strong>volueritis,</strong></span> <span class='ocrx_word' id='word_1_766' title='bbox 3569 4121 3692 4191; x_wconf 86' lang='lat' dir='ltr'><strong>quid</strong></span> <span class='ocrx_word' id='word_1_767' title='bbox 3728 4120 3789 4174; x_wconf 86' lang='lat' dir='ltr'><strong>sit</strong></span> 
     </span>
    </p>
   </div>
   <div class='ocr_carea' id='block_1_96' title="bbox 2216 4209 3786 4282">
    <p class='ocr_par' dir='ltr' id='par_1_96' title="bbox 2216 4209 3786 4282">
     <span class='ocr_line' id='line_1_97' title="bbox 2216 4209 3786 4282; baseline -0.001 -17"><span class='ocrx_word' id='word_1_768' title='bbox 2216 4210 2334 4282; x_wconf 89' lang='lat' dir='ltr'><strong>lege</strong></span> <span class='ocrx_word' id='word_1_769' title='bbox 2366 4228 2378 4265; x_wconf 94' lang='lat'><strong>:</strong></span> <span class='ocrx_word' id='word_1_770' title='bbox 2410 4210 2689 4266; x_wconf 82' lang='lat' dir='ltr'><strong>Incensum</strong></span> <span class='ocrx_word' id='word_1_771' title='bbox 2738 4210 3056 4266; x_wconf 86' lang='lat' dir='ltr'><strong>abominatio</strong></span> <span class='ocrx_word' id='word_1_772' title='bbox 3102 4222 3176 4266; x_wconf 83' lang='lat' dir='ltr'><strong>est</strong></span> <span class='ocrx_word' id='word_1_773' title='bbox 3229 4212 3377 4267; x_wconf 83' lang='lat' dir='ltr'><strong>mihi.</strong></span> <span class='ocrx_word' id='word_1_774' title='bbox 3432 4209 3786 4274; x_wconf 74' lang='lat' dir='ltr'><strong>Neomeuiaiu,</strong></span> 
     </span>
    </p>
   </div>
   <div class='ocr_carea' id='block_1_97' title="bbox 2213 4304 3789 4371">
    <p class='ocr_par' dir='ltr' id='par_1_97' title="bbox 2213 4304 3789 4371">
     <span class='ocr_line' id='line_1_98' title="bbox 2213 4304 3789 4371; baseline -0.002 -11"><span class='ocrx_word' id='word_1_775' title='bbox 2213 4321 2321 4361; x_wconf 90' lang='lat' dir='ltr'><strong>non</strong></span> <span class='ocrx_word' id='word_1_776' title='bbox 2352 4319 2549 4371; x_wconf 88' lang='lat' dir='ltr'><strong>meam,</strong></span> <span class='ocrx_word' id='word_1_777' title='bbox 2595 4306 2688 4360; x_wconf 88' lang='lat' dir='ltr'><strong>sed</strong></span> <span class='ocrx_word' id='word_1_778' title='bbox 2716 4312 2976 4369; x_wconf 83' lang='lat' dir='ltr'><strong>vestram,</strong></span> <span class='ocrx_word' id='word_1_779' title='bbox 3009 4314 3056 4359; x_wconf 84' lang='lat' dir='ltr'><strong>et</strong></span> <span class='ocrx_word' id='word_1_780' title='bbox 3103 4305 3341 4369; x_wconf 86' lang='lat' dir='ltr'><strong>sabbata,</strong></span> <span class='ocrx_word' id='word_1_781' title='bbox 3390 4304 3681 4360; x_wconf 85' lang='lat' dir='ltr'><strong>identidem</strong></span> <span class='ocrx_word' id='word_1_782' title='bbox 3709 4318 3789 4357; x_wconf 82' lang='lat' dir='ltr'><strong>ve-</strong></span> 
     </span>
    </p>
   </div>
   <div class='ocr_carea' id='block_1_98' title="bbox 2214 4396 3784 4467">
    <p class='ocr_par' dir='ltr' id='par_1_98' title="bbox 2214 4396 3784 4467">
     <span class='ocr_line' id='line_1_99' title="bbox 2214 4396 3784 4467; baseline -0.005 -12"><span class='ocrx_word' id='word_1_783' title='bbox 2214 4407 2351 4464; x_wconf 88' lang='lat' dir='ltr'><strong>stra,</strong></span> <span class='ocrx_word' id='word_1_784' title='bbox 2381 4408 2429 4454; x_wconf 84' lang='lat' dir='ltr'><strong>et</strong></span> <span class='ocrx_word' id='word_1_785' title='bbox 2467 4397 2843 4462; x_wconf 81' lang='lat' dir='ltr'><strong>solemnitates,</strong></span> <span class='ocrx_word' id='word_1_786' title='bbox 2886 4396 3140 4453; x_wconf 86' lang='lat' dir='ltr'><strong>similiter</strong></span> <span class='ocrx_word' id='word_1_787' title='bbox 3180 4405 3413 4462; x_wconf 87' lang='lat' dir='ltr'><strong>vestras,</strong></span> <span class='ocrx_word' id='word_1_788' title='bbox 3465 4413 3573 4452; x_wconf 88' lang='lat' dir='ltr'><strong>non</strong></span> <span class='ocrx_word' id='word_1_789' title='bbox 3614 4397 3784 4467; x_wconf 65' lang='lat' dir='ltr'><strong>(eum.</strong></span> 
     </span>
    </p>
   </div>
   <div class='ocr_carea' id='block_1_99' title="bbox 2216 4485 3785 4560">
    <p class='ocr_par' dir='ltr' id='par_1_99' title="bbox 2216 4485 3785 4560">
     <span class='ocr_line' id='line_1_100' title="bbox 2216 4485 3785 4560; baseline -0.001 -16"><span class='ocrx_word' id='word_1_790' title='bbox 2216 4490 2433 4560; x_wconf 82' lang='lat' dir='ltr'><strong>Quare?</strong></span> <span class='ocrx_word' id='word_1_791' title='bbox 2457 4490 2594 4559; x_wconf 86' lang='lat' dir='ltr'><strong>Quia</strong></span> <span class='ocrx_word' id='word_1_792' title='bbox 2624 4489 2790 4558; x_wconf 86' lang='lat' dir='ltr'><strong>iniqui</strong></span> <span class='ocrx_word' id='word_1_793' title='bbox 2819 4498 2939 4542; x_wconf 86' lang='lat' dir='ltr'><strong>sunt</strong></span> <span class='ocrx_word' id='word_1_794' title='bbox 2983 4497 3142 4542; x_wconf 68' lang='lat' dir='ltr'><strong>cretus</strong></span> <span class='ocrx_word' id='word_1_795' title='bbox 3176 4489 3334 4542; x_wconf 73' lang='lat' dir='ltr'><strong>uestri</strong></span> <span class='ocrx_word' id='word_1_796' title='bbox 3360 4501 3378 4539; x_wconf 92' lang='lat'><em>:</em></span> <span class='ocrx_word' id='word_1_797' title='bbox 3427 4485 3785 4542; x_wconf 67' lang='lat' dir='ltr'><strong>Kalendas:-</strong></span> 
     </span>
    </p>
   </div>
   <div class='ocr_carea' id='block_1_100' title="bbox 2140 4553 3786 4648">
    <p class='ocr_par' dir='ltr' id='par_1_100' title="bbox 2140 4553 3786 4648">
     <span class='ocr_line' id='line_1_101' title="bbox 2140 4553 3786 4648; baseline -0.007 -10"><span class='ocrx_word' id='word_1_798' title='bbox 2140 4553 2191 4613; x_wconf 71' lang='grc'><strong>1)</strong></span> <span class='ocrx_word' id='word_1_799' title='bbox 2215 4553 2371 4648; x_wconf 62' lang='lat' dir='ltr'><strong>siros,</strong></span> <span class='ocrx_word' id='word_1_800' title='bbox 2417 4553 2854 4637; x_wconf 26' lang='lat' dir='ltr'><strong>et-vsolemnitates</strong></span> <span class='ocrx_word' id='word_1_801' title='bbox 2895 4595 2998 4633; x_wconf 88' lang='lat' dir='ltr'><strong>non</strong></span> <span class='ocrx_word' id='word_1_802' title='bbox 3027 4595 3170 4633; x_wconf 85' lang='lat' dir='ltr'><strong>meas</strong></span> <span class='ocrx_word' id='word_1_803' title='bbox 3219 4578 3379 4633; x_wconf 84' lang='lat' dir='ltr'><strong>odioit</strong></span> <span class='ocrx_word' id='word_1_804' title='bbox 3416 4578 3598 4632; x_wconf 82' lang='lat' dir='ltr'><strong>anima</strong></span> <span class='ocrx_word' id='word_1_805' title='bbox 3646 4589 3786 4631; x_wconf 80' lang='lat' dir='ltr'><strong>uses:</strong></span> 
     </span>
    </p>
   </div>
   <div class='ocr_carea' id='block_1_101' title="bbox 2218 4668 3785 4748">
    <p class='ocr_par' dir='ltr' id='par_1_101' title="bbox 2218 4668 3785 4748">
     <span class='ocr_line' id='line_1_102' title="bbox 2218 4668 3785 4748; baseline -0.006 -17"><span class='ocrx_word' id='word_1_806' title='bbox 2218 4676 2375 4748; x_wconf 72' lang='lat' dir='ltr'><strong>[actm</strong></span> <span class='ocrx_word' id='word_1_807' title='bbox 2396 4684 2516 4730; x_wconf 86' lang='lat' dir='ltr'><strong>sunt</strong></span> <span class='ocrx_word' id='word_1_808' title='bbox 2555 4673 2684 4727; x_wconf 87' lang='lat' dir='ltr'><strong>mihi</strong></span> <span class='ocrx_word' id='word_1_809' title='bbox 2711 4670 2942 4726; x_wconf 73' lang='lat' dir='ltr'><strong>molesta:</strong></span> <span class='ocrx_word' id='word_1_810' title='bbox 2962 4684 2981 4722; x_wconf 92' lang='lat'><strong>:</strong></span> <span class='ocrx_word' id='word_1_811' title='bbox 3019 4669 3253 4723; x_wconf 81' lang='lat' dir='ltr'><strong>laboraui</strong></span> <span class='ocrx_word' id='word_1_812' title='bbox 3279 4669 3566 4723; x_wconf 79' lang='lat' dir='ltr'><strong>sustinens.</strong></span> <span class='ocrx_word' id='word_1_813' title='bbox 3598 4668 3661 4723; x_wconf 85' lang='lat' dir='ltr'><strong>Et</strong></span> <span class='ocrx_word' id='word_1_814' title='bbox 3684 4682 3785 4722; x_wconf 66' lang='lat' dir='ltr'><strong>esu</strong></span> 
     </span>
    </p>
   </div>
   <div class='ocr_carea' id='block_1_102' title="bbox 2215 4766 3787 4831">
    <p class='ocr_par' dir='ltr' id='par_1_102' title="bbox 2215 4766 3787 4831">
     <span class='ocr_line' id='line_1_103' title="bbox 2215 4766 3787 4831; baseline -0.005 -4"><span class='ocrx_word' id='word_1_815' title='bbox 2215 4771 2550 4827; x_wconf 61' lang='lat' dir='ltr'><strong>ostenderitis</strong></span> <span class='ocrx_word' id='word_1_816' title='bbox 2577 4769 2756 4823; x_wconf 84' lang='lat' dir='ltr'><strong>oculos</strong></span> <span class='ocrx_word' id='word_1_817' title='bbox 2777 4777 2991 4831; x_wconf 84' lang='lat' dir='ltr'><strong>vestros,</strong></span> <span class='ocrx_word' id='word_1_818' title='bbox 3034 4775 3264 4821; x_wconf 76' lang='lat' dir='ltr'><strong>avertant</strong></span> <span class='ocrx_word' id='word_1_819' title='bbox 3289 4766 3464 4821; x_wconf 81' lang='lat' dir='ltr'><strong>oculos</strong></span> <span class='ocrx_word' id='word_1_820' title='bbox 3496 4782 3639 4821; x_wconf 81' lang='lat' dir='ltr'><strong>meos</strong></span> <span class='ocrx_word' id='word_1_821' title='bbox 3667 4782 3697 4819; x_wconf 86' lang='lat' dir='ltr'><strong>a</strong></span> <span class='ocrx_word' id='word_1_822' title='bbox 3717 4779 3787 4819; x_wconf 68' lang='lat' dir='ltr'><strong>so-</strong></span> 
     </span>
    </p>
   </div>
   <div class='ocr_carea' id='block_1_103' title="bbox 2217 4856 3787 4931">
    <p class='ocr_par' dir='ltr' id='par_1_103' title="bbox 2217 4856 3787 4931">
     <span class='ocr_line' id='line_1_104' title="bbox 2217 4856 3787 4931; baseline -0.006 -14"><span class='ocrx_word' id='word_1_823' title='bbox 2217 4861 2333 4928; x_wconf 84' lang='lat' dir='ltr'><strong>bis;</strong></span> <span class='ocrx_word' id='word_1_824' title='bbox 2358 4871 2405 4915; x_wconf 85' lang='lat' dir='ltr'><strong>et</strong></span> <span class='ocrx_word' id='word_1_825' title='bbox 2433 4877 2548 4913; x_wconf 86' lang='lat' dir='ltr'><strong>cum</strong></span> <span class='ocrx_word' id='word_1_826' title='bbox 2594 4858 3067 4931; x_wconf 82' lang='lat' dir='ltr'><strong>multiplicaveritis</strong></span> <span class='ocrx_word' id='word_1_827' title='bbox 3099 4857 3415 4919; x_wconf 83' lang='lat' dir='ltr'><strong>orationem,</strong></span> <span class='ocrx_word' id='word_1_828' title='bbox 3456 4873 3565 4910; x_wconf 84' lang='lat' dir='ltr'><strong>non</strong></span> <span class='ocrx_word' id='word_1_829' title='bbox 3590 4856 3787 4910; x_wconf 73' lang='lat' dir='ltr'><strong>audient</strong></span> 
     </span>
    </p>
   </div>
   <div class='ocr_carea' id='block_1_104' title="bbox 2215 4944 3788 5023">
    <p class='ocr_par' dir='ltr' id='par_1_104' title="bbox 2215 4944 3788 5023">
     <span class='ocr_line' id='line_1_105' title="bbox 2215 4944 3788 5023; baseline -0.004 -18"><span class='ocrx_word' id='word_1_830' title='bbox 2215 4950 2415 5023; x_wconf 71' lang='lat' dir='ltr'><strong>(Ibid,</strong></span> <span class='ocrx_word' id='word_1_831' title='bbox 2460 4949 2671 5019; x_wconf 61' lang='lat' dir='ltr'><strong>lii-15).</strong></span> <span class='ocrx_word' id='word_1_832' title='bbox 2720 4949 2883 5005; x_wconf 90' lang='lat' dir='ltr'><strong>Vides</strong></span> <span class='ocrx_word' id='word_1_833' title='bbox 2922 4962 3084 5004; x_wconf 89' lang='lat' dir='ltr'><strong>aures</strong></span> <span class='ocrx_word' id='word_1_834' title='bbox 3110 4946 3228 5016; x_wconf 85' lang='lat' dir='ltr'><strong>ejus</strong></span> <span class='ocrx_word' id='word_1_835' title='bbox 3247 4946 3590 5003; x_wconf 87' lang='lat' dir='ltr'><strong>orationibus</strong></span> <span class='ocrx_word' id='word_1_836' title='bbox 3612 4944 3788 5002; x_wconf 82' lang='lat' dir='ltr'><strong>vestris</strong></span> 
     </span>
    </p>
   </div>
   <div class='ocr_carea' id='block_1_105' title="bbox 2215 5036 3788 5112">
    <p class='ocr_par' dir='ltr' id='par_1_105' title="bbox 2215 5036 3788 5112">
     <span class='ocr_line' id='line_1_106' title="bbox 2215 5036 3788 5112; baseline -0.007 -11"><span class='ocrx_word' id='word_1_837' title='bbox 2215 5047 2535 5102; x_wconf 87' lang='lat' dir='ltr'><strong>obturatas:</strong></span> <span class='ocrx_word' id='word_1_838' title='bbox 2582 5052 2638 5098; x_wconf 88' lang='lat' dir='ltr'><strong>et</strong></span> <span class='ocrx_word' id='word_1_839' title='bbox 2668 5052 2722 5097; x_wconf 92' lang='lat' dir='ltr'><strong>tu</strong></span> <span class='ocrx_word' id='word_1_840' title='bbox 2769 5036 3194 5112; x_wconf 85' lang='lat' dir='ltr'><strong>redemptionem</strong></span> <span class='ocrx_word' id='word_1_841' title='bbox 3248 5040 3587 5110; x_wconf 73' lang='lat' dir='ltr'><strong>exspectas?</strong></span> <span class='ocrx_word' id='word_1_842' title='bbox 3629 5038 3788 5106; x_wconf 81' lang='lat' dir='ltr'><strong>Quare</strong></span> 
     </span>
    </p>
   </div>
   <div class='ocr_carea' id='block_1_106' title="bbox 2217 5135 3786 5209">
    <p class='ocr_par' dir='ltr' id='par_1_106' title="bbox 2217 5135 3786 5209">
     <span class='ocr_line' id='line_1_107' title="bbox 2217 5135 3786 5209; baseline -0.006 -14"><span class='ocrx_word' id='word_1_843' title='bbox 2217 5144 2537 5198; x_wconf 87' lang='lat' dir='ltr'><strong>obturatas:</strong></span> <span class='ocrx_word' id='word_1_844' title='bbox 2567 5139 2703 5209; x_wconf 87' lang='lat' dir='ltr'><strong>Quia</strong></span> <span class='ocrx_word' id='word_1_845' title='bbox 2730 5154 2918 5193; x_wconf 87' lang='lat' dir='ltr'><strong>manus</strong></span> <span class='ocrx_word' id='word_1_846' title='bbox 2957 5146 3138 5192; x_wconf 65' lang='lat' dir='ltr'><strong>vestrm</strong></span> <span class='ocrx_word' id='word_1_847' title='bbox 3179 5135 3435 5207; x_wconf 79' lang='lat' dir='ltr'><strong>sanguine</strong></span> <span class='ocrx_word' id='word_1_848' title='bbox 3477 5135 3649 5206; x_wconf 57' lang='lat' dir='ltr'><strong>plenis</strong></span> <span class='ocrx_word' id='word_1_849' title='bbox 3682 5141 3786 5189; x_wconf 71' lang='lat' dir='ltr'><strong>sunt</strong></span> 
     </span>
    </p>
   </div>
   <div class='ocr_carea' id='block_1_107' title="bbox 2219 5231 3786 5312">
    <p class='ocr_par' dir='ltr' id='par_1_107' title="bbox 2219 5231 3786 5312">
     <span class='ocr_line' id='line_1_108' title="bbox 2219 5231 3786 5312; baseline -0.006 -19"><span class='ocrx_word' id='word_1_850' title='bbox 2219 5238 2429 5312; x_wconf 87' lang='lat' dir='ltr'><strong>(Ibid.).</strong></span> <span class='ocrx_word' id='word_1_851' title='bbox 2460 5237 2577 5306; x_wconf 91' lang='lat' dir='ltr'><strong>Quo</strong></span> <span class='ocrx_word' id='word_1_852' title='bbox 2606 5234 2905 5307; x_wconf 82' lang='lat' dir='ltr'><strong>sanguine?</strong></span> <span class='ocrx_word' id='word_1_853' title='bbox 2934 5232 3026 5287; x_wconf 91' lang='lat' dir='ltr'><strong>illo</strong></span> <span class='ocrx_word' id='word_1_854' title='bbox 3059 5245 3255 5304; x_wconf 86' lang='lat' dir='ltr'><strong>nempe</strong></span> <span class='ocrx_word' id='word_1_855' title='bbox 3281 5245 3389 5301; x_wconf 87' lang='lat' dir='ltr'><strong>quo</strong></span> <span class='ocrx_word' id='word_1_856' title='bbox 3414 5246 3511 5285; x_wconf 87' lang='lat' dir='ltr'><strong>vos</strong></span> <span class='ocrx_word' id='word_1_857' title='bbox 3541 5231 3643 5300; x_wconf 91' lang='lat' dir='ltr'><strong>ipsi</strong></span> <span class='ocrx_word' id='word_1_858' title='bbox 3671 5244 3786 5284; x_wconf 81' lang='lat' dir='ltr'><strong>con—</strong></span> 
     </span>
    </p>
   </div>
   <div class='ocr_carea' id='block_1_108' title="bbox 2216 5320 3788 5398">
    <p class='ocr_par' dir='ltr' id='par_1_108' title="bbox 2216 5320 3788 5398">
     <span class='ocr_line' id='line_1_109' title="bbox 2216 5320 3788 5398; baseline -0.006 -13"><span class='ocrx_word' id='word_1_859' title='bbox 2216 5330 2552 5385; x_wconf 78' lang='lat' dir='ltr'><strong>demnastis:</strong></span> <span class='ocrx_word' id='word_1_860' title='bbox 2595 5326 2825 5398; x_wconf 86' lang='lat' dir='ltr'><strong>Sanguis</strong></span> <span class='ocrx_word' id='word_1_861' title='bbox 2867 5327 3026 5395; x_wconf 81' lang='lat' dir='ltr'><strong>hujus</strong></span> <span class='ocrx_word' id='word_1_862' title='bbox 3053 5341 3210 5397; x_wconf 82' lang='lat' dir='ltr'><strong>super</strong></span> <span class='ocrx_word' id='word_1_863' title='bbox 3253 5340 3344 5378; x_wconf 88' lang='lat' dir='ltr'><strong>nos</strong></span> <span class='ocrx_word' id='word_1_864' title='bbox 3387 5332 3433 5378; x_wconf 85' lang='lat' dir='ltr'><strong>et</strong></span> <span class='ocrx_word' id='word_1_865' title='bbox 3475 5340 3636 5395; x_wconf 83' lang='lat' dir='ltr'><strong>super</strong></span> <span class='ocrx_word' id='word_1_866' title='bbox 3668 5320 3788 5391; x_wconf 73' lang='lat' dir='ltr'><strong>ﬁlios</strong></span> 
     </span>
    </p>
   </div>
   <div class='ocr_carea' id='block_1_109' title="bbox 2289 5481 3779 5558">
    <p class='ocr_par' dir='ltr' id='par_1_109' title="bbox 2289 5481 3779 5558">
     <span class='ocr_line' id='line_1_110' title="bbox 2289 5481 3779 5558; baseline -0.005 -14"><span class='ocrx_word' id='word_1_867' title='bbox 2289 5501 2312 5529; x_wconf 77' lang='grc' dir='ltr'><strong>ο</strong></span> <span class='ocrx_word' id='word_1_868' title='bbox 2359 5487 2580 5558; x_wconf 87' lang='lat' dir='ltr'><strong>Vulgata</strong></span> <span class='ocrx_word' id='word_1_869' title='bbox 2608 5506 2619 5540; x_wconf 93' lang='lat'><strong>:</strong></span> <span class='ocrx_word' id='word_1_870' title='bbox 2654 5484 2835 5540; x_wconf 85' lang='lat' dir='ltr'><strong>domui</strong></span> <span class='ocrx_word' id='word_1_871' title='bbox 2854 5482 3025 5558; x_wconf 71' lang='lat' dir='ltr'><strong>Israel</strong></span> <span class='ocrx_word' id='word_1_872' title='bbox 3056 5493 3111 5558; x_wconf 90' lang='lat' dir='ltr'><strong>_et</strong></span> <span class='ocrx_word' id='word_1_873' title='bbox 3141 5483 3319 5558; x_wconf 78' lang='lat' dir='ltr'><strong>domui</strong></span> <span class='ocrx_word' id='word_1_874' title='bbox 3341 5481 3490 5537; x_wconf 74' lang='lat' dir='ltr'><strong>Iuda</strong></span> <span class='ocrx_word' id='word_1_875' title='bbox 3512 5481 3682 5558; x_wconf 52' lang='lat' dir='ltr'><strong>(adu!</strong></span> <span class='ocrx_word' id='word_1_876' title='bbox 3708 5496 3779 5558; x_wconf 59' lang='lat' dir='ltr'><strong>utr</strong></span> 
     </span>
    </p>
   </div>
   <div class='ocr_carea' id='block_1_110' title="bbox 2218 5550 3787 5627">
    <p class='ocr_par' dir='ltr' id='par_1_110' title="bbox 2218 5550 3787 5627">
     <span class='ocr_line' id='line_1_111' title="bbox 2218 5550 3787 5627; baseline -0.009 -11"><span class='ocrx_word' id='word_1_877' title='bbox 2218 5577 2355 5617; x_wconf 82' lang='lat' dir='ltr'><strong>vum.</strong></span> <span class='ocrx_word' id='word_1_878' title='bbox 2401 5550 2593 5615; x_wconf 65' lang='lat' dir='ltr'><strong>Ndster</strong></span> <span class='ocrx_word' id='word_1_879' title='bbox 2639 5571 2865 5627; x_wconf 85' lang='lat' dir='ltr'><strong>quoque</strong></span> <span class='ocrx_word' id='word_1_880' title='bbox 2895 5555 3063 5609; x_wconf 86' lang='lat' dir='ltr'><strong>Israel</strong></span> <span class='ocrx_word' id='word_1_881' title='bbox 3102 5555 3322 5627; x_wconf 85' lang='lat' dir='ltr'><strong>scripsit</strong></span> <span class='ocrx_word' id='word_1_882' title='bbox 3369 5550 3596 5625; x_wconf 67' lang='lat' dir='ltr'><strong>(praeter</strong></span> <span class='ocrx_word' id='word_1_883' title='bbox 3635 5550 3787 5623; x_wconf 72' lang='lat' dir='ltr'><strong>Iuda)</strong></span> 
     </span>
    </p>
   </div>
   <div class='ocr_carea' id='block_1_111' title="bbox 2216 5625 3292 5691">
    <p class='ocr_par' dir='ltr' id='par_1_111' title="bbox 2216 5625 3292 5691">
     <span class='ocr_line' id='line_1_112' title="bbox 2216 5625 3292 5691; baseline -0.007 -4"><span class='ocrx_word' id='word_1_884' title='bbox 2216 5648 2339 5691; x_wconf 87' lang='lat' dir='ltr'><strong>cum</strong></span> <span class='ocrx_word' id='word_1_885' title='bbox 2371 5632 2553 5686; x_wconf 88' lang='lat' dir='ltr'><strong>statim</strong></span> <span class='ocrx_word' id='word_1_886' title='bbox 2583 5625 2790 5684; x_wconf 79' lang='lat' dir='ltr'><strong>duabus</strong></span> <span class='ocrx_word' id='word_1_887' title='bbox 2819 5626 2873 5681; x_wconf 89' lang='lat' dir='ltr'><strong>id</strong></span> <span class='ocrx_word' id='word_1_888' title='bbox 2895 5625 3292 5682; x_wconf 87' lang='lat' dir='ltr'><strong>accommodat.</strong></span> 
     </span>
    </p>
   </div>
  </div>
