4034 6350
197 408 305 473 809

1663 391 2045 461 89⁸8⁸1⁸01ιῶ

2378 298 2444 313 ..Α
2466 296 2497 310 ηο-

3378 396 3484 467 MD

200 532 408 579 nostros
460 516 686 590 (Matth.
729 531 875 589 μνη
899 557 913 581 ,
948 514 1063 586 ἓξ).
1100 512 1416 584 itemipse:
1454 509 1797 571 Coninmien-

1909 508 2019 578 quiq
2049 526 2167 573 cum
2181 511 2555 581 Jejunurerint,
2582 528 2687 579 non
2712 511 2999 571 luosetiam
3028 527 3175 571 rem
3200 527 3407 578 eam.
3432 519 3485 575 et

195 625 285 671 tur
311 612 379 668 ab
410 610 590 685 idolis,
610 608 797 682 quibus
819 607 1248 678 sacriﬁcaverunt
1264 621 1285 662 :
1305 614 1355 662 et
1375 603 1683 668 erubescens
1704 617 1794 661 su-

197 726 292 781 per
304 708 499 773 hortis,
524 720 655 777 quos
680 702 959 776 elegeritis,
1004 716 1123 757 cum
1162 698 1369 770 fueritis
1411 699 1547 761 ueiut
1572 712 1793 769 quercus

197 798 549 872 deﬂuentibus
572 796 736 869 foliis,
760 805 810 850 et
840 796 974 859 uelut
1001 793 1186 853 hortus
1208 792 1401 863 absque
1420 807 1578 863 aqum
1603 789 1671 847 Et
1698 790 1795 845 erit

199 891 459 963 fortitudo
498 898 666 957 uestra
704 897 760 941 ut
806 885 991 960 fauilla
1032 896 1254 956 stuppae,
1293 894 1341 939 et
1380 900 1509 955 opus
1568 890 1794 939 uestrum

197 984 357 1057 quasi
381 980 612 1039 scintilla
638 994 656 1033 :
680 988 728 1037 et
767 980 1113 1034 suceendetur
1141 986 1440 1047 utrumque,
1480 982 1528 1029 et
1568 989 1672 1029 non
1698 971 1797 1029 erit

198 1080 292 1151 qui
314 1077 616 1150 exstinguat
648 1073 787 1145 (lsa.
820 1089 874 1139 ι,
900 1070 1119 1134 29-51).
1145 1069 1404 1136 Advorte,
1429 1085 1463 1125 o
1491 1068 1617 1124 vino
1645 1066 1797 1122 furo-

203 1172 282 1225 ris
321 1169 419 1227 Dei
460 1165 758 1247 crapulate,
809 1178 973 1237 opera
1027 1170 1205 1220 vestra
1260 1161 1476 1221 ﬂamma
1536 1159 1797 1227 existere,

200 1278 327 1336 qua:
373 1259 800 1331 devorationem,
845 1272 952 1315 non
990 1253 1433 1328 propinationem
1466 1251 1619 1307 vobis
1646 1250 1800 1307 exhi-

198 1353 313 1410 bet.
346 1348 506 1407 Certe
529 1346 834 1415 considera,
866 1344 994 1417 quia
1024 1344 1197 1415 magis
1234 1340 1642 1401 succendemini
1672 1354 1799 1410 ope-

199 1446 357 1500 ribus
382 1441 595 1506 vestris,
632 1455 794 1511 quam
823 1436 1041 1513 aliquod
1082 1434 1547 1493 demolumentom
1586 1431 1811 1504 adjutov

200 1537 270 1591 rii
296 1534 504 1608 acquiri
515 1535 581 1590 tis
609 1532 783 1588 vobis.

267 1626 361 1681 20.
394 1626 461 1682 Et
489 1641 612 1685 cum
635 1623 923 1697 propheta,
948 1622 1059 1678 imo
1087 1620 1232 1678 Deus
1249 1634 1350 1693 per
1372 1619 1691 1693 prophetam
1719 1619 1802 1676 di-

199 1728 321 1774 cat:
343 1716 448 1784 Qui
460 1716 756 1789 exstinguat
788 1731 893 1773 non
912 1714 1038 1785 erit,
1056 1712 1178 1786 quis
1197 1727 1327 1785 rogo
1354 1719 1463 1769 tam
1488 1725 1677 1769 vecors
1696 1718 1799 1778 est,

197 1813 293 1885 qui
327 1809 781 1883 exstinguendum
814 1815 966 1880 potet
1013 1806 1153 1878 quod
1209 1804 1469 1861 Dominus
1518 1804 1800 1863 incensum

198 1879 309 1960 non
343 1879 672 1959 exstinctum
700 1879 943 1973 profert?
971 1897 1081 1967 Nec
1102 1898 1250 1965 enim
1280 1896 1437 1967 dixit,
1469 1894 1562 1968 qui
1592 1894 1798 1951 exstinc

196 2007 336 2072 goat
377 2012 483 2052 non
526 2003 629 2061 est,
672 1996 767 2051 sed
816 2011 920 2053 non
964 1994 1084 2049 erit.
1132 1990 1398 2047 Futurum
1430 1998 1664 2061 tempus,
1694 2001 1801 2042 non

198 2108 447 2167 praesens
485 2102 697 2165 tempus
724 2088 929 2167 posuit,
954 2096 1014 2147 ut
1040 2086 1370 2157 sempiterno
1410 2098 1505 2139 vos
1551 2081 1801 2137 incendio

198 2186 577 2259 depascendos
608 2184 865 2239 firmaret.
886 2179 1015 2253 Item
1050 2176 1315 2251 Jercmias
1338 2182 1621 2247 postquam
1649 2172 1802 2228 dixe-

200 2288 288 2332 rat
316 2295 331 2331 :
367 2275 729 2333 Prwvaricata
756 2282 831 2329 est
850 2270 924 2329 'in
952 2287 1033 2337 me
1071 2272 1256 2325 domus
1286 2267 1319 2341 Ι
1329 2266 1454 2330 uda,
1488 2274 1802 2336 negaverunt

197 2388 308 2437 me,
336 2381 384 2426 et
410 2370 693 2445 dixerunt:
715 2365 837 2422 Non
868 2373 942 2420 est
970 2365 1102 2437 ipse,
1133 2378 1298 2432 neque
1326 2360 1490 2416 veniet
1524 2374 1681 2429 super
1708 2374 1802 2413 nos

200 2464 406 2520 malum
428 2463 686 2536 gladium,
713 2470 761 2516 et
796 2459 990 2533 [antem
1025 2474 1128 2529 non
1150 2454 1440 2523 ridebimus
1465 2450 1596 2523 (Jer.
1629 2466 1682 2517 v,
1717 2452 1801 2517 lt,

200 2557 322 2633 με),
355 2555 597 2613 addidit:
634 2552 763 2608 11αό
793 2568 915 2624 ergo
946 2550 1176 2609 evenient
1204 2547 1331 2604 illis.
1370 2544 1501 2613 Ille;
1532 2544 1656 2599 dicit
1690 2542 1803 2598 Do-

200 2652 385 2707 minus
410 2646 730 2719 exercituum
753 2643 928 2711 :Quia
946 2642 1107 2697 locuti
1128 2642 1249 2699 estis
1272 2638 1482 2695 verbum
1504 2636 1666 2700 istud,
1689 2652 1805 2690 ecce

199 2756 300 2812 ego
327 2740 398 2795 do
429 2738 580 2793 verba
601 2753 716 2805 mea
748 2736 801 2789 in
838 2749 928 2788 ore
950 2742 1040 2805 tuo
1069 2733 1241 2801 ignem
1265 2771 1280 2796 ,
1310 2738 1357 2791 et
1378 2726 1625 2801 populum
1645 2726 1803 2781 istum

203 2831 377 2906 ligna,
438 2841 487 2887 et
542 2830 737 2899 vorabit
788 2842 875 2893 eos
914 2824 1226 2897 (lbid.,15,
1255 2822 1364 2895 Η).
1398 2819 1583 2887 Vides,
1617 2819 1800 2885 stulte,

202 2924 336 2994 quia
353 2923 518 2979 verba
546 2920 757 2976 Domini
788 2926 1072 2975 nonsunt-
1090 2917 1245 2971 vobis
1269 2914 1639 2985 fulcimentum
1667 2913 1806 2968 salu-

202 3014 295 3085 tis,
322 3013 419 3069 sed
442 3010 839 3069 consummatio
861 3008 1090 3064 flamma:
1109 3005 1397 3064 vastantis.
1417 3002 1521 3063 Sed
1537 3012 1590 3079 et
1618 3017 1805 3071 conse-

200 3104 455 3176 quentia,
487 3102 667 3181 impie,
693 3099 979 3174 diligenter
996 3099 1241 3164 adverte,
1263 3106 1316 3153 et
1343 3105 1394 3153 te
1415 3096 1654 3167 undique
1680 3110 1805 3151 con-

203 3193 418 3250 fossum
449 3193 587 3250 dole.
628 3192 764 3248 Nam
808 3199 930 3262 post
970 3189 1140 3245 multa
1171 3204 1293 3261 qua:
1324 3197 1375 3242 te
1402 3186 1629 3244 viriliter
1653 3194 1803 3241 trun-

201 3294 354 3352 cant,
389 3285 596 3339 addidit
616 3284 780 3339 etiam
814 3284 926 3337 lucc
953 3300 964 3334 :
993 3246 1586 3352 Defecit-suﬁlatorium,
1612 3277 1664 3330 in
1685 3278 1803 3347 igne
1828 3246 1875 3333 (ξ

201 3388 574 3449 consumptum
599 3386 671 3431 est
698 3374 987 3449 plumbum,
1020 3373 1220 3443 frustra
1244 3372 1488 3442 con/lavit
1512 3370 1804 3440 con/lator:

202 3471 414 3526 malitia
445 3470 581 3525 enim
611 3484 792 3545 eorum
825 3483 926 3521 non
949 3475 1023 3522 est
1046 3474 1389 3537 consumpta;
1417 3471 1695 3534 argentum
1726 3477 1804 3515 re-

202 3563 428 3636 probum
478 3571 654 3639 vocate
691 3578 798 3627 eos,
837 3560 960 3633 quia
997 3557 1249 3612 Dominus
1284 3556 1503 3631 projecit
1536 3572 1623 3615 eos
1669 3553 1801 3626 (Jer.

205 3672 281 3721 γι,
324 3655 423 3719 ‘29,
473 3653 585 3725 30).
629 3650 909 3726 lntelligis,
953 3651 1137 3717 miser,
1171 3649 1296 3721 quia
1330 3649 1445 3702 lucc
1490 3646 1727 3711 afﬂictio,
1754 3653 1809 3700 et

205 3748 504 3819 captivitas
552 3747 733 3802 minor
777 3754 864 3801 est
904 3732 1065 3815 quam
1113 3743 1373 3816 iniquitas
1415 3740 1631 3796 vestra?
1670 3740 1809 3796 Ecce

207 3827 413 3895 frustra
447 3839 499 3894 in
530 3838 653 3910 igne
683 3837 812 3893 dicit
844 3837 1038 3891 missos
1078 3850 1175 3890 vos
1197 3849 1320 3889 esse
1353 3831 1648 3905 pr0pbeta,
1682 3831 1806 3901 quia

206 3930 480 3985 malitiam
508 3939 742 3985 vestram
765 3942 861 3997 per
881 3928 984 3983 hoc
1009 3941 1115 3981 non
1139 3925 1272 3979 vidit
1299 3938 1421 3978 esse
1446 3921 1804 3995 purgandam.

210 4021 277 4076 Et
297 4023 498 4077 iterum
522 4029 643 4090 post
664 4020 850 4084 multa,
880 4034 1001 4090 qua:
1021 4028 1076 4074 te
1104 4026 1329 4087 tuosque
1351 4015 1519 4070 libere
1543 4015 1805 4085 plectunt,

208 4114 375 4168 etiam
406 4113 525 4168 htec
556 4111 739 4167 intulit
764 4126 944 4168 sermo
972 4111 1185 4166 divinos
1216 4128 1228 4163 :
1257 4107 1335 4163 Tu
1356 4125 1478 4180 ergo
1514 4108 1620 4162 noli
1657 4123 1810 4161 orare

206 4224 304 4278 pro
330 4206 525 4278 populo
560 4209 677 4272 hoc,
702 4225 794 4263 nec
823 4224 1062 4263 assumus
1088 4207 1283 4279 procis
1312 4204 1524 4260 laudem
1546 4215 1595 4260 et
1615 4204 1810 4259 oratio-

208 4316 352 4365 nem,
387 4316 481 4355 nec
508 4300 729 4354 obsistas
758 4300 911 4363 mihi,
951 4298 1076 4353 auia
1121 4314 1224 4351 non
1262 4296 1545 4353 exaudiam
1584 4306 1634 4349 te
1671 4295 1807 4371 λεν.

209 4410 296 4460 ιι,
334 4393 449 4465 ιι).

282 4486 377 4542 21.
401 4484 645 4553 Qualiter
663 4484 807 4539 enim
829 4482 1205 4538 liberationem
1228 4486 1534 4551 eXSpectas,
1560 4493 1593 4534 ο
1618 4477 1809 4553 inscie,

207 4597 339 4636 cum
368 4580 474 4636 ista
498 4578 671 4650 legis?
712 4594 810 4633 cur
846 4586 907 4632 ut
943 4576 1081 4648 lapis
1108 4576 1276 4631 dorus
1317 4574 1643 4638 consistens,
1675 4588 1812 4629 nun-

207 4688 380 4744 quam
410 4671 714 4727 mollescis?
743 4670 906 4727 Vides
927 4669 1053 4742 quia
1098 4668 1443 4739 omnipotens
1469 4664 1627 4730 Deus,
1653 4664 1807 4734 cujus

206 4763 422 4818 dixisse
449 4762 649 4819 fecisse
678 4770 782 4829 est,
806 4762 859 4817 in
882 4761 1189 4816 vastatione
1210 4768 1393 4815 vestra
1415 4766 1497 4813 est
1520 4756 1768 4828 protinus
1789 4771 1804 4810 :

204 4863 267 4909 et
324 4864 380 4909 tu
438 4856 866 4928 redemptionem
912 4863 1237 4925 exspectare
1292 4862 1342 4908 te
1393 4852 1630 4916 asseris,
1686 4866 1808 4906 cum

208 4949 545 5020 prophetam
570 4949 903 5019 prohibitum
936 4948 1006 5007 ab
1047 4946 1296 5007 oratione
1332 4960 1455 5021 esse
1492 4942 1811 5015 cognoscis?

206 5044 365 5119 Ecce
383 5044 678 5117 prophetas
693 5042 968 5115 prohibuit
986 5056 1084 5113 pro
1104 5040 1258 5097 vobis
1268 5039 1570 5099 orationem
1594 5037 1806 5103 levare;

204 5135 455 5194 nubibus
499 5135 673 5191 vetuit
714 5124 948 5191 imbrem
983 5132 1139 5189 vobis
1170 5130 1358 5202 gratiae
1402 5144 1609 5187 rorare.
1662 5127 1814 5184 Unde

205 5243 353 5298 ergo
378 5228 530 5284 vobis
551 5242 694 5282 vano
731 5224 1062 5301 pollicemini
1090 5223 1279 5281 venire
1304 5220 1554 5285 salutem,
1588 5236 1710 5275 cum
1737 5227 1815 5276 tot

205 5321 465 5393 exempla
487 5320 789 5392 perducunt
814 5319 882 5373 ad
904 5314 1171 5391 mortem?
1192 5312 1415 5393 Addidit
1436 5312 1601 5377 etiam
1623 5328 1636 5365 :
1659 5311 1812 5379 Quod

204 5413 258 5468 si
290 5411 571 5478 oraveris,
600 5428 704 5467 non
728 5410 1012 5467 exaudiam
1052 5418 1120 5477 te.
1162 5405 1265 5475 Qui
1310 5404 1585 5463 orationes
1630 5415 1813 5461 ratum

203 5518 409 5563 easeas
434 5521 535 5577 pro
566 5504 965 5561 restauratione
988 5510 1171 5573 vestra
1198 5500 1485 5577 praedixit,
1524 5507 1733 5555 vestras
1762 5497 1813 5569 δ,

1898 604 1947 665 si
1964 601 2249 663 obtulerint
2274 600 2725 665 holocaustomato
2734 613 2785 661 et
2808 604 3062 670 victimas,
3086 619 3195 665 non
3204 602 3485 675 suscipias.

1898 714 1961 753 ea
1983 714 2001 763 ;
2022 714 2142 755 cum
2165 696 2366 769 gladio,
2388 709 2436 752 et
2471 697 2635 767 fame,
2662 709 2711 755 et
2737 711 2880 771 peste
2922 716 3017 770 ego
3054 713 3360 756 consumam
3398 714 3485 753 eos

1896 790 2038 861 (let.
2062 790 2154 856 Ν,
2188 791 2295 865 Η).
2326 790 2490 849 Vides
2515 792 2844 864 prohibitum
2880 809 2911 849 a
2936 793 3171 850 Domino
3205 792 3487 864 prepbetis

1898 883 2016 941 suis
2038 899 2138 954 pro
2160 885 2314 941 vobis
2349 885 2651 942 orationem
2680 885 2883 957 levare,
2908 886 3189 959 Conspicis
3211 886 3490 942 orationes

1898 985 2112 1034 uestras
2138 985 2194 1035 et
2220 976 2684 1035 bolocaostomata
2709 978 2938 1050 reprobo
2974 994 3120 1037 esse.
3165 977 3335 1034 Audis
3360 992 3491 1033 con-

1899 1076 2229 1125 summatum
2273 1069 2625 1129 lsraeiitieum
2676 1070 2930 1142 populum
2975 1070 3175 1143 gladio,
3219 1077 3391 1140 pate,
3438 1076 3494 1125 et

1896 1162 2048 1219 fame
2080 1181 2093 1217 :
2121 1171 2178 1218 et
2197 1178 2301 1233 qua
2326 1162 2502 1220 fronte
2523 1165 2975 1220 restaurationem
2998 1172 3123 1234 post
3146 1176 3493 1219 consnmma-
3538 1154 3549 1159 ’

1900 1254 2105 1311 tionem
2132 1255 2452 1327 exspectas?
2478 1254 2766 1327 Nunquam
2787 1256 2931 1311 enim
2967 1255 3111 1326 quod
3142 1261 3495 1310 consumatur

1904 1355 2262 1403 restaurator.
2291 1346 2654 1419 Conquereris
2675 1346 2924 1414 forsitan,
2952 1352 3122 1418 quare
3138 1345 3215 1415 ita
3241 1360 3494 1402 conisum-

1900 1438 2106 1495 maris?
2135 1437 2251 1494 Non
2279 1454 2387 1504 me,
2420 1440 2515 1495 sed
2536 1439 2710 1510 ipsum
2736 1447 2916 1494 vatem
2940 1437 3186 1495 ausculta
3218 1456 3233 1492 :
3265 1435 3421 1504 Quod
3446 1435 3494 1492 si

1902 1530 2099 1586 dixeris
2125 1532 2182 1585 in
2215 1532 2370 1587 corde
2400 1541 2523 1586 tuo:
2548 1530 2726 1598 Quare
2754 1541 3006 1587 uenerunt
3033 1531 3164 1587 mibi
3187 1530 3341 1586 hac?
3364 1547 3488 1601 pro-

1902 1630 2017 1693 pter
2035 1619 2425 1677 multitudinem
2458 1621 2751 1693 iniquitatis
2779 1634 2885 1677 tute
2923 1620 3150 1681 revelata
3187 1629 3307 1677 sunt
3348 1636 3490 1675 vere-

1902 1713 2160 1769 cundiora
2182 1722 2297 1779 tua,
2323 1712 2537 1785 pollutaD
2562 1724 2682 1770 sunt
2709 1712 2907 1785 planta:
2931 1722 3038 1771 tua:
3060 1711 3195 1785 (Jer.
3222 1727 3344 1778 xut,
3375 1709 3493 1782 22).

1905 1808 1975 1864 Et
2020 1816 2077 1863 ut
2112 1815 2427 1878 perpetuam
2479 1807 2875 1877 genuinamqoe
2911 1813 3077 1869 tuam,
3119 1820 3152 1861 ο
3189 1802 3495 1868 insensate,

1905 1902 2211 1961 vecordiam
2235 1898 2546 1966 adiuuaret,
2574 1888 2883 1973 parabolice
2912 1900 3169 1969 deinceps
3188 1896 3491 1967 expressit:

1904 1991 1964 2053 Si
1988 2002 2190 2053 mutare
2216 2001 2380 2064 potest
2402 1990 2653 2063 zEt/tiops
2673 1990 2858 2063 pellent
2887 2001 2937 2056 ο,
2969 2007 3056 2047 vos
3099 1989 3336 2061 poteritis
3373 1988 3500 2044 bene

1898 2083 2097 2154 facere,
2127 2099 2246 2138 eum
2289 2081 2579 2136 didiceritis
2616 2080 2750 2135 male
2794 2079 2929 2147 (Jer.
2973 2095 3095 2145 sui,
3123 2077 3238 2148 25).
3272 2076 3427 2134 Unde
3452 2077 3500 2133 si

1903 2183 2061 2247 potes
2089 2172 2381 2245 aliquando
2400 2170 2711 2241 Ethiopem
2740 2171 3028 2239 ostendere
3048 2169 3253 2238 album,
3275 2177 3372 2225 aut
3391 2184 3499 2229 non

1902 2270 2206 2339 variantem
2256 2267 2532 2329 coloribus
2571 2266 2814 2337 pardus;
2875 2265 3084 2337 poteris
3133 2272 3188 2321 et
3242 2272 3297 2320 tu
3356 2261 3501 2334 quod

1903 2370 2190 2434 exspectas
2243 2359 2634 2432 redemptionis
2671 2356 2897 2429 adispici
2924 2357 3148 2421 bonum.
3178 2355 3331 2424 Quod
3372 2355 3500 2426 quia

1905 2453 2236 2527 impossibile
2285 2454 2454 2518 nosti,
2503 2461 2554 2508 te
2601 2459 2921 2523 perpetuum
2964 2448 3080 2520 jam
3124 2449 3330 2520 perisse
3375 2462 3501 2503 eon-

1904 2563 2098 2621 groum
2130 2555 2215 2602 est
2249 2560 2355 2601 non
2385 2553 2577 2613 sponte
2604 2543 2779 2599 fateri.
2812 2540 3114 2613 Sequitur:
3150 2538 3218 2595 Et
3254 2538 3498 2594 dissemi—

1905 2638 2040 2707 nabo
2065 2655 2153 2707 eos
2176 2638 2326 2709 quasi
2352 2635 2758 2707 stipulam,quw
2783 2644 2927 2690 vento
2951 2642 3193 2702 raptatur
3221 2632 3274 2685 in
3297 2630 3501 2685 deserto

1907 2732 2100 2802 (lbid.,
2130 2730 2247 2798 ‘24).
2277 2729 2411 2785 Cum
2458 2729 2600 2783 Deus
2624 2726 2962 2789 disseminet,
3002 2725 3124 2795 quis
3168 2733 3255 2779 est
3279 2722 3383 2777 iste
3404 2719 3499 2791 qui

1908 2823 2210 2896 colligendo
2253 2836 2351 2879 vos
2396 2821 2722 2893 congregat?
2761 2818 2983 2874 Addidit
3014 2835 3026 2872 :
3070 2815 3198 2879 Ηιιρο
3228 2831 3341 2870 sors
3367 2822 3460 2869 tua
3484 2853 3499 2878 ,

1902 2932 2130 2989 parsque
2174 2929 2434 2973 mensura.-
2469 2923 2611 2979 tute,
2656 2911 2781 2969 dicit
2836 2908 3091 2973 Dominus,
3143 2905 3331 2978 (lbid.,
3383 2903 3501 2976 25).

1908 3012 2077 3075 Audis
2098 3019 2300 3067 sortem
2332 3017 2500 3073 tuam,
2529 3017 2584 3063 et
2614 3007 2783 3078 partis
2822 3013 2926 3061 tute
2959 3016 3285 3069 mensuram,
3321 2999 3498 3057 disse-

1909 3100 2297 3167 minationem?
2319 3098 2429 3156 Cur
2451 3113 2557 3153 non
2586 3097 2752 3169 pudet
2780 3107 2849 3161 te,
2883 3093 3357 3165 congregationem
3384 3105 3504 3161 quae

1909 3196 2137 3261 aliorum
2168 3204 2253 3251 est
2288 3192 2581 3264 requirere
2623 3188 2874 3246 sortem?
2918 3186 3027 3245 Sed
3072 3194 3130 3242 et
3176 3184 3303 3242 alibi
3355 3183 3496 3239 idem

1904 3291 2166 3363 propheta
2188 3289 2324 3349 dixit
2355 3303 2370 3343 :
2415 3286 2473 3345 Si
2505 3286 2701 3345 steterit
2738 3284 2966 3357 Moyses,
3000 3294 3049 3347 et
3086 3280 3302 3341 Samuel
3323 3296 3503 3336 rorant

1904 3401 2006 3451 me.
2033 3401 2137 3443 non
2157 3395 2230 3439 est
2256 3383 2435 3439 anima
2458 3398 2572 3437 mea
2591 3380 2661 3437 ad
2686 3378 2938 3450 pupulum
2961 3378 3120 3437 istum
3144 3376 3279 3449 (Jer.
3313 3390 3401 3439 xv,
3429 3373 3503 3446 i).

1904 3476 2199 3547 Postquam
2233 3474 2525 3532 Jcremiam
2557 3488 2655 3543 pro
2701 3470 2853 3529 vobis
2899 3486 3062 3529 orare
3092 3469 3403 3543 prohibuit,
3439 3482 3510 3525 ne

1904 3588 2031 3639 eum
2076 3571 2249 3628 solum
2287 3569 2443 3641 quasi
2491 3569 2805 3639 despectum
2850 3566 2905 3623 in
2939 3563 3196 3636 suffragio
3236 3563 3509 3630 redderet,

1904 3679 2035 3723 mox
2064 3663 2112 3719 ei
2138 3663 2316 3721 socios
2333 3660 2547 3730 junxit,
2580 3675 2678 3733 per
2703 3674 2933 3731 quorum
2978 3657 3427 3715 memorationem
3454 3667 3513 3719 et

1908 3755 2123 3813 ruinam
2152 3762 2386 3810 vestram
2420 3753 2794 3819 demonstrat.
2827 3759 3143 3821 perpetuam
3183 3750 3508 3820 designavit,

1908 3856 1964 3911 et
1996 3844 2335 3903 insolubilem
2366 3855 2574 3903 reatum
2602 3842 2849 3905 criminis
2876 3842 3037 3901 Vestri
3061 3842 3326 3912 probavit.
3364 3840 3503 3898 Eze-

1910 3936 2071 3994 eliieli
2096 3952 2279 3995 sermo
2309 3935 2525 3997 divinus
2553 3934 2758 4001 plantat
2799 3942 2855 3993 et
2900 3932 3073 3997 dicit:
3112 3931 3218 3988 Fili
3253 3933 3505 3998 hominis,
3586 3942 3601 3949 ’

1910 4046 2058 4089 versa
2098 4038 2173 4085 est
2214 4028 2344 4093 milii
2388 4028 2575 4091 domus
2603 4025 2774 4085 Israel
2819 4028 2874 4082 in
2911 4027 3157 4083 scorians.
3192 4024 3384 4083 Omnes
3425 4027 3512 4081 isti

1904 4129 2179 4191 stantium,
2213 4119 2513 4192 plumbum,
2563 4130 2612 4188 et
2651 4117 2852 4191 ferrum
2896 4120 2953 4179 in
3000 4119 3229 4177 medium
3276 4118 3510 4187 fornacis

1911 4213 2085 4283 scoria
2109 4213 2313 4284 argenti
2340 4211 2466 4282 facti
2495 4220 2936 4282 sunt:propterea
2964 4211 3074 4269 haec
3101 4210 3227 4269 dicit
3256 4209 3509 4267 Dominus

1912 4304 2055 4377 Deus
2079 4319 2096 4357 :
2127 4303 2207 4363 Eo
2231 4304 2373 4377 quod
2397 4304 2529 4363 uersi
2565 4304 2689 4360 estis
2716 4320 2893 4361 omnes
2909 4305 2964 4359 in
3000 4303 3249 4367 scoriam,
3275 4313 3512 4373 propter-

1915 4414 1979 4455 ea
2025 4412 2141 4461 ecce
2168 4412 2263 4467 ego
2304 4396 2629 4467 congregabo
2670 4413 2757 4453 vos
2792 4397 2846 4455 in
2875 4396 3047 4452 medio
3074 4393 3371 4453 Jerusalem
3394 4411 3515 4451 con-

1912 4487 2213 4559 gregatione
2250 4488 2476 4557 argenti,
2503 4498 2550 4542 et
2594 4487 2745 4558 ferri,
2786 4496 2835 4542 et
2878 4488 3075 4551 stanni,
3106 4497 3154 4545 et
3195 4485 3415 4558 plumbi,
3457 4487 3513 4543 in

1914 4579 2146 4634 medium
2168 4577 2402 4648 fornacis
2426 4595 2445 4645 ;
2472 4588 2528 4633 'et
2549 4578 2866 4634 succendunt
2892 4595 3009 4637 eam
3041 4579 3150 4650 igni
3171 4579 3241 4633 ad
3264 4588 3512 4634 constan-

1914 4671 2060 4725 dum.
2086 4668 2174 4725 Sic
2196 4669 2517 4743 congregabo
2540 4687 2629 4727 ros
2653 4671 2707 4725 in
2738 4671 2916 4741 furore
2940 4688 3052 4727 meo
3069 4712 3085 4737 ,
3109 4680 3158 4728 et
3189 4671 3242 4726 in
3269 4672 3351 4726 ira
3371 4687 3511 4739 mea,

1911 4772 1958 4819 et
2001 4762 2339 4835 requiescam,
2370 4771 2416 4831 et
2446 4763 2685 4833 conﬂabo
2711 4778 2799 4829 nos
2838 4761 3058 4832 (Ezech.
3108 4778 3243 4827 xw,
3292 4760 3510 4835 18-20),

1912 4855 2079 4929 Vides
2100 4854 2268 4917 Deum
2292 4856 2534 4927 requiem
2565 4856 2669 4913 sibi
2694 4871 2814 4919 esse
2835 4856 3105 4919 dicentem
3124 4854 3511 4914 conﬂationem

1912 4957 2173 5007 vestram.
2200 4948 2270 5004 Et
2287 4948 2524 5007 addidit:
2544 4946 2612 5005 Et
2631 4950 2807 5017 scietis
2824 4949 2952 5020 quia
2975 4965 3070 5019 ego
3099 4947 3376 5014 Dominus,
3394 4966 3514 5006 cunt

1913 5041 2189 5112 eﬂ'uderim
2245 5042 2659 5117 indignationem
2723 5057 2895 5105 meam
2959 5057 3118 5112 super
3170 5058 3263 5099 eos
3318 5042 3511 5113 (Ibid.,

1914 5133 2025 5205 22)

1984 5226 2075 5281 ἓξ..
2115 5226 2182 5299 Et
2223 5235 2283 5299 ut
2324 5225 2630 5297 evidentius
2663 5226 3020 5294 ostenderet,
3058 5226 3263 5285 nullum
3297 5242 3362 5287 ex
3408 5228 3512 5287 hac

1916 5320 2070 5377 vobis
2110 5320 2433 5397 probatione
2473 5319 2695 5379 evenire
2726 5318 3033 5392 profectum
3054 5363 3069 5387 ,
3094 5328 3221 5392 post
3241 5336 3407 5393 parva
3431 5322 3513 5381 sic

1918 5413 2123 5470 addidit
2165 5411 2383 5485 (Esech.
2410 5427 2559 5481 XXIV,
2592 5412 2753 5485 9—H)
2779 5432 2794 5468 :
2840 5411 2927 5473 Va:
2949 5415 3147 5487 civitati
3171 5416 3509 5486 ιωισιιίπκιι.

1920 5505 2071 5576 cujus
2092 5521 2186 5577 ego
2208 5504 2460 5577 grandem
2483 5504 2624 5575 [acia
2642 5521 2839 5581 pyram.
2854 5522 2872 5557 :
2899 5523 3179 5587 congere”
3206 5520 3296 5567 eos
3319 5507 3516 5580 absque

202 5599 414 5668 utique
440 5608 921 5671 transgressurum,
945 5611 1044 5669 pro
1071 5611 1269 5669 magno
1297 5592 1537 5651 videbit?
1570 5592 1637 5647 Et
1679 5593 1817 5659 dixit
1916 5596 2036 5667 igne
2057 5595 2391 5661 succendam,
2417 5604 2790 5667 consumentur
2815 5612 3021 5666 gurges,
3041 5607 3365 5668 eteqquetur
3390 5598 3512 5659 uni-

203 5690 487 5750 Dominus
512 5691 585 5769 ad.
606 5706 694 5749 me
711 5708 726 5747 :
744 5690 870 5749 Noli
892 5708 1046 5757 orare
1072 5707 1167 5771 pro
1187 5687 1380 5763 populo
1401 5689 1501 5745 isto
1523 5688 1579 5744 in
1600 5687 1814 5761 bonum,

170 5814 185 5840 '
283 5804 600 5876 ‘Is..est.

287 5876 330 5922 ι
366 5875 594 5953 Vestras,
623 5879 675 5934 id
699 5888 784 5936 est
806 5879 1099 5945 orationes.

1920 5703 2065 5743 versa
2088 5686 2415 5758 compositio,
2442 5697 2489 5759 et
2523 5703 2645 5761 ossa
2675 5687 2791 5759 ejus
2816 5688 3105 5761 μιιαξρῃι,
3142 5688 3289 5757 Bone
3308 5707 3515 5762 quoque

1996 5812 2021 5857 ς
2063 5800 2251 5878 Adde:
2282 5810 2375 5873 aut
2412 5800 2613 5878 pardus
2652 5803 2933 5871 varietates
2950 5811 3210 5878 suosq'ut
3234 5803 3430 5878 legitur
3457 5805 3512 5862 in
3618 5776 3623 5787 ι

1922 5875 2182 5957 propheta
2203 5914 2217 5941 ,
2241 5881 2295 5933 et
2324 5873 2615 5949 ostendunt
2640 5875 3027 5969 copggq'u‘erpti‘a
3052 5884 3258 5964 tes-tog,
