4034 6350
581 380 680 435 5M

1824 355 2085 416 ALVARI
2119 348 2595 414 COBDUBENSIS

3721 356 3797 413 bii

582 507 699 551 eam
721 504 878 560 super
901 502 1102 558 prunas
1139 497 1394 544 vacuam,
1433 465 1495 535 ut
1528 474 1812 534 incalescat
1850 481 1900 529 et
1933 468 2166 544 liqueﬁot
2192 471 2246 533 Α
2270 465 3221 560 signaretpropheta,interrogando
3241 468 3528 540 cognovit:
3552 470 3798 544 Usquequo,

586 582 810 655 resejus,
833 589 884 636 et
898 579 1156 650 conﬂetur
1176 577 1234 630 in
1250 573 1423 629 medio
1440 572 1557 644 ejus
1569 570 2019 642 inquinamentum
2030 563 2168 635 ejus,

589 681 1035 743 consumaturque
1066 667 1251 736 rubigo
1268 664 1406 737 ejus.
1467 662 1590 719 Mox
1617 659 1721 717 sibi
1749 655 2026 730 respondit
2058 668 2175 710 ser-

588 781 680 823 tro
713 763 963 822 divinus:
998 758 1167 817 Multo
1195 757 1373 813 labore
1395 754 1646 811 sudatum
1669 759 1747 807 est
1768 791 1784 816 ,
1820 759 1868 805 et
1894 764 2000 804 non
2018 745 2175 803 esivit

590 856 657 912 de
676 870 738 911 ea
768 853 928 909 nimia
958 850 1143 922 rubigo
1171 849 1320 921 ejus,
1351 862 1513 919 neque
1532 861 1625 917 per
1646 844 1818 915 ignem
1843 837 2178 897 immunditia

591 961 684 1005 tua
726 944 1097 1005 exsecrabilis,
1144 947 1271 1016 quia
1303 941 1562 999 mundare
1606 948 1656 994 te
1695 936 1868 1002 volui,
1903 944 1952 990 et
1992 948 2097 988 non
2125 947 2180 986 es

596 1041 892 1105 mundata;
919 1037 1011 1094 sed
1044 1053 1138 1093 nec
1164 1035 1497 1091 mandaveris
1516 1074 1534 1099 ,
1582 1032 1748 1087 donec
1794 1030 2058 1101 quiescere
2093 1024 2179 1094 fa-

595 1134 733 1187 ciam
773 1130 1191 1200 indignationem
1232 1140 1405 1209 meum
1442 1125 1499 1178 in
1535 1133 1605 1178 te.
1664 1120 1731 1176 Et
1769 1129 1828 1174 ιιι
1854 1116 1948 1174 tibi
1976 1116 2181 1171 aditum

588 1222 896 1293 respirandi
917 1235 1023 1276 non
1036 1220 1214 1284 daret,
1240 1218 1352 1290 Ego
1370 1216 1645 1279 Dominus,
1672 1213 1741 1269 ait
1755 1253 1772 1276 ,
1796 1213 2002 1267 locutus
2021 1222 2138 1264 sum
2156 1217 2181 1257 :

604 1314 757 1380 Veni,
782 1325 830 1370 et
861 1314 1057 1386 faciam
1079 1329 1099 1369 :
1124 1328 1228 1369 non
1258 1321 1546 1373 transeam,
1572 1323 1665 1362 nec
1685 1320 1922 1376 parcam,
1952 1317 2044 1355 nec
2066 1298 2184 1371 pla-

2276 558 2499 617 Domine
2514 558 2541 614 7
2564 558 2631 614 Et
2656 559 2791 615 dixit
2825 574 2846 613 :
2880 558 3058 617 Donec
3078 560 3391 619 desolentur
3413 564 3632 621 civitates
3656 567 3801 641 absqu

2276 651 2602 719 habitatore,
2641 663 2691 707 et
2733 653 2921 709 domus
2945 656 3059 710 sine
3083 656 3322 722 homine,
3365 666 3415 712 et
3443 667 3577 713 terra
3598 660 3786 733 reliqua

2277 750 2365 797 tur
2398 741 2603 799 deserta
2635 741 2826 815 (lbid.,
2859 744 2968 817 ll).
3008 744 3175 803 Vides
3194 747 3504 804 caecitatem
3530 757 3661 807 tuam
3678 770 3804 827 usque

2278 836 2348 891 ad
2383 835 2544 892 linem
2593 838 2776 893 mundi
2823 854 2944 896 esse
2982 842 3324 912 praedictam.
3378 841 3444 897 Et
3464 844 3802 914 perieremiam

2276 929 2414 986 dicit
2435 947 2450 984 :
2479 928 2617 987 Ecce
2634 948 2727 1004 ego
2748 932 2884 988 dabo
2904 941 3151 1005 populum
3165 936 3330 990 istum
3346 935 3402 990 in
3426 938 3615 999 ruinas.
3638 952 3676 994 et
3695 955 3804 1000 ruent

2281 1025 2337 1079 in
2381 1025 2457 1079 eis
2503 1036 2676 1095 patres
2718 1038 2767 1082 et
2808 1027 2909 1097 ﬁlii
2932 1069 2948 1094 ,
2994 1028 3153 1084 simul
3185 1030 3392 1084 vicinus
3424 1040 3473 1085 et
3495 1035 3748 1101 proximus.
3772 1050 3806 1094 et

2280 1119 2517 1192 peribunt
2542 1118 2677 1189 (Jcr.
2704 1136 2780 1183 vr,
2806 1122 2920 1192 2i).
2965 1123 3028 1178 Et
3061 1141 3075 1177 :
3107 1123 3314 1179 Cibabo
3342 1140 3431 1178 eos
3458 1126 3753 1196 absinthium.
3772 1145 3805 1190 et

2283 1224 2461 1284 potum
2484 1213 2618 1267 dabo
2645 1215 2720 1268 eis
2739 1230 2929 1286 aquam
2956 1215 3130 1287 fellis;
3159 1227 3209 1272 et
3237 1219 3533 1290 dispergam
3553 1238 3632 1278 eos
3661 1224 3705 1279 in
3720 1242 3806 1294 gen-

2285 1306 2424 1360 tibus
2463 1323 2594 1377 quas
2641 1323 2745 1362 non
2799 1322 3048 1363 noverunt
3084 1310 3221 1380 ipsi,
3263 1328 3360 1366 nec
3388 1323 3557 1381 patres
3583 1332 3806 1384 eorum;et

586 1410 786 1466 .cabor:
803 1407 966 1479 juxta
1009 1405 1119 1463 vias
1149 1415 1271 1460 tuas
1300 1444 1318 1470 ,
1361 1411 1411 1457 et
1447 1402 1605 1473 juxta
1651 1397 2039 1453 adinventiones
2066 1404 2186 1448 tuas
2286 1398 2488 1452 ruinam
2516 1410 2631 1469 post
2652 1416 2740 1455 eos
2766 1401 3022 1470 gladium,
3043 1404 3213 1459 donec
3238 1409 3731 1476 consumanturUet‘.
3753 1428 3805 1478 lt,

586 1499 843 1572 judicabo
873 1510 959 1566 te,
989 1495 1117 1553 dicit
1169 1494 1428 1551 Dominus
1478 1491 1637 1548 Deus.
1697 1489 1840 1545 Deus
1881 1486 2035 1551 dicit,
2066 1483 2185 1539 Non
2290 1489 2376 1553 l5,
2414 1490 2522 1545 l6).
2581 1492 3053 1550 (lonsumationcm
3110 1497 3303 1561 audis,
3354 1507 3408 1554 et
3454 1502 3806 1572 redemptionem

594 1590 866 1663 placabor,
921 1605 1023 1649 nec
1048 1604 1267 1662 parcam
1294 1601 1310 1643 :
1340 1595 1394 1643 et
1418 1597 1474 1641 tu
1514 1600 1638 1641 ettm
1687 1581 1997 1638 mendacem
2043 1577 2190 1634 testi-
2289 1584 2612 1655 exspectas?
2636 1583 2795 1641 Vides
2817 1588 2943 1659 quia
2965 1589 3162 1644 cecidit
3178 1589 3340 1662 virgo
3365 1591 3470 1646 ﬁlia
3487 1590 3727 1659 Siou,uon
3745 1599 3809 1652 ad.

600 1701 717 1742 mas
740 1685 902 1741 esse?
932 1685 1124 1740 Adhuc
1154 1681 1387 1753 amplius
1411 1679 1651 1735 aestimas
1675 1675 1837 1734 esse?
1862 1674 2054 1730 Adhuc
2073 1689 2189 1728 am-
2281 1676 2434 1748 jiciet
2459 1688 2513 1733 ut
2542 1689 2806 1750 resurgat.
2828 1682 3290 1754 Luomodolquia
3315 1702 3422 1740 non
3437 1696 3518 1741 est
3538 1689 3620 1758 qui
3641 1692 3811 1746 suscitet

596 1777 736 1849 plius
764 1793 945 1834 sermo
968 1777 1182 1834 divinus
1202 1773 1672 1853 insensibilitalem
1696 1780 1931 1827 vestram
1958 1768 2145 1824 dicens
2169 1784 2184 1822 :

2289 1788 2430 1827 eam.
2450 1772 2700 1828 Avolavit
2724 1776 2867 1830 enim
2891 1776 2960 1832 ab
2982 1777 3062 1832 eis
3075 1779 3164 1849 qui
3191 1779 3391 1835 solitus
3410 1791 3620 1837 erateos
3637 1782 3825 1853 erigere

599 1868 846 1939 Cognovit
872 1869 962 1925 bos
987 1884 1337 1942 possessorem
1362 1881 1541 1929 suum,
1565 1875 1613 1919 et
1637 1864 1818 1918 asinus
1840 1877 2069 1933 prtrsepe
2100 1860 2194 1914 do—
2223 1857 2268 1921 Β
2293 1865 2509 1921 Addidit
2540 1885 2553 1921 :
2581 1866 2735 1934 Quod
2771 1870 2819 1923 si
2856 1869 3085 1925 dixerint
3132 1872 3204 1926 ad
3248 1883 3300 1928 te
3322 1890 3341 1928 :
3370 1872 3487 1939 Quo
3523 1876 3813 1947 egredimur?

598 1962 730 2016 mini
769 1962 886 2027 sui,
923 1960 1094 2018 Israel
1120 1977 1201 2016 me
1228 1975 1332 2014 non
1368 1956 1626 2027 cognovit.
1666 1952 1904 2026 Populus
1936 1969 2082 2008 meus
2112 1967 2193 2006 me

600 2073 705 2113 non
728 2056 971 2130 intelligit
1012 2055 1149 2126 (Isa.
1180 2072 1221 2120 ι,
1255 2055 1336 2123 5).
1389 2054 1554 2110 Vides
1578 2051 1746 2109 boves
1781 2060 1836 2108 et
1860 2051 2042 2108 asinos
2074 2059 2195 2106 tuos

601 2151 699 2207 tibi
728 2151 1064 2224 antepositos
1101 2165 1241 2206 esse.
1289 2149 1431 2204 Audi
1464 2148 1664 2204 iterum
1703 2145 2039 2203 .Ieremiatn:
2071 2142 2196 2200 Mil-

596 2259 691 2300 vus
719 2243 775 2298 in
815 2242 944 2299 coelo
974 2244 1210 2315 cognovit
1241 2252 1441 2314 tempus
1476 2256 1670 2306 suum;
1703 2249 1899 2304 turtur,
1944 2240 2193 2305 hirundo,

597 2345 649 2391 et
687 2336 890 2391 ciconia
925 2335 1280 2392 custodierunt
1305 2343 1507 2392 tempus
1535 2332 1788 2387 adventus
1821 2331 1941 2386 sui:
1972 2331 2197 2403 populus

602 2437 777 2483 autem
801 2443 947 2483 meus
971 2443 1076 2483 non
1099 2425 1339 2498 cognovit
1354 2423 1619 2496 judicium
1645 2420 1881 2477 Domini.
1923 2420 2196 2489 Quomodo

599 2521 825 2577 dicimus
849 2535 869 2574 .'
901 2520 1176 2581 Sapientes
1218 2536 1313 2575 nos
1342 2535 1555 2584 sumus,
1584 2526 1632 2573 et
1670 2516 1756 2572 lea:
1786 2514 2002 2571 Domini
2030 2517 2200 2572 nobis-

564 2639 577 2651 -
600 2628 718 2667 cum
737 2612 854 2668 est?
892 2609 1021 2667 Vere
1044 2611 1375 2667 mendacium
1405 2619 1650 2683 operatus
1674 2618 1749 2665 est
1775 2607 1944 2681 stglus
1973 2607 2200 2664 mendax

601 2701 906 2759 Scribarum
930 2702 1067 2774 (Jer.
1097 2719 1218 2767 vm,
1244 2704 1298 2766 7,
1330 2704 1412 2775 8).

666 2794 761 2853 2‘5.
799 2796 1076 2863 Advertis,
1103 2813 1137 2854 o
1163 2797 1355 2852 :emule
1375 2838 1390 2862 ,
1422 2797 1520 2852 tibi
1548 2797 1714 2854 etiam
1742 2795 1900 2853 alites
1922 2796 1976 2851 in
2013 2796 2198 2852 scien-

604 2888 678 2945 tia
713 2901 836 2945 esse
866 2888 1196 2961 intelligendi
1238 2888 1560 2960 prrelertas:
1596 2899 1651 2944 et
1695 2897 1751 2944 tu
1792 2887 1923 2945 mihi
1953 2888 2202 2943 doctores

601 2997 669 3040 es
703 2981 834 3054 ipsis
855 2981 1131 3054 producis.
1160 2997 1395 3054 quorum
1424 2979 1620 3053 stylum
1652 2980 1967 3036 mendacem
2003 2979 2203 3048 ubique

603 3075 830 3147 legendo
856 3073 1102 3130 invenis?
1125 3089 1262 3146 quos
1296 3073 1462 3129 etiam
1500 3087 1608 3127 non
1639 3071 1891 3127 videntes
1923 3084 2205 3140 caecosque

602 3184 702 3241 per
730 3167 924 3224 lsaiam
947 3182 1071 3224 esse
1096 3181 1204 3223 non
1235 3165 1448 3223 nescis?
1471 3163 1579 3221 Sed
1613 3173 1740 3235 puto
1771 3164 1914 3235 quod
1952 3164 2067 3234 ipsa
2095 3178 2202 3220 cte-

2294 1958 2431 2013 dices
2473 1958 2543 2013 ad
2570 1974 2657 2013 eos
2693 1973 2712 2012 :
2738 1959 2843 2026 Qui
2867 1962 2939 2015 ad
2963 1972 3205 2030 mortem,
3248 1968 3323 2019 ad
3348 1977 3594 2032 mortem;
3621 1977 3663 2021 et
3679 1969 3748 2039 qui
3766 1970 3810 2022 ad

2296 2049 2510 2120 famem,
2536 2052 2605 2106 ad
2625 2051 2854 2122 famem;
2878 2063 2927 2108 et
2959 2056 3050 2126 qui
3074 2057 3145 2110 ad
3171 2058 3548 2124 captivitatem,
3577 2060 3638 2112 ad
3658 2060 3813 2130 captiti-

2296 2152 2453 2197 tatem
2485 2154 2576 2199 :et
2624 2144 2847 2200 visitabo
2885 2163 3044 2219 super
3091 2164 3181 2203 eos
3227 2160 3463 2221 quatuor
3499 2154 3699 2223 species,
3724 2155 3811 2207 dicit

2297 2232 2554 2289 Dominus
2574 2250 2594 2290 :
2618 2233 2868 2290 Gladium
2889 2239 2959 2291 ad
2989 2239 3341 2305 occisionem,
3377 2250 3427 2295 et
3467 2257 3612 2296 canes
3640 2243 3696 2295 ad
3715 2242 3813 2297 lacr-

2297 2326 2546 2393 randum,
2571 2338 2617 2382 et
2637 2344 2756 2384 aves
2779 2328 2893 2383 caeli
2915 2331 2984 2385 ad
3013 2330 3428 2403 disperdendum
3447 2374 3464 2397 ,
3498 2343 3546 2389 et
3573 2335 3730 2391 bestias
3745 2345 3815 2388 trr-

2299 2437 2374 2476 rte
2407 2422 2477 2476 ad
2528 2421 2885 2479 devorandum
2925 2423 3059 2497 (ler.
3089 2442 3186 2494 xv,
3227 2426 3288 2495 2,
3324 2426 3403 2500 3).
3464 2428 3587 2496 Quae
3624 2428 3766 2484 omnia
3794 2443 3814 2481 τι

2300 2522 2543 2586 tempore
2589 2512 2906 2587 VeSpasiani
2944 2527 2999 2573 et
3042 2516 3151 2574 Titi
3203 2518 3258 2575 in
3306 2517 3460 2574 vobis
3494 2518 3733 2590 hucusque
3751 2533 3815 2589 per

2299 2622 2499 2679 genera
2559 2615 2952 2664 tormentorum
3008 2608 3093 2665 vel
3146 2611 3528 2680 captivitatem
3574 2610 3812 2680 implentur.

2296 2698 2547 2771 Congere
2579 2698 2627 2755 si
2662 2698 2813 2755 vides
2842 2699 2985 2756 hanc
3014 2701 3390 2772 captivitatem
3420 2717 3541 2758 cum
3562 2701 3684 2764 aliis,
3702 2711 3744 2756 et
3763 2699 3815 2754 vi-

2303 2791 2458 2849 debis
2487 2801 2695 2863 quanto
2721 2808 2990 2849 annorum
3025 2809 3260 2852 numero
3299 2795 3420 2853 illas
3444 2796 3556 2854 haec
3583 2795 3685 2851 dira
3702 2792 3813 2849 vasti-

2303 2894 2387 2941 tas
2425 2886 2612 2941 vineit.
3650 2947 3655 2951 ,

2372 2977 2464 3034 24.
2512 2977 2664 3037 Unde
2691 2978 2920 3037 obsecro
2946 2990 2998 3038 te
3025 2990 3086 3037 ut
3115 2999 3228 3039 non
3258 2993 3312 3040 te
3338 2984 3515 3057 pigeat
3539 2983 3655 3039 mihi
3678 2980 3817 3038 rescri-

2303 3072 2457 3138 bere,
2480 3088 2601 3144 qute
2624 3074 2913 3131 manifesta
2936 3076 3145 3132 exstitit
3167 3078 3355 3149 culpa,
3376 3093 3494 3148 qua:
3516 3092 3611 3132 non
3631 3074 3816 3144 expiatur

2306 3180 2406 3236 per
2433 3176 2675 3239 tempora
2710 3176 2878 3223 tanta.
2922 3167 3057 3224 Nam
3085 3184 3281 3227 omnes
3312 3180 3505 3225 vestrae
3529 3167 3814 3239 captivitates,

604 3230 768 3327 citas.
798 3276 919 3332 qure
941 3259 1014 3316 ibi
1039 3259 1295 3331 praedicta
1317 3266 1424 3322 est,
1440 3256 1721 3312 oculorum
1751 3264 1965 3309 tuorum
1997 3253 2202 3311 lmnina
2228 3230 2276 3297 ί)
2306 3230 2362 3319 et
2391 3230 2780 3334 dispersiones,
2810 3271 2864 3319 et
2890 3263 3182 3321 servitutes
3207 3281 3311 3337 per
3337 3280 3497 3336 regna
3526 3230 3708 3318 diversa
3728 3265 3813 3312 ηοω

607 3351 835 3424 caligine
867 3350 1036 3421 tegit:
1065 3358 1123 3406 et
1162 3349 1287 3405 inde
1317 3362 1494 3404 czecus
1529 3345 1744 3401 animus
1770 3345 2069 3401 siccitatem
2099 3346 2203 3403 sibi

606 3445 787 3503 inesse
832 3459 940 3501 non
983 3442 1170 3517 gemit.
1225 3440 1361 3497 Nam
1420 3439 1679 3496 Dominus
1732 3438 1994 3505 sabaoth,
2040 3454 2202 3511 quem

622 3540 891 3612 Seraphin
919 3538 1060 3595 trina
1101 3536 1533 3595 sanetillcatioue
1564 3532 1787 3591 laudare
1832 3550 1937 3590 non
1964 3544 2203 3602 cessant,

619 3643 906 3707 postquam
947 3634 1183 3689 carbone
1220 3631 1359 3687 labia
1402 3631 1695 3703 prophetae.
1710 3631 1970 3686 mundare
2000 3630 2206 3701 forcipe

609 3725 799 3797 jussit,
837 3723 1016 3782 taliter
1052 3724 1330 3796 prophetae
1355 3721 1672 3792 dixit(lsa.,
1698 3721 2063 3795 8-l0):Quem
2088 3723 2209 3777 mit-

620 3827 751 3883 tant,
763 3828 810 3873 et
837 3819 955 3890 quis
974 3817 1067 3873 ibit
1092 3820 1239 3874 nobis
1256 3818 1285 3873 1’
1302 3817 1389 3875 cui
1412 3817 1674 3890 propheta
1691 3817 1802 3887 jam
1829 3816 2118 3873 mundatus
2138 3832 2207 3874 ex

617 3909 916 3981 pollutione
943 3909 1304 3966 habitantium
1344 3910 1452 3965 ait:
1484 3908 1620 3966 Ecce
1656 3927 1767 3982 ego,
1804 3911 1948 3964 mitte
1967 3926 2068 3966 me.
2108 3909 2209 3966 Cui

620 3999 805 4055 statim
859 4000 1057 4058 Trinus
1110 4001 1369 4058 Dominus
1417 4001 1538 4058 ait:
1591 3999 1737 4057 Vade
1768 4012 1816 4057 et
1852 4003 1993 4058 dices
2016 4002 2209 4073 populo

621 4090 745 4146 huic
775 4108 789 4146 :
820 4091 1013 4148 Audite
1038 4094 1331 4161 audientes,
1356 4105 1405 4151 et
1430 4094 1589 4150 nolite
1616 4092 1903 4164 intelligere
1924 4110 1944 4159 ;
1972 4103 2020 4148 et
2046 4092 2212 4148 videte

619 4185 900 4248 visionem,
951 4194 1002 4241 et
1047 4184 1207 4241 nolite
1241 4202 1570 4258 cognoscere.
1640 4184 1866 4240 Eacwca
1914 4201 2008 4240 cor
2031 4182 2213 4255 populi

625 4276 784 4349 Isujus
806 4317 823 4345 ,
845 4284 895 4333 et
927 4295 1084 4335 aures
1105 4279 1221 4352 ejus
1250 4296 1504 4352 aggrava,
1552 4288 1599 4335 et
1627 4276 1804 4334 oculos
1840 4276 1957 4349 ejus
2002 4274 2210 4343 claude,

627 4384 692 4425 ne
718 4368 853 4440 forte
898 4370 1109 4426 videant
1147 4371 1313 4427 oculis
1361 4372 1504 4439 suis,
1552 4380 1599 4426 et
1640 4368 1857 4425 auribus
1882 4368 2127 4435 audiant,
2164 4375 2215 4424 et

603 4461 776 4520 .corde
805 4477 903 4517 suo
936 4461 1264 4534 intelligant,
1292 4474 1341 4519 et
1385 4470 1774 4527 convertantur,
1817 4470 1868 4515 et
1902 4475 2211 4516 sanemeos.

620 4553 666 4613 0
690 4570 852 4628 quam
885 4563 1132 4628 apertam
1178 4564 1423 4612 sanctam
1456 4565 1511 4611 et
1539 4553 1861 4611 ineffabilem
1887 4552 2211 4609 Trinitatem

620 4648 708 4704 hic
733 4663 928 4705 sensus
955 4649 1313 4714 demonstrat,
1346 4648 1451 4705 etsi
1489 4663 1595 4704 non
1636 4663 1695 4703 se
1723 4647 1864 4703 ultro
1892 4646 2210 4703 ’otl'ereutem

618 4741 867 4798 sensibus
908 4741 1130 4798 mitas
1163 4741 1419 4812 praedicta
1463 4739 1773 4797 obsisteret.
1809 4738 2089 4811 lntelligis,
2120 4754 2213 4796 ve-

617 4835 813 4891 cordize
853 4833 1061 4901 fomes,
1104 4834 1231 4906 quia
1272 4833 1615 4905 omnipotens
1664 4831 1924 4889 Dominus
1980 4830 2211 4889 sabaotb

617 4926 1028 4983 conversionem
1069 4936 1307 4983 vestram
1343 4927 1497 4997 quasi
1532 4926 1801 4998 quoddam
1842 4926 2051 4983 facinus
2072 4927 2208 4994 odit,

619 5027 676 5075 ct
712 5035 811 5076 occ
846 5021 1029 5076 siones
1068 5020 1420 5078 convertendi
1469 5021 1622 5077 vobis
1673 5034 1778 5076 non
1821 5022 2057 5093 praebet,
2113 5015 2210 5078 sed

624 5109 795 5165 tollit?
822 5107 956 5166 Vide
991 5110 1120 5182 quid
1156 5111 1341 5168 dicat:
1368 5110 1452 5168 Ne
1477 5112 1612 5183 forte
1643 5112 1847 5168 videant
1884 5111 2050 5166 oculis
2078 5112 2209 5168 suis.

623 5204 691 5261 Et
739 5219 862 5261 cum
908 5204 1052 5261 Deus
1091 5206 1501 5262 conversionem
1547 5219 1783 5261 vestram
1827 5219 2215 5276 usquequaque

622 5313 732 5355 non
761 5298 975 5369 cupiat;
1022 5299 1149 5370 quis
1193 5298 1457 5371 insipiens
1498 5309 1621 5367 est,
1670 5302 1763 5371 qui
1800 5313 1897 5355 vos
1925 5298 2215 5370 aliquando

624 5391 1022 5449 convertendos
1058 5391 1354 5462 praedicat?
1397 5390 1621 5448 Poteras
1665 5392 1810 5447 enim
1862 5390 2002 5446 hanc
2047 5389 2215 5447 visio-

623 5498 749 5541 nem
780 5481 933 5539 lsaize
958 5482 1307 5553 conspicere,
1345 5492 1401 5540 et
1424 5483 1586 5540 corde
1614 5497 1964 5556 cognoscere,
2001 5490 2057 5537 et
2085 5482 2213 5538 ‘l'ri-

626 5574 854 5633 nitatem
897 5575 1041 5632 trina
1086 5573 1522 5633 sanctiﬁcatione
1556 5575 1842 5648 repetitam
1883 5563 2135 5635 credere.
2165 5572 2212 5630 si

626 5686 810 5730 sermo
837 5669 1051 5729 divinus
1072 5686 1180 5728 non
1205 5671 1410 5730 diceret
1434 5688 1448 5726 :
1480 5668 1703 5727 Eacrera
1724 5686 1813 5725 cor
1831 5667 2010 5743 populi
2030 5668 2211 5741 hujus,

625 5772 686 5824 et
704 5779 801 5824 cor
835 5763 1052 5832 indura,
1076 5772 1134 5823 et
1160 5773 1221 5821 ut
1239 5763 1413 5837 ipsam
1438 5761 1741 5820 caecitatem
1770 5770 2087 5833 perpetuam
2120 5758 2215 5816 de-

699 5893 729 5923 ι
748 5876 937 5941 Incol.
964 5876 1164 5951 Ecloga
1188 5890 1308 5944 vttt,
1330 5890 1476 5933 vers.
1490 5871 1628 5931 108.

2307 3364 2434 3412 sunt
2456 3396 2471 3423 ,
2508 3364 2564 3413 et
2600 3366 2738 3414 teste
2767 3356 2868 3414 sub
2894 3357 3007 3415 sole
3034 3368 3140 3415 non
3173 3357 3453 3430 indigent;
3489 3353 3608 3428 quin
3633 3353 3759 3410 etiam
3780 3356 3816 3404 et

2308 3458 2597 3519 antequam
2635 3447 2832 3506 tierent
2867 3448 3152 3520 prmiinitis
3185 3448 3521 3521 temporibus
3552 3446 3709 3502 divino
3733 3455 3814 3496 scr-

2308 3557 2470 3597 mone
2495 3539 2667 3597 allisa:
2696 3551 2823 3598 sunt
2847 3561 2861 3598 :
2896 3542 2971 3598 ita
3003 3555 3062 3599 ut
3093 3543 3332 3614 amplius
3361 3560 3465 3600 non
3491 3541 3716 3599 existeret
3737 3550 3815 3590 ser-

2305 3635 2484 3702 vitus,
2527 3650 2690 3705 quam
2721 3635 2866 3706 quod
2896 3636 3068 3692 servis
3097 3637 3211 3693 suis
3243 3651 3426 3694 sermo
3455 3632 3697 3690 iudicabat
3717 3626 3813 3682 divi-

2308 3745 2431 3786 nus.
2484 3730 2609 3787 Sola
2649 3730 2766 3787 haec
2806 3733 3091 3803 captivitas
3117 3734 3327 3807 absque
3357 3731 3579 3790 termino
3604 3721 3812 3782 induitur.

2308 3832 2365 3879 et
2399 3823 2620 3894 quantis
2670 3824 2853 3891 annis,
2897 3825 3202 3896 quibusque
3256 3823 3578 3897 temporibus
3614 3816 3815 3874 relevetur

2310 3917 2574 3975 uescitur.
2623 3916 2776 3974 Nota:
2813 3919 2958 3975 enim
2999 3921 3170 3993 culpae
3209 3920 3319 3978 line
3351 3903 3813 3980 bahueruntllagdlio

2317 4007 2440 4064 Haec
2468 4007 2583 4064 sola
2620 4023 2726 4064 non
2755 4008 3086 4080 specialiter,
3124 4011 3219 4067 sed
3253 4008 3568 4081 generaliter
3592 4012 3645 4059 ut
3667 3993 3814 4055 didtiS.

2310 4110 2464 4166 uota,
2493 4114 2591 4172 per
2615 4100 2809 4157 secula
2839 4102 3077 4157 tenditur
3103 4111 3236 4158 tota.
3269 4101 3420 4171 Quod
3447 4099 3490 4156 si
3519 4106 3700 4165 tempus
3721 4098 3815 4159 prt-

2313 4189 2525 4247 ﬁnitutn
2552 4192 2879 4258 ostenderis,
2914 4192 3116 4248 victum
3153 4209 3240 4249 me
3275 4195 3445 4250 fatear
3470 4202 3599 4245 esse.
3632 4179 3814 4275 Optate:

2313 4300 2474 4352 cum,
2515 4285 2562 4343 si
2591 4284 2724 4342 vehs
2751 4284 3057 4353 Christum,
3095 4301 3284 4357 pacem
3313 4285 3546 4341 habere:
3574 4276 3613 4332 si
3637 4280 3761 4329 sectis
3778 4258 3813 4319 id

2314 4378 2499 4436 animo
2529 4388 2753 4447 tractas,
2790 4382 3015 4438 demens
3048 4380 3260 4447 existis,
3298 4387 3356 4436 et
3388 4389 3567 4448 nugas,
3594 4364 3672 4440 qui
3700 4361 3812 4417 ﬁnem

2317 4472 2548 4528 termino
2574 4472 2813 4544 pessimo
2841 4472 3069 4535 claudis.
3099 4489 3202 4530 nec
3232 4471 3395 4529 tantis
3419 4479 3473 4526 et
3499 4464 3671 4522 talibus
3692 4456 3811 4511 durus

2316 4562 2607 4621 mollescis.
2638 4564 2864 4636 Aperiat
2894 4564 2988 4621 tibi
3019 4563 3161 4621 Deus
3184 4554 3373 4620 oculos
3396 4556 3584 4619 cordis,
3612 4546 3689 4621 qui
3710 4552 3811 4600 εθω·

2314 4674 2415 4732 per
2441 4666 2632 4730 regnat
2657 4658 2712 4713 in
2739 4658 2951 4715 saeculis
2975 4658 3223 4716 inﬁnitis.
3254 4658 3444 4715 Amen.

2385 4908 2519 4951 ιιι-ιιι
2547 4907 2805 4962 ueterem
2836 4871 3299 4949 "suscensemus
3327 4896 3529 4947 ALvsuo
3557 4881 3761 4935 pluscu-

2384 5008 2466 5066 Ob
2491 5007 2745 5065 meritum
2772 5014 2989 5063 aeterna:
3016 5004 3385 5062 retributionis
3411 4990 3585 5056 devovi
3611 4975 3812 5082 me

2314 5100 2425 5156 lum
2460 5100 2518 5156 in
2559 5099 2677 5172 lege
2712 5098 2922 5154 Domini
2951 5098 3270 5154 consistere.
3302 5095 3524 5163 Ideoque
3543 5079 3810 5172 Stiperslillll:

2316 5210 2435 5251 sum
2473 5193 2600 5249 duxi
2635 5182 2957 5248 cunctorum
2992 5206 3188 5247 cantum
3225 5188 3523 5262 rapidorum
3557 5160 3811 5262 respondet”?

2315 5286 2621 5343 lntrati‘ttts.
2666 5284 2873 5343 Tamen
2915 5284 2960 5341 si
3005 5284 3060 5341 in
3105 5294 3157 5340 te
3192 5247 3426 5338 fomitem
3465 5263 3714 5352 querndaru
3747 5247 3808 5352 ul"

2316 5381 2585 5453 igniculus
2614 5380 2736 5436 lidei
2768 5378 2990 5436 accendi
3028 5387 3212 5450 posset
3240 5372 3668 5433 considerassem.
3692 5348 3809 5453 loli"

2318 5444 2409 5531 tan
2442 5474 2537 5531 tibi
2567 5474 2653 5530 vel
2687 5470 2889 5544 aliquid
2918 5444 3311 5536 rescriberem,
3348 5462 3480 5521 unde
3509 5456 3632 5576 bent:

2318 5583 2536 5633 sceres,
2581 5568 2725 5642 quod
2763 5528 2820 5623 et
2858 5573 2915 5622 tu
2968 5564 3061 5637 qui
3114 5562 3431 5661 ορωρίιθιοῗ
3462 5528 3807 5661 θθλξιιιῖῗὶιὲῐ

2317 5621 2548 5734 quorum
2586 5621 2749 5716 libris
2788 5658 2902 5715 haec
2944 5621 3612 5735 tdaxistisderratisul’fff

2317 5721 2542 5812 liartula
2571 5751 2855 5824 falsiloqua
2878 5765 3169 5822 possumus
3194 5721 3322 5806 illud
3346 5731 3535 5810 Virgilii
3557 5721 3742 5832 ειιωτοι

3934 2981 3940 3183 ι
