4034 6350
172 457 283 511 515

270 595 566 646 Credimus?
587 608 647 644 an
671 595 755 658 qui
777 600 956 656 amant,
981 595 1071 657 ipsi
1101 594 1192 645 sibi
1216 596 1402 645 somnia
1427 594 1652 659 tingunt?

173 700 242 756 Et
273 701 406 759 alibi
429 715 497 758 ιε

268 814 366 874 Qui
393 816 589 865 Barium
607 828 702 865 non
726 814 846 877 odit,
873 824 998 864 amet
1027 826 1112 864 tua
1148 814 1379 877 carmina,
1409 812 1578 875 Mzevi;

265 877 435 941 Atque
457 878 587 928 idem
607 882 779 941 jungat
805 876 996 941 vulpes,
1024 888 1075 927 et
1099 876 1319 939 mulgeat
1339 878 1515 926 hircus.

170 980 323 1037 Deus
349 982 718 1053 omnipotens,
740 992 956 1038 creator
983 982 1106 1037 emli
1139 991 1192 1035 et
1224 990 1401 1046 terrm,
1428 980 1547 1052 pius
1576 989 1632 1036 et
1654 980 1766 1053 glo-

169 1074 359 1130 riosus
385 1074 548 1141 Deus,
577 1076 663 1130 cui
693 1086 748 1131 tu
777 1075 1136 1147 exprobrasti,
1170 1074 1259 1129 ille
1288 1074 1360 1129 sit
1390 1075 1533 1129 ultor
1557 1084 1613 1130 et
1645 1076 1764 1130 vin-

167 1164 277 1220 de:
324 1181 390 1221 ex
428 1181 494 1222 eo
531 1167 675 1237 quod
703 1167 755 1221 in
783 1182 907 1222 eum

167 1383 308 1425 1⁸1⁵8.
346 1384 737 1427 BECIPBOCA‘I’IO
768 1387 996 1438 ALVARI,
1048 1388 1475 1429 TBANSGBESSORI
1512 1387 1759 1428 DIBECTA.

247 1482 385 1547 Quae
414 1482 585 1555 stylus
612 1492 716 1539 tua:
740 1485 1137 1557 prosecutionis
1156 1485 1362 1553 elicuit,
1390 1486 1615 1556 impigre
1635 1500 1764 1540 oeu-

164 1573 254 1630 lus
287 1578 678 1645 praecucurrit,
708 1586 763 1633 et
796 1586 848 1633 te
878 1579 1134 1634 vitantem
1165 1578 1461 1650 periculum
1489 1578 1763 1648 sapienter

165 1670 413 1727 miravit.
460 1670 658 1727 Verum
692 1673 817 1743 quia
854 1674 1094 1744 prudens
1129 1683 1247 1729 arte
1286 1672 1556 1728 rhetorica
1586 1670 1760 1735 ludis,

163 1768 222 1814 et
269 1760 556 1831 pisoniauo
593 1762 721 1817 vitio
762 1762 886 1817 dum
927 1763 1147 1835 loquere
1191 1763 1392 1828 nescis,
1434 1772 1613 1816 tacere
1654 1776 1762 1816 non

163 1844 340 1915 rales,
365 1860 549 1921 atque,
569 1850 832 1906 utfabula:
854 1850 1054 1915 ferunt,
1070 1851 1250 1921 lupqu
1276 1852 1498 1907 auribus
1522 1851 1760 1905 retinens

163 1957 269 1996 nec
298 1952 487 1999 tenere
512 1954 687 2015 potes,
729 1961 829 2000 nec
854 1944 1002 2001 vales
1029 1945 1322 2012 dimittere,
1357 1944 1478 2000 ideo
1506 1944 1600 1999 tibi
1631 1952 1754 2014 apte

160 2035 317 2089 canit
352 2045 511 2106 poeta
536 2050 551 2090 :

233 2161 261 2190 α
290 2148 493 2223 Ecloga
520 2166 599 2216 ιιι,
627 2167 771 2209 vers.
795 2152 885 2209 90.

1420 459 1787 547 iNDIcuLus
1824 462 2241 522 LUMINOSUS.

1793 602 1845 663 Α

3352 468 3460 525 514

1997 600 2135 667 Quod
2161 608 2301 667 potes
2318 601 2370 667 id
2392 603 2727 667 tenta,0peris
2751 613 2815 652 ne
2836 604 3055 667 pondere
3077 614 3281 666 pressus

1993 662 2247 713 incumbit
2270 663 2426 730 labor,
2454 675 2507 713 et
2528 664 2703 714 frustra
2738 662 2926 716 tentus
2951 662 3219 731 relinquas.

1941 764 2045 821 Sed
2074 775 2134 823 nt
2170 782 2254 823 me
2272 769 2365 839 qui
2401 768 2501 823 sim
2540 768 2651 840 ipse
2685 784 3008 841 cognoscas,
3034 778 3091 827 et
3112 770 3348 844 amplius
3372 779 3454 830 ta-

1869 858 2041 914 cendo
2070 858 2298 926 devites,
2327 858 2608 929 Virgilium
2638 861 2763 916 audi
2788 861 2815 903 δ
2840 879 2857 918 :

1993 972 2201 1024 Mortem
2225 980 2545 1026 contemnunt
2577 974 2769 1027 laudato
2793 976 3000 1030 vulnere
3027 977 3201 1032 Getes.

1941 1056 2160 1114 Necnon
2190 1068 2246 1115 et
2271 1059 2399 1115 illud
2422 1077 2437 1115 :

1990 1170 2161 1233 Getes,
2187 1171 2357 1236 inquit,
2383 1186 2482 1236 quo
2508 1177 2671 1237 pergit
2691 1187 2841 1238 equo.

1942 1253 2098 1312 Unde
2118 1264 2174 1311 et
2203 1254 2331 1310 illud
2360 1266 2537 1312 exstat
2565 1267 2739 1328 poeta:
2764 1275 2777 1312 :

1989 1370 2114 1421 Hinc
2137 1370 2296 1422 Dacus
2321 1382 2526 1436 premat,
2552 1374 2668 1425 inde
2690 1374 2845 1427 Getes
2862 1386 3110 1430 occurrat.

1934 1475 2046 1547 Ego
2068 1492 2208 1542 sum,
2225 1494 2326 1549 ego
2348 1495 2491 1546 sum,
2506 1495 2666 1551 quem
2693 1479 3002 1539 Alexander
3025 1485 3300 1543 vitandum
3329 1502 3457 1559 pro-

1864 1570 2155 1633 nuntiavit,
2199 1569 2438 1642 Pyrrhus
2479 1573 2784 1643 pertimuit.
2831 1575 3011 1633 Caesar
3036 1579 3336 1637 exhorruit.
3380 1582 3457 1637 De

1863 1664 2020 1718 nobis
2069 1680 2284 1735 quoque
2333 1675 2389 1721 et
2436 1676 2619 1722 noster
2666 1666 3029 1742 Hieronymus
3070 1673 3235 1729 dicit:
3270 1674 3452 1730 Cornu

1862 1757 2023 1812 habet
2054 1758 2105 1811 in
2136 1756 2331 1823 fronte,
2363 1758 2520 1828 longe
2547 1759 2688 1831 fuge.
2721 1763 2786 1817 Et
2820 1764 2939 1818 ideo
2970 1765 3076 1820 noli
3107 1782 3272 1821 canes
3303 1765 3452 1822 rahi-

1863 1849 1960 1904 dos
1990 1848 2198 1915 dicere,
2248 1851 2339 1906 sed
2383 1860 2435 1907 te
2469 1852 2715 1924 vulpeum
2759 1855 3103 1927 gannientem
3135 1872 3403 1929 cognosce
3431 1873 3447 1922 ;

1869 1957 2047 2014 neque
2078 1959 2164 1999 me
2193 1946 2602 2016 conipilatorem
2634 1956 2908 2015 veterum,
2952 1949 3096 2021 quod
3135 1964 3453 2021 magnarum

1866 2046 1950 2091 est
1978 2036 2191 2103 virium,
2223 2054 2460 2094 asseras.

1936 2148 1963 2188 ι)
1987 2147 2145 2205 False
2173 2149 2484 2205 tribuuntur
2512 2152 2565 2207 hi
2594 2166 2786 2209 versus
2806 2153 3052 2225 Virgilio.

796 2344 1643 2478 lNDICULUS
1755 2340 2661 2472 LUMINOSUS
2720 2333 2800 2464 δ.

1567 2543 1953 2561 W

230 2606 290 2665 ln
316 2607 630 2665 defensione
656 2623 937 2665 servorum
966 2618 1201 2675 tuorum,
1228 2609 1474 2675 Domine,
1505 2626 1611 2665 non
1649 2612 1748 2666 hu-
1780 2623 1826 2685 Β
1856 2612 2006 2677 meis,
2058 2618 2115 2666 et
2144 2610 2273 2665 doce
2302 2623 2384 2663 me
2417 2607 2829 2680 justiﬁcationes
2867 2618 2988 2664 tuas
3020 2606 3194 2680 (Paul.
3239 2626 3405 2666 cxvnl
3428 2652 3441 2676 ,

158 2718 325 2760 .nano
357 2703 505 2758 tenui
551 2703 830 2758 conlidens
877 2703 1125 2769 arbitrio,
1194 2704 1485 2773 subtilique
1530 2704 1749 2775 proprio

155 2798 316 2852 nisus
351 2794 586 2866 refugio,
638 2795 731 2850 sed
776 2810 952 2865 neque
992 2795 1177 2865 iniquo
1206 2794 1450 2850 elevatus
1484 2798 1750 2865 superbia:

155 2890 352 2961 typho,
383 2897 478 2943 aut
527 2885 742 2943 inﬂatus
791 2887 1007 2943 invidim
1036 2889 1174 2952 zelo,
1226 2888 1320 2943 sed
1353 2897 1455 2942 tuae
1502 2897 1750 2959 gratuita:

154 2980 536 3035 miserationis
588 2980 761 3035 fretus
804 2979 1025 3044 auxilio,
1080 2988 1278 3050 tuoque
1326 2977 1750 3033 clementissimo

152 3072 302 3127 ﬁdus
352 3072 708 3128 inrictissimo
735 3072 978 3137 brachio,
998 3070 1093 3125 tibi
1121 3070 1171 3124 in
1200 3069 1468 3141 principio
1490 3070 1598 3124 Deo
1630 3083 1749 3123 meo

151 3174 211 3219 et
234 3162 368 3220 Jesn
401 3164 621 3218 Christo
653 3179 832 3219 rerum
860 3166 1099 3218 omnium
1128 3162 1374 3226 Domino,
1406 3162 1624 3232 assigno
1648 3162 1749 3216 mi-

150 3272 249 3313 ser
272 3271 438 3311 omne
482 3257 681 3311 bonum
729 3256 870 3327 quod
912 3256 1083 3326 sapio,
1118 3264 1167 3310 te
1194 3255 1247 3311 in
1288 3255 1441 3309 initio
1468 3256 1745 3319 llHOCulIS,

150 3359 209 3405 te
239 3365 339 3419 per
377 3358 547 3403 totum
596 3358 798 3403 textum
830 3347 1145 3419 implorans,
1178 3356 1229 3401 te
1275 3359 1444 3415 usque
1488 3345 1541 3399 in
1585 3347 1744 3398 linem

151 3444 284 3499 libri
313 3443 453 3499 ﬂexo
488 3444 670 3499 cordis
708 3443 908 3514 p0plite
955 3457 1171 3513 rogans,
1204 3455 1364 3519 quem
1412 3440 1591 3494 lumen
1624 3454 1745 3493 om-

152 3536 310 3591 niu.n
340 3541 505 3592 credo
534 3536 766 3590 lirmitur
795 3534 1135 3598 saeculorum,
1170 3552 1199 3587 a
1246 3550 1352 3604 quo
1384 3532 1586 3587 fontem
1622 3532 1745 3587 novi

149 3638 481 3685 cunctarum
528 3644 784 3685 emanare
826 3628 1107 3693 virtutum,
1159 3628 1211 3682 in
1264 3643 1373 3699 quo
1408 3626 1747 3682 dulcedinem

149 3720 490 3776 ineffabilem
519 3721 849 3776 reconditam
886 3720 1116 3775 firmiter
1137 3719 1250 3774 scio
1284 3734 1501 3773 manere
1531 3726 1746 3772 sancto-

151 3831 305 3878 rum,
336 3816 427 3883 qui
480 3830 539 3869 es
590 3814 673 3868 via
715 3815 832 3869 sine
875 3828 1061 3868 errore
1098 3812 1454 3874 credentium,
1490 3811 1594 3863 vita
1632 3811 1749 3865 sine

150 3915 339 3962 morte
370 3906 687 3971 viventium,
720 3906 934 3975 requies
963 3906 1079 3959 sine
1126 3903 1280 3977 [line]
1323 3902 1638 3957 fruentium.
1670 3901 1747 3957 Te

1858 2703 1983 2767 105,
2021 2703 2134 2771 12),
2164 2716 2492 2771 sensumque
2552 2711 2703 2754 tuum
2753 2716 2875 2756 meo
2910 2715 3006 2755 ore
3045 2699 3296 2757 defende.
3340 2701 3441 2764 Tu,

1854 2795 2106 2859 Domine,
2139 2809 2233 2865 per
2257 2808 2319 2847 os
2345 2808 2521 2847 meum
2555 2800 2643 2847 tua
2687 2793 2850 2848 verba
2889 2809 3105 2849 sonare.
3146 2793 3224 2849 Tu
3252 2810 3442 2851 canem

1856 2898 2004 2943 tuum
2046 2902 2143 2958 pm
2168 2894 2222 2941 te
2278 2885 2568 2940 latrantem
2617 2887 2806 2941 contra
2855 2888 3103 2943 rabidum
3149 2887 3333 2959 lupum
3368 2904 3435 2944 ex

1854 2998 2055 3037 mensa:
2089 2990 2192 3034 tua:
2234 2980 2389 3035 micis
2419 2980 2624 3035 cibare.
2678 2979 2794 3035 Non
2825 2982 2969 3035 enim
3021 2981 3088 3036 ad
3116 2981 3232 3037 haec
3263 2996 3330 3036 ex
3359 2996 3444 3036 me

1855 3076 1972 3143 ipso
1997 3074 2169 3129 fidens
2208 3073 2444 3136 surrexi,
2474 3075 2566 3129 scd
2592 3089 2659 3127 cx
2687 3082 2759 3139 te,
2788 3074 2878 3144 qui
2913 3073 3125 3145 linguas
3156 3074 3441 3129 infantium

1852 3165 1987 3221 facis
2013 3167 2267 3229 disertus,
2296 3173 2351 3219 et
2380 3176 2652 3219 mutorum
2675 3180 2705 3218 a
2739 3173 2790 3219 te
2826 3163 3007 3235 legens
3030 3164 3246 3220 laxatus
3279 3165 3444 3219 Imbe—

1853 3278 1969 3326 nas,
1997 3260 2301 3315 devotionis
2341 3258 2501 3328 hujus
2531 3274 2635 3313 non
2687 3266 2746 3312 ut
2774 3257 2935 3323 scita,
2968 3258 3061 3312 sed
3096 3268 3152 3313 ut
3197 3259 3446 3331 indigens

1852 3353 1956 3406 duo
2008 3353 2222 3422 porrexi
2262 3351 2467 3405 minuta
2500 3349 2651 3423 (Luc.
2687 3365 2783 3415 ιιι,
2816 3350 2895 3422 2).
2930 3348 3065 3404 Nam
3118 3351 3245 3422 quid
3284 3350 3444 3405 homo

1851 3453 1955 3508 est,
2001 3444 2244 3506 Domine,
2292 3443 2494 3497 auxilio
2524 3452 2612 3498 tuo
2657 3444 2919 3513 privatus,
2954 3442 3057 3497 nisi
3097 3451 3306 3497 tantum
3339 3443 3443 3498 sibi

1852 3535 2075 3609 periculi
2107 3550 2287 3599 casus,
2314 3536 2441 3589 dum
2466 3535 2669 3590 erroris
2715 3536 2820 3588 imo
2842 3534 2993 3604 jacet
3017 3534 3329 3589 dimcrsus?
3376 3533 3443 3588 Et

1852 3631 1996 3696 ideo,
2052 3627 2473 3684 clementissime
2512 3627 2716 3697 opifex,
2749 3627 2992 3696 piissime
3023 3627 3241 3691 artifex,
3281 3628 3444 3681 miseo

1853 3724 2222 3779 I'icordissilne
2250 3722 2439 3793 judex,
2499 3722 2642 3792 quod
2695 3720 2970 3790 inspirasti
3023 3724 3244 3791 perliee,
3299 3719 3444 3788 quod

1847 3817 2055 3889 jnSsisti
2104 3815 2357 3887 adinzple,
2389 3812 2532 3884 quod
2564 3813 2758 3868 dedisti
2786 3828 3025 3875 sacrare,
3072 3821 3128 3869 et
3166 3826 3329 3882 quem
3357 3809 3441 3865 di-

1853 3926 2015 3981 gnum
2041 3909 2164 3963 huic
2198 3906 2476 3963 reddidisti
2523 3906 2747 3969 talento,
2776 3914 2835 3959 ut
2868 3920 2964 3976 per
2994 3905 3097 3959 hoc
3140 3920 3246 3958 non
3275 3912 3445 3957 teme-
3490 3950 3493 3951 ,

150 3998 353 4052 invoco
379 4037 396 4061 ,
428 3997 605 4051 lumen
640 3996 1019 4059 inenarrabile,
1046 3995 1244 4051 fontem
1287 4010 1429 4047 vera:
1479 3992 1739 4055 sciuntur,
1773 4028 1817 4090 ϐ
1854 4000 2035 4055 “latis
2066 4014 2257 4078 misy“)
2289 3998 2553 4061 incurrat,
2586 3998 2680 4051 sed
2708 3995 3030 4051 humilitatis
3052 3994 3147 4050 lilii
3174 3993 3441 4065 arcepiis-

148 4088 502 4158 salubrisque
548 4088 657 4143 vita
707 4087 989 4154 doctrinm,
1040 4097 1101 4142 ut
1130 4088 1376 4143 tenebras
1409 4086 1589 4141 cordis
1639 4086 1740 4139 mei

148 4190 246 4237 tua
302 4182 722 4252 superveniente
750 4182 869 4238 luce
914 4197 1154 4247 serenos,
1184 4191 1239 4235 et
1262 4181 1499 4252 pectoris
1532 4180 1742 4250 glebam

148 4291 285 4333 rure
333 4276 575 4330 sordium
623 4274 916 4330 scalentem
970 4291 1129 4329 anme
1163 4274 1296 4344 legis
1344 4284 1468 4339 tua‘,
1523 4272 1745 4342 quadri~

146 4366 335 4423 ﬂuens
356 4364 619 4437 paradisi,
640 4366 855 4421 abunde
875 4365 1042 4421 saties
1069 4365 1412 4433 ubertimque
1444 4364 1700 4419 fccnndes
1724 4379 1740 4429 ;

146 4474 430 4533 quatenus
479 4459 559 4515 sol
587 4475 751 4516 verus
797 4460 981 4515 oriens
1027 4460 1322 4530 praecordia
1363 4467 1546 4514 nostra
1591 4468 1742 4513 tene-

144 4552 319 4608 brosa
365 4550 653 4615 illuminet,
683 4560 739 4606 et
780 4549 974 4606 ﬂuvius
1013 4551 1287 4606 civitatem
1317 4549 1412 4604 Dei
1463 4549 1745 4604 laetificans

146 4646 443 4698 dumosam
477 4642 581 4697 mei
626 4642 859 4714 pectoris
889 4644 1078 4714 irriget
1105 4653 1325 4709 terram,
1364 4652 1424 4698 ut
1449 4644 1627 4716 lingua
1656 4660 1745 4700 ca-

148 4735 238 4792 nis
263 4736 522 4791 misereri
544 4752 664 4806 qua:
694 4736 789 4792 tibi
812 4753 908 4808 per
938 4737 1051 4792 hmc
1077 4736 1294 4807 placere
1324 4737 1615 4801 desiderat,
1635 4753 1743 4792 non

147 4828 350 4882 vitium
376 4826 749 4898 loquacitatis,
772 4830 899 4882 dum
925 4843 1140 4883 errores
1168 4828 1399 4899 impetit,
1433 4829 1741 4891 contrahat,

145 4918 250 4973 sed
276 4927 333 4973 te
370 4918 674 4989 inspirante
713 4934 779 4973 ea
810 4930 1065 4975 secuturo
1095 4920 1291 4975 saeculo
1322 4920 1581 4990 proferat,
1626 4934 1747 4989 quie

145 5010 206 5065 in
231 5009 544 5065 animarum
568 5019 847 5079 przestum,
877 5013 928 5065 in
958 5010 1201 5081 profectu
1234 5010 1530 5079 legentum,
1564 5012 1619 5065 in
1645 5027 1743 5065 ex—

144 5100 481 5171 stirpatioue
500 5100 742 5155 omnium
765 5100 1087 5155 insolentum
1117 5108 1243 5155 ante
1267 5112 1614 5171 conspectum
1636 5101 1747 5173 glo-

147 5193 251 5250 ria:
270 5193 615 5250 admirabilis
641 5193 761 5249 solii
790 5193 865 5249 tui
902 5209 999 5264 per
1030 5201 1140 5248 tota
1172 5194 1490 5247 szeeulorum
1518 5194 1749 5249 volumi-

142 5300 223 5339 na
277 5293 485 5339 currat.
542 5284 890 5355 Aeeeptetnr,
949 5282 1174 5339 Domine
1247 5282 1411 5350 Deus,
1462 5293 1588 5339 ante
1644 5294 1750 5340 tua:

1851 4095 2047 4149 simum
2074 4092 2307 4147 fructum
2334 4090 2608 4155 obtineat;
2644 4088 2735 4144 illa
2768 4106 2875 4159 qua
2903 4086 3336 4143 immensurabili
3358 4084 3443 4142 af-

1848 4186 1971 4240 ﬂuis
2023 4185 2286 4249 bonitate,
2340 4199 2592 4255 procura.
2665 4182 2866 4238 Dedisti
2940 4180 3085 4237 enim
3140 4180 3299 4245 mihi,
3357 4178 3445 4252 pie

1849 4280 2118 4343 conditor,
2145 4277 2475 4349 intelligendi
2503 4277 2743 4348 rigorem
2768 4290 2783 4339 ;
2818 4274 3097 4329 inseruisti
3125 4272 3442 4344 pnecordiis

1848 4371 1986 4427 meis
2010 4370 2169 4424 fidem
2195 4386 2210 4435 ;
2240 4382 2296 4424 et
2318 4385 2383 4424 ex
2434 4377 2588 4423 utero
2619 4366 2814 4421 matris
2840 4383 2945 4421 non
2979 4365 3236 4434 gentilem
3262 4365 3445 4419 hacte-

1850 4479 1972 4527 nus,
2027 4462 2121 4518 sed
2167 4460 2500 4517 conservasti
2539 4459 2774 4523 fidelem,
2825 4457 2969 4513 nullo
2999 4457 3198 4512 merito
3236 4470 3440 4527 prince-

1805 4578 1814 4585 -
1850 4557 2031 4619 dente,
2050 4554 2191 4609 nulla
2214 4554 2425 4626 justitia
2448 4562 2829 4624 prosequente,
2850 4553 2997 4607 nullo
3018 4566 3183 4622 opere
3206 4552 3308 4605 hoc
3330 4564 3442 4604 me-

1851 4660 2031 4714 rente;
2084 4664 2257 4720 neque
2297 4649 2440 4703 enim
2478 4664 2583 4702 non
2607 4657 2828 4702 exstans
2857 4647 3034 4716 aliqua
3067 4654 3277 4717 poterat
3322 4660 3443 4716 pro-

1850 4740 2072 4802 mereri,
2102 4755 2201 4794 nec
2228 4737 2476 4793 informis
2498 4754 2563 4792 ex
2591 4737 2773 4791 deLito
2805 4736 3045 4790 retineri.
3074 4735 3250 4789 Etiam
3292 4745 3347 4789 et
3375 4749 3439 4789 ea

1849 4850 1967 4905 qua:
1988 4832 2215 4889 sordens
2249 4833 2391 4887 actio
2418 4841 2472 4887 et
2499 4846 2618 4886 sors
2650 4846 2788 4891 mea,
2821 4847 2940 4902 qua:
2966 4828 3108 4884 nulla
3134 4838 3239 4895 est,
3260 4829 3440 4885 tenuis

1850 4926 2155 4999 denegavit,
2195 4926 2502 4999 benignitas
2542 4934 2632 4981 tua
2681 4924 2831 4994 larga
2867 4923 3157 4979 concessit.
3220 4921 3327 4979 Sed
3376 4937 3444 4979 ne

1851 5036 1915 5076 ex
1965 5020 2067 5074 hoc
2099 5019 2241 5090 quod
2265 5019 2418 5082 mihi,
2441 5016 2899 5074 excellentissime
2930 5015 3174 5079 Domine,
3206 5029 3442 5071 conces-

1851 5111 1991 5175 sisti,
2022 5118 2081 5165 ut
2126 5111 2447 5166 temerarius
2499 5116 2710 5180 arguat,
2756 5116 2815 5160 ut
2841 5106 3059 5177 iniquus
3086 5106 3354 5172 excutiar,
3384 5114 3445 5160 ut

1856 5214 2147 5276 usurpator
2176 5203 2507 5259 eondemner
2539 5218 2551 5255 :
2579 5210 2817 5255 tremens
2836 5209 2892 5253 et
2910 5198 3141 5269 pallidus
3160 5212 3311 5268 ergo,
3342 5212 3441 5269 pa-

1854 5298 2009 5354 vidus
2060 5312 2388 5371 gemensque
2430 5294 2645 5364 suspiro
2701 5307 2716 5347 :
2771 5306 2947 5365 neque
2987 5302 3010 5330 ο
3046 5307 3145 5363 per
3186 5291 3341 5346 devia
3386 5300 3443 5346 et

142 5378 467 5448 majestatis
505 5378 844 5436 clementiam
892 5377 1035 5433 servi
1070 5377 1147 5431 tui
1193 5376 1400 5431 tantilla
1427 5377 1663 5445 oﬂ‘ertio,
1691 5387 1750 5434 et
1775 5403 1829 5463 D
1857 5392 2108 5461 abrupta,
2133 5406 2229 5462 ρει-
2256 5388 2436 5445 inania
2465 5398 2521 5443 ει
2550 5386 2776 5451 caduca,
2808 5399 2906 5455 per
2933 5383 3136 5438 tumida
3165 5392 3221 5437 et
3248 5380 3438 5448 stulta,

143 5473 292 5529 lutei
326 5471 534 5529 vasculi
573 5473 755 5528 votiva
779 5488 886 5527 non
916 5472 1236 5542 rcprobetur
1262 5469 1484 5526 oblatio.
1516 5470 1582 5525 Et
1621 5470 1750 5527 licet

141 5565 407 5643 qualibet
452 5565 687 5622 humana
727 5563 1002 5621 inﬁnietur
1031 5565 1057 5605 δ
1081 5565 1259 5629 sorde,
1292 5580 1395 5619 non
1427 5564 1631 5620 intente
1655 5581 1751 5620 cu-

140 5659 329 5727 ranti,
360 5668 453 5716 tua
483 5659 571 5716 illa
599 5660 833 5732 gratuita
861 5660 1186 5715 emundetur
1215 5658 1555 5731 respectioue
1578 5657 1743 5718 felici.

140 5754 310 5818 Esto,
344 5750 595 5818 Domine,
619 5752 829 5807 lucerna
848 5750 1062 5822 pedibus
1094 5754 1242 5819 meis,
1266 5764 1313 5809 et
1342 5752 1520 5810 lumen
1542 5754 1746 5809 amitis

228 5876 256 5936 ξι
284 5861 421 5936 Yide
439 5862 717 5936 Notitiam,
740 5878 900 5936 supra
922 5862 1024 5918 col.
1057 5862 1179 5918 387.

1176 6028 1269 6045 μνδ

224 5932 257 5974 ι,
301 5927 742 6007 regna/ieiuni.
805 5927 824 5936 ‘
1362 5930 1371 5936 ‘
1434 5927 1457 5936 "

1860 5500 1958 5556 per
1982 5483 2247 5539 dedecora
2278 5493 2333 5539 et
2356 5481 2519 5546 elata,
2566 5496 2665 5552 per
2693 5479 2828 5533 levia
2870 5486 2925 5534 et
2954 5476 3154 5539 inﬂata,
3188 5474 3444 5547 operibus

1864 5576 2207 5634 iuserviendo
2268 5576 2524 5640 sinistris,
2576 5573 2817 5646 quotidie
2885 5571 3123 5637 ambulo,
3175 5569 3447 5641 loquendo

1863 5671 2030 5727 etiam
2056 5672 2108 5727 in
2132 5688 2197 5727 ea
2226 5687 2348 5742 qua:
2376 5671 2469 5727 tibi
2506 5666 2855 5741 aeceptabilia
2878 5676 3090 5739 reputo,
3109 5680 3319 5721 naevum
3342 5663 3445 5721 ini-

1855 5764 2080 5836 quitatis
2099 5764 2285 5822 itidem
2305 5764 2648 5829 contraham,
2673 5771 2730 5818 et
2751 5761 2891 5815 unde
2912 5760 3152 5832 lenigare
3175 5766 3445 5827 utcunque

1931 5891 1953 5918 υ
1986 5877 2114 5947 Leg.
2146 5893 2209 5931 ne
2227 5877 2335 5949 qui.
