4034 6350
639 436 746 496 518

640 557 1003 630 nequitiatrum
1033 559 1279 611 amarum
1301 550 1493 616 debui,
1508 549 1751 622 pondera
1785 549 1931 614 inde,
1958 547 2126 619 quod,
2165 555 2217 603 te

641 651 949 715 ordinante,
976 649 1046 704 Sit
1069 640 1277 718 procul,
1297 641 1673 714 centupliciter
1687 639 1961 697 cumulum
1988 638 2214 696 scelera.

637 737 868 808 Adesto;
888 740 1134 806 Dauniae,
1157 738 1349 795 adesto
1367 746 1533 793 servo
1552 743 1649 791 tuo
1681 728 1988 790 miserrimo
2014 739 2069 787 et
2090 740 2216 803 ege-

640 853 733 904 no,
768 844 823 892 et
860 834 983 891 ﬁdei
1011 844 1125 890 tuas
1160 832 1437 904 repletum.
1467 839 1524 886 tu
1550 829 1724 900 dirige
1772 828 1909 883 zelo.
1951 825 2217 890 Praecide,

640 926 882 990 Domine,
918 926 1111 997 linguas
1133 923 1385 980 molari
1409 934 1565 978 εωηο
1586 918 1848 978 confectae
1872 917 2213 991 praeputium.

637 1027 694 1076 et
718 1019 807 1074 illo
828 1019 1005 1091 ignem
1027 1016 1223 1073 mentis
1250 1029 1382 1070 mea:
1396 1013 1628 1070 emunda
1658 1019 1946 1076 secretum,
1969 1024 2077 1081 quo
2096 1023 2219 1064 san-

636 1120 846 1168 ctorum
891 1111 1058 1167 corda
1093 1108 1235 1164 nosti
1264 1104 1524 1171 conﬁare,
1573 1119 1683 1174 quo
1739 1111 2035 1174 martyrum
2092 1097 2221 1154 aﬁ‘e—

638 1204 847 1260 ctiones
875 1199 1245 1275 principaliter
1262 1196 1504 1253 crederis
1533 1194 1890 1261 inﬂammare,
1908 1202 1968 1249 ut
1982 1201 2033 1247 te
2055 1189 2221 1261 inspi-

637 1305 793 1352 rante
843 1311 907 1351 ea
944 1304 1149 1350 tantum
1199 1290 1326 1347 huic
1382 1287 1533 1359 operi
1594 1284 1905 1342 suﬁicienda
1953 1284 2218 1355 ingeram,

636 1406 756 1464 qua:
801 1391 934 1446 mihi
964 1390 1015 1444 in
1050 1388 1137 1443 die
1165 1384 1255 1440 illa
1287 1368 1550 1438 tremendi
1578 1378 1846 1436 examinis
1876 1372 2107 1446 tuijusti'
2127 1373 2218 1444 ju-

640 1485 767 1544 dicii
816 1500 923 1541 non
964 1479 1237 1538 cumulum
1273 1484 1619 1548 peccatorum
1662 1480 1857 1529 contra
1875 1484 1958 1525 me
1979 1478 2219 1525 ercetum

634 1554 941 1650 perﬁciant,
970 1573 1063 1629 sed
1094 1588 1125 1627 e
1156 1569 1377 1643 regione
1426 1564 1770 1621 adversantia
1825 1556 1954 1617 mihi
1998 1560 2217 1617 millena

640 1668 853 1742 agmina
868 1665 1202 1722 delictorum
1239 1673 1335 1713 sua
1366 1652 1677 1711 inductione
1705 1657 2060 1709 conterantet
2089 1663 2217 1721 pro-

636 1767 898 1825 sternant.
930 1756 1181 1812 Praecede
1210 1770 1316 1820 me,
1352 1751 1704 1808 invictissime
1725 1746 1951 1803 Domine
1976 1744 2216 1811 Christe,

636 1861 691 1908 et
712 1835 829 1909 esto
858 1851 1088 1924 praeditis
1110 1863 1270 1905 servo
1301 1857 1391 1901 tuo
1417 1844 1692 1916 Evangelii
1721 1842 1892 1897 sancti
1937 1840 2015 1895 tui
2041 1841 2223 1912 gratia'

629 1942 745 2014 jam
785 1950 1083 2013 redempto,
1119 1940 1211 2011 qui
1261 1934 1521 2010 praefuisti
1569 1928 1877 1990 hraeliticd‘
1915 1931 2124 2002 populo
2163 1931 2218 1986 in

636 2036 885 2092 columna
929 2033 1087 2089 nubis
1110 2040 1167 2086 et
1186 2028 1408 2084 luminis
1439 2043 1536 2098 per
1557 2027 1839 2082 desertum
1863 2021 2060 2095 (Exod.
2097 2037 2222 2087 xm,-

639 2127 771 2199 22):
803 2136 862 2182 ut
893 2135 944 2182 te
986 2125 1217 2180 ducant‘e
1246 2120 1611 2176 amalicitante
1643 2128 1845 2173 cuneos
1874 2127 1907 2157 Ir
1932 2116 2219 2171 devasten-

634 2229 744 2286 tur,
771 2230 826 2274 et
851 2234 984 2274 crux
1016 2225 1108 2271 tua
1135 2215 1364 2270 humero
1412 2209 1750 2281 superposita
1779 2215 1970 2262 nostro
2000 2213 2221 2261 cuncto-

643 2326 763 2367 rum
789 2317 956 2365 tetras
995 2305 1311 2362 horredines
1348 2303 1468 2358 luce
1504 2317 1599 2357 sua
1628 2299 1940 2362 devastatus;
1975 2311 2083 2352 uno
2111 2297 2219 2352 ictu

636 2401 973 2467 certaminis,
1018 2408 1072 2455 et
1128 2398 1312 2454 ﬁdeles
1357 2402 1597 2453 corusco
1621 2394 1809 2451 s‘i‘dcre
1843 2384 2235 2463 camillum,“-

640 2494 836 2565 impios
862 2492 1086 2569 illoque
1132 2491 1403 2545 daemones
1429 2489 1615 2560 vigore
1642 2485 1968 2555 comprimat
2004 2482 2091 2538 vel
2139 2482 2220 2537 di-

642 2593 870 2656 mergat.
896 2582 973 2638 Te
992 2588 1280 2653 praestante
1304 2576 1689 2635 Dmnino'lesu
1707 2575 1951 2635 Christo.
1971 2573 2063 2644 qui
2093 2587 2220 2629 cum

639 2680 800 2737 Patre
843 2688 897 2733 et
951 2675 1155 2749 Spiritu
1183 2683 1370 2731 Sancto
1396 2682 1534 2730 unus
1570 2674 1725 2728 Deus
1745 2684 1938 2741 regnas
1959 2683 2054 2738 per
2075 2682 2218 2723 nuu-

646 2788 809 2846 quam
839 2768 1079 2827 ﬁniendai
1097 2768 1291 2825 saecula
1325 2766 1662 2824 saeculorum.
1688 2764 1882 2819 Amen.
1907 2760 2072 2817 Finit.

649 2927 770 2990 Hic
802 2926 964 2989 liber
1006 2925 1155 2988 ideo
1188 2923 1556 2987 luminosus
1589 2918 1926 2983 lndiculus
1955 2916 2215 2988 dicitur,

718 3008 868 3088 quia
898 3005 1425 3088 luminassequaa
1460 3000 1796 3088 sequenda
1822 3005 1975 3088 sunt
2005 2997 2214 3068 docet,

717 3078 777 3150 et
804 3086 1039 3165 apertis
1086 3078 1343 3165 indiciis
1374 3078 1623 3165 hostem
1658 3078 1979 3165 Ecclesiae,
2021 3092 2214 3165 quem

712 3157 923 3229 omnis
992 3165 1189 3227 vitare
1249 3159 1696 3223 Christianitas
1733 3157 1946 3230 debet,
1985 3162 2207 3218 osten-

709 3246 827 3310 dit.
865 3244 1056 3306 Finit.

699 3398 753 3453 l.
783 3394 1239 3452 Peritissimorum
1284 3389 1566 3447 mentibus
1598 3386 1991 3446 catholicorum
2031 3386 2215 3442 Eccle-

629 3491 724 3547 sia!
760 3488 975 3559 ab‘ipso
1017 3481 1315 3557 primordio
1350 3481 1648 3551 iniunctum
1678 3488 1764 3536 est
1817 3478 1961 3543 ﬁdei,
2020 3486 2210 3533 contra

630 3584 820 3641 hostes
854 3578 1071 3636 Domini
1112 3576 1329 3649 speciali
1356 3575 1551 3646 vigore
1569 3588 1884 3645 exsurgere,
1909 3580 1966 3629 et
1987 3572 2210 3644 ancipiti

628 3672 807 3746 gladio
830 3686 1023 3728 omnes
1040 3685 1110 3726 ex
1132 3668 1360 3724 adverso
1380 3665 1707 3736 pullulantes
1725 3679 1941 3721 errores
1970 3678 2207 3735 evange—

626 3766 731 3823 lica
765 3764 900 3820 falce
943 3761 1259 3834 praecidere,
1294 3767 1352 3814 ut
1377 3759 1587 3816 securis
1637 3759 1701 3814 ad
1758 3760 1996 3814 radicem
2047 3756 2212 3813 infru-

628 3866 955 3914 ctuosarum'
989 3853 1245 3909 ari)on
1276 3852 1449 3923 posita
1482 3848 1698 3923 (Matth.
1726 3866 1810 3915 ιιι,
1843 3849 1955 3921 10),
1983 3858 2039 3905 et
2063 3849 2211 3905 ascia

631 3947 859 4003 brachio
888 3943 1011 3999 forti
1052 3943 1269 4008 librata,
1300 3942 1627 4015 proceritate
1651 3941 1938 3999 infecunda
1993 3941 2101 3996 alta
2128 3957 2214 3996 ra-

631 4038 873 4094 muscula
899 4036 1044 4092 foliis
1075 4051 1193 4092 non!
1221 4034 1399 4091 fructu
1438 4035 1740 4101 vernantia,
1777 4035 2034 4091 decenter
2059 4048 2212 4090 seve-

631 4132 794 4187 ritate
821 4130 997 4204 legali,
1041 4139 1097 4185 et
1130 4128 1441 4200 evangelica
1472 4129 1704 4199 bipenne
1727 4128 1911 4184 excisa
1946 4128 2210 4198 deputen—

633 4236 722 4280 tur
747 4226 1078 4297 igni'mterno
1098 4232 1157 4279 et
1179 4222 1427 4279 incendio
1446 4230 1703 4294 perpetuo
1721 4221 2108 4277 comburenda.
2132 4220 2211 4275 Ex

631 4330 873 4388 quorum
908 4330 1133 4369 numero
1156 4312 1290 4369 licet
1322 4311 1393 4367 oli
1423 4311 1653 4383 digestet
1701 4311 1752 4375 δ,
1804 4308 2023 4382 fragiles
2063 4319 2210 4379 actu,

628 4409 773 4466 bruti
820 4408 1099 4472 instinctu,
1148 4421 1248 4460 nos
1287 4411 1539 4460 secuturo
1587 4401 1782 4458 saeculo
1812 4401 2050 4457 nitentes
2087 4417 2213 4471 pro-

626 4502 778 4566 bare,
806 4508 864 4555 et
887 4508 947 4554 nt
974 4512 1141 4554 canes
1163 4512 1260 4568 pro
1294 4496 1521 4551 Domino
1544 4494 1826 4564 cupientes
1844 4493 2065 4560 latrare,
2093 4495 2237 4565 zelo,

628 4591 749 4656 Dei,
778 4602 833 4646 et
858 4589 1138 4663 religionis
1165 4587 1422 4644 commoti
1476 4602 1664 4641 amore
1706 4585 1866 4656 hujus
1895 4586 2066 4641 nostri
2094 4602 2210 4643 ser-

627 4682 741 4739 vitii
772 4681 1087 4738 famulatum
1120 4678 1473 4743 exsolvimus,
1500 4686 1557 4733 et
1599 4677 1771 4732 actori
1798 4687 1984 4733 nostro
2005 4694 2125 4749 qua:
2157 4679 2211 4734 in

627 4776 785 4833 nobis
833 4789 901 4830 ex
929 4788 1025 4828 sua
1068 4772 1318 4843 largitate
1348 4769 1636 4832 concessit,
1666 4767 1946 4824 oﬁ‘erimus
1975 4788 1989 4824 :
2018 4771 2072 4826 in
2105 4786 2212 4841 qua

626 4866 763 4922 nihil
790 4880 863 4922 et
904 4873 1095 4922 nostro
1122 4864 1521 4937 praesumimus,
1562 4869 1616 4917 et
1644 4876 1743 4917 sua
1771 4860 1845 4916 illi
1877 4862 2212 4934 benignitate

627 4957 861 5030 gratuita
883 4970 1137 5012 concessa
1168 4970 1275 5026 quo
1295 4952 1530 5011 instituit
1555 4968 1657 5008 nos
1679 4952 1860 5024 vigore
1881 4953 2085 5021 valere,
2111 4956 2213 5010 im-

634 5051 813 5107 meriti
857 5051 1219 5122 designamns.
1275 5047 1381 5104 Nec
1419 5054 1608 5103 contra
1662 5062 1976 5103 communes
2026 5045 2146 5102 ﬁdei
2185 5058 2206 5085 ο

631 5142 880 5198 vincendi
900 5141 1069 5197 livore
1118 5140 1466 5212 insurgimus,
1498 5139 1591 5195 sed
1632 5154 1663 5194 e
1689 5139 1907 5212 regione
1930 5139 2209 5196 Chaldaeo-

634 5248 753 5289 nnn
781 5242 981 5287 contus
1014 5230 1336 5285 ventilantes
1366 5230 1643 5286 terrestria
1672 5230 1963 5286 istilatione
1988 5229 2207 5286 veracid

632 5321 1036 5380 conculcamus.
1072 5319 1225 5387 Quod
1275 5317 1602 5388 praefationis
1662 5320 1777 5375 vice
1816 5320 2203 5390 praeponimus,

629 5414 770 5470 et=ia
799 5412 973 5483 prima
998 5409 1379 5480 disputationis
1405 5418 1604 5467 nostrae
1633 5410 1812 5466 fronte
1837 5410 2206 5482 praeteximus,

629 5517 700 5561 ne
726 5502 1101 5560 malivolorum
1130 5500 1409 5566 dicacitas,
1443 5509 1498 5555 et
1534 5502 1766 5572 genuine
1793 5500 1949 5554 solita
1980 5499 2208 5558 fratrum

629 5594 947 5651 detrahendi
993 5593 1315 5667 procacitas,
1365 5608 1465 5649 nos
1515 5601 1699 5648 contra
1747 5590 2038 5648 Ecclesiam
2071 5584 2209 5651 bella

702 5707 1706 5851 ia[moﬁzaéggaiz‘gﬁigg‘naInque
1730 5772 1898 5845 foedus
1930 5768 2127 5834 dicitur
2153 5779 2204 5834 in

630 5851 808 5909 Gloss.
837 5851 981 5907 edito
1002 5847 1250 5920 a'Congiu
1290 5847 1348 5904 S.
1372 5847 1563 5920 Mauri.

704 5934 722 5961 ε
760 5921 813 5977 ιιι
840 5932 1041 5978 estnon
1056 5917 1241 5975 contra
1256 5936 1345 5974 eos
1368 5920 1455 5988 qui
1485 5917 1637 5972 nobis
1660 5917 1759 5971 lide
1782 5922 2199 5977 communicant.

1888 428 2141 493 ALVAM
2178 428 2680 493 COIDUBINSIB-

2246 551 2296 613 Α
2320 545 2563 601 clamitet
2602 545 2925 610 intentasse,
2954 556 3054 614 per
3076 554 3198 615 quae
3222 555 3323 597 nos
3350 539 3635 598 decolorare
3668 554 3814 616 putan-

2322 645 2423 702 tes,
2456 651 2584 692 suas
2622 635 2893 691 aestiment
2958 647 3217 705 operosas
3261 634 3461 688 naeuius
3517 633 3813 695 continuasse.

2318 725 2476 783 Absit
2493 725 2639 781 enim
2666 732 2725 779 ut
2744 722 3013 780 catholica
3034 731 3089 778 et
3110 722 3431 778 universalis
3447 721 3661 778 Ecclesia
3679 735 3815 783 contra

2321 832 2418 872 sua
2463 817 2673 875 viscera
2703 823 2922 888 pugnet.
2951 813 3107 870 Absit
3148 810 3343 869 iterum
3369 820 3427 868 ut
3450 820 3623 868 contra
3647 824 3817 872 matrem

2320 908 2416 964 ﬁlii
2441 924 2594 963 arma
2630 916 2865 963 sumant.
2920 905 3185 978 Martyres
3223 918 3454 974 namque
3501 900 3709 960 Ecclmia
3742 922 3817 963 non

2321 999 2554 1072 repellit,
2602 998 2695 1055 sed
2728 998 2960 1067 recipit;
3013 1014 3119 1053 non
3167 994 3411 1063 infamat,
3454 998 3545 1051 sed
3585 997 3815 1066 collaudat;

2320 1107 2426 1146 non
2456 1089 2710 1154 detrahit,
2737 1087 2831 1144 sed
2877 1085 3105 1143 extollit.
3148 1086 3217 1142 Et
3235 1101 3351 1151 nos,
3382 1086 3542 1157 ipsius
3569 1087 3819 1145 venerabilis

2322 1181 2514 1237 matris
2562 1195 2785 1236 sensum
2834 1184 3142 1251 sequentes,
3198 1192 3263 1233 ac
3310 1174 3661 1249 Redemptoris
3700 1178 3821 1236 nostri

2321 1289 2532 1345 sponsae
2579 1272 3001 1345 pulchritudinis
3038 1270 3264 1344 gloriam
3310 1270 3669 1335 collaudantes,
3702 1287 3817 1330 veno-

2321 1364 2526 1431 ramus,
2554 1371 2611 1419 et
2637 1362 2885 1427 colimus,
2910 1370 3047 1433 quos
3066 1376 3166 1433 pro
3191 1360 3412 1417 Christo
3434 1369 3487 1416 et
3521 1362 3723 1417 verita!
3741 1364 3822 1419 ai-

2322 1470 2438 1510 mas
2481 1454 2728 1526 posuisse
2769 1453 3091 1525 gaudemus,
3127 1466 3230 1508 nec
3278 1453 3439 1531 unius
3469 1452 3636 1523 operis
3668 1463 3820 1523 gestum

2321 1548 2587 1602 varietate
2629 1555 2931 1616 temporum
2972 1545 3308 1601 mutilamus.
3337 1542 3403 1598 Et
3452 1559 3601 1614 quam
3624 1544 3822 1601 haesuri-

2324 1638 2548 1695 versalis
2566 1639 2638 1693 sit
2661 1645 2847 1693 nostra
2870 1636 3187 1703 credulitas,
3205 1636 3261 1693 in
3286 1636 3521 1692 secundo
3540 1636 3679 1707 huius
3693 1635 3823 1706 operis

2323 1727 2460 1784 libro
2488 1728 2745 1798 majorem
2775 1740 2799 1768 σ
2827 1726 3063 1784 ﬁrmavit
3085 1727 3404 1784 auctoritas.

2388 1819 2446 1874 2.
2478 1816 2584 1873 Sed
2608 1817 2731 1888 quia
2777 1816 2867 1873 siti
2894 1825 3023 1871 sunt
3048 1816 3295 1872 nonnulli
3331 1817 3539 1873 fervore
3564 1813 3745 1885 speciali
3768 1814 3824 1869 iu-

2247 1928 2295 1991 Β
2323 1910 2490 1982 digni,
2538 1925 2725 1966 amore
2784 1909 2909 1965 ﬁdei
2944 1907 3144 1979 frigidi,
3192 1924 3396 1979 pavore
3434 1918 3636 1965 terreno
3668 1916 3715 1964 et
3750 1907 3823 1963 ictu

2322 2002 2480 2074 gladii
2511 2001 2704 2066 territi,
2731 2001 2822 2072 qui
2869 2015 2975 2056 non
3019 2015 3209 2071 pressa
3238 2014 3396 2067 voce,
3424 2000 3517 2055 sed
3538 2015 3679 2065 rauca
3696 1996 3823 2063 fauce,

2322 2094 2583 2150 dissoluto
2626 2094 2789 2158 labio,
2832 2094 3049 2149 ohtorta
3100 2093 3307 2171 lingua,
3348 2093 3652 2165 martyrium
3690 2101 3824 2148 nostro

2322 2193 2564 2255 tempore
2587 2192 2795 2255 gestum
2818 2184 3151 2239 invinctione
3188 2184 3371 2241 minus
3396 2184 3578 2249 idonea
3605 2172 3824 2239 detrahunt

2320 2278 2406 2335 vel
2427 2278 2736 2351 suggillant,
2757 2284 2813 2332 et
2838 2275 3053 2332 diabolo
3076 2284 3343 2347 quantum
3366 2276 3421 2330 in
3445 2276 3523 2331 eis
3545 2285 3637 2341 est,
3653 2272 3823 2346 palmam

2321 2376 2560 2433 victoriae
2608 2377 2825 2433 tradere
2867 2376 2987 2433 novf
3026 2370 3319 2449 recustinti
3365 2387 3471 2428 non
3500 2373 3595 2445 ipsi
3643 2371 3825 2428 sensibus

2320 2469 2434 2526 suis
2483 2466 2870 2538 respondentes
2915 2464 3226 2519 admittant.
3274 2462 3453 2519 Favor
3494 2472 3677 2528 noster,
3719 2472 3825 2514 reve-

2319 2562 2667 2629 rendissimi,
2720 2559 2824 2617 etsi
2851 2586 2881 2626 ,-
2931 2558 3074 2637 quod
3110 2557 3298 2625 absit,
3343 2566 3523 2637 errat,
3569 2553 3746 2612 veritati
3789 2561 3826 2607 et

2320 2657 2539 2713 Christo
2577 2653 2891 2711 concordat.
2939 2652 3155 2708 Veritas
3203 2667 3338 2708 vero
3374 2650 3516 2706 aliud
3560 2653 3823 2704 assereutum

2323 2749 2626 2805 daemonum
2667 2744 2917 2802 ministro
2954 2741 3176 2800 ultionis
3214 2743 3454 2799 cultrum
3498 2741 3747 2797 ministrat.
3782 2734 3825 2789 Et

2320 2841 2491 2896 miror
2562 2854 2670 2910 quo
2723 2835 2925 2909 ingenii
2988 2849 3187 2907 genere
3243 2828 3681 2910 poterit_veritas
3734 2841 3827 2882 nun-

2322 2931 2526 3002 cupari,
2578 2906 2686 2984 iubi
2733 2906 2889 2985 error
2945 2906 3233 2984 ascribitur
3302 2940 3401 2998 pro
3451 2906 3652 2981 Christo
3691 2912 3739 2976 et
3765 2931 3826 2971 ve-

2322 3022 2481 3078 ritate
2521 3019 2821 3077 succuiubi.
2869 3016 3068 3075 Verum
3111 3018 3419 3073 conandum
3451 3023 3531 3073 est
3554 3030 3603 3069 in
3629 3006 3827 3083 prnicipb

2327 3111 2508 3182 operis
2536 3125 2645 3165 non
2674 3109 2926 3181 superbe,
2951 3108 3047 3164 sed
3076 3116 3416 3172 constanter,
3444 3113 3615 3177 utpote
3633 3098 3735 3158 cum
3759 3096 3829 3150 fra-

2322 3205 2515 3267 tribus,
2540 3219 2760 3258 manum
2803 3214 3123 3267 conserere,
3149 3209 3204 3256 et
3235 3215 3362 3271 quae
3402 3207 3630 3273 utraeque
3661 3205 3827 3249 concor-

2244 3300 2288 3363 ρ
2322 3293 2452 3349 dant
2487 3292 2732 3348 discusse
2769 3290 2812 3345 ῐ.
2846 3290 3077 3363 Fugiunt
3095 3289 3301 3346 debiles
3340 3292 3396 3346 et
3422 3284 3638 3352 inﬁrmi,
3678 3290 3829 3339 certant

2317 3386 2485 3443 fortes
2506 3398 2562 3442 et
2583 3386 2749 3441 animi
2771 3387 3054 3442 honestate
3076 3383 3376 3456 pnecincti.
3411 3383 3479 3439 Et
3497 3370 3631 3438 certe
3651 3393 3738 3433 non
3765 3385 3829 3428 eos

2315 3480 2602 3536 veritatem
2651 3478 3014 3550 supprimere,
3059 3478 3152 3534 sed
3198 3472 3412 3549 tergum
3459 3465 3830 3546 persequentibus

2315 3573 2386 3628 ob
2427 3572 2779 3629 seminarium
2827 3571 3104 3643 Evangelii
3148 3571 3316 3641 jussit
3362 3560 3628 3642 praebere:
3656 3560 3827 3631 Fugiunt

2315 3665 2380 3720 de
2401 3681 2508 3720 una
2539 3664 2746 3719 civitate
2770 3664 2824 3718 in
2852 3664 3014 3718 aliam
3062 3646 3275 3735 (Matth.
3328 3678 3385 3728 ι,
3418 3646 3528 3732 ‘25),
3559 3650 3830 3731 pred‘icatnlo

2316 3771 2436 3827 quae
2468 3769 2595 3810 vera
2640 3762 2767 3810 sunt
2795 3764 2850 3810 et
2879 3754 3131 3819 honesta,
3154 3770 3285 3820 non,
3320 3752 3463 3827 quod
3492 3750 3644 3813 adsit,
3665 3738 3829 3814 tegendo

2319 3861 2442 3917 quae
2466 3854 2656 3902 sancta
2684 3854 2810 3900 sunt
2829 3855 2886 3901 et
2921 3845 3182 3900 modesta.
3211 3843 3307 3899 isti
3351 3858 3578 3915 namque
3605 3847 3712 3896 sunt
3730 3847 3826 3907 pre

2314 3938 2459 4009 cipui
2486 3937 2830 4010 pneconandi
2866 3937 3133 3993 universis
3161 3936 3376 4013 saeculis
3417 3936 3568 3990 laude
3588 3947 3680 3986 non
3705 3924 3829 3981 media

2317 4028 2545 4102 fugitivi,
2579 4028 2671 4099 qui
2697 4028 2826 4084 licet
2853 4027 3155 4083 meticulosi
3182 4035 3237 4083 et
3278 4025 3549 4100 fugientes
3577 4022 3830 4094 appamnl.

2318 4132 2497 4179 tamen
2536 4138 2635 4194 per
2658 4130 2829 4178 totum
2864 4123 3049 4177 orbein
3092 4129 3375 4192 vagantes,
3407 4129 3463 4176 et
3509 4118 3643 4172 velut
3676 4112 3829 4182 fulgura

2317 4217 2719 4281 discurrentes,
2749 4212 3152 4269 misericordias
3181 4212 3396 4267 Domini
3443 4211 3495 4265 in
3536 4202 3833 4281 syriagogiael

2314 4307 2636 4379 populorum
2662 4313 2932 4362 conventu
2978 4313 3287 4370 cantantes,
3335 4300 3534 4359 diserta
3576 4308 3627 4354 et
3670 4289 3830 4366 egregia

2317 4397 2499 4470 lingua
2546 4396 2828 4469 proferunt
2851 4396 2993 4467 quod
3020 4392 3291 4466 proﬁcere
3321 4394 3524 4450 sanctis
3568 4384 3833 4470 auditoribus

2323 4492 2518 4546 sciunt.
2552 4468 2888 4561 Eﬁ'ugantur,
2914 4495 2973 4541 ut
3000 4483 3279 4557 uiag'nalia~
3292 4484 3508 4541 Domini
3532 4486 3747 4541 taceam;
3768 4468 3838 4527 κδ’

2322 4583 2654 4653 amplectunt
2683 4579 2957 4646 exsilium,
3002 4588 3061 4632 ut
3086 4578 3343 4633 libentius
3390 4593 3509 4649 qua:
3543 4571 3834 4653 prohibentur

2241 4665 2291 4724 D
2318 4651 2432 4726 non
2458 4671 2549 4726 uni
2587 4670 2730 4741 genti
2756 4709 2771 4734 ,
2800 4669 2895 4724 sed
2921 4668 3151 4723 diversis
3182 4666 3494 4724 natmtiibus
3518 4668 3700 4721 dicant.
3724 4651 3833 4741 Quod

2316 4777 2386 4818 ne
2411 4740 2654 4817 nostrum
2683 4761 2927 4816 videatur
2955 4770 3123 4815 totum
3150 4774 3268 4814 esse
3299 4760 3445 4828 quod
3472 4754 3686 4812 dicimus
3705 4790 3718 4812 .
3743 4740 3834 4815 quid

2315 4854 2594 4910 nobiscum
2630 4853 2757 4908 inde
2783 4861 3002 4907 sanctus
3034 4851 3123 4906 ille
3149 4860 3204 4907 et
3232 4852 3459 4924 abyssus
3494 4830 3723 4904 scientiae
3746 4834 3834 4891 Hier

2316 4959 2575 5016 ronymns
2596 4944 2793 5000 sentiat
2823 4941 3185 5016 proferamus.
3216 4928 3353 5011 Hoc,
3380 4944 3479 5009 ait,
3510 4932 3584 4997 ad'
3597 4936 3709 4994 illud
3737 4941 3835 5016 tentj

2315 5014 2839 5108 pus—preferenduin
2855 5044 2957 5102 est,
2981 5052 3102 5091 cum
3124 5035 3192 5090 ad
3216 5034 3641 5106 praedicationem
3658 5014 3834 5097 apostoli

2298 5130 2695 5199 mitterentur,
2723 5129 2919 5201 quibus
2963 5138 3018 5185 et
3051 5130 3269 5201 proprie
3291 5130 3492 5184 dictum
3523 5132 3601 5181 est
3627 5141 3637 5175 :
3660 5118 3718 5173 In
3756 5112 3833 5167 τίω

2314 5225 2544 5295 gentium
2580 5239 2644 5278 ne
2688 5223 2920 5279 abieritis
2946 5264 2961 5288 ,
2990 5233 3037 5279 et
3068 5224 3123 5278 in
3157 5224 3389 5278 civitates
3439 5217 3845 5295 Samaritanorum:

2317 5333 2421 5373 non
2468 5317 2781 5373 intraueritis
2824 5298 3036 5389 (Manli.
3071 5333 3138 5383 ιι,
3164 5316 3254 5389 5),
3288 5317 3430 5389 quo‘d
3465 5308 3845 5385 persecutionem

2316 5408 2510 5466 timere
2537 5425 2644 5487 non
2664 5388 2897 5465 debeant
2915 5417 2970 5463 et
2997 5388 3228 5465 debeant
3252 5388 3537 5464 declinare.
3583 5388 3717 5470 Quini
3748 5389 3844 5481 (Ιυίῇ

2316 5503 2438 5557 dem
2465 5500 2711 5583 videmus
2741 5501 2792 5556 in
2822 5500 3305 5573 principio‘fecisse
3329 5487 3843 5577 credentemquandor

2315 5605 2437 5650 orta
2464 5576 2850 5667 Hierosolymis
2877 5596 3269 5665 persecutione,
3295 5575 3517 5664 dispersi
3542 5595 3658 5646 sunt
3676 5582 3724 5643 in
3747 5575 3833 5635 nhi‘

2386 5710 2414 5750 ἀ
2446 5710 2543 5767 Hs.
2557 5740 2587 5776 ,ρ
2599 5714 2821 5768 veracia.

2392 5794 2414 5821 °
2440 5781 2605 5853 forte
2627 5783 2906 5853 majorum.

2393 5852 2411 5891 ί
2434 5852 2597 5910 Forte
2619 5852 2909 5908 distulere:

2418 6066 2467 6081 *μ
