4034 6350
209 425 319 482 517

1458 424 1832 486 lNDlCULUS
1864 427 2281 487 LUMINOSUS.

3377 431 3484 493 tua

210 552 374 594 versa
393 534 587 604 Judea,
609 544 669 592 ut
694 517 1056 594 tribulationis
1083 541 1302 596 occasio
1337 539 1493 598 ﬁeret
1520 540 1798 613 Evangelii
1829 547 1875 605 Α
1902 542 2068 598 animi
2097 543 2268 598 virtus
2294 541 2530 599 inererat
2550 542 2740 606 libera,
2772 557 2874 600 nec
2904 543 3220 601 metioulosa
3250 544 3482 625 fantasia

209 632 588 691 seminarium.
625 633 1053 691 Animadvertite
1079 643 1137 691 et
1162 634 1474 709 diligentius
1502 635 1666 693 corde
1696 644 1800 691 tra-

210 732 365 780 etate
415 725 540 793 quia
594 724 792 780 nullam
841 726 912 781 ob
974 726 1134 781 aliam
1196 742 1414 782 causam
1459 727 1671 796 jussum
1716 738 1801 785 est

210 813 478 883 apostolis
505 814 812 879 declinare,
856 816 961 871 nisi
1016 824 1075 872 ut
1117 818 1334 873 occasio
1375 819 1659 874 secedendi
1709 835 1796 875 se-

211 905 509 960 minarium
536 906 587 962 in
630 906 897 964 universis
920 908 1145 965 urbibus
1171 909 1325 966 ﬁeret
1352 910 1524 983 regni.
1579 910 1800 967 Poterat

208 997 363 1053 enim
410 1013 570 1053 verus
609 998 885 1070 Magister,
915 1001 959 1055 si
1008 1010 1246 1057 vestrum
1306 1001 1560 1073 frigidum
1616 1004 1799 1075 algore

209 1090 401 1145 divino
425 1100 675 1161 sequeret
715 1092 1069 1160 intellectum,
1102 1094 1284 1174 dicere
1310 1114 1323 1149 :
1350 1094 1644 1151 Veritatem
1668 1111 1797 1165 sup-

209 1182 743 1253 primite,justitiam
773 1185 1065 1253 occultate,
1095 1195 1149 1242 et
1196 1203 1315 1257 qua:
1357 1203 1482 1243 vera
1510 1197 1655 1252 sunt,
1706 1188 1795 1242 ubi

213 1273 382 1327 timor
426 1281 665 1329 vestrum
713 1275 1048 1331 concusserit
1094 1291 1351 1341 sensum,
1382 1279 1545 1333 corde
1590 1277 1795 1333 solum-

213 1365 379 1421 modo
437 1366 698 1433 retinete,
732 1376 791 1422 ut
833 1368 1030 1425 vivatis
1088 1369 1233 1424 nullo
1289 1378 1525 1425 terrente
1577 1368 1792 1423 securi:

212 1457 350 1513 tulta
377 1470 404 1498 ι
441 1458 584 1514 enim
616 1458 999 1530 praedicatione
1039 1461 1344 1532 persecutio
1384 1460 1636 1516 universa
1680 1474 1798 1516 ces-

208 1549 375 1604 savit.
406 1549 601 1605 Amota
628 1551 1006 1621 persecutione
1035 1550 1157 1624 fuga
1186 1567 1290 1606 non
1316 1552 1420 1607 erit
1446 1570 1458 1607 :
1491 1568 1555 1607 ac
1580 1568 1678 1623 per
1695 1552 1798 1607 hoc

209 1656 445 1699 securus
486 1651 668 1699 manet
708 1643 953 1714 quisquis
992 1644 1282 1715 gentilibus
1308 1660 1412 1699 non
1454 1644 1797 1710 contradicit,

208 1732 464 1803 quisquis
493 1748 732 1788 errorem
763 1750 871 1789 non
901 1733 1129 1804 impetit,
1152 1735 1397 1806 quisquis
1423 1733 1666 1790 fraudem
1691 1750 1798 1790 non

209 1823 428 1894 aperit,
456 1825 698 1895 quisquis
723 1826 1071 1896 peccantibus
1114 1841 1221 1880 non
1262 1826 1623 1890 contravenit,
1650 1826 1798 1897 quis-

206 1915 338 1983 quis
368 1914 732 1971 haareseorum
758 1916 970 1972 vincula
1000 1932 1104 1973 non
1132 1918 1381 1988 disrupit.
1425 1918 1578 1986 Quod
1609 1920 1797 1974 beatus
1829 1909 1877 1970 B

203 2006 510 2079 Gregorius
533 2010 583 2063 in
605 2008 752 2064 libro
773 2010 1031 2066 vicesimo
1059 2011 1232 2080 primo
1276 2009 1461 2064 Morali
1493 2010 1668 2066 lucide
1714 2027 1797 2066 re-

205 2110 362 2156 serat
382 2102 535 2154 satis.
565 2120 583 2153 ί
615 2100 938 2171 Plerumque
967 2101 1109 2158 enim
1137 2143 1151 2167 ,
1175 2102 1283 2165 ait,
1311 2101 1479 2171 quieti
1512 2111 1676 2172 atque
1706 2101 1794 2156 in-

205 2192 444 2248 discussi
472 2192 499 2233 ιι
529 2192 911 2262 relinquimur,
940 2192 984 2247 si
1020 2192 1239 2247 obviare
1263 2193 1444 2263 pravis
1470 2208 1568 2263 pro
1584 2191 1797 2261 justitia

206 2301 319 2338 non
372 2299 656 2350 curamus;
689 2287 782 2339 sed
831 2286 873 2340 si
926 2286 993 2340 ad
1037 2292 1253 2339 aeterna
1298 2284 1425 2339 vitae
1469 2284 1795 2340 desiderium

204 2378 429 2433 animus
455 2376 558 2445 iam
582 2377 808 2443 exarsit,
832 2378 876 2433 si
900 2376 1012 2445 jam
1037 2393 1220 2432 verum
1249 2376 1427 2431 lumen
1467 2375 1797 2432 intrinsecus

211 2469 460 2538 respicit,
490 2469 535 2525 si
559 2468 610 2522 in
640 2484 697 2523 se
731 2468 1001 2523 flammam
1049 2468 1220 2524 sancti
1264 2466 1495 2524 fervoris
1525 2468 1795 2533 accendit,

210 2562 265 2616 in
288 2575 553 2632 quantum
579 2561 727 2617 locus
748 2562 1003 2627 admittit,
1030 2561 1083 2616 in
1106 2570 1367 2632 quantum
1394 2576 1558 2615 causa
1601 2559 1794 2632 exigit,

206 2652 476 2708 debemus
502 2669 601 2723 pro
641 2651 950 2708 defensione
981 2650 1206 2722 justitiw
1249 2652 1614 2723 nosmetipsos
1660 2649 1798 2719 objia

206 2759 358 2808 cere.
412 2753 468 2800 et
506 2743 775 2814 perversis
830 2742 894 2797 ad
944 2742 1137 2813 injusta
1180 2743 1588 2814 erumpentibus
1630 2741 1795 2797 etiam

205 2855 338 2896 cum
359 2840 430 2895 ab
450 2839 528 2894 eis
547 2855 652 2895 non
678 2838 938 2909 quaeritur
959 2839 1194 2893 obviare.
1219 2835 1351 2893 Nam
1374 2834 1793 2905 cumjustiliam,

203 2946 375 3002 quam
407 2941 429 2969 ε
466 2946 563 2986 nos
609 2945 872 2994 amamus,
920 2929 973 2984 in
993 2929 1132 2988 .aliis
1170 2927 1399 2993 feriunt,
1445 2942 1542 2981 nos
1593 2925 1787 2980 nihilo-

206 3026 393 3081 minus
418 3041 514 3080 sua
537 3024 884 3096 percussione
910 3022 1252 3090 confodiant,
1294 3022 1504 3079 etiamsi
1545 3030 1599 3076 et
1624 3010 1796 3076 hono-

206 3119 323 3171 rari
344 3118 373 3155 ει
399 3118 701 3195 videantur.
725 3117 861 3186 Quia
884 3133 1012 3189 ergo
1031 3118 1113 3172 vir
1133 3125 1354 3172 sanctus
1371 3115 1549 3187 pravis
1569 3130 1633 3169 ac
1657 3111 1796 3167 male

204 3209 499 3282 agentibus
526 3226 582 3265 se
607 3210 768 3266 etiam
808 3226 927 3266 cum
960 3224 1065 3265 non
1096 3208 1357 3280 qumritur
1378 3206 1619 3279 opponit,
1652 3214 1797 3260 recte

1819 2802 1871 2839 δ

1902 633 2176 689 invaserat
2203 632 2363 689 corda
2394 651 2409 700 ;
2439 650 2575 705 quos
2614 634 2870 705 spiritalis
2899 633 3080 692 fervor
3116 636 3234 693 zelo
3267 636 3482 695 Domini

1899 735 2133 782 aestuans
2158 727 2205 791 ε,
2226 734 2277 780 et
2303 741 2457 781 amor
2480 723 2681 782 Christi
2707 720 2848 784 ultro
2874 727 3121 811 citroque
3150 728 3475 796 discurrens,
3514 790 3519 813 τ

1901 816 2057 872 lixius
2086 817 2323 872 retinens
2346 859 2360 881 ,
2386 825 2441 872 et
2463 816 2691 872 viriliter
2731 818 3071 890 compluens,
3098 817 3232 875 foris
3254 821 3487 893 cogehat

1900 908 2199 979 producere
2242 907 2689 965 holocaustomati
2722 917 2920 965 tectam
2965 910 3293 967 intrinsecus
3330 911 3479 967 ﬂam-

1901 1014 2062 1054 mam.
2118 998 2183 1053 Et
2235 998 2360 1053 licet
2398 998 2681 1070 plerosque
2718 1001 3027 1070 persecutio
3057 1017 3198 1058 saeva
3242 1003 3481 1058 incursa-

1901 1098 2013 1154 ret,
2051 1099 2228 1145 tamen
2253 1131 2267 1151 ,
2298 1091 2441 1160 quod
2470 1107 2574 1144 non
2602 1091 2830 1161 potestis
2867 1107 3088 1162 negare,
3116 1092 3483 1149 innumerabi—

1900 1181 1978 1237 les
2008 1182 2306 1237 volnntarie
2331 1181 2510 1254 legitis
2534 1182 2860 1237 decertasse.
2903 1182 3031 1238 llluc
3073 1200 3284 1239 summo
3318 1200 3482 1255 opere

1899 1272 2275 1342 adimplentes,
2329 1271 2470 1343 quod
2517 1272 2716 1328 dicitur
2759 1292 2771 1328 :
2820 1273 3126 1330 Voluntaria
3176 1276 3482 1346 sacriﬁcabo

1899 1364 2012 1430 tiai,
2042 1364 2262 1419 Domine
2288 1363 2598 1436 (Paal.1.m,
2629 1364 2704 1438 8).
2736 1365 3064 1421 Addiscitis:
3099 1358 3334 1438 Tempus
3368 1383 3486 1440 per-

1899 1458 2193 1515 secutionis
2214 1475 2320 1514 non
2363 1468 2464 1514 est.
2491 1459 2602 1514 lmo
2646 1475 2746 1531 ego
2789 1458 2909 1529 plus
2935 1460 3077 1525 dico,
3114 1468 3323 1531 tempus
3351 1468 3482 1532 apo-

1901 1548 2159 1604 stolorum
2188 1564 2293 1603 non
2325 1557 2408 1603 est
2429 1589 2444 1616 ,
2492 1548 2616 1620 quia
2648 1548 2800 1619 vigor
2825 1556 2908 1604 est
2941 1549 3269 1619 apostolicus
3308 1551 3483 1606 immi-

1901 1651 2096 1706 nutus,
2144 1642 2235 1712 qui
2278 1640 2542 1698 debuerat
2592 1629 2806 1713 sempcr
2842 1642 2896 1697 in
2927 1644 3236 1713 pastoribus
3282 1640 3486 1700 Christi

1900 1740 2115 1797 fervore
2164 1741 2480 1796 constantia:
2501 1782 2516 1805 ,
2549 1749 2603 1795 et
2638 1740 2754 1796 zelo
2777 1739 3003 1810 iustitia:
3057 1755 3229 1813 usque
3253 1740 3319 1795 ad
3351 1756 3479 1797 con-

1902 1833 2314 1889 summationem
2351 1833 2529 1889 saeculi
2556 1831 2799 1915 flammas
2827 1820 3102 1905 spiritales
3132 1833 3193 1887 in
3230 1833 3486 1889 adversos

1901 1925 2071 1990 ciere,
2104 1934 2160 1980 et
2190 1922 2376 1979 fomite
2406 1908 2816 1981 illuminationis
2844 1940 3073 1981 accenso
3104 1924 3357 1980 tenebras
3383 1924 3484 1979 aevi

1901 2032 2128 2073 corusco
2166 2018 2344 2073 sidere
2385 2019 2469 2073 eoi
2525 2018 2759 2074 climatis
2812 2019 3106 2075 illustrare.
3162 2017 3367 2074 Vereor
3417 2034 3485 2074 ne

1901 2108 2125 2163 moleste
2148 2108 2347 2175 ferant,
2380 2125 2485 2163 non
2523 2109 2866 2176 temeritatis,
2887 2119 2945 2164 ut
2972 2110 3048 2164 illi
3075 2111 3365 2176 aestimant,
3392 2110 3486 2165 sed

1901 2199 2144 2255 veritatis
2167 2241 2181 2265 ,
2215 2208 2276 2253 ut
2305 2199 2555 2254 catholici
2606 2199 2876 2270 probant,
2920 2215 3238 2270 responsum
3265 2241 3283 2267 ,
3310 2200 3400 2271 qui
3429 2200 3483 2257 in

1903 2289 2192 2343 novissima
2250 2296 2490 2359 tempora
2536 2289 2817 2343 constituti
2864 2282 3182 2343 Antichristi
3240 2304 3486 2360 persecu-

1901 2382 2102 2436 tionem
2132 2381 2468 2451 conSpiciunt
2493 2380 2645 2435 muti.
2670 2380 2925 2452 Quisquis
2953 2376 3036 2437 his
3054 2376 3305 2451 partibus
3328 2391 3487 2438 terra:

1899 2474 2328 2547 persecutionem
2371 2473 2530 2529 hodie
2583 2484 2780 2545 negat,
2830 2483 2924 2528 aut
2970 2473 3244 2530 dormiens
3294 2474 3483 2546 jngum

1900 2566 2176 2624 servitutis
2202 2583 2412 2622 smnmo
2439 2567 2465 2606 ιι
2495 2567 2755 2622 socordiae
2776 2575 2956 2635 portat
2981 2606 2996 2632 ,
3022 2574 3113 2620 aut
3146 2566 3320 2621 elatus
3359 2579 3483 2619 cum

1899 2658 2131 2713 ethnicis
2156 2658 2290 2728 pede
2315 2656 2577 2728 superbia:
2628 2656 2897 2727 subjectos
2939 2655 3142 2711 Christi
3188 2655 3485 2711 tirunculos

1900 2749 2091 2805 calcat.
2124 2748 2372 2820 Nunquid
2406 2764 2510 2803 non
2537 2763 2724 2803 sumus
2758 2744 2887 2818 jugo
2936 2747 3206 2802 servitutis
3259 2747 3481 2813 addicti,

1900 2840 2225 2911 importabili
2273 2856 2436 2896 censu
2469 2839 2696 2910 gravati,
2728 2839 2891 2894 rebus
2932 2839 3157 2905 nudati,
3198 2848 3485 2895 contume-

1899 2933 2093 2990 liorum
2143 2931 2377 2987 fascibus
2423 2931 2622 3003 pressi,
2651 2931 2703 2985 in
2736 2930 3078 3000 proverbimn
3110 2940 3167 2985 et
3213 2931 3485 2986 canticum

1900 3026 2061 3090 versi,
2090 3034 2299 3081 tearum
2328 3025 2343 3063 ί
2373 3023 2641 3078 universis
2659 3021 2949 3092 gentilibus
2968 3020 3142 3077 facti?
3167 3021 3245 3076 llli
3272 3021 3483 3088 dicunt,

1900 3135 2005 3174 non
2050 3133 2170 3173 esse
2201 3116 2591 3188 persecutionis
2642 3123 2854 3186 tempus
2890 3133 2902 3169 :
2935 3131 3035 3187 ego
3065 3114 3488 3171 reclamantibus

1899 3224 1930 3263 e
1956 3211 2171 3280 regione
2197 3207 2437 3280 profero,
2463 3206 2741 3264 mortifera
2776 3223 2876 3263 nos
2903 3215 3145 3278 tempora
3191 3207 3484 3264 invenisse.

201 3266 275 3356 de
306 3316 449 3370 equo
491 3298 586 3355 Dei
618 3313 641 3340 ε
674 3301 870 3357 dicitur
898 3314 912 3355 :
943 3299 1011 3355 In
1057 3316 1301 3354 occursus
1350 3298 1515 3369 pergit
1559 3308 1795 3351 armatus
1823 3266 1869 3330 C
1901 3303 1977 3357 Illi
2017 3309 2266 3357 asserunt
2310 3301 2410 3356 hos
2447 3300 2565 3355 sine
2615 3299 2794 3354 hostili
2834 3300 3143 3369 procedisse
3200 3298 3429 3369 impulsu
3468 3317 3484 3352 :

202 3392 336 3463 (Job
360 3408 546 3455 xxxix,
569 3391 681 3464 21).
718 3411 736 3443 ι

276 3484 335 3538 5.
351 3481 568 3538 Jussum
594 3492 676 3539 est
701 3478 958 3555 apostolis
976 3490 1031 3537 et
1056 3478 1365 3552 apostolicis
1379 3478 1530 3543 viris,
1554 3477 1792 3534 doctori-

200 3577 311 3631 bus
360 3584 417 3632 et
458 3575 898 3647 praedicatur-ibus
936 3572 1222 3637 universis,
1251 3570 1589 3633 Iudaeorum,
1616 3568 1792 3640 genti-

203 3667 365 3732 lium,
398 3666 485 3722 vel
512 3668 751 3722 omnium
798 3668 1063 3722 haeresum
1092 3668 1308 3719 errores
1335 3677 1459 3716 vera
1506 3662 1712 3715 ratione
1741 3670 1796 3714 et

200 3759 337 3817 forti
366 3760 590 3832 probavi
620 3760 639 3799 τ
669 3760 916 3831 impetire
942 3774 1208 3814 sermone.
1235 3756 1593 3813 Certaverunt
1625 3742 1796 3825 usque

201 3855 275 3911 ad
302 3863 540 3910 mortem
568 3853 782 3910 athleta:
800 3851 1102 3918 fortissimi,
1130 3849 1554 3922 persecutionem
1576 3858 1797 3919 propter

198 3946 509 4018 iustitiam,
550 3961 710 4016 quam
741 3955 924 4016 aperte
949 3944 1308 4000 defendebant
1334 3983 1348 4007 ,
1371 3941 1574 4014 iugiter
1618 3941 1792 4012 passi,

201 4040 461 4098 coronati
501 4048 703 4098 suntet
742 4039 940 4096 ornati.
983 4037 1236 4107 Nunquid
1277 4051 1384 4090 non
1415 4042 1658 4105 apertum
1689 4043 1793 4099 est,

200 4142 258 4189 et
293 4131 556 4189 omnibus
584 4130 756 4188 lucem
788 4129 1134 4186 cernentibus
1177 4126 1380 4183 clarum
1405 4166 1419 4191 ,
1460 4140 1564 4180 non
1612 4139 1796 4194 perse-

200 4229 488 4285 cntionem
515 4242 545 4282 a
568 4225 860 4299 gentilibus
900 4233 1082 4279 natam
1108 4265 1121 4290 ,
1162 4221 1257 4277 sed
1286 4219 1720 4292 praedicationem
1766 4233 1798 4271 a

200 4318 414 4376 nostris
444 4318 692 4390 primitus
715 4316 926 4374 ortam?
950 4316 1136 4387 Legite
1162 4321 1471 4370 sanctorum
1497 4321 1809 4381 martyrum“

199 4414 550 4470 diversorum
578 4412 888 4483 passionum
911 4426 1125 4483 agones,
1158 4410 1370 4480 agmina
1400 4405 1614 4460 Domini
1651 4420 1792 4474 pne-

198 4506 432 4569 liantes,
457 4504 609 4560 verbi
639 4503 817 4575 gladio
846 4504 1030 4558 hostes
1059 4500 1270 4556 Domini
1307 4501 1713 4561 detruncantes,
1744 4503 1801 4550 et

1898 3408 1996 3462 ego
2025 3392 2262 3463 ipsorum
2288 3399 2626 3446 asserentum
2655 3388 2989 3460 professione
3021 3389 3281 3453 tirmaho,
3308 3390 3487 3462 genti-

1900 3483 2014 3538 litio
2042 3498 2136 3539 eos
2165 3496 2455 3553 oppressos
2494 3481 2631 3536 zelo.
2678 3480 2743 3536 Et
2772 3482 3004 3551 prirnum
3041 3480 3377 3535 sacerdotem
3407 3479 3488 3533 in-

1901 3586 2148 3631 tueamur
2170 3573 2499 3636 Perfectum,
2538 3570 2813 3643 gentilicio
2832 3570 2949 3624 zelo
2975 3576 3337 3640 peremptum,
3362 3567 3486 3623 fidei

1898 3668 2200 3724 constantia
2248 3667 2583 3729 decoratum,
2619 3661 2917 3735 martyriali
2960 3661 3128 3733 gloria
3175 3660 3484 3725 infulatum,

1898 3775 1953 3819 et
1978 3778 2103 3817 vere
2147 3761 2440 3817 electorum
2492 3757 2546 3812 in
2589 3770 2813 3811 numero
2859 3764 3204 3826 aggregatum
3240 3770 3255 3820 ;
3286 3758 3341 3808 et
3379 3764 3487 3823 quo

1899 3865 2058 3926 pacto
2094 3855 2160 3909 ad
2210 3853 2537 3909 occisionem
2570 3850 2776 3906 venerit
2814 3848 3096 3904 sinceriter
3126 3845 3484 3919 proferamus.

1900 3946 2102 4016 Nempe
2148 3945 2215 3999 ad
2263 3943 2406 3999 aliud
2463 3950 2774 4014 pergentem
2835 3941 3064 4009 aliisque
3132 3936 3485 3994 saecularibus

1899 4036 2152 4108 cperibus
2193 4034 2578 4100 intendentem,
2628 4028 2869 4101 nihilque
2921 4032 2985 4087 de
3013 4038 3120 4103 qu'o
3149 4036 3357 4103 gestum
3405 4016 3501 4084 est;

1899 4138 2326 4203 pertractantem
2355 4169 2370 4193 ,
2420 4125 2892 4183 daemonicolarum
2949 4122 3340 4180 assertionibus
3386 4120 3488 4176 im-

1900 4225 2163 4297 pulsatur.
2208 4223 2254 4277 A
2285 4222 2480 4294 quibus
2530 4219 2616 4276 ille
2657 4228 2817 4276 caute
2846 4226 2900 4273 et
2946 4218 3338 4288 circumspecte
3363 4256 3378 4280 ,
3430 4223 3491 4270 ut

1901 4319 2020 4375 istis
2048 4316 2283 4378 videtur,
2313 4325 2371 4370 ut
2410 4330 2542 4369 vero
2597 4312 2725 4368 mihi
2750 4354 2764 4376 ,
2796 4310 2981 4365 timide
3027 4300 3182 4365 ﬁdem
3232 4307 3398 4379 petit,
3429 4315 3484 4361 et

1902 4426 1968 4466 ne
2018 4426 2085 4467 ex
2128 4404 2569 4478 responsionihus
2609 4404 2844 4476 propriis
2892 4396 3243 4472 impediretur
3289 4399 3484 4461 oravit,

1903 4501 2086 4556 dicens
2117 4518 2130 4554 :
2165 4498 2326 4553 Multa
2358 4505 2514 4553 erant
2542 4494 2669 4550 mihi
2697 4510 2764 4549 ex
2804 4493 3000 4563 quibus
3029 4489 3488 4546 abundantissime

200 4596 417 4669 liquide
474 4594 728 4650 videbitis
781 4593 976 4650 multos
1023 4591 1266 4647 ultronee
1294 4587 1626 4661 prosiluisse,
1689 4600 1794 4641 non
1827 4600 2143 4695 Dpoteram
2189 4586 2530 4657 confringere
2576 4583 2819 4648 namias,
2865 4582 2949 4637 vel
2997 4582 3274 4636 destruere
3319 4577 3490 4633 aniles

196 4696 595 4761 exspectantes
622 4695 1024 4757 persecuturum
1039 4683 1211 4756 jussa,
1234 4697 1333 4737 nec
1365 4680 1661 4735 delatorum
1694 4677 1789 4732 de-

197 4779 411 4850 cipula,
451 4777 747 4835 furentium
788 4778 1069 4837 intentata,
1115 4775 1206 4831 sed
1245 4774 1313 4829 ad
1352 4770 1655 4842 exemplum
1687 4769 1793 4823 Do-

198 4872 343 4929 mini
391 4880 687 4942 spontanea
732 4870 948 4942 propria
989 4876 1140 4940 grata
1183 4864 1471 4921 offerentes
1514 4860 1794 4925 libamina,

198 4978 382 5033 seque
408 4976 572 5032 super
598 4960 765 5016 altare
785 4959 986 5017 Christi
1018 4956 1111 5012 Dei
1148 4955 1335 5012 aeterni
1377 4967 1571 5008 cruore
1616 4963 1799 5005 sacra-

200 5065 330 5109 tum
359 5059 711 5123 apportantes
740 5050 971 5106 hostiam
1002 5062 1189 5118 puram
1216 5063 1229 5100 :
1260 5052 1314 5100 et
1338 5044 1478 5114 quod
1511 5041 1681 5109 magis
1707 5054 1798 5095 so-

196 5146 288 5204 liti
322 5144 461 5201 estis
489 5142 887 5215 reprehendere
905 5182 921 5207 ,
957 5138 1140 5194 multis
1166 5134 1512 5193 contumeliis
1540 5131 1797 5205 praesides

194 5249 262 5297 et
286 5238 569 5311 principes
596 5236 872 5309 fatigasse.
913 5234 994 5290 llli
1021 5248 1184 5304 quam
1223 5229 1459 5287 maxime
1502 5229 1593 5299 qui
1643 5232 1802 5282 erant

196 5336 263 5389 in
297 5331 602 5388 certamine
629 5330 825 5402 primi,
852 5339 908 5407 et
940 5326 1148 5384 fiduciae
1168 5326 1311 5383 bono
1338 5321 1572 5386 muniti;
1605 5319 1805 5390 quibus

278 5526 315 5556 ι
347 5511 526 5578 Tulta,
557 5512 609 5567 id
638 5521 721 5569 est
751 5510 929 5567 ablata
1372 5571 1438 5580 η
1488 5571 1498 5580 ,
1640 5532 1653 5541 ·
1765 5567 1777 5580 ,

284 5587 317 5626 b
346 5571 717 5655 Apud-6mg,
745 5584 837 5639 lib.
868 5581 999 5636 Mor.
1032 5593 1191 5645 χιιι,
1220 5591 1336 5655 cap.
1368 5571 1456 5655 g5,
1482 5571 1800 5655 incuncuss‘i;

281 5667 311 5695 ο
348 5638 511 5712 ῡέαη
529 5638 690 5725 quas:
706 5638 767 5710 in
789 5668 925 5713 mat;
968 5658 1149 5708 exstat
1178 5638 1329 5719 'apu'd
1367 5640 1684 5715 Gregorium
1709 5638 1801 5694 ubi

194 5744 500 5870 ’Ἣῇυά
521 5797 689 5869 Greg,
723 5796 807 5870 ibi
828 5814 841 5850 :
868 5792 1125 5861 venerari.

290 5885 319 5913 ι·
349 5867 471 5935 Ms,
501 5870 566 5923 de
583 5867 828 5941 adquod.
982 5936 999 5941 _
1525 5929 1539 5941 .
1596 5937 1605 5941 -
1759 5926 1768 5935 -

297 5942 318 5983 ἶ
354 5929 514 5997 Forte
540 5929 792 6009 probabili
811 5979 825 6003 ,
856 5936 999 6006 quod
1023 5944 1216 5990 factum
1234 5972 1249 5999 ,
1273 5941 1329 5987 et
1358 5929 1695 6001 approbatum
1729 5929 1801 5977 si-

1618 6067 1806 6092 ..ιι-ιι

1901 4691 2141 4747 historia:
2172 4687 2380 4742 fabulas
2405 4726 2419 4752 ,
2446 4685 2490 4741 si
2532 4692 2723 4739 vestrae
2760 4681 2980 4737 ultionis
3010 4696 3117 4735 non
3148 4693 3365 4733 vererer
3408 4676 3461 4731 ul
3486 4706 3490 4711 -

1900 4792 2019 4848 trici
2047 4790 2226 4864 gladio
2259 4794 2543 4861 cprrentes
2567 4783 2709 4840 ultro
2729 4782 2971 4853 citroque
3008 4782 3284 4835 incurrere
3308 4776 3336 4833 i.
3355 4792 3479 4832 sen-

1900 4892 2115 4948 tentias.
2162 4889 2259 4944 Cui
2285 4904 2408 4944 cum
2449 4887 2608 4942 fidem
2640 4884 2929 4946 dedissent,
2960 4891 3014 4937 et
3047 4881 3097 4935 ei
3127 4888 3185 4935 ut
3225 4893 3344 4955 quae
3380 4877 3481 4933 sibi

1901 4994 2224 5051 videbantur
2246 4996 2565 5060 exponeret,
2604 4986 2913 5056 iuramento
2953 4980 3259 5051 anteposito
3286 4979 3486 5049 impre-

1904 5105 2120 5163 carent;
2150 5094 2240 5150 ille
2282 5101 2502 5164 accepta
2544 5086 2753 5145 dicendi
2799 5085 3015 5148 ﬁducia,
3045 5092 3101 5138 et
3150 5096 3353 5140 eorum
3388 5094 3493 5150 pro

1906 5216 2037 5258 vero
2051 5200 2361 5273 iuramento
2383 5208 2603 5250 sumens
2626 5188 2927 5254 mendacia,
2964 5192 3086 5258 post
3112 5184 3278 5240 multa
3311 5190 3366 5240 et
3392 5197 3489 5238 va-

1908 5308 1988 5364 ria
2014 5303 2418 5363 contentionum
2444 5295 2739 5354 certamina
2762 5333 2776 5359 ,
2804 5274 3087 5363 propheta
3105 5303 3309 5345 eorum
3335 5285 3456 5342 volu

1912 5489 2132 5563 gnificat
2174 5486 2313 5557 apud
2342 5483 2633 5555 Cangium;
2682 5489 2825 5547 quon
2862 5486 3007 5530 vera:
3052 5477 3245 5527 nititur
3286 5468 3489 5541 probae-

1912 5562 2064 5618 tioni.

1984 5635 2010 5675 ⁸
2042 5631 2162 5695 Ms.,
2198 5630 2396 5684 extant.
2984 5678 2989 5685 ,
3036 5630 3043 5679 ἶ
3422 5676 3427 5685 .

1981 5705 2010 5745 h
2040 5702 2165 5773 Leg.
2194 5716 2392 5773 somno.
2554 5766 2603 5773 __
2880 5768 2922 5773 __
2957 5697 2969 5708 ’
3016 5756 3143 5773 ,ιμ’
3182 5700 3374 5773 ιηῌ-μψε

1990 5743 2167 5856 ίᾱξῖ
2188 5743 2508 5856 ﬁdem.
2528 5766 2605 5856 nm
2742 5743 3490 5856 meaemeae
3526 5753 3557 5784 ε

1915 5824 2165 5917 Apes—teli
2188 5824 2358 5898 erOr.
2394 5854 2446 5894 tv
2475 5824 2507 5893 ε’
2525 5824 2889 5917 ερεεῑαςῡίαῃι
2917 5824 3250 5917 facti‘salrtm
3270 5864 3285 5892 ,
3314 5824 3417 5879 e‘tc’.

1994 5898 2160 5973 iiiis”
2188 5930 2251 5968 ex
2272 5928 2441 5983 qua...
2471 5898 2645 5963 verere
2668 5898 2925 5958 nitrati...
2952 5898 3183 5953 incurri:-
3332 5978 3345 5989 ι
3398 5964 3412 5976 υ
