4034 6350
549 445 650 501 519

1790 447 2038 505 ᾹΙΝΑΒΙ
2075 450 2305 508 CORDU
2316 449 2553 506 BENSIS

3699 453 3794 507 5'20

547 568 797 630 ptuosam
835 571 859 600 ι
892 558 1196 623 lasciviam,
1243 566 1298 612 et
1348 557 1743 615 lenocitationis
1794 562 2065 631 passivam
2097 561 2125 603 δ
2153 575 2202 635 Α
2230 573 2312 618 est
2332 604 2347 627 ,
2387 562 2471 617 vel
2505 570 2830 627 contectum,
2861 561 3003 631 quod
3035 562 3104 616 ab
3136 561 3268 632 ipsis
3295 563 3599 633 persecutio
3644 573 3758 618 orta
3780 606 3793 627 ,

549 651 839 717 luxuriam,
873 665 1120 706 sermone
1169 665 1277 722 quo
1306 652 1481 722 potuit
1508 652 1896 722 exprobravit,
1926 661 1982 708 et
2005 668 2129 708 ora-

550 748 695 803 tione
715 746 987 819 splendida
1015 745 1403 818 comprobavit.
1432 746 1501 801 At
1528 746 1598 801 illi
1629 756 1749 818 post
1769 747 1947 818 aliqua
1968 762 2130 817 super

547 840 664 912 ejus
705 837 1159 895 meretricationis
1196 839 1571 904 subsannium,
1595 839 1678 894 vel
1721 837 2129 910 conjugatorum

546 929 799 985 adulterii
843 928 1096 985 factionis
1143 929 1455 993 colludium,
1507 930 1690 985 habita
1735 930 2131 985 conflictatione

545 1022 855 1084 verborum,
889 1020 1198 1077 frendentes
1226 1021 1478 1077 dentibus
1496 1062 1512 1086 ,
1542 1030 1593 1078 et
1616 1022 1825 1078 caninis
1850 1022 2131 1077 saevientes

546 1111 794 1177 rictibus,
816 1127 913 1169 ore
938 1112 1158 1183 vipereo
1198 1112 1497 1177 sibilantes,
1521 1123 1575 1168 et
1601 1112 1813 1168 leonum
1848 1112 2133 1169 ferocitate

545 1203 856 1272 frementes,
885 1206 1036 1261 abire
1084 1222 1205 1262 eum
1258 1217 1479 1278 propter
1507 1208 1688 1263 datum
1740 1208 1951 1263 noviter
1977 1208 2129 1279 jura-

545 1306 784 1353 mentum
836 1298 1155 1354 dimiserunt
1200 1310 1221 1334 σε
1277 1298 1522 1355 illaesum.
1571 1299 1677 1356 Sed
1744 1309 1865 1371 post
1916 1300 2132 1372 aliquod

546 1389 809 1460 temporis
836 1405 1054 1445 cursum
1080 1389 1328 1445 dolorum
1353 1406 1565 1462 semper
1597 1392 1969 1463 peccatoribus
2000 1391 2130 1447 reti-

550 1490 742 1536 nentes
785 1494 1073 1542 venenum,
1108 1489 1164 1535 et
1190 1480 1342 1551 quasi
1374 1489 1641 1535 vetustate
1672 1481 1929 1550 temporis
1972 1495 2130 1551 repu-

545 1579 723 1627 tantes
751 1570 1007 1626 abolitum
1058 1572 1294 1641 priorem
1348 1571 1422 1626 illi
1469 1571 1705 1627 illectum
1759 1572 1980 1627 inﬁdum
2032 1588 2129 1643 pa-

546 1672 715 1725 ctum,
748 1662 866 1717 dolo
895 1678 1016 1715 cum
1053 1663 1542 1719 circumvenientes
1583 1665 1975 1735 apprehensum
2004 1681 2128 1719 eum

545 1751 708 1823 iudici
740 1755 1037 1810 saevissime
1052 1756 1333 1811 mendacio
1349 1756 1620 1812 inhiantes
1636 1756 1661 1796 ά
1679 1758 1830 1826 quasi
1850 1758 2132 1812 destruen-

547 1855 654 1903 tem
705 1846 826 1902 fidei
875 1847 1087 1903 illorum
1150 1849 1311 1903 ritum
1364 1850 1525 1921 impie
1566 1851 1945 1922 protulerunt,
1983 1867 2133 1906 emn-

2234 658 2450 711 inventa
2481 696 2497 721 ,
2562 656 2850 721 inchoata,
2919 655 3139 710 defensa
3212 664 3293 710 est
3350 654 3437 711 vel
3496 656 3796 727 completa?

2300 748 2355 804 5.
2421 748 2715 820 Pergamus
2768 749 2987 805 secundi
3041 750 3237 805 iterum
3285 764 3554 821 exponere
3594 766 3793 807 casum.

2231 839 2361 895 Post
2402 841 2525 896 anni
2574 841 2982 907 revolutionem,
3028 850 3122 895 aut
3170 841 3371 912 aliquid
3418 842 3680 913 amplius,
3718 843 3797 900 ille

2232 931 2417 988 livoris
2449 933 2727 1004 gentilium
2758 934 2946 989 oculus
2974 950 3078 989 non
3106 934 3348 1005 quievit,
3379 935 3473 990 sed
3500 946 3556 990 ut
3579 936 3796 992 solitum

2230 1033 2314 1079 est
2336 1025 2439 1079 illis
2458 1025 2980 1081 Christianissimum
3018 1026 3268 1090 irridere,
3290 1034 3345 1081 et
3372 1026 3525 1083 nobis
3550 1029 3801 1084 omnibus

2231 1113 2571 1171 Christicolis
2601 1116 2881 1181 insultare,
2922 1117 3065 1173 hunc
3112 1115 3395 1181 Joannem,
3426 1131 3583 1187 quem
3640 1118 3801 1174 multo

2232 1217 2473 1278 tempore
2500 1208 2733 1264 carceris
2773 1209 2994 1263 retinuit
3018 1208 3256 1264 claustra
3290 1209 3335 1275 ί,
3386 1210 3801 1280 negotiationum

2232 1300 2585 1355 mercimonia
2616 1299 2965 1355 mundinandi
2995 1315 3343 1371 exaggerare,
3371 1300 3546 1355 conati
3570 1310 3737 1365 sunt,
3757 1310 3804 1356 et

2232 1392 2447 1459 vexari;
2478 1401 2532 1447 et
2557 1394 2626 1448 oh
2656 1393 2884 1463 gratiam
2914 1392 3248 1447 mercimonii
3281 1391 3449 1447 livore
3492 1394 3596 1448 usti
3644 1392 3801 1448 multa

2232 1486 2579 1557 exprobando
2608 1485 2851 1556 ingerere
2878 1486 2926 1549 ε,
2958 1484 3199 1539 dicentes
3230 1482 3679 1555 :Parvipendens
3721 1499 3803 1540 no-

2233 1586 2405 1632 strum
2431 1578 2771 1648 prophetam,
2805 1591 3019 1648 semper
3045 1576 3161 1646 ejus
3194 1591 3390 1630 nomen
3438 1575 3489 1630 iii
3535 1568 3806 1632 derisione

2232 1671 2635 1741 lt'equentas,et
2655 1668 2993 1724 mendacium
3012 1678 3158 1723 tuum
3178 1684 3273 1738 per
3292 1667 3594 1739 juramenta
3628 1676 3694 1721 ιιι
3723 1667 3806 1722 tibi

2233 1762 2443 1815 videtttr
2495 1770 2692 1815 nostrae
2717 1758 2989 1830 religionis
3020 1758 3153 1814 falsa
3178 1758 3402 1813 auribus
3430 1767 3480 1813 te
3510 1756 3806 1828 ignoranti-

2231 1852 2331 1907 bus
2356 1852 2379 1891 ι)
2411 1850 2775 1905 Christianum
2804 1864 2922 1904 esse
2948 1863 3089 1919 saepe
3113 1849 3422 1903 conﬁrmas.
3452 1848 3528 1901 Ad
3555 1861 3709 1918 quos
3732 1846 3806 1901 ille

547 1954 653 2011 que
681 1939 1087 1996 maledicentem
1120 1955 1307 1996 eorum
1355 1950 1538 1997 vatem
1567 1959 1664 1999 suo
1697 1944 2010 2000 testimonio
2048 1944 2125 1999 vi-
2159 1938 2201 1997 Β
2231 1964 2353 2002 cum
2386 1948 2611 2002 ﬁdenter
2637 1955 2690 2001 et
2720 1945 2851 2001 nihil
2881 1960 3009 2017 erga
3054 1960 3111 1999 se
3138 1943 3244 2000 doli
3280 1943 3592 2015 suspicans,
3623 1958 3693 1998 se
3720 1943 3806 1997 im-

547 2030 741 2087 lissimi
791 2032 1099 2088 homunculi
1130 2033 1503 2091 ﬁrmaverunt.
1556 2036 1647 2091 llle
1681 2038 1957 2109 inopinato
2001 2054 2127 2093 casu

547 2127 865 2197 perterritus
891 2167 906 2192 ,
935 2137 990 2183 et
1034 2129 1285 2185 inusitata
1325 2133 1781 2189 circumvectione
1818 2135 2125 2206 pet-plexos,

546 2217 759 2273 illorum
784 2219 1121 2276 fraudulenta
1146 2221 1394 2293 ignorans
1410 2225 1653 2288 consilia,
1670 2242 1789 2297 quze
1803 2240 1988 2283 contra
2004 2246 2127 2283 eum

547 2323 877 2368 tnsrruxerat
904 2316 1284 2369 commentatio
1310 2315 1663 2378 fraudulenta,
1696 2335 1755 2375 se
1787 2320 1888 2375 hoc
1916 2322 2129 2392 penitus

546 2418 649 2458 non
678 2404 898 2469 dixisse,
943 2405 1154 2461 inﬁrma
1183 2408 1316 2461 satis
1356 2410 1732 2478 prosecutione
1769 2413 2023 2467 retexuit.
2062 2415 2131 2468 At

546 2496 635 2551 ubi
668 2496 720 2551 in
751 2513 1027 2554 carcerem
1077 2499 1274 2554 missus
1304 2499 1357 2553 in
1389 2518 1447 2555 se
1475 2512 1653 2557 exstat
1677 2518 2006 2569 coiiversus,
2037 2521 2131 2559 au-

551 2587 671 2643 daci
718 2589 994 2660 proposito
1040 2598 1096 2644 et
1139 2590 1280 2645 virili
1337 2607 1629 2662 congressu
1686 2595 1848 2664 C(Ppil
1893 2597 2129 2666 ipsorqu

550 2692 717 2738 totam
747 2683 917 2755 legem
964 2683 1292 2756 infringere,
1325 2695 1380 2741 et
1414 2704 1518 2741 non
1549 2688 1719 2743 solum
1767 2691 1909 2760 quod
1958 2691 2131 2761 pridie

549 2773 799 2841 dixerat,
851 2793 971 2846 qua:
1035 2794 1195 2850 super
1252 2795 1373 2834 emn
1430 2780 1711 2852 imperitia!
1764 2782 1926 2838 factio
1986 2799 2134 2839 asse-

551 2866 731 2932 rebat;
760 2882 945 2922 verum
976 2869 1137 2924 etiam
1168 2870 1267 2924 alia
1298 2872 1507 2942 potiora
1539 2874 1803 2942 ingerere,
1839 2875 2134 2946 mortisque

550 2962 723 3031 magis
780 2959 1001 3032 gloriam
1062 2977 1220 3031 quam
1280 2962 1557 3019 interitum
1595 2975 1933 3036 exspectate.
1984 2966 2135 3020 'l‘unc

552 3053 801 3110 eductum
836 3055 887 3109 in
930 3056 1100 3127 ipsum
1134 3057 1237 3112 diei
1275 3058 1355 3113 sui
1402 3058 1728 3114 horrendum
1773 3060 1992 3131 pascha,
2026 3076 2134 3129 quo

552 3147 693 3204 soliti
725 3157 850 3203 sunt
893 3163 1089 3218 pascua
1122 3148 1300 3204 fruere
1341 3136 1601 3215 carnalia,
1654 3161 1708 3204 et
1746 3151 1919 3205 ventri
1956 3150 2134 3205 libidi-

554 3239 717 3311 nique
744 3238 997 3295 alimenta
1026 3241 1333 3295 ministrare
1357 3248 1557 3301 satura,
1578 3240 1751 3311 gladia
1774 3242 1983 3296 vindice
2010 3255 2133 3312 per-

2233 2041 2490 2096 mundum
2544 2040 2612 2093 ab
2656 2040 2787 2110 ipsis
2817 2054 2936 2108 qua:
2982 2048 3173 2092 contra
3218 2052 3341 2090 eutn
3390 2034 3806 2105 opponebantur

2230 2134 2391 2189 vellet
2418 2133 2720 2197 ostendere,
2751 2130 2904 2185 furor
2928 2131 3202 2201 crepitans
3230 2139 3285 2182 et
3312 2142 3548 2197 praeceps
3587 2125 3685 2180 ira
3730 2140 3808 2179 ea-

2232 2230 2352 2283 dem
2382 2237 2654 2298 repetens,
2684 2225 2978 2289 inculcatis,
3010 2233 3067 2277 et
3092 2222 3363 2293 replicans
3394 2218 3667 2280 crebrius,
3702 2233 3807 2287 qua:

2232 2337 2372 2391 saepe
2401 2320 2644 2383 dixerat,
2675 2318 2979 2374 intentavit.
3024 2315 3160 2371 Tum
3209 2314 3296 2369 ille
3346 2328 3452 2368 non
3506 2311 3699 2367 ferens
3749 2324 3806 2364 ex

2233 2413 2336 2468 hac
2358 2414 2765 2485 generationum
2801 2411 2989 2465 talium
3016 2408 3158 2463 nube
3203 2404 3727 2468 stomachabundus,
3764 2412 3809 2457 et

2234 2503 2405 2558 faceta
2431 2504 2563 2558 satis
2588 2502 2891 2557 urbanitate
2917 2502 3219 2564 accinctus,
3250 2498 3299 2554 el
3334 2498 3479 2569 gauli
3521 2509 3713 2549 mente
3736 2510 3808 2546 re-

2233 2595 2450 2667 spondit
2483 2594 2655 2649 elatus
2683 2613 2696 2647 :
2731 2593 3046 2648 Maledictus
3072 2593 3143 2647 sit
3174 2610 3202 2645 a
3240 2592 3349 2645 Deo
3373 2590 3462 2661 qui
3493 2589 3806 2659 prophetam

2234 2697 2473 2744 vestrum
2504 2688 2783 2742 nominare
2826 2687 3118 2741 desiderat.
3166 2685 3312 2741 Illico
3363 2684 3564 2739 clamor
3622 2682 3808 2753 ingens

2234 2778 2429 2843 factus,
2453 2789 2507 2834 et
2539 2779 2870 2850 perditorum
2904 2792 3110 2833 cuneus
3131 2777 3489 2846 constipatus.
3514 2776 3810 2844 iniquitatis

2234 2888 2412 2926 exosae
2442 2880 2756 2933 c0tt\‘ettttts,
2784 2870 2927 2925 velut
2957 2884 3085 2940 apes
3111 2869 3161 2923 in
3190 2884 3354 2923 unum
3396 2867 3634 2939 perﬁiia:
3664 2882 3810 2938 agge-

2237 2977 2350 3015 rem
2391 2961 2719 3034 congregati,
2745 2964 2902 3015 unius
2931 2980 2959 3012 n
2984 2968 3121 3015 assae
3158 2961 3377 3015 etnnulo
3418 2959 3636 3013 malitiae
3684 2974 3807 3013 cuu-

2239 3055 2513 3125 spartione
2554 3056 2569 3095 i
2613 3054 2841 3125 reSpcrsi
2880 3053 3197 3109 semivivum
3228 3053 3295 3106 ad
3329 3050 3561 3122 indicem
3614 3052 3810 3122 perdu-

2236 3158 2452 3211 xerunt,
2477 3157 2529 3202 et
2553 3147 2779 3203 testibus
2809 3148 2986 3201 minus
3013 3146 3220 3201 idoneis
3245 3146 3312 3200 ab
3340 3145 3454 3217 ipsa
3486 3144 3808 3216 perﬁdorum

2241 3258 2418 3295 massa
2451 3240 2794 3313 surgentibus
2839 3240 3197 3320 prarsrtitatis,
3253 3238 3459 3308 potiora
3511 3247 3564 3291 et
3606 3235 3810 3305 majora

561 3310 833 3398 emerunt,
862 3344 917 3387 et
959 3334 1110 3403 quasi
1144 3333 1426 3389 victoriam
1458 3310 1688 3388 hostium
1718 3334 1893 3403 potiti,
1918 3335 1982 3387 ad
2011 3310 2135 3389 ora-
2163 3310 2207 3372 Ο
2239 3344 2425 3387 contra
2458 3310 2631 3402 ipsum
2689 3310 2975 3385 testatione
3015 3312 3226 3401 propria
3282 3329 3639 3383 intentarunt.
3692 3326 3811 3392 ρυλε

558 3426 722 3481 tionis
752 3425 1209 3491 conventiculum,
1244 3425 1559 3495 obsequium
1607 3425 1715 3480 Dco
1753 3440 1810 3480 se
1850 3435 2136 3496 pmstasse

512 3534 520 3539 ‘
556 3518 862 3583 credentes,
893 3516 1054 3572 delati
1082 3524 1135 3571 et
1163 3517 1462 3571 innocentis
1489 3532 1680 3571 cruore
1716 3516 1938 3587 perfusi,
1974 3518 2136 3572 ritum

555 3627 710 3667 suum
734 3609 1118 3683 perliciendum
1148 3620 1203 3663 nt
1233 3608 1373 3663 SOiiii
1398 3618 1523 3663 sunt
1549 3624 1725 3665 annue
1754 3620 2134 3681 pervenerunt.

626 3703 677 3757 4.
721 3702 851 3757 Esto
887 3716 1029 3757 nunc
1051 3701 1281 3755 arbitres
1315 3700 1470 3770 justi,
1522 3711 1577 3757 et
1629 3718 1732 3757 non
1790 3701 2136 3756 favorabilem

558 3803 838 3849 ventosam
862 3805 913 3848 et
946 3791 1197 3858 llavilem,
1246 3792 1338 3846 sed
1387 3808 1569 3848 veram
1629 3792 1868 3863 proferte
1916 3793 2140 3848 rationis

561 3884 1157 3955 sententiam,justiti:e
1185 3886 1414 3941 vinculis
1466 3886 1803 3941 innodatam.
1854 3887 1895 3941 A
1943 3888 2140 3957 quilms

559 3992 702 4031 nunc
760 3992 977 4039 or.am,
1040 3992 1209 4049 rogo,
1268 3978 1697 4048 persecutiom-m
1749 3994 1868 4034 esse
1910 3980 2139 4033 videtis?

559 4066 746 4122 Nonne
771 4068 1108 4140 perspicuum
1149 4078 1249 4133 est,
1284 4071 1427 4140 ipsos
1457 4086 1577 4125 esse
1623 4070 1928 4125 incentor-es
1974 4068 2140 4123 malo-

560 4172 1026 4221 rum,assertores
1049 4176 1319 4228 errorum,
1374 4164 1701 4235 irrogatores
1744 4162 2006 4225 dolorum,
2048 4161 2139 4233 qui

558 4262 774 4322 paetum
804 4252 1056 4324 primitus
1091 4254 1363 4311 innocmti
1412 4254 1684 4319 oﬁcrtum,
1722 4254 1919 4309 fraude
1951 4252 2138 4307 veneni

559 4342 889 4407 confectum,
915 4345 1098 4400 furore
1138 4347 1420 4416 pranenti,
1451 4348 1528 4401 ira
1578 4345 1828 4410 accensi,
1860 4344 2142 4415 iniquitate

557 4434 771 4506 repleti,
795 4452 899 4491 non
929 4437 1225 4493 timuerunt
1247 4438 1318 4491 ob
1351 4436 1523 4491 zelum
1558 4436 1679 4492 ﬁdei
1717 4454 1827 4492 sua:
1866 4439 2143 4492 audaciter

558 4525 847 4598 dissipare,
878 4527 1184 4598 procaciter
1213 4526 1480 4591 mutilare,
1510 4526 1781 4597 gentiliter
1828 4527 2052 4583 dextere
2080 4526 2143 4581 εἳ

555 4618 1070 4685 Ecce‘audaciatn,
1119 4618 1229 4675 imo
1278 4628 1659 4683 constantiam,
1704 4636 1864 4691 quam
1921 4622 1973 4674 in
2006 4637 2139 4675 con-

555 4713 955 4769 demnationem
994 4714 1416 4784 trahitis,quatn
1467 4713 1533 4768 ad
1581 4714 1784 4769 crimen
1829 4713 2135 4778 adducitis,

555 4802 645 4859 hic
666 4808 922 4861 sacerdos
950 4822 1054 4861 non
1094 4806 1301 4861 ltabuit.
1351 4805 1595 4861 Timidus
1628 4806 1811 4862 timide
1840 4808 1905 4861 ad
1936 4806 2133 4862 bellum

558 4898 849 4965 processit.
878 4898 993 4952 zelo
1020 4898 1214 4953 diaboli
1267 4898 1334 4953 ad
1378 4898 1705 4954 occisionem
1756 4899 1922 4963 venit,
1966 4915 2070 4955 nec
2107 4916 2138 4954 a

561 4986 862 5041 CUIlOI‘tbllS
915 4988 1042 5052 Dei,
1097 4989 1190 5043 sed
1242 4988 1309 5042 ab
1336 4987 1651 5043 Antichristi
1688 4989 1964 5059 dscipulis
2019 5006 2139 5060 pas-

563 5075 767 5133 sionem
822 5080 1079 5149 suscepit.
1124 5080 1375 5151 Nunquid
1420 5081 1657 5136 velatum
1711 5091 1830 5147 est,
1868 5082 2140 5139 occultum

634 5222 661 5252 ι
688 5209 784 5266 Ms.
796 5251 812 5276 ,
843 5212 1221 5271 roluntuozum.

637 5280 665 5322 δ
695 5281 923 5361 Morales
948 5288 999 5339 in
1030 5288 1261 5361 scholiis
1309 5287 1401 5341 lib.
1445 5303 1483 5341 tt
1516 5285 1752 5357 Opertnn
1788 5289 1859 5357 ,S.
1910 5287 2143 5361 Eulogii,

564 5368 685 5429 cap.
712 5355 1136 5429 Liprxtertnisit
1158 5376 1439 5426 passivum,
1465 5355 1672 5413 Str-utet
1695 5355 1938 5429 factionis
1961 5355 2144 5416 voc'ent

564 5425 724 5496 paulo
768 5425 927 5481 infra.
967 5425 1255 5502 ΔΙξιιξδίιιιιηι
1299 5442 1476 5485 autem
1530 5425 1794 5485 libidinem
1856 5433 2149 5502 ingeminat

566 5505 756 5551 auctor
783 5514 929 5551 num.
957 5499 1048 5563 28,
1075 5500 1125 5553 itt
1151 5500 1272 5555 line.

641 5578 661 5644 ξ
686 5566 926 5644 Alorales
956 5571 1025 5624 ibi
1049 5571 1324 5627 substituit
1355 5575 1723 5644 penniserunt.

632 5637 657 5676 (ι
683 5638 805 5706 Ms.,
831 5640 1100 5697 iniamem.

643 5720 667 5748 ⁸
706 5710 863 5768 Forte
895 5713 1178 5771 destruere.

647 5779 1232 5863 f‘Qla‘nstrafeminini
1269 5788 1485 5861 generis
1518 5798 1575 5845 et
1607 5790 1813 5846 numeri
1850 5790 2144 5863 singularis

568 5851 933 5930 apgdjtilimaa
959 5851 1610 5930 Latinitatis'scriptores.

644 5926 669 5965 ⁸
709 5924 865 5983 Forte
892 5929 1167 5999 incessere.

2242 3426 2330 3479 ille
2368 3434 2475 3479 tota
2512 3423 2747 3494 negavit,
2774 3431 2830 3477 et
2869 3420 3267 3477 aemulationem
3312 3419 3525 3473 invidia:
3578 3418 3810 3489 ipsorum

2242 3529 2429 3589 aperto
2457 3518 2507 3570 in
2543 3532 2601 3571 se
2628 3531 2878 3571 sermone
2905 3514 3156 3570 retexuit.
3198 3512 3302 3567 Sed
3322 3512 3484 3582 judex
3507 3510 3815 3583 imprimis

2241 3610 2646 3681 quadringentis
2673 3623 2797 3664 cum
2830 3608 3024 3663 ictibus
3066 3606 3317 3661 verberat
3365 3604 3722 3675 ﬂagellorum,
3765 3612 3815 3658 et

2240 3718 2337 3774 per
2375 3702 2613 3757 omnium
2659 3702 2803 3756 aedes
2850 3699 3171 3755 Sanctorum
3220 3697 3321 3754 sub
3371 3712 3501 3752 voce
3552 3694 3811 3768 praeconia

2243 3796 2696 3851 fecitdjscurrere
2730 3792 2917 3848 :Talia
2967 3792 3075 3863 pati
3126 3792 3345 3856 debere,
3390 3790 3482 3862 qui
3542 3790 3814 3859 propheta:

2241 3890 2463 3961 derogat
2490 3887 2604 3943 Dei.
2649 3886 2726 3941 Ac
2774 3886 2967 3941 deinde
3009 3878 3267 3940 carcerali
3317 3883 3626 3953 mancipat,
3669 3891 3813 3935 arcta

2240 3984 2506 4047 custodia,
2533 3981 2831 4035 minitando
2860 3980 2933 4034 illi
2964 3980 3166 4036 inferre
3198 3976 3423 4046 majora.

2314 4080 2367 4134 6.
2409 4078 2572 4133 Estne
2601 4080 2777 4133 adhuc
2812 4077 3005 4147 aliquis
3028 4078 3171 4131 nube
3199 4076 3404 4130 erroris
3433 4072 3575 4130 forte
3603 4087 3813 4143 posses-

2243 4188 2355 4235 sus,
2387 4170 2516 4225 ﬁece
2546 4169 2844 4239 iniquitatis
2872 4182 3217 4237 conspersus,
3244 4166 3334 4235 qui
3374 4178 3531 4236 neget
3577 4180 3817 4236 persecu-

2246 4265 2406 4320 tionis
2436 4266 2536 4319 hoc
2563 4264 2799 4317 existere
2828 4259 3073 4331 tempus?
3120 4260 3185 4314 Et
3234 4275 3355 4330 qua:
3396 4259 3572 4330 major
3626 4255 3816 4328 poterit

2242 4371 2363 4412 esse
2424 4356 2768 4425 persecutio,
2810 4350 3071 4421 cujusque
3113 4349 3255 4404 modi
3304 4350 3376 4404 sit
3416 4346 3532 4417 jant
3586 4347 3819 4403 severior

2243 4445 2603 4516 exspectanda
2644 4444 2893 4515 dejectio,
2917 4442 3134 4514 quando
3168 4442 3312 4513 quod
3339 4442 3502 4496 corde
3534 4441 3755 4494 rational
3778 4437 3819 4492 i-

2245 4539 2367 4593 litcr
2394 4538 2655 4598 creditur.
2680 4553 2776 4592 ore
2807 4536 2858 4590 in
2892 4536 3105 4605 publico
3160 4549 3264 4592 non
3322 4532 3637 4604 profertur?
3681 4531 3819 4585 Ecce

2244 4632 2386 4685 enim
2412 4630 2493 4685 lex
2524 4629 2735 4700 publica
2765 4630 3050 4699 pendet,et
3073 4624 3459 4698 lcgalisjussal
3496 4640 3589 4694 per
3606 4638 3816 4679 onmem

2246 4740 2469 4795 regnum
2518 4738 2705 4778 eorum
2765 4721 3046 4786 discurrit,
3100 4731 3159 4775 ut
3204 4720 3295 4790 qui
3347 4719 3818 4790 blasphemaverit.

2245 4820 2564 4889 ﬂagelletttr,
2578 4828 2633 4873 et
2650 4817 2743 4889 qui
2776 4817 3123 4888 percusserit,
3141 4816 3439 4870 occidatur.
3458 4814 3594 4870 Ecce
3618 4822 3669 4868 et
3689 4824 3819 4881 quo~

2248 4911 2375 4965 tidie
2407 4910 2553 4965 horis
2581 4908 2791 4963 diurnis
2812 4916 2869 4963 et
2894 4906 3173 4961 nocturnis
3217 4905 3269 4960 in
3314 4904 3557 4960 turribus
3606 4901 3713 4958 suis
3766 4910 3821 4955 et

2246 5000 2518 5054 montibus
2543 4998 2797 5068 caligosis
2825 4998 2851 5037 Ιι
2878 4996 3162 5051 Dominum
3184 4995 3533 5059 maledicunt,
3560 4994 3679 5049 dttm
3720 5006 3816 5043 va-

2250 5098 2353 5144 tem
2412 5089 2759 5160 impudicum,
2812 5092 3108 5159 petjurum,
3165 5086 3411 5141 rabidum
3450 5094 3507 5141 et
3555 5085 3811 5155 iniquum.

2278 5302 2287 5313 _
2322 5229 2349 5269 ιλ
2394 5226 2623 5283 Morales
2650 5226 2704 5281 in
2733 5226 2916 5281 divum
2948 5224 3160 5295 Eulog.,
3192 5222 3284 5278 fol.
3311 5221 3382 5277 29
3415 5220 3472 5286 b,
3501 5230 3551 5275 te
3575 5221 3818 5290 ignorari-

2248 5312 2532 5427 “uinidem
2561 5370 2634 5427 ibi
2670 5388 2683 5425 :
2716 5368 3129 5439 conspiratione,
3155 5374 3410 5439 caeterum
3443 5357 3818 5428 conspartioue,

2252 5443 2335 5499 vel
2361 5444 2729 5513 comparsione
2756 5458 2782 5496 r
2822 5435 3122 5513 linendum,
3164 5435 3386 5513 Veteres
3435 5443 3813 5513 namquencon-

2254 5498 2496 5586 sparsa»;
2525 5515 2775 5586 dicebant
2801 5528 2899 5586 pro
2924 5506 3406 5586 ιιδρειθδὶοηεηνίιιε
3434 5498 3617 5583 Gloss.
3650 5498 3811 5586 (hi5.

2335 5584 2348 5635 i
2400 5584 2604 5655 Legatis
2626 5578 3319 5655 jussa,'l‘eniinini_generis,
3343 5578 3619 5655 et_numeri
3642 5578 3793 5655 sing}!

2259 5657 2409 5721 laris,
2438 5639 2580 5711 sicut
2616 5639 2868 5708 claustra.
2910 5652 3006 5707 Vel
3054 5639 3235 5721 legalis
3281 5648 3452 5721 jusaio
3487 5639 3815 5721 _legendum;

2258 5728 2361 5784 nisi
2392 5717 2615 5783 verbum
2642 5726 2805 5781 etiam
2834 5717 3119 5788 discurrit,
3158 5717 3299 5775 sicut
3336 5717 3591 5775 Met-ales.
3632 5725 3799 5769 cluent

2254 5800 2672 5943 deiﬁaﬂﬂsus
2693 5867 2832 5926 idem
2860 5881 2923 5922 ac
2949 5864 3282 5935 caligi'w‘m'
3317 5864 3481 5935 cang'
