4034 6350
258 384 363 442 52!

1514 387 1880 446 INDICULUS
1910 389 2328 450 LUMINOSUS.

3432 409 3540 474 523

257 507 371 553 una
402 512 527 552 cum
567 509 593 538 ι
635 493 922 552 Dominum
967 494 1260 552 testimonii
1300 509 1432 552 voce
1461 498 1747 556 extollunt.
1785 499 1852 556 Et
1878 507 1930 567 Α
1955 510 2160 556 vertunt
2200 511 2371 556 turres
2411 509 2555 566 tuas,
2579 512 2625 555 et
2654 519 2832 560 omnes
2859 508 2948 576 qui
2979 511 3299 567 succendunt
3319 514 3532 570 habita-

259 592 391 657 heu,
424 598 482 648 et
508 605 608 657 vae,
631 589 759 646 huic
814 589 1042 660 tempori
1083 598 1292 658 nostro,
1333 591 1615 662 sapientiae
1649 591 1851 650 Christi

257 700 460 759 egeno,
491 685 611 742 zelo
637 683 884 742 zabolico
920 683 1118 754 pleno:
1151 683 1206 740 in
1236 699 1346 755 quo
1367 683 1548 741 nullus
1581 685 1853 741 invenitur

259 779 357 851 qui
395 778 554 850 juxta
592 775 803 847 iussum
852 775 1067 833 Domini
1123 777 1359 834 tonantis
1411 778 1854 851 aetherei,super

255 878 476 926 montes
531 868 841 940 Babyloniae
897 867 1274 941 caligosasque
1315 881 1498 927 turres
1543 871 1809 942 superbiae
1834 911 1852 939 ,

255 959 444 1017 crucis
462 958 590 1016 ﬁdei
610 958 822 1016 attollat
864 959 1156 1027 vexillum,
1185 960 1512 1018 sacrificium
1559 962 1672 1018 Deo
1715 962 1851 1019 olfe—

256 1067 392 1110 rens
412 1051 804 1124 vespertinum.
830 1052 900 1110 Et
919 1068 1026 1110 non
1057 1053 1233 1111 solum
1273 1065 1455 1112 mente
1473 1054 1734 1126 jucunda,
1762 1072 1853 1114 ac-

253 1144 513 1216 ceptione
538 1158 758 1211 serena,
799 1145 1141 1216 respectioue
1183 1145 1448 1213 modesta,
1479 1162 1688 1204 venena
1714 1149 1853 1204 reci-

253 1236 462 1308 pimus,
490 1237 742 1310 potiones
767 1237 1023 1305 libamus,
1056 1239 1300 1311 germina
1344 1239 1593 1296 lethifera
1647 1256 1853 1314 prtegu-

254 1337 504 1397 stamus;
527 1330 644 1396 sed,
668 1330 812 1401 quod
834 1331 1196 1404 perniciosius
1210 1341 1319 1400 est,
1344 1333 1774 1403 adversantibus,
1797 1345 1854 1392 et

253 1420 383 1477 zelo
405 1420 500 1476 Dei
531 1429 591 1476 ut
617 1421 766 1478 Elias
791 1421 1117 1488 zelantibus,
1160 1424 1532 1494 adversamus,
1581 1443 1646 1483 ac
1688 1430 1851 1485 surda

252 1530 393 1570 aure
415 1530 540 1571 cum
577 1515 813 1573 inimicis
839 1519 1039 1575 summi
1070 1518 1166 1574 Dei
1198 1519 1464 1576 amicitias
1490 1521 1848 1593 conligamus,

251 1616 316 1662 et
338 1605 616 1678 placentes
644 1609 724 1665 eis
763 1618 966 1668 nostrae
1017 1609 1143 1667 fidei
1197 1612 1540 1684 derogamus.
1588 1614 1657 1670 Et
1703 1621 1850 1672 certe

251 1697 380 1770 plus
402 1707 488 1754 est
506 1699 663 1769 juxta
709 1716 809 1758 nos
843 1710 905 1757 ut
941 1701 1088 1758 Elias
1131 1701 1312 1776 gladio
1356 1704 1658 1772 decertare,
1687 1721 1848 1776 quam

252 1787 444 1860 lingua
472 1798 534 1844 ut
559 1789 734 1846 nostri
759 1790 955 1847 heroes
999 1793 1312 1849 adversere.
1359 1792 1612 1861 Quotidie
1647 1809 1848 1865 oppro-

252 1880 416 1946 briis,
447 1891 504 1939 et
541 1881 687 1940 mille
712 1883 1168 1940 contumeliarum
1195 1883 1435 1941 fascibus
1478 1886 1683 1953 obruti,
1719 1901 1844 1957 per-

250 1972 592 2030 secutionem
616 1989 716 2030 nos
749 1975 980 2031 dicimus
1004 1991 1113 2032 non
1141 1975 1364 2032 habere.
1392 1976 1422 2017 b
1448 1975 1608 2045 Nam,
1638 1986 1698 2032 ut
1741 1979 1842 2038 alia

251 2068 492 2129 taceam,
513 2073 664 2120 certe
690 2064 819 2120 dum
860 2063 1240 2122 defunctorum
1269 2081 1499 2138 corpora
1535 2084 1566 2122 a
1597 2070 1822 2127 sacerdo

248 2151 405 2208 tibus
427 2153 634 2220 vident,
661 2161 725 2208 ut
752 2169 872 2211 mos
894 2164 979 2211 est
1002 2155 1408 2214 ecclesiasticus
1426 2199 1441 2226 ,
1473 2159 1639 2216 humo
1667 2159 1844 2218 dando

245 2255 476 2316 portare
495 2287 510 2312 ,
548 2261 728 2302 nonne
751 2248 955 2317 apertis
982 2249 1208 2306 vocibus
1234 2259 1291 2304 et
1333 2249 1711 2321 impurissimis
1757 2268 1845 2325 ge-

244 2337 341 2392 nis
365 2349 388 2377 ε
415 2338 642 2394 dicunt:
673 2337 838 2406 Deus,
862 2355 971 2396 non
1014 2341 1328 2397 miserearis
1375 2341 1482 2399 illis
1516 2361 1529 2397 :
1562 2353 1618 2399 et
1653 2344 1843 2416 lapidi-

243 2431 354 2488 bus
413 2433 726 2490 sacerdotes
785 2434 1000 2490 Domini
1055 2435 1416 2505 impetentes,
1471 2436 1844 2510 ignominiosis

245 2522 437 2579 verbis
482 2524 737 2596 populum
787 2524 1003 2581 Domini
1052 2525 1414 2594 denotantes,
1461 2529 1842 2597 spurcitiarum

246 2613 384 2671 fimo
447 2613 803 2672 Christicolas
877 2625 1222 2673 transeuntes
1251 2658 1266 2681 ,
1333 2619 1550 2689 paedore
1623 2617 1844 2674 infando

246 2715 570 2777 aspargunt,
601 2704 809 2776 majora
844 2706 1147 2764 minitando
1171 2708 1484 2779 ringentes?
1510 2708 1578 2764 Et
1602 2709 1706 2765 heu
1736 2711 1842 2766 ite-

241 2810 392 2861 rum,
425 2801 491 2852 ac
520 2797 698 2863 tertio,
729 2798 1012 2854 innumero
1037 2813 1119 2854 vae
1143 2799 1321 2864 nobis,
1355 2799 1448 2871 qui
1476 2799 1618 2855 hanc
1653 2815 1843 2855 eorum

244 2887 691 2947 sub‘sannationis
744 2891 1075 2947 derisionem
1120 2900 1424 2962 portamus,
1451 2902 1508 2950 et
1551 2894 1617 2950 de
1653 2909 1841 2965 perse-

242 2981 487 3038 cutionis
509 2981 830 3040 Antichristi
859 2991 1102 3053 tempore
1129 2983 1460 3040 dubitamus.
1511 2983 1603 3041 Sic
1653 2984 1839 3041 itidem

242 3083 306 3130 et
341 3089 467 3130 cum
498 3075 811 3131 sacerdotes
838 3076 954 3142 Dei,
986 3091 1115 3133 casu
1144 3092 1254 3148 quo
1279 3093 1440 3148 quem
1467 3078 1690 3134 obviant
1711 3074 1843 3150 per;

241 3167 483 3233 viantes,
525 3167 734 3238 lapides
781 3176 1026 3240 testaque
1072 3171 1356 3226 arvissima
1383 3170 1410 3211 ἀ
1435 3180 1563 3228 ante
1609 3173 1839 3246 vestigia

240 3273 439 3316 eorum
461 3259 901 3327 revolventes,ac
917 3262 1309 3333 improperioso
1331 3272 1385 3320 et
1404 3264 1591 3320 infami
1622 3267 1841 3322 nomine
1869 3233 1914 3296 Ο

241 3351 597 3424 derOgantes,
623 3351 822 3424 vulgali
859 3353 1165 3422 proverbio,
1199 3363 1254 3410 et
1282 3356 1497 3412 cantico
1532 3357 1845 3415 inhonestos

243 3443 560 3516 suggillant,
589 3452 645 3500 et
674 3443 798 3500 fidei
829 3444 1042 3517 signum
1067 3447 1425 3518 opprobrioso
1454 3449 1631 3521 elogio
1680 3451 1842 3508 deco-

244 3536 436 3594 lorant
458 3554 502 3591 ο.
530 3536 637 3593 Sed
665 3551 790 3593 cum
821 3537 1060 3594 basilicae
1087 3539 1323 3610 signum,
1347 3541 1451 3597 hoc
1481 3551 1584 3607 est,
1611 3541 1844 3598 tinnien-

244 3631 324 3688 tis
342 3630 471 3688 aeris
495 3631 754 3697 sonitum,
769 3631 860 3701 qui
880 3646 981 3702 pro
999 3641 1266 3689 conventu
1291 3634 1537 3690 ecclesia:
1557 3635 1845 3690 adunaudo

245 3722 404 3778 horis
451 3723 708 3780 omnibus
751 3725 1030 3781 canonicis
1065 3724 1393 3795 percutitur,
1425 3727 1672 3794 audiunt,
1703 3728 1846 3783 deri-

245 3814 394 3872 sioni
424 3823 481 3870 et
501 3816 832 3888 contemptui
859 3817 1154 3883 inhiantes,
1181 3827 1461 3872 moventes
1501 3818 1680 3888 capita
1699 3859 1715 3884 ,
1764 3817 1847 3874 in-

248 3906 419 3964 fanda
474 3905 724 3963 iterando
783 3906 1168 3978 congeminat,
1235 3915 1292 3963 et
1357 3921 1575 3963 omnem
1630 3923 1842 3979 sexum,

246 4003 674 4070 universumque
755 4003 971 4052 atatem
1008 4036 1024 4062 ,
1099 3995 1374 4068 totiusque
1457 3995 1662 4054 Christi
1743 3998 1846 4054 Do-

247 4095 387 4152 mini
425 4107 641 4166 gregem
682 4103 791 4146 non
827 4085 1087 4144 uniformi
1116 4087 1433 4154 subsannio,
1484 4089 1579 4144 sed
1627 4087 1846 4146 milleno

245 4183 710 4242 contumeliarum
783 4178 1044 4246 infamia,
1125 4177 1393 4235 maledice
1473 4178 1741 4251 impetunt
1788 4189 1845 4237 et

247 4277 528 4336 deridunt.

321 4371 376 4425 7.
419 4366 674 4440 Nunquid
703 4381 812 4424 non
841 4365 933 4421 isti
971 4374 1099 4421 sunt
1146 4365 1239 4435 qui
1290 4365 1632 4422 Hierusalem
1679 4365 1846 4422 male-

246 4463 459 4528 dicunt,
489 4467 546 4516 et
579 4473 767 4515 muros
792 4457 916 4513 fidei
947 4465 1150 4513 sanctae
1175 4456 1306 4514 Sion
1335 4458 1623 4514 destruunt
1647 4467 1704 4514 et
1729 4474 1845 4514 suc-

245 4551 530 4609 cendunt?
564 4551 642 4606 De
690 4549 890 4620 quibus
935 4547 1134 4604 dicitur
1165 4563 1180 4601 :
1217 4545 1489 4602 Maledicti
1525 4564 1704 4604 omnes
1748 4550 1839 4620 qui

244 4655 502 4719 spernunt
543 4653 613 4709 te,
653 4653 704 4698 et
734 4659 911 4698 omnes
945 4642 1036 4714 qui
1078 4640 1437 4711 blasphemant
1467 4650 1535 4696 te.
1570 4639 1840 4696 Maledicti

243 4753 432 4795 omnes
451 4736 543 4808 qui
567 4736 788 4790 oderunt
816 4745 888 4800 te,
917 4743 967 4788 et
996 4750 1172 4788 omnes
1202 4733 1291 4804 qui
1320 4732 1547 4787 dixerint
1578 4734 1633 4787 in
1657 4744 1705 4787 te
1727 4749 1839 4787 ver-

245 4833 374 4886 bum
423 4830 634 4883 durum.
685 4826 960 4882 Maledicti
1014 4825 1192 4880 omnes
1230 4825 1320 4896 qui
1366 4825 1630 4895 deponunt
1673 4835 1745 4890 te,
1793 4834 1843 4880 et

246 4940 431 4980 omnes
462 4923 553 4995 qui
585 4921 862 4977 destruunt
899 4935 1078 4974 muros
1117 4928 1254 4986 tuos,
1294 4927 1342 4972 et
1385 4933 1562 4972 omnes
1591 4918 1681 4986 qui
1711 4917 1840 4971 sub-

321 5071 348 5099 ιι
390 5057 554 5114 Forte
577 5074 716 5113 eum.

323 5129 354 5170 ιδ
395 5129 526 5185 Haec
550 5137 606 5185 et
645 5128 750 5184 alia
779 5127 974 5184 melius
1003 5125 1448 5196 interrogationis
1493 5127 1649 5198 signo
1688 5125 1838 5182 elau-

248 5203 535 5258 derentur.
570 5200 706 5267 Quia
735 5211 916 5256 tamen
944 5213 1220 5268 nunquam
1252 5206 1475 5268 notatur
1504 5199 1554 5251 in
1580 5198 1767 5252 codice
1790 5206 1844 5251 et

247 5279 481 5344 possunt
505 5286 572 5326 ex
598 5271 1035 5344 adversariorum
1067 5267 1251 5324 mente
1293 5267 1433 5322 dicta
1471 5268 1665 5338 accipi,
1709 5269 1842 5324 nihil

250 5342 415 5400 nobis
438 5342 801 5413 permisimus.

329 5425 351 5452 θ
396 5408 630 5474 Morales
653 5413 746 5470 fol.
774 5413 919 5469 50in
956 5412 1139 5470 divum
1162 5408 1378 5480 Eulog,
1402 5409 1696 5480 gemitibus.
1738 5409 1844 5467 Co-

249 5486 357 5562 dex
413 5490 611 5548 autem,
634 5484 826 5562 genis,
865 5485 1009 5562 quod
1055 5497 1163 5562 non
1191 5480 1580 5562 improbemus
1627 5498 1641 5534 :
1676 5480 1837 5562 infra

246 5551 944 5638 enim,_num.A2-'O,.auctor
970 5553 1227 5637 inculcat,
1249 5551 1542 5608 Donatistae
1570 5551 1714 5622 genis
1742 5553 1836 5607 im-

244 5626 578 5697 puri.‘Num.
607 5625 697 5689 24,
722 5627 944 5696 impuris
972 5626 1137 5697 genis.

319 5695 351 5737 δ
392 5696 625 5752 Morales
648 5697 724 5753 ibi
753 5714 766 5750 :
801 5695 943 5752 Casu
967 5697 1214 5768 quopiam
1251 5694 1496 5768 cuiquam
1521 5693 1834 5750 obviauerint

246 5783 347 5840 per
374 5769 518 5824 viam
553 5767 754 5840 lapides
799 5767 987 5822 coram
1013 5768 1139 5838 ipsis
1178 5767 1539 5840 cumulantes,
1574 5775 1836 5840 test_asque

243 5835 586 5896 avidissimus
609 5835 778 5906 'ante,
829 5849 963 5905 etc.,
1005 5835 1128 5911 quae
1165 5838 1234 5894 de
1271 5849 1371 5895 suo
1397 5837 1608 5904 texuit;
1655 5835 1836 5893 Testes

538 5933 812 5998 Pnaon.
856 5931 1083 5996 CXXI.

1951 591 2118 648 tiones
2151 601 2270 647 tuas
2298 591 2342 646 τ.
2391 592 2458 648 Et
2501 593 2628 649 licet
2669 595 2786 652 haec
2821 599 3000 653 omnia
3043 601 3112 656 ab
3151 603 3256 659 illis
3279 621 3378 676 pro
3407 623 3536 662 con—

1954 692 2160 756 temptu
2189 693 2245 740 et
2270 684 2562 752 derisione,
2591 685 2677 742 vel
2699 688 2844 756 odio,
2883 698 2944 747 ut
2986 681 3535 767 diximus,'implean-

1955 785 2063 844 tur,
2106 786 2288 834 tamen
2327 777 2492 834 etiam
2520 779 2817 837 carnaliter
2849 781 2902 836 in
2935 783 3294 844 habitationes
3322 788 3532 848 Domini

1953 881 2008 928 et
2037 871 2093 928 in
2137 873 2437 930 sanctuarii
2485 873 2629 930 aedes
2677 875 2919 945 quotidie
2961 888 3358 950 perpetrantur,
3407 883 3544 939 dum

1952 965 2196 1022 ecclesiae
2231 964 2327 1022 Dei
2354 966 2733 1034 destruantur,
2762 976 2819 1022 et
2843 969 3066 1039 antiqua
3095 971 3368 1029 soliditate
3395 979 3536 1028 tem-

1951 1057 2041 1128 pla
2073 1057 2310 1126 firmata,
2340 1066 2647 1115 terratenus
2678 1055 3046 1130 coaequantur.
3081 1061 3147 1117 Et
3171 1073 3326 1120 estne
3361 1065 3540 1122 adhuc

1955 1149 2155 1220 aliquis
2197 1151 2290 1222 qui
2333 1151 2434 1206 hos
2477 1150 2671 1224 dignos
2719 1151 3103 1209 maledictione
3140 1169 3248 1210 non
3273 1156 3537 1226 proferat,

1952 1255 2090 1311 quos
2119 1241 2442 1298 maledictos
2492 1242 2645 1298 tanto
2689 1251 2932 1314 tempore
2976 1259 3099 1299 cum
3145 1245 3384 1302 Ecclesia
3437 1246 3538 1304 do—

1953 1339 2111 1388 cente
2151 1333 2473 1404 percantat?
2518 1331 2674 1389 Hanc
2718 1333 2864 1389 enim
2893 1334 3326 1405 maledictionem
3363 1354 3543 1396 annue

1951 1420 2196 1478 Ecclesia
2222 1436 2386 1492 super
2414 1422 2662 1480 odientes
2693 1438 2774 1489 se,
2807 1437 2914 1478 non
2946 1425 3180 1492 occulte,
3211 1426 3306 1482 sed
3341 1434 3539 1498 paten-

1950 1521 2037 1569 ter
2059 1528 2123 1570 ac
2147 1514 2510 1583 luminositer,
2537 1516 2756 1582 clamat,
2789 1525 2844 1572 et
2871 1531 3006 1574 voce
3035 1517 3249 1574 sublimi
3278 1522 3544 1593 suavique

1951 1606 2236 1663 dulcedine
2278 1606 2610 1676 perﬁdorum
2640 1621 2860 1662 suorum
2895 1623 2991 1666 ora
3018 1607 3351 1666 sufficienter
3389 1611 3542 1668 exal-

1952 1704 2050 1752 tat.
2099 1697 2340 1770 Angelus
2388 1715 2622 1770 namque
2662 1699 2877 1754 Domini
2911 1699 3236 1757 maledicere
3254 1702 3418 1772 jussit
3445 1703 3543 1758 ha-

1950 1787 2214 1845 bitatores
2258 1797 2420 1846 terrae
2463 1789 2626 1855 illius,
2668 1790 2760 1860 qui
2805 1799 3018 1846 tantum
3052 1792 3107 1846 in
3138 1793 3400 1848 auxilium
3431 1793 3542 1850 for-

1873 1864 1924 1926 Β
1954 1881 2086 1936 tium
2121 1882 2333 1937 Domini
2363 1897 2470 1938 non
2499 1896 2718 1938 venere.
2753 1882 2820 1938 Et
2850 1899 2974 1950 nos,
3001 1885 3092 1954 qui
3121 1884 3291 1940 fortes
3325 1885 3540 1941 Domini

1950 1974 2294 2040 concalcant,
2333 1983 2388 2030 et
2416 1989 2571 2030 sacra
2602 1975 2697 2030 Dei
2731 1983 2896 2046 atque
2926 1991 3053 2030 vere
3094 1974 3297 2031 Sancta
3328 1985 3544 2032 sancto-

1947 2081 2069 2121 rum
2108 2066 2366 2132 inrident,
2401 2065 2871 2122 maledictionibus
2901 2067 3186 2138 impulsari
3216 2066 3543 2139 proferimus

1947 2174 2069 2214 esse
2087 2175 2194 2215 non
2215 2160 2458 2230 dignum,
2475 2159 2572 2214 sed
2593 2159 2948 2216 indiscretum
2972 2161 3057 2215 vel
3076 2160 3323 2231 iniquum
3348 2163 3542 2218 astrui-

1947 2266 2069 2306 mus
2098 2250 2248 2306 credi
2275 2249 2492 2306 debere.

2016 2342 2069 2396 8.
2111 2340 2477 2413 Prophetalis,
2509 2341 2620 2398 imo
2646 2343 2766 2411 Dei,
2795 2348 3065 2402 sententia
3091 2348 3303 2404 intonat
3332 2367 3345 2402 :
3377 2344 3545 2404 hiate.

1945 2433 2104 2488 dicite
2128 2443 2281 2489 terra:
2311 2432 2512 2499 Meroz,
2545 2435 2680 2490 dixit
2709 2436 2928 2508 angelus
2959 2437 3175 2494 Domini
3199 2457 3218 2494 :
3245 2439 3542 2495 maledicite

1946 2524 2330 2579 habitatoribus
2391 2525 2540 2596 ejus,
2591 2527 2682 2598 qui
2731 2544 2836 2582 non
2880 2540 3130 2584 venerunt
3170 2532 3240 2584 ad
3279 2532 3541 2588 auxilium

1951 2614 2358 2683 fortissimorum
2377 2615 2509 2685 ejus.
2534 2615 2838 2672 Benedicite
2855 2618 3010 2674 ,Ιαὸεί
3032 2637 3166 2675 uxor
3180 2621 3473 2678 Barcennei
3489 2627 3538 2678 σε

1945 2724 2139 2778 aquam
2172 2707 2362 2778 petenti
2403 2706 2487 2760 lac
2531 2707 2696 2774 dedit,
2741 2718 2788 2764 et
2824 2711 2884 2764 in
2909 2711 3040 2779 ﬁala
3075 2711 3326 2783 principis
3354 2714 3543 2769 obtulit

1945 2800 2211 2871 butyrum.
2246 2800 2538 2856 Sinistram
2569 2819 2787 2857 manum
2820 2803 2961 2858 misit
2987 2805 3056 2857 ad
3085 2805 3315 2872 clabum,
3341 2820 3387 2862 et
3415 2810 3543 2865 dex-

1943 2899 2112 2944 teram
2160 2890 2230 2944 ad
2272 2890 2549 2960 fabrorum
2592 2887 2862 2959 malleum,
2901 2895 3255 2967 percussitque
3301 2895 3541 2953 Sisarant

1943 2997 2183 3051 quterens
2221 2981 2278 3036 in
2321 2982 2492 3053 capite
2531 2981 2760 3037 uulneris
2803 2983 3000 3050 locum,
3034 2995 3083 3041 et
3111 2988 3360 3058 templum
3391 2991 3418 3030 ιι
3451 3008 3544 3045 va-

1944 3071 2049 3125 lide
2097 3072 2375 3142 perforans
2417 3071 2620 3144 (Judic.
2650 3087 2706 3139 v,
2743 3073 2814 3128 25
2843 3077 2997 3147 seq.).
3057 3077 3126 3132 Et
3167 3078 3290 3148 plus
3340 3090 3441 3146 est,
3485 3089 3545 3136 ut

1945 3178 2088 3230 reor,
2124 3163 2315 3234 capulo
2345 3171 2592 3234 tempora
2617 3163 2908 3235 perforari,
2945 3183 3110 3238 quam
3136 3170 3318 3226 verbis
3347 3173 3544 3230 veridi-

1946 3255 2025 3310 cis
2058 3255 2312 3312 inimicos
2351 3255 2565 3312 Domini
2603 3256 2913 3314 vulnerare.
2945 3259 3300 3332 Ampliorque
3329 3280 3542 3322 merces

1944 3355 2030 3402 est
2073 3361 2172 3416 pro
2217 3361 2345 3403 vere
2395 3346 2600 3403 Sancto
2645 3355 2988 3417 sanctorum,
3041 3361 3100 3406 ut
3129 3349 3243 3420 jam
3285 3355 3544 3424 pra-fatus

1947 3453 2090 3504 sum,
2117 3446 2176 3492 et
2199 3454 2300 3510 pro
2319 3445 2539 3493 aeternae
2568 3438 2692 3494 vita:
2732 3449 2876 3495 statu
2931 3441 3052 3497 sine
3085 3442 3194 3500 fine
3232 3444 3414 3503 futuro
3438 3465 3542 3520 pu-

1947 3545 2084 3600 gnas
2119 3529 2396 3601 spiritales
2423 3531 2441 3571 ί
2470 3530 2740 3600 praeliare,
2789 3546 2952 3600 quam
2990 3548 3090 3602 pro
3131 3536 3310 3606 typica
3335 3548 3393 3592 et
3420 3553 3542 3593 car-

1946 3622 2058 3678 nali
2079 3621 2441 3687 Hierusalem,
2463 3622 2550 3676 vel
2579 3637 2746 3692 regno
2772 3631 3011 3691 terreno,
3037 3627 3363 3698 quandoque
3384 3630 3540 3686 brevi

1949 3714 2185 3770 termino
2206 3713 2576 3785 praecidendo,
2607 3713 2778 3768 clavis
2802 3722 2858 3769 et
2878 3714 3089 3771 malleis
3111 3718 3409 3774 decertare.
3432 3720 3542 3777 Sed

1948 3807 2089 3862 hanc
2139 3813 2196 3861 et
2259 3805 2594 3877 prophetalis
2651 3805 2875 3876 spiritus
2934 3821 3002 3862 eo
3063 3817 3306 3880 tempore
3371 3811 3538 3867 bene-

1947 3898 2103 3965 dixit,
2126 3905 2182 3954 et
2205 3897 2382 3953 omnis
2411 3894 2666 3953 Ecclesiae
2690 3897 2890 3952 chorus
2917 3900 3109 3955 eodem
3147 3901 3310 3957 hodie
3343 3904 3536 3972 praedi-

1947 3998 2036 4045 cat
2084 3991 2265 4056 modo,
2312 4003 2420 4059 quo
2448 3999 2579 4045 tunc
2613 3999 2802 4046 sancta
2839 3993 3166 4048 universalis
3188 3997 3538 4070 congregatio

1947 4081 2314 4139 conlaudavit.
2337 4080 2502 4138 Certe
2525 4082 2618 4152 qui
2641 4083 2826 4139 hostes
2851 4083 3110 4142 Ecclesiae
3132 4087 3538 4158 maledicentes,

1948 4174 2267 4231 maledictos
2309 4187 2432 4230 esse
2475 4171 2739 4241 afﬁrmat,
2791 4191 2822 4230 a
2863 4177 3096 4233 veritate
3131 4179 3380 4236 resiliens
3411 4182 3541 4238 reli-

1947 4270 2164 4342 gionem
2214 4279 2428 4327 sacram
2477 4270 2746 4338 detestat,
2780 4280 3032 4341 superest
3065 4273 3116 4328 ei
3146 4284 3206 4330 ut
3230 4285 3355 4346 post
3394 4293 3540 4346 pra:-

1946 4365 2184 4420 sentium
2223 4362 2638 4418 infamationem
2680 4365 3013 4430 anteriorum
3056 4376 3368 4422 sanctorum
3399 4368 3542 4423 cele-

1945 4457 2243 4512 berrimum
2308 4455 2570 4528 infringat
2631 4471 2883 4528 agonem.
2937 4456 3239 4526 .Maledicat
3294 4460 3537 4515 Jahelem

1948 4566 2110 4621 quam
2161 4548 2496 4620 prophetalis
2542 4550 2598 4603 in
2646 4558 2916 4605 conventu
2965 4551 3205 4622 plebium
3257 4553 3539 4623 inspiratio

1947 4639 2246 4697 benedixit.
2293 4638 2577 4694 Maledicat
2621 4637 2828 4704 Iudith,
2869 4655 2991 4710 qua:
3027 4641 3212 4696 dolose
3235 4640 3388 4708 juxta
3416 4659 3541 4696 sen-

1953 4747 2074 4788 sum
2115 4730 2418 4785 derisorum
2447 4727 2713 4800 gregemi
2756 4729 2965 4785 occisit.
3010 4729 3293 4786 Maledicat
3321 4740 3376 4787 et
3403 4732 3539 4788 alios

1951 4824 2376 4881 innumerabiles
2403 4830 2608 4893 patres,
2647 4822 2739 4892 qui
2781 4836 2953 4893 usque
2976 4824 3043 4878 ad
3076 4832 3305 4878 mortem
3335 4823 3540 4880 bellan-

1950 4926 2034 4975 tes
2053 4917 2171 4972 zelo
2194 4915 2407 4971 Domini
2438 4915 2688 4970 inimicos
2727 4914 2822 4969 Dei
2861 4930 2968 4970 non
3005 4915 3181 4970 solum
3207 4915 3408 4982 verbis,
3441 4917 3536 4972 sed

1949 5069 2081 5110 vero
2110 5054 2436 5109 aridissimas
2470 5051 2662 5106 melius
2686 5067 2848 5122 quam
2873 5053 2926 5108 in
2959 5053 3146 5110 codice
3168 5053 3424 5110 restituit.

2023 5137 2045 5209 ξε
2082 5126 2377 5209 Ρενρθτειηι
2428 5122 2655 5180 Moralcs
2713 5124 3026 5179 detruncant
3078 5139 3180 5196 pro
3232 5125 3537 5181 decolorent

1949 5199 2490 5324 edid‘lttl'aledictimles
2523 5277 2650 5326 ειιηι
2675 5283 2810 5340 quas
2834 5266 3076 5340 ECCIesia
3103 5283 3268 5340 super
3291 5267 3540 5325 οὸίθηιεε

1947 5357 2008 5398 se
2047 5355 2226 5396 annue
2265 5349 2320 5397 et
2345 5339 2523 5412 palam
2559 5339 2836 5406 fundebat,
2869 5347 2926 5392 ut
2952 5339 3136 5396 statim
3163 5339 3358 5396 auctor
3386 5354 3537 5394 com-

1949 5421 2232 5468 memorat.

2021 5486 2048 5564 ti
2089 5479 2333 5564 _Vulgata,
2364 5481 2546 5564 [faber
2563 5482 2741 5564 pinati.
2851 5562 2857 5564 Α
3101 5555 3113 5564 _
3144 5556 3156 5564 _
3447 5550 3507 5564 ...

2014 5555 2048 5596 ιι
2086 5550 2247 5638 Lege,
2276 5555 2579 5638 tempusnid
2617 5565 2701 5638 est
2741 5562 2953 5627 partem
2995 5555 3211 5628 capitis,
3253 5566 3421 5625 quam
3443 5550 3537 5608 lii-

1945 5625 2185 5698 spanice’
2198 5625 2428 5682 dicimus
2452 5644 2464 5681 :
2496 5625 2572 5681 La
2605 5625 2752 5682 siem.

2024 5701 2042 5741 ἱ
2086 5695 2216 5753 Ms..
2241 5712 2416 5753 nuana
2437 5697 2720 5753 spiritalia.

2024 5713 2042 5741 ι
2086 5713 2216 5764 tus.,
2241 5713 2416 5767 pugna
2437 5713 2720 5770 sptrtlalta.

2019 5767 2034 5819 i
2078 5769 2164 5824 An
2186 5768 2388 5840 regem?

3025 5929 3095 5993 1'1

2347 6001 2377 6012 '-
