4034 6350
586 422 699 495 sas

1836 419 2097 481 ALVARI
2130 420 2607 483 CORDUBENSIS
3690 429 3771 491 εει

591 540 788 616 gladiis
814 546 1154 599 twncavere.
1193 537 1265 595 Et
1288 538 1337 595 si
1361 553 1395 594 a
1414 537 1562 596 veris
1595 537 1831 596 strenuis
1859 538 2171 597 severitatis
2196 540 2250 602 Α
2268 540 2634 608 defendimus,
2674 548 2733 598 et
2787 554 2899 598 non
2939 539 3292 610 damnabilis,
3316 543 3408 601 sed
3424 542 3606 614 optima
3624 550 3770 619 praui.

593 652 705 695 non
732 635 999 707 recipiunt
1028 648 1125 706 pro
1149 633 1254 691 fide
1282 634 1529 706 praelium
1552 634 1926 691 intentandum
1955 652 1970 690 :
1994 634 2175 691 saltim

594 743 627 789 a
653 727 870 795 feminis
905 726 1118 784 discant
1162 726 1375 783 virilem
1411 727 1480 783 de
1515 726 1761 784 hostibus
1800 727 2121 784 adorearum
2147 736 2175 766 ι

592 819 872 883 sublitum
905 819 1225 890 tropbteum.
1272 819 1341 875 Et
1367 834 1532 877 sexus
1570 818 1765 877 fortior
1806 821 2006 892 pudeat
2042 834 2174 876 sexu

592 915 838 987 superari
878 913 1133 971 femineo.
1172 912 1475 982 Postremo,
1511 915 1654 985 quod
1686 915 1936 972 omnibus
1956 913 2176 971 sacrile-

590 1025 723 1084 gum
759 1022 881 1067 esse
920 1007 1214 1074 videbitur,
1258 1008 1305 1063 si
1344 1017 1491 1067 certe
1538 1004 1746 1064 tantum
1790 1009 2048 1066 adversor
2091 1017 2176 1066 est

592 1101 853 1159 Ecclesiae
873 1110 1077 1157 sancta
1088 1100 1393 1167 maledicat,
1419 1116 1539 1172 qtae
1559 1100 1949 1158 maledicentes
1969 1117 2029 1158 se
2048 1116 2175 1171 quo—

597 1196 729 1253 tidie
762 1194 1055 1252 maledicit.
1093 1195 1159 1251 Et
1201 1195 1391 1267 utique
1424 1194 1742 1251 maledictor
1773 1192 2029 1250 Ecclesia:
2068 1199 2173 1259 est,

592 1290 691 1363 qui
718 1290 929 1347 viscera
957 1289 1211 1346 Ecclesiae
1254 1288 1547 1353 maledicit,
1596 1289 1706 1344 imo
1742 1288 1837 1359 qui
1875 1285 2045 1358 ipsius
2073 1285 2176 1342 Ec-

596 1381 798 1445 deait,
821 1396 943 1452 qua
974 1396 1082 1437 non
1112 1380 1285 1452 magis
1314 1382 1368 1436 in
1402 1380 1522 1436 aliis
1554 1394 1719 1450 quam
1742 1380 1800 1434 in
1819 1378 1953 1448 ipsis
1977 1385 2179 1449 marty-

595 1474 751 1531 ribus
772 1480 1145 1543 computatur,
1175 1471 1471 1529 infamator
1496 1473 1758 1543 profanus
1788 1479 1893 1527 est.
1927 1468 2179 1540 Nunquid

596 1582 709 1625 non
752 1568 942 1624 doctor
989 1575 1203 1633 noster,
1259 1566 1628 1623 Ecclesiarum
1674 1566 1879 1623 Christi
1924 1565 2181 1637 magister

595 1658 813 1724 Paulus,
838 1660 1080 1733 gentium
1129 1660 1420 1731 apostolus,
1444 1674 1542 1716 vas
1564 1659 1767 1715 Christi
1786 1659 2014 1724 electus,
2036 1658 2183 1713 hunc

598 1753 848 1825 angelum
876 1754 1044 1825 digito
1078 1754 1223 1823 quali
1252 1754 1538 1821 denotans,
1563 1767 1809 1824 praesago
1835 1750 2029 1821 spiritu
2066 1764 2183 1804 ma-

598 1842 811 1908 Iediait,
859 1844 1083 1901 dicens:
1114 1844 1175 1901 Si
1218 1845 1336 1917 quis
1376 1844 1517 1900 vobis
1564 1843 1713 1898 aliud
1756 1840 2183 1913 evangelisauerit

2276 647 2464 690 minus
2484 635 2509 689 ?
2527 634 2596 690 Et
2626 632 2968 693 Christianos
3000 643 3191 691 coam
3219 634 3343 692 fidei
3382 650 3488 697 suat
3526 638 3678 697 socios
3697 656 3770 713 pro

2277 728 2421 800 regis
2448 727 2646 799 gratia,
2673 734 2730 785 et
2754 742 2856 799 pro
2898 727 3256 786 vendibilibus
3282 729 3591 798 mmibus,
3624 741 3671 795 ct
3703 733 3770 790 de.

2276 821 2522 879 fensione
2538 822 2818 894 gentilium
2844 821 3175 894 prcliantes,
3201 838 3309 880 non
3328 821 3677 892 Mm“,
3699 841 3773 884 nec

2276 914 2628 981 detestamus,
2641 915 2736 971 sed
2756 914 3036 986 religiosos
3053 928 3151 986 pm
3162 912 3273 971 Deo
3286 928 3411 971 vero
3427 923 3774 972 esrtantesass-

2278 1009 2515 1066 themate
2540 1010 2895 1081 percutimus,
2922 1018 2980 1066 et
3010 1009 3364 1067 infamamus?
3386 1019 3444 1067 et
3464 1009 3570 1067 hac
3588 1019 3682 1067 tota
3697 1030 3777 1075 ms-

2276 1108 2336 1157 tu
2357 1102 2563 1158 terreni
2599 1100 2744 1173 regis
2770 1109 2998 1173 urgente
3019 1099 3346 1172 pet-agimus,
3372 1114 3523 1169 quem
3544 1100 3686 1158 veloci
3700 1102 3777 1161 ﬁne

2274 1208 2468 1252 carere
2514 1194 2619 1250 fide
2670 1192 3013 1251 indubitabili
3068 1192 3360 1249 retinemus
3412 1210 3429 1247 :
3480 1201 3533 1248 et
3574 1200 3777 1253 terrere-

2277 1284 2466 1342 teterui
2487 1283 2671 1357 Regis,
2702 1284 2771 1341 ad
2799 1298 2957 1355 quem
2971 1276 3133 1340 citius
3155 1281 3295 1339 trahi
3312 1297 3412 1341 nos
3428 1297 3545 1340 vere
3570 1284 3779 1343 credimus

2279 1387 2337 1435 et
2358 1385 2624 1444 tenemus,
2654 1385 2777 1449 post
2804 1386 3016 1448 tergum
3060 1376 3337 1448 rejieimus
3358 1384 3419 1433 et
3436 1376 3779 1435 eonetdcainus:

2283 1478 2446 1540 atque
2486 1469 2581 1540 qui
2618 1484 2808 1525 eorum
2845 1469 3125 1526 erroribus
3150 1469 3537 1535 contradicunt,
3562 1468 3782 1528 hereticos

2281 1568 2339 1618 et
2365 1559 2566 1617 inscios
2583 1558 2932 1629 iudicamus?
2957 1559 3155 1618 Nostra
3203 1568 3395 1619 contra
3444 1575 3537 1619 nos
3586 1560 3783 1618 dimicant

2283 1668 2437 1709 arma
2469 1670 2482 1706 :
2509 1663 2565 1712 et
2598 1653 2653 1710 in
2685 1653 2890 1711 vertice
2928 1662 3117 1711 nostro
3137 1653 3419 1711 descendit
3444 1651 3671 1723 iniquius
3711 1667 3782 1710 as-

2286 1754 2399 1803 stra
2424 1744 2600 1818 (Ρωι.
2616 1762 2716 1814 vn,
2744 1747 2855 1819 17).
2883 1746 3101 1818 Egregii
3124 1745 3518 1817 Nicatores,
3543 1755 3594 1801 et
3611 1744 3785 1801 admin-

2286 1840 2423 1896 biles
2445 1855 2669 1912 gregum
2688 1839 2872 1906 electi,
2890 1839 3018 1897 boui
3041 1848 3099 1897 et
3120 1838 3288 1897 nonni
3324 1839 3355 1885 ⁸
3378 1847 3621 1910 pastores,
3640 1837 3785 1894 siccius

597 1945 791 2009 prater
842 1936 899 1991 id
951 1937 1091 2009 quod
1141 1937 1416 2007 accepistis
1439 1976 1455 2003 ,
1525 1937 1803 1992 anathema
1856 1936 1943 1990 sit.
1997 1935 2179 1989 Am.
2212 1923 2262 1987 B
2287 1949 2389 1990 nos
2411 1934 2594 1990 docuit
2605 1932 2893 1990 Christus?
2916 1934 3010 1990 Sic
3030 1949 3227 1991 omnes
3248 1932 3474 2005 apostoli
3497 1930 3785 1989 θιάσοιααῖ

603 2024 830 2082 Etiamsi
864 2026 1079 2098 angelus
1101 2028 1166 2083 de
1193 2027 1320 2082 cmio
1357 2028 1783 2100 etangelisaverit
1825 2025 1966 2082 vobis
2006 2025 2178 2094 aliud,

600 2122 884 2178 anathema
921 2121 1009 2178 sit.
1056 2121 1222 2177 Amen
1257 2120 1403 2193 (Gal.
1451 2136 1486 2186 ι,
1519 2121 1596 2194 8).
1647 2120 1787 2177 Ecce
1823 2121 2046 2193 angelus
2092 2121 2184 2177 ille

602 2215 923 2271 maledictus
964 2216 1285 2281 ostenditur,
1320 2215 1413 2287 qui
1443 2215 1595 2271 Pauli
1626 2216 1830 2271 monita
1858 2215 2183 2273 auctoritate

600 2306 707 2362 alia
735 2305 823 2362 via
853 2306 1131 2362 destruere
1174 2315 1418 2372 conatur,
1464 2307 1569 2363 nisi
1612 2306 1753 2364 forte
1794 2315 1887 2364 aut
1934 2307 2181 2381 angelum

596 2398 801 2457 bonum
831 2414 862 2456 ι
886 2407 1037 2456 tanto
1059 2401 1303 2471 apostolo
1327 2399 1671 2457 maledictum
1707 2417 1826 2459 esse
1851 2402 2065 2467 dicatis,
2090 2411 2185 2457 aut

599 2493 746 2549 hunc
781 2492 1234 2563 impurissimum,
1267 2492 1362 2564 qui
1392 2508 1451 2549 se
1474 2493 1703 2563 praebuit
1731 2494 1800 2549 ad
1830 2493 2183 2549 habitandum

598 2583 967 2655 impurissimo
997 2584 1027 2626 δ
1053 2584 1265 2656 angelo,
1316 2585 1492 2655 ipsum
1530 2586 1855 2657 praedicasse
1880 2588 2023 2657 quod
2052 2586 2187 2642 Pau-

599 2671 706 2742 lus,
736 2677 956 2748 procaci
978 2676 1266 2733 dicacitate
1293 2677 1604 2732 reclamasti
1629 2688 1653 2718 ι
1682 2679 1884 2734 mundo
1907 2677 2182 2749 profertis.

602 2770 670 2826 Et
694 2785 884 2827 verum
907 2781 992 2826 est
1020 2769 1163 2842 quod
1200 2785 1231 2825 a
1265 2778 1510 2843 tempore
1540 2770 1653 2841 jam
1682 2771 1810 2828 dicti
1843 2773 2040 2828 summi
2068 2787 2185 2828 ma-

601 2860 758 2932 gistri
787 2860 968 2917 nullus
1005 2861 1145 2917 alius
1172 2862 1273 2917 sub
1294 2861 1514 2917 nomine
1538 2862 1716 2934 angeli
1738 2863 1894 2919 devia
1920 2864 2036 2935 ejus
2057 2878 2190 2935 prte-

601 2952 900 3021 dicatione,
923 2961 979 3009 et
1000 2954 1327 3025 evangelica:
1359 2953 1591 3010 adversa
1619 2955 1891 3011 adducere
1917 2970 2082 3011 ausus
2105 2962 2189 3011 est

602 3051 787 3112 secta,
819 3044 925 3102 nisi
952 3044 1077 3111 iste,
1106 3044 1198 3115 qui
1241 3044 1344 3100 sub
1386 3045 1607 3101 nomine
1651 3043 1922 3102 Gabrielis
1962 3044 2190 3100 alteram

604 3136 701 3192 Dei
724 3152 784 3193 se
812 3135 1124 3193 hominibus
1164 3135 1422 3193 detulisse
1467 3136 1724 3192 mentitus
1763 3143 1847 3192 est
1888 3134 2081 3207 legem.
2124 3136 2192 3191 Et

605 3228 739 3285 iieet
782 3228 935 3284 multi
980 3229 1345 3284 haereseorum
1387 3235 1639 3283 auctores
1682 3226 1996 3298 angelorum
2040 3234 2192 3282 tene-

2285 2030 2365 2086 sic
2385 2032 2566 2086 cuncti
2588 2030 2704 2101 qui,
2738 2029 2950 2084 animas
2968 2043 3070 2098 pro
3099 2029 3332 2086 veritate
3350 2036 3616 2100 ponentes,
3636 2040 3714 2098 per
3730 2025 3785 2082 dl-

2282 2137 2474 2179 versos
2502 2122 2834 2177 sudaverunt
2858 2122 3093 2191 agones?

2356 2218 2443 2273 l0.
2483 2217 2636 2290 Rogo
2674 2217 2816 2273 unde
2843 2232 2986 2272 nova
3029 2218 3144 2273 ha-c
3203 2216 3259 2273 in
3307 2215 3551 2275 Ecclesiis
3595 2222 3666 2271 est
3705 2221 3788 2273 au

2285 2308 2595 2375 clementia,
2623 2323 2743 2379 qua:
2774 2307 3059 2363 infernalia
3084 2309 3205 2365 lucc
3230 2308 3435 2364 vomuit
3460 2304 3789 2379 dogmataisut

2285 2401 2333 2459 si
2382 2401 2707 2457 temeritatis
2758 2401 2900 2456 hanc
2947 2416 3137 2457 vocem
3186 2402 3410 2472 putatis,
3457 2397 3667 2470 proferte
3704 2395 3790 2467 guis

2286 2496 2402 2551 haec
2456 2495 2577 2565 pius
2620 2494 2786 2564 jussit
2830 2494 3155 2565 Apostolus?
3179 2494 3237 2550 Si
3260 2507 3537 2549 errornon
3569 2500 3641 2547 est
3661 2488 3790 2561 patuit

2285 2588 2696 2660 expugnandus,
2711 2589 2903 2659 utquid
2943 2589 3225 2644 descendit
3246 2589 3499 2645 Dominus
3523 2585 3660 2642 Jesus
3678 2581 3789 2640 Clui-

2290 2682 2412 2738 tus?
2435 2681 2633 2751 thuid
2663 2698 2769 2737 non
2800 2682 3286 2754 interrogantibus,
3316 2695 3416 2738 nec
3432 2681 3497 2736 de
3515 2695 3600 2736 sua
3622 2690 3789 2735 comet-

2288 2775 2442 2831 sione
2467 2775 2855 2845 quaerentibus,
2870 2776 3181 2831 ultroneum
3206 2776 3389 2831 lumen
3409 2775 3559 2830 erucis
3579 2765 3791 2826 adhibuit?

2295 2867 2493 2939 thuid
2518 2869 2831 2939 propheta?
2854 2869 3046 2940 utquid
3071 2869 3303 2941 apostoli
3350 2868 3508 2924 misi?
3558 2860 3712 2933 utquid
3725 2860 3790 2915 do-

2288 2967 2468 3017 ctores
2486 2961 2510 3014 ?
2530 2961 2717 3033 utquid
2740 2969 2985 3031 pastores
3005 2961 3246 3031 praevisi,
3262 2960 3365 3016 nisi
3385 2968 3444 3015 ut
3461 2951 3791 3013 debelleturiue

2289 3053 2504 3125 peritia,
2536 3061 2593 3109 et
2644 3052 2903 3109 ultionem
2940 3053 3172 3124 recipiat
3214 3054 3392 3110 omnis
3432 3048 3666 3124 perﬁdia?
3690 3048 3789 3113 Quo-

2286 3147 2454 3202 modo
2502 3146 2816 3218 implebitur
2852 3148 2994 3218 quod
3032 3150 3297 3205 Dominus
3322 3146 3549 3203 futurum
3576 3152 3790 3209 essem-

2292 3238 2451 3305 dixit,
2482 3239 2628 3293 nulla
2661 3239 2987 3312 ingentibus
3016 3241 3408 3312 praedicatione
3433 3244 3662 3294 tonante:
3699 3229 3793 3296 Cu

604 3322 829 3379 brorum
860 3322 1137 3379 invasione
1174 3320 1406 3377 fuissent
1436 3319 1608 3377 delusi
1635 3362 1650 3386 ,
1691 3327 1874 3376 tamen
1900 3319 2078 3376 nullus
2098 3335 2188 3377 eo-
2218 3312 2267 3377 C
2297 3332 2647 3403 pumicum";
2688 3332 2848 3402 fuerit
2882 3334 2979 3388 hac
3009 3331 3358 3403 Ευαηρειξιηι
3382 3331 3437 3386 ξπ
3465 3330 3793 3384 universam

604 3431 725 3471 rum
755 3422 1138 3472 testamentum
1164 3414 1283 3469 vice
1306 3412 1399 3468 Dei
1422 3421 1781 3484 praesumptus
1803 3421 1889 3469 est
1908 3427 2188 3484 usurpare.

606 3504 813 3562 Verum
858 3506 906 3563 si
944 3503 1168 3577 angelus
1200 3504 1267 3559 de
1295 3501 1436 3560 ctelo
1459 3503 1615 3558 devia
1640 3511 1835 3559 nostra:
1859 3503 1983 3560 fidei
2014 3501 2194 3575 profe-

603 3612 734 3657 rens
772 3613 870 3655 ore
911 3598 1297 3654 anathematur
1322 3596 1588 3667 Apostoli,
1620 3597 1748 3667 quid
1784 3596 2083 3669 putandum
2111 3603 2194 3653 est

604 3706 739 3749 vaso
785 3691 863 3747 illi
910 3689 1296 3761 nequissimod
1326 3689 1641 3756 convenire,
1689 3690 1735 3745 si
1773 3689 2049 3746 habitator
2075 3689 2194 3761 ejus

604 3794 717 3842 tam
745 3784 943 3842 acerbo
971 3782 1367 3841 maledictionis
1388 3783 1611 3842 vulnere
1631 3784 2059 3841 condemnatur?
2084 3782 2195 3840 Sed

605 3877 728 3935 haec
758 3886 813 3935 et
842 3876 978 3935 alias
1013 3889 1058 3932 ο.

675 3968 731 4027 9.
768 3967 925 4025 Nunc
955 3970 1023 4026 ad
1056 3976 1298 4045 teporem
1329 3972 1642 4027 nostrorum
1695 3966 2039 4027 reﬂectamus
2061 3985 2191 4025 nar-

606 4063 837 4121 rationis
849 4064 1153 4134 articulum,
1170 4075 1225 4123 et
1250 4066 1415 4123 totius
1441 4076 1641 4123 nostra:
1664 4066 1964 4138 tepiditatis
1992 4075 2195 4121 statum

605 4155 792 4227 parvis
818 4158 1157 4213 sermonibus
1182 4168 1406 4230 propter
1434 4156 1641 4226 justum
1675 4156 1916 4213 divinum
1947 4171 2195 4227 compro-

605 4246 845 4303 bandum
891 4261 1223 4319 exponamus
1247 4246 1533 4316 judicium.
1568 4247 1825 4319 Nunquid
1869 4243 1973 4318 ipsi
2021 4248 2194 4304 nostri

606 4340 699 4412 qui
724 4339 963 4412 palatino
988 4338 1166 4397 officio
1206 4336 1422 4396 illorum
1442 4339 1613 4412 jussis
1649 4339 1975 4407 inserviunt,
2004 4355 2193 4395 eorum

603 4449 715 4491 non
752 4441 881 4490 sunt
925 4432 1187 4506 implicati
1210 4432 1391 4506 palam
1424 4431 1720 4499 erroribus,
1751 4446 1873 4488 cum
1917 4431 2063 4487 enim
2093 4447 2191 4503 pa—

603 4525 718 4583 lam
764 4541 949 4584 coram
1002 4525 1238 4583 ethnicis
1272 4525 1575 4582 orationem
1610 4539 1718 4581 non
1760 4522 1991 4593 faciunt,
2042 4523 2194 4596 signo

604 4620 785 4677 ετυοίε
836 4620 1134 4676 ﬂatantes
1181 4617 1200 4660 ⁸
1256 4619 1488 4675 frontem
1540 4632 1649 4674 ηοη
1705 4618 1991 4687 muniunt:
2023 4618 3229 4713 Deumﬁdixit,recipiat,sedutprtedicatio
3247 4608 3794 4684 Ecclesiaeomnimundo
3908 4680 3909 4713 ἡ

2295 3433 2437 3492 tura,
2474 3433 2597 3479 tunc
2630 3425 2729 3480 erit
2770 3425 2892 3505 ﬁnis
2942 3424 3158 3498 (Matth.
3190 3441 3341 3492 xxvr,
3374 3424 3479 3494 15).
3508 3416 3735 3477 Atlendite
3756 3417 3793 3467 et

2294 3518 2432 3574 tanti
2454 3518 2666 3589 Opiﬁcis
2687 3532 2994 3574 sermonem
3020 3518 3280 3575 discutite
3311 3534 3325 3573 :
3368 3517 3489 3572 dum
3523 3510 3793 3586 pradicatm

2295 3608 2455 3679 fuerit
2492 3612 2590 3662 hoc
2628 3607 2971 3679 Eeangelium
3014 3608 3070 3662 in
3104 3608 3349 3664 uniuersa
3383 3613 3623 3661 creatura.
3654 3592 3793 3653 Ειιιί-

2294 3714 2399 3771 que
2425 3699 2734 3771 praedicatio
2776 3699 3171 3771 ignorantibus,
3198 3710 3257 3756 et
3294 3714 3402 3755 non
3426 3690 3721 3753 credentibus
3739 3685 3794 3740 ia-

2293 3791 2533 3859 ducitur,
2555 3806 2660 3846 non
2678 3789 2791 3861 jam
2812 3807 2877 3846 ea
2905 3806 3028 3862 qua:
3048 3790 3321 3847 credenda
3348 3797 3471 3847 sunt
3492 3779 3792 3842 venerantibus

2294 3894 2350 3944 et
2361 3885 2662 3943 colentibus
2677 3897 2803 3942 nota
2816 3886 3014 3958 sazpius
3027 3886 3332 3943 intentatur
3350 3903 3363 3942 :
3380 3877 3794 3941 lidelibusenintne

2294 3985 2350 4035 ta
2364 3979 2418 4034 in
2434 3992 2627 4049 gerere
2639 3978 2879 4034 conlatio
2898 3977 2983 4033 vel
2996 3977 3154 4035 confe
3162 3979 3267 4034 rtio
3280 3977 3591 4039 nominatur;
3604 3968 3793 4041 prndiu-

2294 4071 2372 4129 tio
2407 4079 2590 4127 tamen
2629 4086 2715 4137 ea,
2746 4069 2851 4127 nisi
2884 4068 3060 4136 fallor,
3089 4069 3331 4125 veridice
3355 4067 3681 4133 dicitur,qu:e
3694 4054 3795 4151 velut
3912 4134 3913 4151 χ

2296 4178 2361 4219 ex
2375 4169 2626 4233 opere,ut
2638 4161 2866 4232 apostoli
2886 4175 3076 4216 omnes
3088 4158 3288 4225 fecere,
3303 4173 3425 4216 cum
3446 4153 3663 4228 periculo
3677 4148 3792 4204 etiam

2294 4254 2487 4325 capitis
2502 4243 2825 4324 opportun'e,
2842 4252 3172 4323 importune,
3189 4252 3480 4325 ingeritur;
3507 4256 3573 4313 et,
3597 4251 3649 4299 ut
3664 4239 3793 4295 IIM

2292 4348 2418 4404 ﬁdei
2458 4348 2722 4419 recipiant
2752 4363 2858 4404 non
2894 4347 3201 4414 credentes,
3234 4346 3537 4417 frequenter
3568 4352 3673 4397 cum
3703 4344 3792 4389 casu

2291 4442 2455 4497 etiam
2493 4441 2538 4497 si
2559 4440 2861 4497 occurrerit
2889 4439 3132 4511 periculi,
3159 4440 3462 4512 indagatur.
3490 4435 3553 4492 Et
3573 4440 3700 4490 certe
3720 4436 3793 4479 non

2292 4544 2503 4608 aperte,
2534 4545 2594 4592 ut
2618 4536 2796 4592 omnis
2826 4543 3077 4592 creatura
3111 4534 3389 4606 Evangelii
3411 4526 3791 4605 prmdicatioerm.

605 4709 881 4784 (ἷδτίδωηι
901 4727 1011 4768 ηοιι
1036 4719 1225 4781 apem?
1247 4726 1432 4767 00mm
1461 4725 1577 4777 θοε»
1604 4708 1698 4768 ⁵θά
1741 4710 1938 4783 fugatis
1977 4685 2189 4768 έεΐωο·
2215 4685 2270 4748 D
2294 4685 2619 4796 generaliter
2642 4685 2871 4778 clareat:
2887 4685 2986 4793 per
3010 4719 3153 4791 quod
3175 4718 3526 4776 ministerium
3547 4705 3793 4783 ειμι-κῶα-

604 4803 766 4858 nibus
813 4801 1141 4874 proferunt:
1175 4802 1411 4858 Verbum
1457 4801 1575 4868 Dei,
1603 4811 1660 4859 et
1710 4802 1973 4875 Spiritum
2008 4812 2069 4858 ut
2118 4803 2193 4859 illi

609 4900 859 4950 asserunt
904 4894 1254 4965 profitentes,
1312 4908 1544 4965 suasque
1583 4895 1952 4952 confessiones
2004 4894 2189 4962 corde,

609 4985 764 5056 quasi
802 4984 916 5043 Duo
951 4982 1540 5058 omnia'inspicientes,
1579 4997 1881 5044 servantes.
1929 4987 2068 5055 Quid
2105 4986 2193 5043 bis

609 5076 884 5143 omnibus,
909 5076 1017 5133 nisi
1058 5077 1379 5133 varietatem
1402 5077 1558 5148 pardi
1583 5076 1700 5132 zelo
1740 5076 1837 5132 Dei
1888 5075 2194 5133 zelantibus

610 5166 718 5225 sibi
765 5167 945 5223 inesse
997 5168 1302 5235 ostendunt,
1332 5167 1457 5223 dum
1483 5183 1587 5224 non
1610 5167 1839 5238 integre,
1863 5168 1959 5225 sed
1988 5167 2187 5233 medie,

608 5257 1083 5319 Christianismum
1108 5260 1436 5321 defendunt?
1463 5259 1591 5319 ﬂare
1620 5268 1801 5317 tamen
1838 5260 2020 5317 omnia
2045 5259 2187 5317 bona

681 5449 709 5479 ι
734 5436 859 5507 115.,
898 5441 981 5497 Ad
1003 5457 1092 5497 ore
1110 5441 1323 5497 harum.

677 5509 709 5555 δ
732 5510 856 5584 lim,
879 5513 935 5569 its
960 5514 1261 5584 purissimo.

677 5590 704 5620 ⁸
730 5581 892 5640 Ferte
914 5581 1249 5639 reclamante.

676 5650 707 5692 δ
734 5652 792 5708 1d
814 5664 899 5713 est
926 5655 1251 5711 Mahometo.

674 5722 857 5809 ξομε..
881 5726 1072 5809 Elian;
1079 5721 1377 5808 legendum
1401 5731 1584 5782 autem
1606 5721 1739 5782 Hac
1762 5733 1813 5782 et
1829 5723 1999 5794 alia;
2022 5724 2187 5797 ριιι-ι-

606 5794 1330 5938 “imagis;th
1355 5882 1477 5928 mos
1503 5867 1597 5928 ille
1622 5869 1873 5944 signandi
1899 5887 1962 5931 se
1986 5871 2043 5929 in
2063 5879 2191 5931 actu

2294 4816 2504 4873 toribus
2549 4814 2817 4872 inferatur
2844 4813 3082 4870 debitum
3116 4813 3421 4886 praemium,
3454 4816 3507 4866 et
3532 4804 3794 4869 contemptor

2294 4910 2446 4966 ribus
2459 4908 2819 4981 iustissimum
2842 4915 3103 4963 aeternum
3131 4907 3250 4962 sine
3278 4907 3385 4961 fine
3404 4886 3794 4988 supplicium.

2295 4980 2502 5057 tantum
2559 5001 2647 5056 illa
2708 4999 3008 5071 apostolica
3054 5006 3300 5069 tempora
3351 4985 3685 5070 prmdicatiosi
3710 4980 3795 5039 Μαί

2296 5101 2422 5149 sunt
2447 5092 2840 5161 eontradenda,
2864 5092 2976 5149 imo
3014 5105 3297 5164 quousque
3315 5090 3492 5146 omnis
3516 5099 3636 5159 gens
3654 5088 3700 5136 et
3726 5073 3796 5128 lin-

2296 5202 2397 5262 gua
2428 5185 2629 5244 Christi
2659 5185 2950 5258 Evangelia
2993 5184 3236 5252 credant,
3286 5180 3588 5256 praedicatio
3608 5165 3795 5262 Emittit
3902 5254 3903 5259 η

2294 5258 2379 5336 est
2406 5290 2502 5351 per
2529 5292 2689 5334 omne
2714 5276 2970 5333 saeculum
2995 5274 3336 5333 seminauda.
3360 5274 3494 5332 Puto
3519 5267 3644 5344 quod
3660 5264 3705 5321 in
3724 5258 3795 5316 1‘"

2293 5437 2659 5527 oscitationist
2692 5435 2865 5494 Hodie
2884 5442 3063 5493 tamen
3084 5450 3168 5503 os,
3192 5448 3303 5492 non
3326 5431 3552 5491 frontem
3573 5422 3794 5495 εἱαυοῦ

2288 5527 2647 5637 ωιῗυλξῶηηω
2673 5595 2780 5637 vox
2825 5589 2909 5637 est
2955 5596 3061 5651 qua
3092 5577 3325 5651 majores

2294 5629 2648 5727 appetant;
2687 5629 3536 5727 mea;_¢3‘.{g§;a_.ia._jn
3552 5638 3703 5727 etiam
3709 5629 3791 5727 1i:

2290 5699 2664 5799 nauigat;
2700 5699 2832 5799 5.2;;
2862 5699 3792 5799 amnigenam-4

2288 5779 2809 5924 ἶέὸᾶἰοῃθοσιήὸυιοὰι
2828 5779 2949 5853 eam
2962 5779 3168 5867 auctet"
3188 5791 3330 5851 infra
3357 5803 3500 5849 num.
3516 5781 3600 5853 56,
3618 5779 3793 5835 ⁸⁸³³³³

2390 5884 2582 5925 arista.

3092 5577 3325 5650 maiores
3356 5548 3794 5650 NW5.”

3915 3506 3917 3665 Ψ

3903 5114 3905 5237 ω
