4034 6350
646 461 747 516 537

647 675 725 732 ita
765 680 827 727 ut
859 684 953 725 ore
979 664 1293 738 prophetico
1345 663 1410 718 de
1435 678 1501 717 eo
1532 660 1768 732 Spiritus
1794 660 1940 717 dicat
1959 660 2174 716 divinus
2200 674 2217 714 :

647 763 807 821 Stetit
854 758 1111 822 Phinees,
1160 765 1209 811 et
1263 753 1533 809 exltoram't
1584 760 1633 806 et
1689 752 1906 806 cessarit
1953 749 2220 822 quassatio

645 853 819 925 (Psal.
843 867 934 919 ev,
963 849 1076 922 50).
1108 849 1176 905 Et
1208 855 1357 905 certe
1375 845 1618 902 exoratio
1661 843 1753 900 illa
1800 857 1933 900 voce
1974 842 2222 898 Psalino-

647 946 838 1022 graphi
864 949 1217 1016 praesntata,
1242 938 1407 1011 gladii
1430 937 1651 992 immitis
1676 937 1734 993 in
1758 934 2222 1004 contemptor-ibus

641 1039 749 1095 fuit
801 1035 1091 1094 sententia.
1147 1031 1378 1087 Videant
1424 1029 1599 1085 nostri
1658 1026 2037 1085 misericordes
2083 1027 2224 1081 hanc

643 1128 1017 1186 crudelitatem
1061 1123 1436 1181 exorationem
1485 1120 1761 1176 existere:
1804 1127 1861 1175 et
1888 1118 2139 1174 desinant
2167 1116 2223 1171 in

644 1224 808 1281 rebus
832 1204 1017 1278 divino
1042 1229 1294 1275 sermone
1321 1213 1551 1270 sacratis
1581 1212 1839 1284 pietatem
1864 1220 1920 1266 et
1949 1200 2224 1265 bumilitaé

642 1329 756 1375 tem
781 1314 1138 1389 praetendere,
1166 1327 1268 1383 pro
1291 1325 1398 1382 qua
1421 1307 1641 1365 Saulem
1685 1322 1718 1360 a
1744 1318 1913 1375 regno
1940 1301 2221 1373 reiectum,

642 1419 700 1465 et
736 1407 820 1463 Eli
848 1404 1152 1462 sacerdotio
1177 1400 1265 1458 vel
1299 1401 1411 1456 vita
1438 1398 1956 1470 legunt‘exemptum
2007 1392 2060 1464 (Ι
2091 1391 2221 1463 Reg.

641 1514 705 1553 ιιι
752 1505 809 1554 et
852 1494 953 1568 tv).
998 1491 1263 1550 Recolant
1303 1490 1649 1547 severitatem
1692 1484 1841 1541 Petri
1891 1480 2142 1539 et'Pauli
2168 1481 2225 1535 in

644 1589 924 1645 Simonem
949 1586 1035 1642 vel
1059 1584 1290 1641 Elimam
1315 1596 1519 1655 magos,
1551 1595 1648 1635 seu
1674 1578 1733 1634 in
1772 1575 2040 1632 Ananiam
2065 1583 2226 1643 atque

646 1677 891 1737 Saﬁram
921 1676 1059 1748 (Act.
1095 1689 1151 1742 v,
1181 1688 1301 1740 vnn,
1337 1672 1482 1743 xm).
1512 1668 1581 1725 Et
1603 1668 1697 1739 qui
1721 1666 1776 1722 in
1808 1666 1921 1722 suis
1948 1672 2226 1722 contume-

644 1770 734 1826 liis
770 1769 957 1835 erecti,
1007 1766 1159 1833 elati,
1192 1762 1411 1835 superbi
1450 1768 1577 1817 sunt
1602 1766 1658 1816 et
1705 1756 1908 1823 inflexi,
1940 1764 1995 1812 et
2035 1765 2225 1812 contra

649 1864 833 1919 hostes
875 1860 972 1916 Dei
1009 1856 1263 1922 humiles,
1323 1850 1617 1917 mansueti,
1662 1848 1935 1920 simplices
1965 1853 2227 1918 apparent

1888 448 2145 511 AL'VARI
2183 448 2659 512 CORDUBENSIS

645 595 772 638 nem
812 576 929 648 ejus
970 574 1106 629 iram
1148 569 1359 626 Domini
1410 567 1754 638 mitigantisa
1785 565 1973 637 (Num.
2019 568 2215 639 xxvn),
2244 566 2472 630 Aretis.
2521 566 2933 635 Conspexerunt
2982 560 3300 617 certaminis
3349 559 3595 632 praelium
3648 577 3666 612 :

3796 442 3886 498 598

3725 560 3886 616 adorsi

2321 668 2448 715 sunt
2485 657 2611 713 ﬁdei
2649 656 2819 712 lorica
2848 654 3024 711 induti
3050 651 3474 724 pulcherrimum
3526 650 3757 717 bellum;
3782 665 3890 721 pro.

2321 764 2454 821 pero
2513 763 2696 813 cursu,
2744 747 2975 819 impigro
3017 760 3239 817 gressu,
3304 753 3597 816 postquam
3667 741 3888 798 occisum

2323 855 2509 905 unum,
2541 848 2597 894 et
2625 838 2856 893 alterum
2886 836 3227 892 vulneratum
3258 834 3274 885 i
3332 835 3610 900 viderunt,
3642 834 3713 891 ad
3738 844 3891 890 certa-

2323 928 2486 985 minis
2516 943 2767 999 campum
2792 926 2863 984 ob
2890 927 3077 997 gloriae
3100 926 3334 998 palmam
3360 934 3749 984 occurrerunt.

2395 1021 2482 1077 l5.
2538 1020 2655 1077 Viri
2686 1028 2845 1077 erant
2885 1020 3093 1077 strenui
3141 1030 3200 1077 et
3243 1019 3554 1086 bellatores,
3604 1035 3891 1092 pugnaque

2323 1111 2579 1185 spiritalis
2622 1110 2993 1167 desiderantes
3036 1125 3295 1184 agonem,
3325 1111 3418 1167 ubi
3440 1126 3501 1167 se
3529 1110 3654 1167 talis
3677 1111 3891 1182 prmhuit

2323 1206 2488 1273 actio,
2528 1204 2704 1275 qualis
2741 1203 3028 1276 optabatur
3056 1203 3309 1261 occasio.
3349 1201 3617 1260 Cohibere
3664 1217 3783 1258 non
3823 1218 3892 1256 ra-

2324 1298 2542 1354 luerunt
2570 1312 2814 1365 cursum,
2843 1296 2968 1367 quia
2994 1296 3172 1353 conati
3202 1305 3332 1366 sunt
3359 1295 3584 1365 implere
3610 1294 3813 1351 aeterni
3830 1297 3892 1349 sui

2326 1387 2790 1458 Dominijussum.
2832 1388 2972 1456 Quid
3014 1386 3362 1443 imbecillium
3387 1387 3720 1443 debilitatem
3749 1402 3897 1456 oppo-

2322 1481 2430 1548 nis,
2458 1487 2606 1536 etne
2634 1488 2941 1537 terreantur
2963 1478 3164 1535 inﬁrmi
3191 1477 3358 1534 fortes
3384 1476 3676 1548 infringis?
3735 1475 3802 1531 Si
3830 1476 3896 1531 in~

2326 1569 2535 1637 ﬁrmus,
2585 1571 2810 1636 debilis,
2869 1569 3081 1637 inanis,
3136 1569 3359 1625 timidus
3408 1584 3505 1635 es,
3557 1577 3615 1624 et
3667 1567 3896 1631 inﬂatus,

2324 1661 2576 1733 quiesce,
2605 1671 2663 1719 et
2685 1663 2793 1719 noli
2818 1671 3007 1718 contra
3042 1662 3189 1718 cives
3231 1662 3567 1717 certantibus
3611 1661 3895 1731 praeliare:

2324 1755 2420 1811 sed
2440 1755 2685 1812 residens
2705 1762 2761 1810 et
2778 1762 3031 1811 eventum
3052 1754 3130 1810 rei
3151 1757 3476 1824 exspectans
3494 1753 3641 1808 disce
3666 1752 3896 1823 linguam

2325 1848 2556 1903 tacendo
2576 1846 2828 1903 fraenare.
2886 1845 2947 1901 Si
2989 1846 3210 1912 habilis,
3245 1846 3293 1900 si
3337 1844 3514 1910 fortis,
3541 1846 3588 1900 si
3617 1844 3828 1908 audax,
3864 1846 3898 1899 si

643 1962 703 2010 et
725 1952 894 2025 quieti
912 1968 929 2019 ;
949 1950 1162 2006 discant
1183 1956 1294 2004 tam
1309 1961 1353 1999 .a
1376 1942 1592 2000 Christo
1620 1955 1802 1997 rerum
1826 1939 2068 1995 omnium
2096 1937 2224 2003 Deo,
2254 1927 2305 1991 Β
2332 1949 2606 2007 constans,
2631 1948 2688 1996 et
2711 1940 2956 2009 abjectus
2988 1940 3019 1980 ιι
3063 1954 3125 1995 es
3170 1938 3312 1994 bello
3350 1937 3447 1994 Dei
3475 1946 3661 1993 contra
3706 1938 3897 1998 hostes,

647 2060 813 2118 quam
835 2045 904 2100 ab
926 2041 1178 2099 omnibus
1212 2035 1509 2111 prophetis,
1545 2033 1824 2105 apostolis,
1856 2047 1952 2087 seu
1979 2029 2228 2085 Patribus

646 2136 943 2203 universis,
974 2135 1057 2190 ad
1088 2131 1254 2188 inlata
1283 2127 1591 2201 opprobria
1611 2125 1830 2197 propria
1870 2122 2105 2179 existere
2130 2120 2231 2176 hu-

647 2228 828 2295 miles,
867 2235 925 2283 et
971 2223 1165 2297 deiecti
1211 2241 1225 2278 :
1277 2230 1333 2278 et
1376 2235 1476 2291 pro
1516 2216 1815 2273 divinitatis
1862 2213 2231 2269 ulciscendum.

647 2327 1019 2391 contemptum
1054 2316 1224 2374 fortes
1262 2321 1320 2369 et
1363 2310 1563 2382 rigidos
1606 2322 1728 2365 esse
1780 2306 2000 2372 debere,
2038 2312 2094 2360 et
2123 2318 2228 2365 non

642 2415 853 2484 pietate
879 2412 1076 2467 horum
1100 2408 1419 2477 incongrua,
1443 2402 1541 2458 sed
1564 2398 1883 2457 crudelitate
1919 2398 2022 2453 bac
2042 2404 2226 2453 sancta

648 2513 824 2561 utere.
856 2500 977 2558 Non
1007 2508 1092 2556 est
1132 2496 1277 2554 enim
1305 2493 1619 2559 crudelitas,
1650 2500 1712 2547 ut
1755 2492 1950 2548 beatus
1972 2490 2209 2560 Hierony

646 2613 773 2654 mus
812 2596 913 2663 ait,
958 2608 1059 2666 pro
1110 2592 1223 2648 Deo
1273 2590 1486 2662 pietas:
1530 2587 1673 2659 quod
1714 2586 1770 2641 in
1812 2582 2048 2641 secundo
2093 2582 2230 2638 libro

649 2685 1014 2761 apertioribus
1038 2681 1277 2748 indiciis,
1320 2688 1376 2737 et
1414 2675 1840 2735 evidentioribus
1866 2673 2232 2746 probamentis

647 2794 719 2836 ex
742 2779 1027 2835 doctorum
1047 2772 1287 2830 oraculis
1311 2769 1696 2842 comprobabo.
1723 2766 1833 2825 Sed
1851 2766 1968 2822 haec
1996 2773 2052 2822 et
2073 2764 2209 2820 alias

648 2889 799 2931 nunc
825 2871 896 2929 ad
921 2868 1257 2943 propositum
1285 2872 1640 2921 revertamus.

724 2966 813 3022 12.
853 2961 1170 3021 Persecutio
1191 2958 1335 3016 unde
1362 2966 1485 3014 orta
1513 2955 1587 3012 sit
1614 2964 1799 3027 aperte
1827 2954 2092 3026 digestum
2128 2959 2230 3019 est,

653 3066 709 3116 et
733 3057 856 3114 ideo
879 3055 950 3112 ad
974 3060 1190 3110 nostros
1214 3056 1543 3122 spontaneos
1562 3053 1831 3116 martyres
1854 3056 2229 3114 properemus.

651 3150 782 3209 Zelo
809 3148 907 3207 Dei
936 3147 1088 3204 Isaac
1116 3142 1427 3214 religiosus,
1452 3153 1563 3195 non
1605 3137 1842 3191 humana
1868 3133 2233 3205 instigatione,

2332 2039 2393 2087 ut
2433 2043 2706 2097 strenuus,
2739 2040 2795 2088 et
2825 2047 2932 2087 non
2976 2039 3036 2086 ut
3064 2031 3288 2102 ignavus
3320 2037 3508 2084 contra
3541 2036 3695 2092 tuos,
3734 2026 3897 2097 iacula

2333 2132 2541 2193 torque.
2600 2122 2779 2190 Quare
2817 2122 3170 2177 intentionem
3216 2118 3541 2185 mirabilem,
3576 2119 3826 2189 igneam,
3861 2128 3902 2171 et

2334 2213 2746 2270 resurrectionis
2766 2212 3095 2268 admiranda:
3121 2210 3372 2266 ﬁduciam
3390 2250 3407 2277 ,
3442 2219 3499 2264 et
3525 2210 3638 2280 spei
3666 2209 3903 2282 gloriosae

2333 2305 2715 2371 constantiam,
2743 2313 2802 2360 et
2838 2303 3012 2359 zelum
3056 2302 3184 2358 fidei
3224 2317 3290 2358 ac
3330 2301 3601 2373 religionis
3633 2301 3903 2357 catholica

2334 2396 2580 2468 gloriam,
2628 2411 2737 2452 non
2780 2395 3051 2451 advertis?
3106 2391 3127 2434 ι
3157 2392 3269 2461 Cur
3306 2394 3429 2448 vitia
3470 2393 3828 2463 praepositum
3856 2401 3901 2458 ³,

2334 2496 2390 2543 et
2409 2488 2656 2544 ordinem
2681 2501 2913 2553 sacrum,
2958 2493 3014 2542 et
3056 2484 3409 2542 confessionis
3430 2483 3698 2554 prolixum
3738 2482 3903 2553 dispo-

2335 2581 2520 2645 situm,
2548 2589 2603 2635 et
2626 2579 2903 2635 internum
2930 2577 3147 2649 longum
3176 2576 3345 2631 animi
3365 2575 3628 2646 praelium,
3650 2584 3707 2630 et
3733 2584 3903 2629 contra

2336 2671 2606 2728 diabolum
2635 2670 2724 2726 vel
2756 2668 3181 2726 Amalacitarum
3231 2682 3431 2724 cuneos
3481 2655 3788 2723 erectionis
3832 2681 3904 2719 re-

2336 2763 2524 2819 xillum
2556 2771 2644 2818 tua
2675 2760 3051 2833 persecutione
3075 2750 3373 2831 infringis?
3411 2758 3609 2829 thuid
3637 2757 3905 2814 catholicis

2337 2862 2393 2909 et
2420 2861 2620 2910 sancta:
2642 2853 2898 2910 Ecclesiae
2926 2853 3072 2918 ﬁliis,
3104 2861 3160 2908 et
3179 2852 3270 2923 pio
3297 2851 3546 2923 dogmate
3583 2851 3840 2915 eruditis,
3864 2860 3906 2904 et

2337 2945 2539 3002 Christi
2569 2945 2972 3017 sequipedibus,
3010 2954 3067 3002 et
3107 2960 3140 2999 a
3185 2943 3369 2999 mundi
3415 2944 3626 2999 actione
3675 2944 3904 3008 seclusis,

2338 3046 2395 3095 et
2425 3038 2537 3093 Deo
2577 3037 2692 3094 solo
2727 3035 3060 3094 haerentibus
3087 3076 3104 3102 ,
3133 3035 3400 3092 mendacii
3426 3049 3636 3090 naevum
3667 3034 3907 3089 inducis?

2340 3132 2450 3188 Cur
2482 3146 2591 3187 non
2635 3130 2864 3197 vereris,
2897 3130 3095 3185 bonam
3150 3136 3211 3183 ut
3260 3126 3485 3181 Mariam
3532 3125 3857 3208 eligentibus
3885 3134 3907 3161 ι

570 3230 573 3233 ’
650 3240 749 3299 sed
798 3239 982 3297 divina
1010 3242 1337 3300 commotus,
1367 3244 1471 3288 nec
1510 3227 1770 3285 usitatum
1799 3225 1991 3282 callem
2038 3222 2237 3280 nostris
2273 3289 2310 3300 _
2341 3231 2551 3295 partem
2598 3221 2901 3289 adversari,
2949 3229 3005 3278 et
3052 3219 3263 3276 aemulis
3308 3218 3509 3276 Christi
3554 3219 3609 3274 in
3654 3219 3906 3276 sententia

652 3333 1009 3407 temporibus,
1036 3329 1135 3387 sed
1163 3289 1534 3384 oblitteratum
1566 3319 1845 3384 incedens,
1899 3316 2181 3387 antiquum
2209 3314 2238 3354 ι)
2265 3289 2310 3355 C
2341 3289 2560 3371 ultionis
2604 3323 2794 3370 contra
2837 3321 3057 3369 sanctos
3095 3311 3300 3383 perfide
3328 3310 3461 3377 lata,
3488 3319 3763 3381 quantum
3794 3310 3845 3369 in
3865 3318 3907 3364 te

654 3424 1048 3500 persecutionis
1088 3422 1299 3476 fumum
1331 3430 1488 3486 aquo
1531 3428 1642 3470 non
1691 3410 1955 3468 suﬁ'erens
1978 3420 2001 3450 ο
2036 3409 2237 3474 animo,

649 3516 893 3590 iudicem
913 3515 1069 3581 adiit,
1099 3521 1158 3567 et
1183 3526 1250 3567 ea
1276 3524 1399 3581 quac
1423 3506 1515 3563 ille
1537 3504 1589 3572 τι,
1624 3502 1835 3575 ﬂagello
1863 3503 1981 3560 diro
2012 3509 2239 3556 vexatus

654 3612 915 3684 negabat,
943 3621 1065 3679 quae
1102 3605 1247 3661 inter
1291 3599 1519 3657 verbera
1570 3612 1630 3655 se
1674 3610 1783 3653 non
1820 3595 2024 3681 dixisse
2064 3594 2242 3665 iactor

654 3703 851 3762 debilis
900 3697 1266 3771 personabat,
1313 3691 1518 3749 athleta
1570 3687 1760 3754 fortis,
1805 3686 2031 3757 belliger
2084 3686 2240 3742 miles

658 3790 1042 3850 abundantiori
1089 3785 1470 3860 prosecutione
1520 3779 1778 3846 firmavit,
1822 3778 2021 3850 potiori
2054 3776 2239 3848 praelio

653 3882 968 3949 intentavit,
995 3889 1052 3938 et
1097 3879 1326 3951 ingenua
1381 3883 1563 3932 mente
1613 3872 1911 3937 inchoavit,
1928 3865 2144 3943 'peregit
2190 3882 2236 3935 ο,

657 3970 1088 4038 consummavit,
1143 3967 1420 4040 implevit;
1473 3973 1536 4021 ut
1605 3963 1919 4021 ostenderet
1988 3960 2240 4016 omnibus

656 4067 787 4123 ﬁdei
812 4080 873 4122 se
902 4063 1020 4122 zelo
1046 4070 1379 4121 commotum
1430 4076 1445 4114 :
1496 4072 1604 4113 non
1630 4057 1848 4119 timore
1898 4053 2240 4109 necessitatis

655 4163 1011 4229 praeventum,
1053 4159 1115 4209 ut
1161 4148 1434 4208 constanti
1476 4144 1673 4202 ﬁducia
1711 4142 1952 4199 Ecclesia
1992 4140 2240 4211 praelians

656 4248 797 4307 bella
822 4255 1010 4320 aperte
1031 4243 1298 4317 proferret
1325 4249 1382 4298 et
1426 4238 1610 4311 patule
1633 4234 1779 4308 quod
1799 4234 2122 4304 quibusdam
2144 4233 2234 4289 in-

658 4344 815 4400 diciis
841 4356 1007 4412 super
1024 4337 1476 4408 comprehensum
1495 4328 1815 4400 satagebant
1839 4327 2087 4394 firmare;
2111 4334 2172 4381 ut
2213 4325 2233 4365 ί

654 4436 986 4509 produceret
1041 4429 1303 4487 Dominus
1369 4423 1698 4481 athletarum
1762 4435 1983 4476 suarum
2039 4417 2239 4474 mundo

655 4528 968 4593 victoriam,
999 4530 1057 4581 et
1076 4522 1310 4579 militum
1357 4531 1582 4573 suorum
1603 4514 1724 4571 rudi
1758 4515 1783 4553 ε
1812 4510 2014 4567 mundo
2046 4525 2240 4582 propa-

2341 3416 2444 3475 est,
2491 3407 2844 3463 consentire?
2880 3405 2961 3461 llli
2984 3405 3302 3462 occiderunt
3329 3404 3540 3478 gladiis,
3566 3419 3705 3475 quos
3732 3405 3909 3460 adsero

2342 3516 2433 3557 sos
2456 3515 2568 3556 suae
2593 3498 2717 3555 fidei
2740 3500 3145 3570 probaverunt:
3174 3510 3232 3555 tu
3251 3498 3458 3555 occidis
3485 3498 3777 3556 sententiis
3795 3512 3909 3569 quos

2341 3590 2462 3646 ﬁdei
2490 3599 2597 3646 tuae
2624 3591 2923 3648 concordes
2944 3606 3051 3647 non
3081 3590 3283 3647 nescis.
3333 3590 3414 3646 illi
3450 3604 3547 3646 eos
3589 3606 3622 3644 a
3667 3588 3909 3645 mundiali

2339 3682 2449 3737 vita
2471 3682 2657 3740 tollere
2686 3698 2953 3740 conavere
2982 3697 2999 3738 :
3030 3691 3089 3738 tu
3117 3697 3212 3738 eos
3253 3696 3285 3736 a
3327 3682 3439 3736 vita
3480 3690 3690 3737 aeterna
3740 3680 3909 3735 niteris

2340 3789 2644 3846 segregare.
2692 3774 2801 3831 Sed
2825 3775 2969 3831 absit
2994 3784 3055 3830 ut
3083 3781 3435 3846 segregentur
3463 3789 3495 3828 a
3519 3774 3654 3838 vita,
3688 3773 3780 3844 qui
3807 3770 3909 3828 ani-

2340 3886 2458 3925 mas
2492 3869 2849 3940 perdiderunt,
2890 3883 2992 3940 pro
3033 3868 3163 3923 vita.
3212 3867 3391 3932 Absit,
3442 3875 3499 3922 et
3549 3865 3743 3938 procul
3782 3865 3849 3920 sit
3882 3878 3908 3917 s

2340 3962 2587 4027 sensibus
2627 3961 2852 4027 nostris,
2891 3969 2953 4015 ut
2994 3956 3259 4016 cultores
3284 3959 3532 4015 veritatis
3562 4000 3577 4025 ,
3623 3968 3683 4014 et
3725 3956 3907 4012 Christi

2342 4063 2491 4109 tanto
2530 4062 2771 4123 tempore
2798 4050 3160 4115 confessores,
3200 4047 3475 4104 inludente
3511 4047 3727 4103 diabolo
3746 4057 3909 4101 extre-

2339 4162 2488 4202 mum
2543 4145 2830 4202 mendacio
2877 4143 3261 4200 concluderent
3313 4157 3554 4198 cursum.
3607 4141 3765 4197 Dicat
3811 4141 3909 4194 haec

2342 4236 2626 4309 imperitia:
2658 4235 2857 4303 factio,
2899 4244 2956 4291 et
2980 4234 3287 4307 praedurata
3312 4232 3529 4289 occulto
3556 4229 3758 4287 Christi
3779 4228 3910 4298 justo

2330 4327 2540 4399 judicio
2569 4326 2897 4384 insensibilis
2924 4326 3212 4383 multitudo
3232 4366 3248 4393 ,
3275 4333 3331 4381 et
3357 4338 3630 4380 summum
3667 4321 3913 4378 Christia-

2339 4419 2551 4476 nissimi
2579 4417 2787 4476 ordinis
2814 4416 3042 4488 gradum
3088 4415 3335 4488 petulans
3379 4413 3629 4486 quisquis
3678 4411 3767 4467 ille
3811 4411 3911 4465 dia.

2340 4512 2463 4569 bolo
2488 4511 2546 4568 in
2580 4511 2687 4566 ﬁne
2723 4516 3062 4582 prosternat,
3093 4516 3149 4565 et
3176 4506 3435 4579 evigilans
3461 4507 3578 4577 ipse
3612 4504 3769 4561 nobis
3798 4501 3913 4573 quid

654 4620 799 4677 laret
844 4614 1227 4675 constantiam,
1257 4617 1313 4666 et
1337 4604 1647 4665 ostenderet
1674 4604 1900 4705 quod-in
1924 4599 2234 4705 novissimis
2261 4643 2314 4705 Ι)
2340 4606 2412 4662 de
2450 4605 2646 4662 ceteris
2673 4603 2951 4659 ordinibus
2977 4604 3208 4669 sentiat,
3239 4603 3282 4658 si
3312 4601 3449 4657 forte
3476 4600 3637 4667 valet,
3673 4608 3910 4669 exponat.

653 4710 995 4786 temporibus
1014 4709 1046 4749 ¹ι
1070 4706 1308 4763 victores
1332 4702 1580 4767 haberet,
1626 4698 1720 4769 qui
1743 4696 1883 4754 bella
1912 4694 2146 4786 Domini.
2181 4700 2238 4748 et
2261 4690 2309 4705 ”
2341 4699 2535 4757 Nostra
2555 4712 2688 4754 vero
2708 4711 2879 4768 egena
2909 4695 3046 4752 dolis
3072 4694 3407 4765 simplicitas,
3437 4700 3494 4748 et
3514 4690 3768 4748 Ecclesia:
3790 4703 3913 4761 pura

656 4784 919 4860 instinctu
962 4815 1070 4870 quo
1120 4794 1285 4868 prisci
1337 4795 1356 4835 ί
1408 4793 1808 4849 intentavcrant
1834 4826 1849 4853 ,
1908 4784 2236 4857 prteliarent.

658 4893 801 4963 Quid
820 4893 880 4949 in
904 4894 1011 4948 hoc
1032 4886 1360 4959 culpandum
1386 4882 1619 4939 ducitis?
1645 4880 1786 4936 Ecce
1804 4875 2235 4949 persecutionem

657 4989 726 5044 ab
752 4983 986 5043 ethnicis
1021 4991 1208 5038 natam
1230 4977 1598 5053 probavimus.
1616 4973 1771 5053 Ecce
1797 4980 1854 5027 et
1877 4977 2094 5026 nostros
2124 4966 2239 5023 zelo

656 5079 778 5144 Dei,
809 5091 921 5133 non
957 5049 1256 5137 hominum,
1287 5049 1643 5127 insurrexisse
1693 5063 2050 5120 firmavimus.
2101 5058 2241 5126 Quid

654 5171 717 5228 in
744 5171 850 5228 hoc
871 5167 1195 5240 culpandum
1218 5162 1465 5236 putatis?
1504 5173 1687 5232 quaeso
1713 5156 1929 5213 edicere
1980 5168 2086 5209 non
2129 5164 2241 5207 mo-

731 5326 758 5385 !
788 5312 920 5385 Leg.
944 5312 1286 5385 mitigantem.

726 5384 760 5426 ι’
785 5383 914 5450 Μεξ,
942 5383 1251 5452 αηιίᾴιιίιιιε.

730 5467 755 5496 θ
805 5454 931 5511 Μδ..
966 5469 1072 5508 non
1096 5451 1390 5511 sitdicerem

726 5489 757 5569 ί
781 5489 1553 5591 ὥὲἰθῖῖἶιᾟίςῖιῖίιωέιιιοεη
1568 5515 1673 5591 fol.
1693 5514 1765 5591 _5_5
1793 5513 1849 5591 b,
1876 5508 2030 5591 aliter;
2056 5506 2236 5591 Cede;

658 5576 1095 5662 verowms:,'iue;
1119 5590 1255 5648 Vide
1277 5605 1440 5662 supra
1469 5576 1622 5662 5.7:,
1659 5585 1748 5662 ubi
1770 5576 1848 5662 με
1879 5578 1949 5662 Sl.‘
1990 5576 2237 5662 Derfecto

659 5647 1192 5751 ((ίιῖέωῄιῖἱᾶςξιιιειοιο
1210 5647 1430 5751 videiur
1468 5647 1702 5733 signare)
1734 5655 1811 5711 ait
1844 5671 1858 5708 :
1910 5647 1980 5704 Se
2007 5648 2107 5701 hoc
2142 5663 2234 5717 pe-

660 5737 802 5796 nitus
825 5755 931 5794 non
956 5737 1172 5800 dixisse,
1198 5742 1305 5790 etc.
1971 5791 1981 5801 '

735 5823 762 5853 ο
789 5808 1041 5873 Morales,
1071 5805 1351 5869 inchoauit,
1375 5805 1597 5873 ingenua
1629 5808 1792 5854 morte
1810 5797 2020 5869 peregit.

744 5881 763 5923 τ
804 5880 952 5938 Idem
986 5878 1211 5940 addidit,
1252 5877 1428 5970 etiam.

2342 4792 2621 4848 nobiscum
2659 4797 2806 4845 casta
2852 4788 3168 4852 sinceritas;
3200 4794 3255 4842 et
3288 4785 3643 4841 confessionis
3678 4784 3912 4839 ordinem

2343 4884 2525 4942 divino
2562 4882 2759 4954 spiritu
2804 4880 3042 4937 celebrat
3093 4877 3239 4943 duci,
3285 4886 3340 4934 et
3383 4877 3668 4932 veritatem
3706 4874 3913 4943 regibus

2342 4981 2653 5037 nuntiantes
2716 4977 3030 5032 inlustratos
3087 4973 3282 5030 asserit
3348 4971 3552 5029 Christi
3616 4968 3914 5040 repeCtione

2343 5073 2506 5131 felici.
2950 5062 2953 5063 ⁷
3612 5130 3613 5133 η

2419 5167 2507 5223 14.
2550 5165 2656 5224 Sed
2691 5164 2927 5235 objicitis
2958 5183 2972 5219 :
3002 5163 3215 5243 Eorum,
3247 5159 3533 5217 occasione
3564 5154 3798 5214 basilica
3829 5151 3914 5206 Dei

2423 5303 2448 5342 ε
2486 5298 2607 5363 Ms.,
2653 5299 2780 5354 rude
2814 5298 3032 5353 mundo.
3069 5294 3305 5360 Moralis,
3346 5294 3469 5349 rudi
3505 5288 3708 5350 seculo.

2424 5373 2452 5412 ιι
2489 5371 2589 5428 Hic
2625 5371 2822 5426 iterum
2856 5367 3087 5439 Morales
3117 5367 3341 5439 addidit,
3382 5366 3559 5419 etiam.
3647 5381 3677 5439 I;

2428 5443 2445 5484 ί
2484 5440 2632 5496 Idem
2660 5441 2858 5510 ibidem
2889 5438 3087 5510 :Aprimt'
3124 5437 3503 5510 intentavcrant
3538 5429 3915 5510 ριίιξιὶτιιγξιιιιιτἶ

2428 5523 2442 5562 ι
2486 5511 2745 5567 Sanctum
2794 5505 3100 5566 Perfectum
3148 5506 3386 5571 scilicet,
3436 5505 3833 5568 interemptum,
3870 5506 3920 5551 et

2341 5582 2602 5638 Joannem
2632 5579 2973 5653 ﬁagellatum.

2418 5653 2613 5725 ἔξελθε.
2646 5661 2822 5725 aptus.

2414 5723 2430 5763 1
2456 5710 2792 5789 MsJavertis,
2810 5721 3088 5778 sicutalibi
3103 5737 3207 5777 non
3219 5718 3389 5780 semel
3400 5728 3567 5773 averte
3576 5710 3915 5789 praedaene.

2417 5804 2455 5827 ’⁸
2487 5793 2677 5849 Melius
2696 5794 3035 5864 propositum.

2422 5877 2447 5904 η
2489 5863 2611 5931 Ms.,
2641 5865 2968 5935 elegantibus.
