  <div class='ocr_page' id='page_1' title='image "/cluster/home/n/w/nwhite01/storage/ocr_20150623/121/hvd.32044015471642/270.png"; bbox 0 0 4034 6350; ppageno 0'>
   <div class='ocr_carea' id='block_1_1' title="bbox 171 479 289 540">
    <p class='ocr_par' dir='ltr' id='par_1_1' title="bbox 171 479 289 540">
     <span class='ocr_line' id='line_1_1' title="bbox 171 479 289 540; baseline 0.034 -4"><span class='ocrx_word' id='word_1_1' title='bbox 171 479 289 540; x_wconf 71' lang='lat'><strong>5&#39;39</strong></span> 
     </span>
    </p>
   </div>
   <div class='ocr_carea' id='block_1_2' title="bbox 170 599 501 654">
    <p class='ocr_par' dir='ltr' id='par_1_2' title="bbox 170 599 501 654">
     <span class='ocr_line' id='line_1_2' title="bbox 170 599 501 654; baseline -0.012 -2"><span class='ocrx_word' id='word_1_2' title='bbox 170 599 417 654; x_wconf 62' lang='lat' dir='ltr'><strong>viduatae</strong></span> <span class='ocrx_word' id='word_1_3' title='bbox 470 610 501 648; x_wconf 89' lang='lat' dir='ltr'><strong>a</strong></span> 
     </span>
    </p>
   </div>
   <div class='ocr_carea' id='block_1_3' title="bbox 174 664 1757 763">
    <p class='ocr_par' dir='ltr' id='par_1_3' title="bbox 174 664 1757 763">
     <span class='ocr_line' id='line_1_3' title="bbox 174 664 1757 763; baseline -0.02 -16"><span class='ocrx_word' id='word_1_4' title='bbox 174 697 468 763; x_wconf 86' lang='lat' dir='ltr'><strong>grassante</strong></span> <span class='ocrx_word' id='word_1_5' title='bbox 495 682 838 741; x_wconf 90' lang='lat' dir='ltr'><strong>interdictum</strong></span> <span class='ocrx_word' id='word_1_6' title='bbox 872 685 956 734; x_wconf 91' lang='lat' dir='ltr'><strong>est</strong></span> <span class='ocrx_word' id='word_1_7' title='bbox 986 671 1312 763; x_wconf 80' lang='lat' dir='ltr'><strong>sacrificium</strong></span> <span class='ocrx_word' id='word_1_8' title='bbox 1347 669 1492 740; x_wconf 76' lang='lat' dir='ltr'><strong>iuge.</strong></span> <span class='ocrx_word' id='word_1_9' title='bbox 1537 664 1619 720; x_wconf 80' lang='lat' dir='ltr'><strong>Ad</strong></span> <span class='ocrx_word' id='word_1_10' title='bbox 1642 665 1757 763; x_wconf 77' lang='lat' dir='ltr'><strong>haec</strong></span> 
     </span>
    </p>
   </div>
   <div class='ocr_carea' id='block_1_4' title="bbox 173 756 1762 845">
    <p class='ocr_par' dir='ltr' id='par_1_4' title="bbox 173 756 1762 845">
     <span class='ocr_line' id='line_1_4' title="bbox 173 756 1762 845; baseline -0.018 -8"><span class='ocrx_word' id='word_1_11' title='bbox 173 756 352 836; x_wconf 59' lang='lat' dir='ltr'><strong>verax</strong></span> <span class='ocrx_word' id='word_1_12' title='bbox 389 779 470 834; x_wconf 91' lang='lat' dir='ltr'><strong>sic</strong></span> <span class='ocrx_word' id='word_1_13' title='bbox 505 773 791 845; x_wconf 92' lang='lat' dir='ltr'><strong>respondet</strong></span> <span class='ocrx_word' id='word_1_14' title='bbox 835 767 1116 841; x_wconf 78' lang='lat' dir='ltr'><strong>professio.</strong></span> <span class='ocrx_word' id='word_1_15' title='bbox 1161 761 1379 826; x_wconf 90' lang='lat' dir='ltr'><strong>Nostra,</strong></span> <span class='ocrx_word' id='word_1_16' title='bbox 1417 764 1598 814; x_wconf 87' lang='lat' dir='ltr'><strong>nostra</strong></span> <span class='ocrx_word' id='word_1_17' title='bbox 1644 756 1762 811; x_wconf 80' lang='lat' dir='ltr'><strong>haec</strong></span> 
     </span>
    </p>
   </div>
   <div class='ocr_carea' id='block_1_5' title="bbox 177 851 1763 937">
    <p class='ocr_par' dir='ltr' id='par_1_5' title="bbox 177 851 1763 937">
     <span class='ocr_line' id='line_1_5' title="bbox 177 851 1763 937; baseline -0.018 -8"><span class='ocrx_word' id='word_1_18' title='bbox 177 875 435 929; x_wconf 86' lang='lat' dir='ltr'><strong>fecerunt</strong></span> <span class='ocrx_word' id='word_1_19' title='bbox 465 869 677 934; x_wconf 89' lang='lat' dir='ltr'><strong>delicta,</strong></span> <span class='ocrx_word' id='word_1_20' title='bbox 708 880 827 937; x_wconf 73' lang='lat' dir='ltr'><strong>quae</strong></span> <span class='ocrx_word' id='word_1_21' title='bbox 855 869 1042 919; x_wconf 85' lang='lat' dir='ltr'><strong>contra</strong></span> <span class='ocrx_word' id='word_1_22' title='bbox 1069 866 1336 928; x_wconf 76' lang='lat' dir='ltr'><strong>martyres</strong></span> <span class='ocrx_word' id='word_1_23' title='bbox 1353 851 1470 918; x_wconf 87' lang='lat' dir='ltr'><strong>Dei,</strong></span> <span class='ocrx_word' id='word_1_24' title='bbox 1492 851 1602 907; x_wconf 93' lang='lat' dir='ltr'><strong>imo</strong></span> <span class='ocrx_word' id='word_1_25' title='bbox 1630 863 1763 903; x_wconf 91' lang='lat' dir='ltr'><strong>con-</strong></span> 
     </span>
    </p>
   </div>
   <div class='ocr_carea' id='block_1_6' title="bbox 178 939 1767 1034">
    <p class='ocr_par' dir='ltr' id='par_1_6' title="bbox 178 939 1767 1034">
     <span class='ocr_line' id='line_1_6' title="bbox 178 939 1767 1034; baseline -0.018 -13"><span class='ocrx_word' id='word_1_26' title='bbox 178 975 269 1021; x_wconf 82' lang='lat' dir='ltr'><strong>tra</strong></span> <span class='ocrx_word' id='word_1_27' title='bbox 325 965 497 1034; x_wconf 89' lang='lat' dir='ltr'><strong>ipsum</strong></span> <span class='ocrx_word' id='word_1_28' title='bbox 537 959 842 1020; x_wconf 87' lang='lat' dir='ltr'><strong>Dominum,</strong></span> <span class='ocrx_word' id='word_1_29' title='bbox 889 962 973 1010; x_wconf 90' lang='lat' dir='ltr'><strong>est</strong></span> <span class='ocrx_word' id='word_1_30' title='bbox 1021 952 1299 1020; x_wconf 75' lang='lat' dir='ltr'><strong>insurgere</strong></span> <span class='ocrx_word' id='word_1_31' title='bbox 1342 960 1493 1001; x_wconf 88' lang='lat' dir='ltr'><strong>ausa.</strong></span> <span class='ocrx_word' id='word_1_32' title='bbox 1541 939 1767 996; x_wconf 81' lang='lat' dir='ltr'><strong>Recolat</strong></span> 
     </span>
    </p>
   </div>
   <div class='ocr_carea' id='block_1_7' title="bbox 182 1034 1765 1114">
    <p class='ocr_par' dir='ltr' id='par_1_7' title="bbox 182 1034 1765 1114">
     <span class='ocr_line' id='line_1_7' title="bbox 182 1034 1765 1114; baseline -0.018 0"><span class='ocrx_word' id='word_1_33' title='bbox 182 1053 502 1113; x_wconf 69' lang='lat' dir='ltr'><strong>frater-talis</strong></span> <span class='ocrx_word' id='word_1_34' title='bbox 528 1059 724 1107; x_wconf 78' lang='lat' dir='ltr'><strong>vestrae</strong></span> <span class='ocrx_word' id='word_1_35' title='bbox 759 1045 983 1114; x_wconf 87' lang='lat' dir='ltr'><strong>collegio</strong></span> <span class='ocrx_word' id='word_1_36' title='bbox 1013 1055 1062 1109; x_wconf 74' lang='grc' dir='ltr'><strong>ι,</strong></span> <span class='ocrx_word' id='word_1_37' title='bbox 1089 1048 1290 1113; x_wconf 89' lang='lat' dir='ltr'><strong>quanta</strong></span> <span class='ocrx_word' id='word_1_38' title='bbox 1318 1045 1374 1094; x_wconf 90' lang='lat' dir='ltr'><strong>et</strong></span> <span class='ocrx_word' id='word_1_39' title='bbox 1404 1034 1582 1107; x_wconf 82' lang='lat' dir='ltr'><strong>qualia</strong></span> <span class='ocrx_word' id='word_1_40' title='bbox 1608 1047 1765 1088; x_wconf 86' lang='lat' dir='ltr'><strong>vesa-</strong></span> 
     </span>
    </p>
   </div>
   <div class='ocr_carea' id='block_1_8' title="bbox 181 1131 1765 1218">
    <p class='ocr_par' dir='ltr' id='par_1_8' title="bbox 181 1131 1765 1218">
     <span class='ocr_line' id='line_1_8' title="bbox 181 1131 1765 1218; baseline -0.012 -12"><span class='ocrx_word' id='word_1_41' title='bbox 181 1152 296 1206; x_wconf 69' lang='lat' dir='ltr'><strong>nia:</strong></span> <span class='ocrx_word' id='word_1_42' title='bbox 325 1147 580 1205; x_wconf 89' lang='lat' dir='ltr'><strong>commoti</strong></span> <span class='ocrx_word' id='word_1_43' title='bbox 632 1144 866 1218; x_wconf 85' lang='lat' dir='ltr'><strong>procella</strong></span> <span class='ocrx_word' id='word_1_44' title='bbox 914 1151 1103 1198; x_wconf 91' lang='lat' dir='ltr'><strong>contra</strong></span> <span class='ocrx_word' id='word_1_45' title='bbox 1155 1141 1324 1196; x_wconf 89' lang='lat' dir='ltr'><strong>Deum</strong></span> <span class='ocrx_word' id='word_1_46' title='bbox 1365 1135 1714 1193; x_wconf 82' lang='lat' dir='ltr'><strong>rebellionem</strong></span> <span class='ocrx_word' id='word_1_47' title='bbox 1734 1131 1765 1171; x_wconf 69' lang='grc' dir='ltr'><strong>ι)</strong></span> 
     </span>
    </p>
   </div>
   <div class='ocr_carea' id='block_1_9' title="bbox 183 1228 1769 1311">
    <p class='ocr_par' dir='ltr' id='par_1_9' title="bbox 183 1228 1769 1311">
     <span class='ocr_line' id='line_1_9' title="bbox 183 1228 1769 1311; baseline -0.012 -15"><span class='ocrx_word' id='word_1_48' title='bbox 183 1241 422 1311; x_wconf 83' lang='lat' dir='ltr'><strong>arripuit</strong></span> <span class='ocrx_word' id='word_1_49' title='bbox 468 1254 660 1293; x_wconf 88' lang='lat' dir='ltr'><strong>arma:</strong></span> <span class='ocrx_word' id='word_1_50' title='bbox 690 1245 746 1292; x_wconf 93' lang='lat' dir='ltr'><strong>et</strong></span> <span class='ocrx_word' id='word_1_51' title='bbox 791 1245 918 1290; x_wconf 92' lang='lat' dir='ltr'><strong>tunc</strong></span> <span class='ocrx_word' id='word_1_52' title='bbox 955 1232 1156 1289; x_wconf 81' lang='lat' dir='ltr'><strong>sanctis</strong></span> <span class='ocrx_word' id='word_1_53' title='bbox 1193 1228 1524 1301; x_wconf 82' lang='lat' dir='ltr'><strong>martyribus</strong></span> <span class='ocrx_word' id='word_1_54' title='bbox 1559 1239 1769 1280; x_wconf 66' lang='lat' dir='ltr'><strong>naevum</strong></span> 
     </span>
    </p>
   </div>
   <div class='ocr_carea' id='block_1_10' title="bbox 183 1317 1772 1397">
    <p class='ocr_par' dir='ltr' id='par_1_10' title="bbox 183 1317 1772 1397">
     <span class='ocr_line' id='line_1_10' title="bbox 183 1317 1772 1397; baseline -0.012 -10"><span class='ocrx_word' id='word_1_55' title='bbox 183 1333 359 1397; x_wconf 83' lang='lat' dir='ltr'><strong>hunc,</strong></span> <span class='ocrx_word' id='word_1_56' title='bbox 388 1331 434 1387; x_wconf 87' lang='lat' dir='ltr'><strong>si</strong></span> <span class='ocrx_word' id='word_1_57' title='bbox 463 1329 626 1395; x_wconf 88' lang='lat' dir='ltr'><strong>valet,</strong></span> <span class='ocrx_word' id='word_1_58' title='bbox 668 1329 901 1384; x_wconf 89' lang='lat' dir='ltr'><strong>inducat.</strong></span> <span class='ocrx_word' id='word_1_59' title='bbox 944 1323 1131 1380; x_wconf 83' lang='lat' dir='ltr'><strong>Nonne</strong></span> <span class='ocrx_word' id='word_1_60' title='bbox 1172 1323 1274 1395; x_wconf 88' lang='lat' dir='ltr'><strong>ipsi</strong></span> <span class='ocrx_word' id='word_1_61' title='bbox 1322 1321 1415 1392; x_wconf 86' lang='lat' dir='ltr'><strong>qui</strong></span> <span class='ocrx_word' id='word_1_62' title='bbox 1449 1317 1772 1374; x_wconf 84' lang='lat' dir='ltr'><strong>videbantur</strong></span> 
     </span>
    </p>
   </div>
   <div class='ocr_carea' id='block_1_11' title="bbox 183 1409 1772 1490">
    <p class='ocr_par' dir='ltr' id='par_1_11' title="bbox 183 1409 1772 1490">
     <span class='ocr_line' id='line_1_11' title="bbox 183 1409 1772 1490; baseline -0.01 -12"><span class='ocrx_word' id='word_1_63' title='bbox 183 1421 476 1486; x_wconf 61' lang='lat' dir='ltr'><strong>columna,</strong></span> <span class='ocrx_word' id='word_1_64' title='bbox 501 1420 592 1490; x_wconf 86' lang='lat' dir='ltr'><strong>qui</strong></span> <span class='ocrx_word' id='word_1_65' title='bbox 615 1419 941 1490; x_wconf 86' lang='lat' dir='ltr'><strong>putabantur</strong></span> <span class='ocrx_word' id='word_1_66' title='bbox 969 1417 1223 1473; x_wconf 70' lang='lat' dir='ltr'><strong>Ecclesiae</strong></span> <span class='ocrx_word' id='word_1_67' title='bbox 1249 1424 1431 1486; x_wconf 78' lang='lat' dir='ltr'><strong>petrae,</strong></span> <span class='ocrx_word' id='word_1_68' title='bbox 1465 1412 1556 1482; x_wconf 88' lang='lat' dir='ltr'><strong>qui</strong></span> <span class='ocrx_word' id='word_1_69' title='bbox 1586 1409 1772 1465; x_wconf 88' lang='lat' dir='ltr'><strong>crede-</strong></span> 
     </span>
    </p>
   </div>
   <div class='ocr_carea' id='block_1_12' title="bbox 183 1510 1770 1583">
    <p class='ocr_par' dir='ltr' id='par_1_12' title="bbox 183 1510 1770 1583">
     <span class='ocr_line' id='line_1_12' title="bbox 183 1510 1770 1583; baseline -0.006 -13"><span class='ocrx_word' id='word_1_70' title='bbox 183 1515 390 1570; x_wconf 63' lang='lat' dir='ltr'><strong>bantur</strong></span> <span class='ocrx_word' id='word_1_71' title='bbox 436 1512 630 1580; x_wconf 90' lang='lat' dir='ltr'><strong>electi,</strong></span> <span class='ocrx_word' id='word_1_72' title='bbox 676 1511 823 1568; x_wconf 91' lang='lat' dir='ltr'><strong>nullo</strong></span> <span class='ocrx_word' id='word_1_73' title='bbox 864 1520 1118 1583; x_wconf 76' lang='lat' dir='ltr'><strong>cogente,</strong></span> <span class='ocrx_word' id='word_1_74' title='bbox 1163 1510 1378 1565; x_wconf 85' lang='lat' dir='ltr'><strong>nemine</strong></span> <span class='ocrx_word' id='word_1_75' title='bbox 1422 1512 1770 1578; x_wconf 83' lang='lat' dir='ltr'><strong>provocante,</strong></span> 
     </span>
    </p>
   </div>
   <div class='ocr_carea' id='block_1_13' title="bbox 176 1601 1774 1680">
    <p class='ocr_par' dir='ltr' id='par_1_13' title="bbox 176 1601 1774 1680">
     <span class='ocr_line' id='line_1_13' title="bbox 176 1601 1774 1680; baseline -0.007 -16"><span class='ocrx_word' id='word_1_76' title='bbox 176 1607 426 1677; x_wconf 64' lang='lat' dir='ltr'><strong>radicem</strong></span> <span class='ocrx_word' id='word_1_77' title='bbox 453 1609 703 1664; x_wconf 90' lang='lat' dir='ltr'><strong>adierunt</strong></span> <span class='ocrx_word' id='word_1_78' title='bbox 729 1620 775 1674; x_wconf 83' lang='grc' dir='ltr'><strong>ο,</strong></span> <span class='ocrx_word' id='word_1_79' title='bbox 808 1618 863 1664; x_wconf 91' lang='lat' dir='ltr'><strong>et</strong></span> <span class='ocrx_word' id='word_1_80' title='bbox 887 1609 942 1663; x_wconf 94' lang='lat' dir='ltr'><strong>in</strong></span> <span class='ocrx_word' id='word_1_81' title='bbox 969 1607 1252 1680; x_wconf 79' lang='lat' dir='ltr'><strong>praesentia</strong></span> <span class='ocrx_word' id='word_1_82' title='bbox 1278 1605 1599 1676; x_wconf 85' lang='lat' dir='ltr'><strong>Cynicorum</strong></span> <span class='ocrx_word' id='word_1_83' title='bbox 1618 1643 1634 1668; x_wconf 92' lang='lat'><strong>,</strong></span> <span class='ocrx_word' id='word_1_84' title='bbox 1664 1601 1774 1655; x_wconf 91' lang='lat' dir='ltr'><strong>imo</strong></span> 
     </span>
    </p>
   </div>
   <div class='ocr_carea' id='block_1_14' title="bbox 189 1689 1774 1770">
    <p class='ocr_par' dir='ltr' id='par_1_14' title="bbox 189 1689 1774 1770">
     <span class='ocr_line' id='line_1_14' title="bbox 189 1689 1774 1770; baseline -0.006 -18"><span class='ocrx_word' id='word_1_85' title='bbox 189 1697 618 1769; x_wconf 82' lang='lat' dir='ltr'><strong>Epicureorum,</strong></span> <span class='ocrx_word' id='word_1_86' title='bbox 667 1698 761 1754; x_wconf 89' lang='lat' dir='ltr'><strong>Dei</strong></span> <span class='ocrx_word' id='word_1_87' title='bbox 811 1708 1077 1770; x_wconf 84' lang='lat' dir='ltr'><strong>martyres</strong></span> <span class='ocrx_word' id='word_1_88' title='bbox 1121 1694 1552 1752; x_wconf 87' lang='lat' dir='ltr'><strong>infamaverunt?</strong></span> <span class='ocrx_word' id='word_1_89' title='bbox 1585 1689 1774 1746; x_wconf 83' lang='lat' dir='ltr'><strong>Nonne</strong></span> 
     </span>
    </p>
   </div>
   <div class='ocr_carea' id='block_1_15' title="bbox 184 1784 1773 1863">
    <p class='ocr_par' dir='ltr' id='par_1_15' title="bbox 184 1784 1773 1863">
     <span class='ocr_line' id='line_1_15' title="bbox 184 1784 1773 1863; baseline -0.005 -17"><span class='ocrx_word' id='word_1_90' title='bbox 184 1800 442 1863; x_wconf 85' lang='lat' dir='ltr'><strong>pastores</strong></span> <span class='ocrx_word' id='word_1_91' title='bbox 471 1790 688 1856; x_wconf 85' lang='lat' dir='ltr'><strong>Christi,</strong></span> <span class='ocrx_word' id='word_1_92' title='bbox 723 1791 969 1847; x_wconf 89' lang='lat' dir='ltr'><strong>doctores</strong></span> <span class='ocrx_word' id='word_1_93' title='bbox 992 1791 1266 1856; x_wconf 69' lang='lat' dir='ltr'><strong>Ecclesiae,</strong></span> <span class='ocrx_word' id='word_1_94' title='bbox 1305 1787 1560 1859; x_wconf 87' lang='lat' dir='ltr'><strong>episcopi,</strong></span> <span class='ocrx_word' id='word_1_95' title='bbox 1610 1784 1773 1841; x_wconf 90' lang='lat' dir='ltr'><strong>abba-</strong></span> 
     </span>
    </p>
   </div>
   <div class='ocr_carea' id='block_1_16' title="bbox 189 1875 1772 1952">
    <p class='ocr_par' dir='ltr' id='par_1_16' title="bbox 189 1875 1772 1952">
     <span class='ocr_line' id='line_1_16' title="bbox 189 1875 1772 1952; baseline -0.004 -16"><span class='ocrx_word' id='word_1_96' title='bbox 189 1890 298 1946; x_wconf 88' lang='lat' dir='ltr'><strong>tes,</strong></span> <span class='ocrx_word' id='word_1_97' title='bbox 323 1882 682 1952; x_wconf 82' lang='lat' dir='ltr'><strong>presbyteros,</strong></span> <span class='ocrx_word' id='word_1_98' title='bbox 715 1895 968 1952; x_wconf 91' lang='lat' dir='ltr'><strong>proceres</strong></span> <span class='ocrx_word' id='word_1_99' title='bbox 996 1889 1050 1935; x_wconf 93' lang='lat' dir='ltr'><strong>et</strong></span> <span class='ocrx_word' id='word_1_100' title='bbox 1082 1879 1340 1950; x_wconf 89' lang='lat' dir='ltr'><strong>magnati,</strong></span> <span class='ocrx_word' id='word_1_101' title='bbox 1369 1875 1654 1933; x_wconf 63' lang='lat' dir='ltr'><strong>haereticos</strong></span> <span class='ocrx_word' id='word_1_102' title='bbox 1679 1889 1772 1929; x_wconf 92' lang='lat' dir='ltr'><strong>eos</strong></span> 
     </span>
    </p>
   </div>
   <div class='ocr_carea' id='block_1_17' title="bbox 186 1967 1777 2043">
    <p class='ocr_par' dir='ltr' id='par_1_17' title="bbox 186 1967 1777 2043">
     <span class='ocr_line' id='line_1_17' title="bbox 186 1967 1777 2043; baseline -0.005 -16"><span class='ocrx_word' id='word_1_103' title='bbox 186 1986 315 2027; x_wconf 82' lang='lat' dir='ltr'><strong>esse</strong></span> <span class='ocrx_word' id='word_1_104' title='bbox 339 1972 550 2043; x_wconf 88' lang='lat' dir='ltr'><strong>publice</strong></span> <span class='ocrx_word' id='word_1_105' title='bbox 570 1971 971 2027; x_wconf 86' lang='lat' dir='ltr'><strong>clamaverunt?</strong></span> <span class='ocrx_word' id='word_1_106' title='bbox 993 1979 1049 2026; x_wconf 90' lang='lat' dir='ltr'><strong>et</strong></span> <span class='ocrx_word' id='word_1_107' title='bbox 1070 1969 1280 2040; x_wconf 89' lang='lat' dir='ltr'><strong>publica</strong></span> <span class='ocrx_word' id='word_1_108' title='bbox 1301 1967 1634 2040; x_wconf 82' lang='lat' dir='ltr'><strong>professione</strong></span> <span class='ocrx_word' id='word_1_109' title='bbox 1660 1967 1777 2021; x_wconf 88' lang='lat' dir='ltr'><strong>sine</strong></span> 
     </span>
    </p>
   </div>
   <div class='ocr_carea' id='block_1_18' title="bbox 96 2057 1782 2131">
    <p class='ocr_par' dir='ltr' id='par_1_18' title="bbox 96 2057 1782 2131">
     <span class='ocr_line' id='line_1_18' title="bbox 96 2057 1782 2131; baseline -0.002 -15"><span class='ocrx_word' id='word_1_110' title='bbox 96 2123 100 2125; x_wconf 7' lang='grc' dir='ltr'><em>ἓ</em></span> <span class='ocrx_word' id='word_1_111' title='bbox 188 2060 600 2130; x_wconf 79' lang='lat' dir='ltr'><strong>desquisitione,</strong></span> <span class='ocrx_word' id='word_1_112' title='bbox 641 2062 846 2130; x_wconf 81' lang='lat' dir='ltr'><strong>absque</strong></span> <span class='ocrx_word' id='word_1_113' title='bbox 888 2061 1331 2131; x_wconf 84' lang='lat' dir='ltr'><strong>interrogatione,</strong></span> <span class='ocrx_word' id='word_1_114' title='bbox 1368 2074 1487 2129; x_wconf 78' lang='lat' dir='ltr'><strong>quae</strong></span> <span class='ocrx_word' id='word_1_115' title='bbox 1530 2073 1630 2113; x_wconf 91' lang='lat' dir='ltr'><strong>nec</strong></span> <span class='ocrx_word' id='word_1_116' title='bbox 1676 2057 1782 2112; x_wconf 78' lang='lat' dir='ltr'><strong>im-</strong></span> 
     </span>
    </p>
   </div>
   <div class='ocr_carea' id='block_1_19' title="bbox 188 2152 1781 2220">
    <p class='ocr_par' dir='ltr' id='par_1_19' title="bbox 188 2152 1781 2220">
     <span class='ocr_line' id='line_1_19' title="bbox 188 2152 1781 2220; baseline -0.001 -12"><span class='ocrx_word' id='word_1_117' title='bbox 188 2153 436 2208; x_wconf 83' lang='lat' dir='ltr'><strong>minente</strong></span> <span class='ocrx_word' id='word_1_118' title='bbox 466 2153 657 2208; x_wconf 90' lang='lat' dir='ltr'><strong>mortis</strong></span> <span class='ocrx_word' id='word_1_119' title='bbox 698 2152 963 2207; x_wconf 89' lang='lat' dir='ltr'><strong>sententia</strong></span> <span class='ocrx_word' id='word_1_120' title='bbox 1000 2161 1157 2207; x_wconf 90' lang='lat' dir='ltr'><strong>erant</strong></span> <span class='ocrx_word' id='word_1_121' title='bbox 1198 2152 1446 2216; x_wconf 89' lang='lat' dir='ltr'><strong>dicenda,</strong></span> <span class='ocrx_word' id='word_1_122' title='bbox 1484 2157 1781 2220; x_wconf 89' lang='lat' dir='ltr'><strong>spontanea</strong></span> 
     </span>
    </p>
   </div>
   <div class='ocr_carea' id='block_1_20' title="bbox 189 2240 1786 2312">
    <p class='ocr_par' dir='ltr' id='par_1_20' title="bbox 189 2240 1786 2312">
     <span class='ocr_line' id='line_1_20' title="bbox 189 2240 1786 2312; baseline 0.002 -19"><span class='ocrx_word' id='word_1_123' title='bbox 189 2242 500 2310; x_wconf 81' lang='lat' dir='ltr'><strong>voluntate,</strong></span> <span class='ocrx_word' id='word_1_124' title='bbox 544 2251 600 2298; x_wconf 90' lang='lat' dir='ltr'><strong>et</strong></span> <span class='ocrx_word' id='word_1_125' title='bbox 637 2242 807 2298; x_wconf 92' lang='lat' dir='ltr'><strong>libero</strong></span> <span class='ocrx_word' id='word_1_126' title='bbox 849 2244 1046 2300; x_wconf 90' lang='lat' dir='ltr'><strong>mentis</strong></span> <span class='ocrx_word' id='word_1_127' title='bbox 1085 2243 1308 2298; x_wconf 89' lang='lat' dir='ltr'><strong>arbitrio</strong></span> <span class='ocrx_word' id='word_1_128' title='bbox 1335 2283 1350 2308; x_wconf 90' lang='lat'><strong>,</strong></span> <span class='ocrx_word' id='word_1_129' title='bbox 1397 2240 1786 2312; x_wconf 79' lang='lat' dir='ltr'><strong>protulerunt?</strong></span> 
     </span>
    </p>
   </div>
   <div class='ocr_carea' id='block_1_21' title="bbox 190 2333 1782 2405">
    <p class='ocr_par' dir='ltr' id='par_1_21' title="bbox 190 2333 1782 2405">
     <span class='ocr_line' id='line_1_21' title="bbox 190 2333 1782 2405; baseline -0.001 -15"><span class='ocrx_word' id='word_1_130' title='bbox 190 2333 406 2390; x_wconf 85' lang='lat' dir='ltr'><strong>calcata</strong></span> <span class='ocrx_word' id='word_1_131' title='bbox 433 2333 639 2390; x_wconf 88' lang='lat' dir='ltr'><strong>scilicet</strong></span> <span class='ocrx_word' id='word_1_132' title='bbox 665 2335 1019 2402; x_wconf 88' lang='lat' dir='ltr'><strong>conscientia,</strong></span> <span class='ocrx_word' id='word_1_133' title='bbox 1048 2345 1102 2390; x_wconf 90' lang='lat' dir='ltr'><strong>et</strong></span> <span class='ocrx_word' id='word_1_134' title='bbox 1125 2334 1229 2390; x_wconf 82' lang='lat' dir='ltr'><strong>fide</strong></span> <span class='ocrx_word' id='word_1_135' title='bbox 1259 2334 1530 2405; x_wconf 90' lang='lat' dir='ltr'><strong>despecta,</strong></span> <span class='ocrx_word' id='word_1_136' title='bbox 1559 2333 1782 2390; x_wconf 90' lang='lat' dir='ltr'><strong>menda-</strong></span> 
     </span>
    </p>
   </div>
   <div class='ocr_carea' id='block_1_22' title="bbox 193 2426 1780 2498">
    <p class='ocr_par' dir='ltr' id='par_1_22' title="bbox 193 2426 1780 2498">
     <span class='ocr_line' id='line_1_22' title="bbox 193 2426 1780 2498; baseline -0.001 -16"><span class='ocrx_word' id='word_1_137' title='bbox 193 2426 282 2482; x_wconf 89' lang='lat' dir='ltr'><strong>cio</strong></span> <span class='ocrx_word' id='word_1_138' title='bbox 313 2427 517 2493; x_wconf 91' lang='lat' dir='ltr'><strong>cuncti,</strong></span> <span class='ocrx_word' id='word_1_139' title='bbox 553 2427 657 2482; x_wconf 90' lang='lat' dir='ltr'><strong>heu</strong></span> <span class='ocrx_word' id='word_1_140' title='bbox 688 2429 825 2498; x_wconf 91' lang='lat' dir='ltr'><strong>proh</strong></span> <span class='ocrx_word' id='word_1_141' title='bbox 859 2427 1039 2484; x_wconf 83' lang='lat' dir='ltr'><strong>dolor!</strong></span> <span class='ocrx_word' id='word_1_142' title='bbox 1073 2429 1379 2483; x_wconf 91' lang='lat' dir='ltr'><strong>servierunt</strong></span> <span class='ocrx_word' id='word_1_143' title='bbox 1407 2446 1422 2481; x_wconf 89' lang='lat'><strong>:</strong></span> <span class='ocrx_word' id='word_1_144' title='bbox 1453 2436 1509 2483; x_wconf 87' lang='lat' dir='ltr'><strong>et</strong></span> <span class='ocrx_word' id='word_1_145' title='bbox 1553 2441 1690 2497; x_wconf 91' lang='lat' dir='ltr'><strong>quos</strong></span> <span class='ocrx_word' id='word_1_146' title='bbox 1725 2427 1780 2481; x_wconf 94' lang='lat' dir='ltr'><strong>in</strong></span> 
     </span>
    </p>
   </div>
   <div class='ocr_carea' id='block_1_23' title="bbox 193 2518 1783 2575">
    <p class='ocr_par' dir='ltr' id='par_1_23' title="bbox 193 2518 1783 2575">
     <span class='ocr_line' id='line_1_23' title="bbox 193 2518 1783 2575; baseline -0.001 -1"><span class='ocrx_word' id='word_1_147' title='bbox 193 2519 464 2574; x_wconf 84' lang='lat' dir='ltr'><strong>catholica</strong></span> <span class='ocrx_word' id='word_1_148' title='bbox 487 2518 592 2574; x_wconf 84' lang='lat' dir='ltr'><strong>ﬁde</strong></span> <span class='ocrx_word' id='word_1_149' title='bbox 617 2529 771 2574; x_wconf 89' lang='lat' dir='ltr'><strong>natos</strong></span> <span class='ocrx_word' id='word_1_150' title='bbox 801 2527 856 2575; x_wconf 91' lang='lat' dir='ltr'><strong>et</strong></span> <span class='ocrx_word' id='word_1_151' title='bbox 885 2521 1074 2575; x_wconf 89' lang='lat' dir='ltr'><strong>matris</strong></span> <span class='ocrx_word' id='word_1_152' title='bbox 1109 2519 1364 2574; x_wconf 78' lang='lat' dir='ltr'><strong>Ecclesiae</strong></span> <span class='ocrx_word' id='word_1_153' title='bbox 1401 2519 1654 2574; x_wconf 88' lang='lat' dir='ltr'><strong>uberibus</strong></span> <span class='ocrx_word' id='word_1_154' title='bbox 1682 2534 1783 2573; x_wconf 91' lang='lat' dir='ltr'><strong>nu-</strong></span> 
     </span>
    </p>
   </div>
   <div class='ocr_carea' id='block_1_24' title="bbox 196 2609 1782 2676">
    <p class='ocr_par' dir='ltr' id='par_1_24' title="bbox 196 2609 1782 2676">
     <span class='ocr_line' id='line_1_24' title="bbox 196 2609 1782 2676; baseline 0 -12"><span class='ocrx_word' id='word_1_155' title='bbox 196 2609 361 2664; x_wconf 89' lang='lat' dir='ltr'><strong>tritos</strong></span> <span class='ocrx_word' id='word_1_156' title='bbox 384 2617 665 2674; x_wconf 75' lang='lat' dir='ltr'><strong>noverant,</strong></span> <span class='ocrx_word' id='word_1_157' title='bbox 708 2611 1031 2665; x_wconf 88' lang='lat' dir='ltr'><strong>meretriceo</strong></span> <span class='ocrx_word' id='word_1_158' title='bbox 1071 2609 1376 2676; x_wconf 89' lang='lat' dir='ltr'><strong>concubitu,</strong></span> <span class='ocrx_word' id='word_1_159' title='bbox 1414 2617 1470 2665; x_wconf 91' lang='lat' dir='ltr'><strong>et</strong></span> <span class='ocrx_word' id='word_1_160' title='bbox 1515 2609 1782 2665; x_wconf 88' lang='lat' dir='ltr'><strong>adultero-</strong></span> 
     </span>
    </p>
   </div>
   <div class='ocr_carea' id='block_1_25' title="bbox 194 2699 1174 2769">
    <p class='ocr_par' dir='ltr' id='par_1_25' title="bbox 194 2699 1174 2769">
     <span class='ocr_line' id='line_1_25' title="bbox 194 2699 1174 2769; baseline 0 -15"><span class='ocrx_word' id='word_1_161' title='bbox 194 2715 321 2754; x_wconf 91' lang='lat' dir='ltr'><strong>rum</strong></span> <span class='ocrx_word' id='word_1_162' title='bbox 357 2699 480 2755; x_wconf 86' lang='lat' dir='ltr'><strong>cibo</strong></span> <span class='ocrx_word' id='word_1_163' title='bbox 512 2709 696 2769; x_wconf 87' lang='lat' dir='ltr'><strong>pastos</strong></span> <span class='ocrx_word' id='word_1_164' title='bbox 721 2716 841 2756; x_wconf 90' lang='lat' dir='ltr'><strong>esse</strong></span> <span class='ocrx_word' id='word_1_165' title='bbox 870 2700 1174 2756; x_wconf 85' lang='lat' dir='ltr'><strong>ﬁrmarunt.</strong></span> 
     </span>
    </p>
   </div>
   <div class='ocr_carea' id='block_1_26' title="bbox 271 2791 1787 2865">
    <p class='ocr_par' dir='ltr' id='par_1_26' title="bbox 271 2791 1787 2865">
     <span class='ocr_line' id='line_1_26' title="bbox 271 2791 1787 2865; baseline 0.002 -19"><span class='ocrx_word' id='word_1_166' title='bbox 271 2791 364 2846; x_wconf 76' lang='grc'><strong>15.</strong></span> <span class='ocrx_word' id='word_1_167' title='bbox 416 2791 482 2846; x_wconf 83' lang='grc' dir='ltr'><strong>Ει</strong></span> <span class='ocrx_word' id='word_1_168' title='bbox 503 2800 655 2848; x_wconf 90' lang='lat' dir='ltr'><strong>estne</strong></span> <span class='ocrx_word' id='word_1_169' title='bbox 679 2792 872 2863; x_wconf 86' lang='lat' dir='ltr'><strong>aliquis</strong></span> <span class='ocrx_word' id='word_1_170' title='bbox 892 2792 959 2848; x_wconf 88' lang='lat' dir='ltr'><strong>de</strong></span> <span class='ocrx_word' id='word_1_171' title='bbox 986 2791 1193 2865; x_wconf 80' lang='lat' dir='ltr'><strong>flagello</strong></span> <span class='ocrx_word' id='word_1_172' title='bbox 1218 2794 1309 2864; x_wconf 81' lang='lat' dir='ltr'><strong>qui</strong></span> <span class='ocrx_word' id='word_1_173' title='bbox 1348 2795 1523 2850; x_wconf 88' lang='lat' dir='ltr'><strong>adhuc</strong></span> <span class='ocrx_word' id='word_1_174' title='bbox 1547 2809 1787 2865; x_wconf 90' lang='lat' dir='ltr'><strong>conque-</strong></span> 
     </span>
    </p>
   </div>
   <div class='ocr_carea' id='block_1_27' title="bbox 199 2883 1788 2957">
    <p class='ocr_par' dir='ltr' id='par_1_27' title="bbox 199 2883 1788 2957">
     <span class='ocr_line' id='line_1_27' title="bbox 199 2883 1788 2957; baseline 0 -16"><span class='ocrx_word' id='word_1_175' title='bbox 199 2893 293 2941; x_wconf 86' lang='lat' dir='ltr'><strong>rat</strong></span> <span class='ocrx_word' id='word_1_176' title='bbox 331 2885 511 2955; x_wconf 83' lang='lat' dir='ltr'><strong>digne,</strong></span> <span class='ocrx_word' id='word_1_177' title='bbox 541 2900 662 2940; x_wconf 89' lang='lat' dir='ltr'><strong>cum</strong></span> <span class='ocrx_word' id='word_1_178' title='bbox 691 2901 854 2941; x_wconf 87' lang='lat' dir='ltr'><strong>causa</strong></span> <span class='ocrx_word' id='word_1_179' title='bbox 885 2883 1053 2957; x_wconf 87' lang='lat' dir='ltr'><strong>ipsius</strong></span> <span class='ocrx_word' id='word_1_180' title='bbox 1080 2894 1352 2956; x_wconf 88' lang='lat' dir='ltr'><strong>patentem</strong></span> <span class='ocrx_word' id='word_1_181' title='bbox 1381 2887 1524 2941; x_wconf 85' lang='lat' dir='ltr'><strong>videt</strong></span> <span class='ocrx_word' id='word_1_182' title='bbox 1549 2885 1788 2955; x_wconf 82' lang='lat' dir='ltr'><strong>ﬂagelli?</strong></span> 
     </span>
    </p>
   </div>
   <div class='ocr_carea' id='block_1_28' title="bbox 200 2975 1784 3048">
    <p class='ocr_par' dir='ltr' id='par_1_28' title="bbox 200 2975 1784 3048">
     <span class='ocr_line' id='line_1_28' title="bbox 200 2975 1784 3048; baseline 0.001 -16"><span class='ocrx_word' id='word_1_183' title='bbox 200 2975 398 3032; x_wconf 80' lang='lat' dir='ltr'><strong>Nonne</strong></span> <span class='ocrx_word' id='word_1_184' title='bbox 423 2976 764 3048; x_wconf 87' lang='lat' dir='ltr'><strong>perspicuum</strong></span> <span class='ocrx_word' id='word_1_185' title='bbox 793 2976 822 3016; x_wconf 72' lang='grc' dir='ltr'><strong>ἀ</strong></span> <span class='ocrx_word' id='word_1_186' title='bbox 843 2987 925 3032; x_wconf 92' lang='lat' dir='ltr'><strong>est</strong></span> <span class='ocrx_word' id='word_1_187' title='bbox 949 2978 1092 3048; x_wconf 86' lang='lat' dir='ltr'><strong>quod</strong></span> <span class='ocrx_word' id='word_1_188' title='bbox 1117 2978 1206 3033; x_wconf 88' lang='lat' dir='ltr'><strong>isti</strong></span> <span class='ocrx_word' id='word_1_189' title='bbox 1233 2993 1420 3034; x_wconf 93' lang='lat' dir='ltr'><strong>omnes</strong></span> <span class='ocrx_word' id='word_1_190' title='bbox 1443 2978 1784 3034; x_wconf 89' lang='lat' dir='ltr'><strong>mendacium</strong></span> 
     </span>
    </p>
   </div>
   <div class='ocr_carea' id='block_1_29' title="bbox 203 3066 1791 3138">
    <p class='ocr_par' dir='ltr' id='par_1_29' title="bbox 203 3066 1791 3138">
     <span class='ocr_line' id='line_1_29' title="bbox 203 3066 1791 3138; baseline 0.003 -18"><span class='ocrx_word' id='word_1_191' title='bbox 203 3066 426 3122; x_wconf 87' lang='lat' dir='ltr'><strong>fuerunt</strong></span> <span class='ocrx_word' id='word_1_192' title='bbox 447 3067 693 3138; x_wconf 89' lang='lat' dir='ltr'><strong>professi,</strong></span> <span class='ocrx_word' id='word_1_193' title='bbox 729 3076 786 3124; x_wconf 90' lang='lat' dir='ltr'><strong>et</strong></span> <span class='ocrx_word' id='word_1_194' title='bbox 824 3069 1118 3124; x_wconf 90' lang='lat' dir='ltr'><strong>secundum</strong></span> <span class='ocrx_word' id='word_1_195' title='bbox 1145 3069 1399 3125; x_wconf 81' lang='lat' dir='ltr'><strong>Veritatis</strong></span> <span class='ocrx_word' id='word_1_196' title='bbox 1437 3070 1656 3134; x_wconf 88' lang='lat' dir='ltr'><strong>dictum,</strong></span> <span class='ocrx_word' id='word_1_197' title='bbox 1697 3071 1791 3124; x_wconf 83' lang='lat' dir='ltr'><strong>hu-</strong></span> 
     </span>
    </p>
   </div>
   <div class='ocr_carea' id='block_1_30' title="bbox 197 3158 1786 3232">
    <p class='ocr_par' dir='ltr' id='par_1_30' title="bbox 197 3158 1786 3232">
     <span class='ocr_line' id='line_1_30' title="bbox 197 3158 1786 3232; baseline 0.002 -19"><span class='ocrx_word' id='word_1_198' title='bbox 197 3158 294 3228; x_wconf 81' lang='lat' dir='ltr'><strong>jus</strong></span> <span class='ocrx_word' id='word_1_199' title='bbox 320 3160 547 3214; x_wconf 79' lang='lat' dir='ltr'><strong>extremi</strong></span> <span class='ocrx_word' id='word_1_200' title='bbox 571 3161 824 3231; x_wconf 85' lang='lat' dir='ltr'><strong>temporis</strong></span> <span class='ocrx_word' id='word_1_201' title='bbox 846 3161 1130 3232; x_wconf 85' lang='lat' dir='ltr'><strong>designans</strong></span> <span class='ocrx_word' id='word_1_202' title='bbox 1157 3172 1180 3201; x_wconf 80' lang='grc' dir='ltr'><strong>ο</strong></span> <span class='ocrx_word' id='word_1_203' title='bbox 1208 3162 1528 3232; x_wconf 90' lang='lat' dir='ltr'><strong>periculum,</strong></span> <span class='ocrx_word' id='word_1_204' title='bbox 1557 3162 1786 3218; x_wconf 89' lang='lat' dir='ltr'><strong>scanda-</strong></span> 
     </span>
    </p>
   </div>
   <div class='ocr_carea' id='block_1_31' title="bbox 205 3251 1210 3326">
    <p class='ocr_par' dir='ltr' id='par_1_31' title="bbox 205 3251 1210 3326">
     <span class='ocr_line' id='line_1_31' title="bbox 205 3251 1210 3326; baseline 0.002 -20"><span class='ocrx_word' id='word_1_205' title='bbox 205 3251 359 3307; x_wconf 87' lang='lat' dir='ltr'><strong>lizati</strong></span> <span class='ocrx_word' id='word_1_206' title='bbox 395 3253 601 3308; x_wconf 85' lang='lat' dir='ltr'><strong>electi?</strong></span> <span class='ocrx_word' id='word_1_207' title='bbox 645 3252 859 3326; x_wconf 78' lang='lat' dir='ltr'><strong>(Matth.</strong></span> <span class='ocrx_word' id='word_1_208' title='bbox 907 3269 1054 3321; x_wconf 77' lang='lat' dir='ltr'><strong>xxrv,</strong></span> <span class='ocrx_word' id='word_1_209' title='bbox 1095 3253 1210 3322; x_wconf 74' lang='grc'><strong>24.)</strong></span> 
     </span>
    </p>
   </div>
   <div class='ocr_carea' id='block_1_32' title="bbox 207 3344 1788 3417">
    <p class='ocr_par' dir='ltr' id='par_1_32' title="bbox 207 3344 1788 3417">
     <span class='ocr_line' id='line_1_32' title="bbox 207 3344 1788 3417; baseline 0.003 -18"><span class='ocrx_word' id='word_1_210' title='bbox 207 3344 578 3415; x_wconf 79' lang='lat' dir='ltr'><strong>speculatores</strong></span> <span class='ocrx_word' id='word_1_211' title='bbox 596 3347 772 3417; x_wconf 85' lang='lat' dir='ltr'><strong>gregis</strong></span> <span class='ocrx_word' id='word_1_212' title='bbox 803 3347 915 3412; x_wconf 91' lang='lat' dir='ltr'><strong>Dei,</strong></span> <span class='ocrx_word' id='word_1_213' title='bbox 943 3355 997 3402; x_wconf 88' lang='lat' dir='ltr'><strong>et</strong></span> <span class='ocrx_word' id='word_1_214' title='bbox 1024 3347 1193 3403; x_wconf 88' lang='lat' dir='ltr'><strong>sacris</strong></span> <span class='ocrx_word' id='word_1_215' title='bbox 1217 3348 1496 3404; x_wconf 90' lang='lat' dir='ltr'><strong>ordinibus</strong></span> <span class='ocrx_word' id='word_1_216' title='bbox 1521 3349 1788 3405; x_wconf 88' lang='lat' dir='ltr'><strong>decorati:</strong></span> 
     </span>
    </p>
   </div>
   <div class='ocr_carea' id='block_1_33' title="bbox 207 3436 1791 3509">
    <p class='ocr_par' dir='ltr' id='par_1_33' title="bbox 207 3436 1791 3509">
     <span class='ocr_line' id='line_1_33' title="bbox 207 3436 1791 3509; baseline 0.003 -16"><span class='ocrx_word' id='word_1_217' title='bbox 207 3437 311 3493; x_wconf 78' lang='lat' dir='ltr'><strong>sed</strong></span> <span class='ocrx_word' id='word_1_218' title='bbox 336 3436 705 3501; x_wconf 86' lang='lat' dir='ltr'><strong>scandalizati,</strong></span> <span class='ocrx_word' id='word_1_219' title='bbox 734 3437 859 3492; x_wconf 93' lang='lat' dir='ltr'><strong>dum</strong></span> <span class='ocrx_word' id='word_1_220' title='bbox 888 3439 1204 3505; x_wconf 85' lang='lat' dir='ltr'><strong>veritatem,</strong></span> <span class='ocrx_word' id='word_1_221' title='bbox 1241 3455 1363 3509; x_wconf 72' lang='lat' dir='ltr'><strong>qua:</strong></span> <span class='ocrx_word' id='word_1_222' title='bbox 1405 3439 1651 3496; x_wconf 85' lang='lat' dir='ltr'><strong>Christus</strong></span> <span class='ocrx_word' id='word_1_223' title='bbox 1687 3449 1791 3509; x_wconf 92' lang='lat' dir='ltr'><strong>est,</strong></span> 
     </span>
    </p>
   </div>
   <div class='ocr_carea' id='block_1_34' title="bbox 209 3528 1792 3599">
    <p class='ocr_par' dir='ltr' id='par_1_34' title="bbox 209 3528 1792 3599">
     <span class='ocr_line' id='line_1_34' title="bbox 209 3528 1792 3599; baseline 0.005 -18"><span class='ocrx_word' id='word_1_224' title='bbox 209 3528 470 3582; x_wconf 87' lang='lat' dir='ltr'><strong>timentes</strong></span> <span class='ocrx_word' id='word_1_225' title='bbox 494 3528 704 3599; x_wconf 80' lang='lat' dir='ltr'><strong>publice</strong></span> <span class='ocrx_word' id='word_1_226' title='bbox 729 3537 1058 3595; x_wconf 89' lang='lat' dir='ltr'><strong>contestare,</strong></span> <span class='ocrx_word' id='word_1_227' title='bbox 1087 3530 1281 3586; x_wconf 90' lang='lat' dir='ltr'><strong>falsum</strong></span> <span class='ocrx_word' id='word_1_228' title='bbox 1321 3533 1500 3587; x_wconf 83' lang='lat' dir='ltr'><strong>conati</strong></span> <span class='ocrx_word' id='word_1_229' title='bbox 1545 3543 1670 3588; x_wconf 90' lang='lat' dir='ltr'><strong>sunt</strong></span> <span class='ocrx_word' id='word_1_230' title='bbox 1701 3549 1792 3589; x_wconf 92' lang='lat' dir='ltr'><strong>ro-</strong></span> 
     </span>
    </p>
   </div>
   <div class='ocr_carea' id='block_1_35' title="bbox 207 3619 1798 3695">
    <p class='ocr_par' dir='ltr' id='par_1_35' title="bbox 207 3619 1798 3695">
     <span class='ocr_line' id='line_1_35' title="bbox 207 3619 1798 3695; baseline 0.003 -19"><span class='ocrx_word' id='word_1_231' title='bbox 207 3621 430 3676; x_wconf 86' lang='lat' dir='ltr'><strong>borare.</strong></span> <span class='ocrx_word' id='word_1_232' title='bbox 466 3619 661 3677; x_wconf 79' lang='lat' dir='ltr'><strong>Perdes</strong></span> <span class='ocrx_word' id='word_1_233' title='bbox 682 3637 793 3689; x_wconf 86' lang='lat' dir='ltr'><strong>eos,</strong></span> <span class='ocrx_word' id='word_1_234' title='bbox 809 3622 884 3678; x_wconf 88' lang='lat' dir='ltr'><strong>ait</strong></span> <span class='ocrx_word' id='word_1_235' title='bbox 908 3620 1206 3692; x_wconf 86' lang='lat' dir='ltr'><strong>Scriptura,</strong></span> <span class='ocrx_word' id='word_1_236' title='bbox 1231 3625 1320 3693; x_wconf 83' lang='lat' dir='ltr'><strong>qui</strong></span> <span class='ocrx_word' id='word_1_237' title='bbox 1348 3622 1634 3695; x_wconf 84' lang='lat' dir='ltr'><strong>loquuntur</strong></span> <span class='ocrx_word' id='word_1_238' title='bbox 1653 3641 1798 3680; x_wconf 88' lang='lat' dir='ltr'><strong>men-</strong></span> 
     </span>
    </p>
   </div>
   <div class='ocr_carea' id='block_1_36' title="bbox 211 3711 1798 3787">
    <p class='ocr_par' dir='ltr' id='par_1_36' title="bbox 211 3711 1798 3787">
     <span class='ocr_line' id='line_1_36' title="bbox 211 3711 1798 3787; baseline 0.003 -20"><span class='ocrx_word' id='word_1_239' title='bbox 211 3714 428 3767; x_wconf 84' lang='lat' dir='ltr'><strong>dacium</strong></span> <span class='ocrx_word' id='word_1_240' title='bbox 466 3711 724 3783; x_wconf 47' lang='lat' dir='ltr'><strong>(Psal.&#39;v,</strong></span> <span class='ocrx_word' id='word_1_241' title='bbox 767 3715 841 3786; x_wconf 92' lang='lat'><strong>7).</strong></span> <span class='ocrx_word' id='word_1_242' title='bbox 889 3715 958 3770; x_wconf 88' lang='lat' dir='ltr'><strong>Et</strong></span> <span class='ocrx_word' id='word_1_243' title='bbox 988 3731 1004 3770; x_wconf 84' lang='lat'><strong>:</strong></span> <span class='ocrx_word' id='word_1_244' title='bbox 1034 3713 1108 3770; x_wconf 88' lang='lat' dir='ltr'><strong>0s</strong></span> <span class='ocrx_word' id='word_1_245' title='bbox 1140 3714 1284 3787; x_wconf 78' lang='lat' dir='ltr'><strong>quod</strong></span> <span class='ocrx_word' id='word_1_246' title='bbox 1308 3717 1568 3770; x_wconf 13' lang='lat' dir='ltr'><strong>ementitur</strong></span> <span class='ocrx_word' id='word_1_247' title='bbox 1609 3716 1798 3772; x_wconf 83' lang='lat' dir='ltr'><strong>occidit</strong></span> 
     </span>
    </p>
   </div>
   <div class='ocr_carea' id='block_1_37' title="bbox 213 3805 1799 3882">
    <p class='ocr_par' dir='ltr' id='par_1_37' title="bbox 213 3805 1799 3882">
     <span class='ocr_line' id='line_1_37' title="bbox 213 3805 1799 3882; baseline 0.006 -24"><span class='ocrx_word' id='word_1_248' title='bbox 213 3806 446 3860; x_wconf 86' lang='lat' dir='ltr'><strong>animam</strong></span> <span class='ocrx_word' id='word_1_249' title='bbox 479 3805 626 3878; x_wconf 71' lang='grc' dir='ltr'><strong>(Βίῳ.</strong></span> <span class='ocrx_word' id='word_1_250' title='bbox 673 3825 714 3874; x_wconf 86' lang='grc' dir='ltr'><strong>ι,</strong></span> <span class='ocrx_word' id='word_1_251' title='bbox 760 3807 871 3880; x_wconf 80' lang='grc' dir='ltr'><strong>Η),</strong></span> <span class='ocrx_word' id='word_1_252' title='bbox 904 3809 1075 3864; x_wconf 91' lang='lat' dir='ltr'><strong>multo</strong></span> <span class='ocrx_word' id='word_1_253' title='bbox 1115 3810 1285 3880; x_wconf 89' lang='lat' dir='ltr'><strong>magis</strong></span> <span class='ocrx_word' id='word_1_254' title='bbox 1313 3811 1610 3881; x_wconf 90' lang='lat' dir='ltr'><strong>pr0priam,</strong></span> <span class='ocrx_word' id='word_1_255' title='bbox 1636 3826 1799 3882; x_wconf 88' lang='lat' dir='ltr'><strong>quam</strong></span> 
     </span>
    </p>
   </div>
   <div class='ocr_carea' id='block_1_38' title="bbox 212 3897 1799 3970">
    <p class='ocr_par' dir='ltr' id='par_1_38' title="bbox 212 3897 1799 3970">
     <span class='ocr_line' id='line_1_38' title="bbox 212 3897 1799 3970; baseline 0.004 -19"><span class='ocrx_word' id='word_1_256' title='bbox 212 3908 516 3953; x_wconf 80' lang='lat' dir='ltr'><strong>externam.</strong></span> <span class='ocrx_word' id='word_1_257' title='bbox 564 3897 700 3953; x_wconf 88' lang='lat' dir='ltr'><strong>Nam</strong></span> <span class='ocrx_word' id='word_1_258' title='bbox 750 3908 806 3954; x_wconf 93' lang='lat' dir='ltr'><strong>ut</strong></span> <span class='ocrx_word' id='word_1_259' title='bbox 852 3901 1054 3955; x_wconf 87' lang='lat' dir='ltr'><strong>veritas</strong></span> <span class='ocrx_word' id='word_1_260' title='bbox 1091 3900 1338 3956; x_wconf 89' lang='lat' dir='ltr'><strong>Christus</strong></span> <span class='ocrx_word' id='word_1_261' title='bbox 1384 3910 1468 3957; x_wconf 89' lang='lat' dir='ltr'><strong>est</strong></span> <span class='ocrx_word' id='word_1_262' title='bbox 1510 3902 1799 3970; x_wconf 91' lang='lat' dir='ltr'><strong>Dominus,</strong></span> 
     </span>
    </p>
   </div>
   <div class='ocr_carea' id='block_1_39' title="bbox 214 3988 1802 4063">
    <p class='ocr_par' dir='ltr' id='par_1_39' title="bbox 214 3988 1802 4063">
     <span class='ocr_line' id='line_1_39' title="bbox 214 3988 1802 4063; baseline 0.004 -20"><span class='ocrx_word' id='word_1_263' title='bbox 214 3989 290 4043; x_wconf 88' lang='lat' dir='ltr'><strong>ita</strong></span> <span class='ocrx_word' id='word_1_264' title='bbox 336 3988 676 4043; x_wconf 85' lang='lat' dir='ltr'><strong>mendacium</strong></span> <span class='ocrx_word' id='word_1_265' title='bbox 724 3990 1089 4046; x_wconf 90' lang='lat' dir='ltr'><strong>Antichristus</strong></span> <span class='ocrx_word' id='word_1_266' title='bbox 1134 3992 1400 4048; x_wconf 87' lang='lat' dir='ltr'><strong>diabolus.</strong></span> <span class='ocrx_word' id='word_1_267' title='bbox 1466 3991 1802 4063; x_wconf 83' lang='lat' dir='ltr'><strong>Respuentes</strong></span> 
     </span>
    </p>
   </div>
   <div class='ocr_carea' id='block_1_40' title="bbox 215 4079 1805 4153">
    <p class='ocr_par' dir='ltr' id='par_1_40' title="bbox 215 4079 1805 4153">
     <span class='ocr_line' id='line_1_40' title="bbox 215 4079 1805 4153; baseline 0.004 -21"><span class='ocrx_word' id='word_1_268' title='bbox 215 4093 454 4148; x_wconf 89' lang='lat' dir='ltr'><strong>quoque,</strong></span> <span class='ocrx_word' id='word_1_269' title='bbox 487 4088 544 4132; x_wconf 91' lang='lat' dir='ltr'><strong>ut</strong></span> <span class='ocrx_word' id='word_1_270' title='bbox 563 4081 640 4134; x_wconf 87' lang='lat' dir='ltr'><strong>ait</strong></span> <span class='ocrx_word' id='word_1_271' title='bbox 658 4080 946 4149; x_wconf 87' lang='lat' dir='ltr'><strong>Apostolus</strong></span> <span class='ocrx_word' id='word_1_272' title='bbox 970 4079 1141 4153; x_wconf 83' lang='lat' dir='ltr'><strong>(Rom.</strong></span> <span class='ocrx_word' id='word_1_273' title='bbox 1177 4098 1217 4149; x_wconf 83' lang='grc' dir='ltr'><strong>ι,</strong></span> <span class='ocrx_word' id='word_1_274' title='bbox 1237 4080 1354 4153; x_wconf 76' lang='grc'>25),</span> <span class='ocrx_word' id='word_1_275' title='bbox 1381 4083 1684 4148; x_wconf 84' lang='lat' dir='ltr'><strong>veritatem,</strong></span> <span class='ocrx_word' id='word_1_276' title='bbox 1718 4097 1805 4138; x_wconf 86' lang='lat' dir='ltr'><strong>re-</strong></span> 
     </span>
    </p>
   </div>
   <div class='ocr_carea' id='block_1_41' title="bbox 215 4171 1803 4244">
    <p class='ocr_par' dir='ltr' id='par_1_41' title="bbox 215 4171 1803 4244">
     <span class='ocr_line' id='line_1_41' title="bbox 215 4171 1803 4244; baseline 0.004 -18"><span class='ocrx_word' id='word_1_277' title='bbox 215 4171 422 4241; x_wconf 87' lang='lat' dir='ltr'><strong>cipient</strong></span> <span class='ocrx_word' id='word_1_278' title='bbox 438 4173 798 4237; x_wconf 90' lang='lat' dir='ltr'><strong>mendacium,</strong></span> <span class='ocrx_word' id='word_1_279' title='bbox 821 4173 924 4229; x_wconf 92' lang='lat' dir='ltr'><strong>hoc</strong></span> <span class='ocrx_word' id='word_1_280' title='bbox 937 4183 1040 4240; x_wconf 84' lang='lat' dir='ltr'><strong>est,</strong></span> <span class='ocrx_word' id='word_1_281' title='bbox 1057 4175 1230 4244; x_wconf 91' lang='lat' dir='ltr'><strong>ipsum</strong></span> <span class='ocrx_word' id='word_1_282' title='bbox 1262 4177 1472 4232; x_wconf 88' lang='lat' dir='ltr'><strong>hostem</strong></span> <span class='ocrx_word' id='word_1_283' title='bbox 1500 4184 1803 4232; x_wconf 79' lang='lat' dir='ltr'><strong>extremum</strong></span> 
     </span>
    </p>
   </div>
   <div class='ocr_carea' id='block_1_42' title="bbox 215 4261 1808 4338">
    <p class='ocr_par' dir='ltr' id='par_1_42' title="bbox 215 4261 1808 4338">
     <span class='ocr_line' id='line_1_42' title="bbox 215 4261 1808 4338; baseline 0.003 -22"><span class='ocrx_word' id='word_1_284' title='bbox 215 4262 406 4317; x_wconf 90' lang='lat' dir='ltr'><strong>ultimo</strong></span> <span class='ocrx_word' id='word_1_285' title='bbox 439 4261 644 4332; x_wconf 89' lang='lat' dir='ltr'><strong>judicio</strong></span> <span class='ocrx_word' id='word_1_286' title='bbox 689 4265 1142 4331; x_wconf 91' lang='lat' dir='ltr'><strong>condemnatum,</strong></span> <span class='ocrx_word' id='word_1_287' title='bbox 1182 4266 1377 4321; x_wconf 87' lang='lat' dir='ltr'><strong>diaboli</strong></span> <span class='ocrx_word' id='word_1_288' title='bbox 1419 4281 1704 4338; x_wconf 84' lang='lat' dir='ltr'><strong>organum,</strong></span> <span class='ocrx_word' id='word_1_289' title='bbox 1753 4273 1808 4322; x_wconf 91' lang='lat' dir='ltr'><strong>et</strong></span> 
     </span>
    </p>
   </div>
   <div class='ocr_carea' id='block_1_43' title="bbox 213 4355 1808 4430">
    <p class='ocr_par' dir='ltr' id='par_1_43' title="bbox 213 4355 1808 4430">
     <span class='ocr_line' id='line_1_43' title="bbox 213 4355 1808 4430; baseline 0.004 -20"><span class='ocrx_word' id='word_1_290' title='bbox 213 4356 458 4411; x_wconf 89' lang='lat' dir='ltr'><strong>omnium</strong></span> <span class='ocrx_word' id='word_1_291' title='bbox 484 4355 780 4412; x_wconf 88' lang='lat' dir='ltr'><strong>falsitatum</strong></span> <span class='ocrx_word' id='word_1_292' title='bbox 804 4358 1115 4428; x_wconf 89' lang='lat' dir='ltr'><strong>aptissimus</strong></span> <span class='ocrx_word' id='word_1_293' title='bbox 1145 4359 1330 4414; x_wconf 91' lang='lat' dir='ltr'><strong>titulus</strong></span> <span class='ocrx_word' id='word_1_294' title='bbox 1360 4359 1403 4413; x_wconf 68' lang='grc' dir='ltr'><strong>ί.</strong></span> <span class='ocrx_word' id='word_1_295' title='bbox 1447 4357 1589 4414; x_wconf 86' lang='lat' dir='ltr'><strong>Nihil</strong></span> <span class='ocrx_word' id='word_1_296' title='bbox 1611 4361 1808 4430; x_wconf 86' lang='lat' dir='ltr'><strong>quippe</strong></span> 
     </span>
    </p>
   </div>
   <div class='ocr_carea' id='block_1_44' title="bbox 215 4447 1807 4512">
    <p class='ocr_par' dir='ltr' id='par_1_44' title="bbox 215 4447 1807 4512">
     <span class='ocr_line' id='line_1_44' title="bbox 215 4447 1807 4512; baseline 0.004 -12"><span class='ocrx_word' id='word_1_297' title='bbox 215 4447 449 4512; x_wconf 82' lang='lat' dir='ltr'><strong>veritati,</strong></span> <span class='ocrx_word' id='word_1_298' title='bbox 481 4448 584 4502; x_wconf 89' lang='lat' dir='ltr'><strong>nisi</strong></span> <span class='ocrx_word' id='word_1_299' title='bbox 623 4448 829 4504; x_wconf 78' lang='lat' dir='ltr'><strong>falsitas</strong></span> <span class='ocrx_word' id='word_1_300' title='bbox 870 4451 1226 4505; x_wconf 90' lang='lat' dir='ltr'><strong>contravenit.</strong></span> <span class='ocrx_word' id='word_1_301' title='bbox 1277 4451 1345 4505; x_wconf 90' lang='lat' dir='ltr'><strong>Et</strong></span> <span class='ocrx_word' id='word_1_302' title='bbox 1395 4452 1540 4506; x_wconf 89' lang='lat' dir='ltr'><strong>ahud</strong></span> <span class='ocrx_word' id='word_1_303' title='bbox 1583 4453 1807 4507; x_wconf 76' lang='lat' dir='ltr'><strong>dubium</strong></span> 
     </span>
    </p>
   </div>
   <div class='ocr_carea' id='block_1_45' title="bbox 216 4539 1805 4616">
    <p class='ocr_par' dir='ltr' id='par_1_45' title="bbox 216 4539 1805 4616">
     <span class='ocr_line' id='line_1_45' title="bbox 216 4539 1805 4616; baseline 0.007 -24"><span class='ocrx_word' id='word_1_304' title='bbox 216 4539 359 4607; x_wconf 91' lang='lat' dir='ltr'><strong>quod</strong></span> <span class='ocrx_word' id='word_1_305' title='bbox 401 4540 494 4609; x_wconf 89' lang='lat' dir='ltr'><strong>qui</strong></span> <span class='ocrx_word' id='word_1_306' title='bbox 535 4541 874 4597; x_wconf 86' lang='lat' dir='ltr'><strong>mendacium</strong></span> <span class='ocrx_word' id='word_1_307' title='bbox 923 4544 1072 4610; x_wconf 88' lang='lat' dir='ltr'><strong>dicit,</strong></span> <span class='ocrx_word' id='word_1_308' title='bbox 1117 4560 1147 4598; x_wconf 91' lang='lat' dir='ltr'><strong>a</strong></span> <span class='ocrx_word' id='word_1_309' title='bbox 1187 4544 1298 4600; x_wconf 92' lang='lat' dir='ltr'><strong>Deo</strong></span> <span class='ocrx_word' id='word_1_310' title='bbox 1336 4546 1431 4616; x_wconf 88' lang='lat' dir='ltr'><strong>qui</strong></span> <span class='ocrx_word' id='word_1_311' title='bbox 1472 4547 1674 4602; x_wconf 82' lang='lat' dir='ltr'><strong>veritas</strong></span> <span class='ocrx_word' id='word_1_312' title='bbox 1700 4556 1805 4614; x_wconf 82' lang='lat' dir='ltr'><strong>est,</strong></span> 
     </span>
    </p>
   </div>
   <div class='ocr_carea' id='block_1_46' title="bbox 1388 443 2675 529">
    <p class='ocr_par' dir='ltr' id='par_1_46' title="bbox 1388 443 2675 529">
     <span class='ocr_line' id='line_1_46' title="bbox 1388 443 2675 529; baseline -0.025 -11"><span class='ocrx_word' id='word_1_313' title='bbox 1388 453 1756 518; x_wconf 83' lang='lat' dir='ltr'><strong>lNDlCULUS</strong></span> <span class='ocrx_word' id='word_1_314' title='bbox 1793 443 2213 508; x_wconf 78' lang='lat' dir='ltr'><strong>LUMINOSUS.</strong></span> <span class='ocrx_word' id='word_1_315' title='bbox 2673 527 2675 529; x_wconf 13' lang='grc' dir='ltr'><strong><em>ι</em></strong></span> 
     </span>
    </p>
   </div>
   <div class='ocr_carea' id='block_1_47' title="bbox 552 542 3432 648">
    <p class='ocr_par' dir='ltr' id='par_1_47' title="bbox 552 542 3432 648">
     <span class='ocr_line' id='line_1_47' title="bbox 552 542 3432 648; baseline -0.018 -1"><span class='ocrx_word' id='word_1_316' title='bbox 552 588 920 646; x_wconf 83' lang='lat' dir='ltr'><strong>sacerdotibus</strong></span> <span class='ocrx_word' id='word_1_317' title='bbox 972 589 1232 644; x_wconf 86' lang='lat' dir='ltr'><strong>manent,</strong></span> <span class='ocrx_word' id='word_1_318' title='bbox 1285 587 1340 634; x_wconf 91' lang='lat' dir='ltr'><strong>et</strong></span> <span class='ocrx_word' id='word_1_319' title='bbox 1379 572 1752 648; x_wconf 86' lang='lat' dir='ltr'><strong>persecutione</strong></span> <span class='ocrx_word' id='word_1_320' title='bbox 1780 559 2253 630; x_wconf 76' lang='lat' dir='ltr'><strong>Aobtendendum</strong></span> <span class='ocrx_word' id='word_1_321' title='bbox 2299 555 2474 648; x_wconf 36' lang='lat' dir='ltr'><strong>est-de</strong></span> <span class='ocrx_word' id='word_1_322' title='bbox 2521 553 2624 608; x_wconf 87' lang='lat' dir='ltr'><strong>illis</strong></span> <span class='ocrx_word' id='word_1_323' title='bbox 2648 565 2808 648; x_wconf 64' lang='lat' dir='ltr'><strong>_quos</strong></span> <span class='ocrx_word' id='word_1_324' title='bbox 2851 542 3432 648; x_wconf 30' lang='lat' dir='ltr'><strong>ecclesiastieeiinter-</strong></span> 
     </span>
    </p>
   </div>
   <div class='ocr_carea' id='block_1_48' title="bbox 3328 423 3450 484">
    <p class='ocr_par' dir='ltr' id='par_1_48' title="bbox 3328 423 3450 484">
     <span class='ocr_line' id='line_1_48' title="bbox 3328 423 3450 484; baseline 0 -39"><span class='ocrx_word' id='word_1_325' title='bbox 3328 423 3450 484; x_wconf 57' lang='lat' dir='ltr'><strong>5w</strong></span> 
     </span>
    </p>
   </div>
   <div class='ocr_carea' id='block_1_49' title="bbox 1863 631 3437 718">
    <p class='ocr_par' dir='ltr' id='par_1_49' title="bbox 1863 631 3437 718">
     <span class='ocr_line' id='line_1_49' title="bbox 1863 631 3437 718; baseline -0.016 -8"><span class='ocrx_word' id='word_1_326' title='bbox 1863 653 2120 715; x_wconf 82' lang='lat' dir='ltr'><strong>diximus,</strong></span> <span class='ocrx_word' id='word_1_327' title='bbox 2153 655 2208 702; x_wconf 91' lang='lat' dir='ltr'><strong>et</strong></span> <span class='ocrx_word' id='word_1_328' title='bbox 2232 662 2263 700; x_wconf 89' lang='lat' dir='ltr'><strong>a</strong></span> <span class='ocrx_word' id='word_1_329' title='bbox 2295 644 2489 716; x_wconf 88' lang='lat' dir='ltr'><strong>quibus</strong></span> <span class='ocrx_word' id='word_1_330' title='bbox 2518 659 2588 698; x_wconf 92' lang='lat' dir='ltr'><strong>ne</strong></span> <span class='ocrx_word' id='word_1_331' title='bbox 2617 639 2903 711; x_wconf 88' lang='lat' dir='ltr'><strong>aliquando</strong></span> <span class='ocrx_word' id='word_1_332' title='bbox 2939 636 3006 691; x_wconf 92' lang='lat' dir='ltr'><strong>ad</strong></span> <span class='ocrx_word' id='word_1_333' title='bbox 3043 631 3286 718; x_wconf 78' lang='lat' dir='ltr'><strong>martyrii</strong></span> <span class='ocrx_word' id='word_1_334' title='bbox 3315 645 3437 686; x_wconf 90' lang='lat' dir='ltr'><strong>sur-</strong></span> 
     </span>
    </p>
   </div>
   <div class='ocr_carea' id='block_1_50' title="bbox 1862 726 3437 816">
    <p class='ocr_par' dir='ltr' id='par_1_50' title="bbox 1862 726 3437 816">
     <span class='ocr_line' id='line_1_50' title="bbox 1862 726 3437 816; baseline -0.015 -17"><span class='ocrx_word' id='word_1_335' title='bbox 1862 750 2052 816; x_wconf 89' lang='lat' dir='ltr'><strong>gerent</strong></span> <span class='ocrx_word' id='word_1_336' title='bbox 2077 739 2310 810; x_wconf 85' lang='lat' dir='ltr'><strong>palmam</strong></span> <span class='ocrx_word' id='word_1_337' title='bbox 2333 736 2699 807; x_wconf 86' lang='lat' dir='ltr'><strong>juramentum</strong></span> <span class='ocrx_word' id='word_1_338' title='bbox 2729 727 3086 786; x_wconf 81' lang='lat' dir='ltr'><strong>extorsimus?</strong></span> <span class='ocrx_word' id='word_1_339' title='bbox 3123 726 3316 795; x_wconf 84' lang='lat' dir='ltr'><strong>quibus</strong></span> <span class='ocrx_word' id='word_1_340' title='bbox 3343 737 3437 778; x_wconf 87' lang='lat' dir='ltr'><strong>er-</strong></span> 
     </span>
    </p>
   </div>
   <div class='ocr_carea' id='block_1_51' title="bbox 1863 815 3442 900">
    <p class='ocr_par' dir='ltr' id='par_1_51' title="bbox 1863 815 3442 900">
     <span class='ocr_line' id='line_1_51' title="bbox 1863 815 3442 900; baseline -0.013 -12"><span class='ocrx_word' id='word_1_341' title='bbox 1863 815 2016 889; x_wconf 87' lang='lat' dir='ltr'><strong>rores</strong></span> <span class='ocrx_word' id='word_1_342' title='bbox 2045 827 2324 900; x_wconf 88' lang='lat' dir='ltr'><strong>gentilium</strong></span> <span class='ocrx_word' id='word_1_343' title='bbox 2347 823 2640 894; x_wconf 80' lang='lat' dir='ltr'><strong>infringere</strong></span> <span class='ocrx_word' id='word_1_344' title='bbox 2666 821 2935 876; x_wconf 90' lang='lat' dir='ltr'><strong>vetuimus</strong></span> <span class='ocrx_word' id='word_1_345' title='bbox 2955 858 2970 883; x_wconf 92' lang='lat'><strong>,</strong></span> <span class='ocrx_word' id='word_1_346' title='bbox 3002 825 3058 872; x_wconf 90' lang='lat' dir='ltr'><strong>et</strong></span> <span class='ocrx_word' id='word_1_347' title='bbox 3093 815 3442 871; x_wconf 88' lang='lat' dir='ltr'><strong>maledictum</strong></span> 
     </span>
    </p>
   </div>
   <div class='ocr_carea' id='block_1_52' title="bbox 1864 906 3446 985">
    <p class='ocr_par' dir='ltr' id='par_1_52' title="bbox 1864 906 3446 985">
     <span class='ocr_line' id='line_1_52' title="bbox 1864 906 3446 985; baseline -0.011 -7"><span class='ocrx_word' id='word_1_348' title='bbox 1864 937 1933 978; x_wconf 90' lang='lat' dir='ltr'><strong>ne</strong></span> <span class='ocrx_word' id='word_1_349' title='bbox 1973 916 2442 976; x_wconf 89' lang='lat' dir='ltr'><strong>maledictionibus</strong></span> <span class='ocrx_word' id='word_1_350' title='bbox 2483 915 2804 985; x_wconf 91' lang='lat' dir='ltr'><strong>impeterent</strong></span> <span class='ocrx_word' id='word_1_351' title='bbox 2847 906 3137 979; x_wconf 89' lang='lat' dir='ltr'><strong>Evangelio</strong></span> <span class='ocrx_word' id='word_1_352' title='bbox 3178 913 3235 962; x_wconf 90' lang='lat' dir='ltr'><strong>et</strong></span> <span class='ocrx_word' id='word_1_353' title='bbox 3279 919 3446 960; x_wconf 86' lang='lat' dir='ltr'><strong>cruce</strong></span> 
     </span>
    </p>
   </div>
   <div class='ocr_carea' id='block_1_53' title="bbox 1865 996 3447 1078">
    <p class='ocr_par' dir='ltr' id='par_1_53' title="bbox 1865 996 3447 1078">
     <span class='ocr_line' id='line_1_53' title="bbox 1865 996 3447 1078; baseline -0.012 -10"><span class='ocrx_word' id='word_1_354' title='bbox 1865 1013 2056 1068; x_wconf 90' lang='lat' dir='ltr'><strong>educta</strong></span> <span class='ocrx_word' id='word_1_355' title='bbox 2082 1011 2136 1065; x_wconf 92' lang='lat' dir='ltr'><strong>vi</strong></span> <span class='ocrx_word' id='word_1_356' title='bbox 2154 1008 2342 1078; x_wconf 88' lang='lat' dir='ltr'><strong>jurare</strong></span> <span class='ocrx_word' id='word_1_357' title='bbox 2367 1005 2684 1076; x_wconf 90' lang='lat' dir='ltr'><strong>improbiter</strong></span> <span class='ocrx_word' id='word_1_358' title='bbox 2710 1002 2957 1067; x_wconf 90' lang='lat' dir='ltr'><strong>fecimus,</strong></span> <span class='ocrx_word' id='word_1_359' title='bbox 2987 1000 3095 1054; x_wconf 91' lang='lat' dir='ltr'><strong>imo</strong></span> <span class='ocrx_word' id='word_1_360' title='bbox 3121 996 3359 1053; x_wconf 86' lang='lat' dir='ltr'><strong>feraliter</strong></span> <span class='ocrx_word' id='word_1_361' title='bbox 3389 1004 3447 1052; x_wconf 90' lang='lat' dir='ltr'><strong>et</strong></span> 
     </span>
    </p>
   </div>
   <div class='ocr_carea' id='block_1_54' title="bbox 1865 1086 3505 1167">
    <p class='ocr_par' dir='ltr' id='par_1_54' title="bbox 1865 1086 3505 1167">
     <span class='ocr_line' id='line_1_54' title="bbox 1865 1086 3505 1167; baseline -0.012 -9"><span class='ocrx_word' id='word_1_362' title='bbox 1865 1101 2103 1158; x_wconf 89' lang='lat' dir='ltr'><strong>belluino</strong></span> <span class='ocrx_word' id='word_1_363' title='bbox 2135 1106 2344 1155; x_wconf 88' lang='lat' dir='ltr'><strong>terrore</strong></span> <span class='ocrx_word' id='word_1_364' title='bbox 2370 1095 2663 1167; x_wconf 87' lang='lat' dir='ltr'><strong>coegimus,</strong></span> <span class='ocrx_word' id='word_1_365' title='bbox 2681 1093 2949 1149; x_wconf 90' lang='lat' dir='ltr'><strong>minantes</strong></span> <span class='ocrx_word' id='word_1_366' title='bbox 2972 1090 3209 1146; x_wconf 89' lang='lat' dir='ltr'><strong>inaudita</strong></span> <span class='ocrx_word' id='word_1_367' title='bbox 3239 1087 3442 1159; x_wconf 87' lang='lat' dir='ltr'><strong>suppli-</strong></span> <span class='ocrx_word' id='word_1_368' title='bbox 3503 1086 3505 1088; x_wconf 77' lang='grc'><em>’</em></span> 
     </span>
    </p>
   </div>
   <div class='ocr_carea' id='block_1_55' title="bbox 1869 1184 3490 1261">
    <p class='ocr_par' dir='ltr' id='par_1_55' title="bbox 1869 1184 3490 1261">
     <span class='ocr_line' id='line_1_55' title="bbox 1869 1184 3490 1261; baseline -0.014 -10"><span class='ocrx_word' id='word_1_369' title='bbox 1869 1196 1978 1261; x_wconf 89' lang='lat' dir='ltr'><strong>cia,</strong></span> <span class='ocrx_word' id='word_1_370' title='bbox 2003 1203 2060 1250; x_wconf 89' lang='lat' dir='ltr'><strong>et</strong></span> <span class='ocrx_word' id='word_1_371' title='bbox 2084 1200 2427 1250; x_wconf 89' lang='lat' dir='ltr'><strong>monstruosa</strong></span> <span class='ocrx_word' id='word_1_372' title='bbox 2447 1188 2823 1261; x_wconf 90' lang='lat' dir='ltr'><strong>promittentes</strong></span> <span class='ocrx_word' id='word_1_373' title='bbox 2849 1184 3246 1239; x_wconf 89' lang='lat' dir='ltr'><strong>truncationum</strong></span> <span class='ocrx_word' id='word_1_374' title='bbox 3275 1193 3447 1236; x_wconf 81' lang='lat' dir='ltr'><strong>mem-</strong></span> <span class='ocrx_word' id='word_1_375' title='bbox 3475 1213 3490 1228; x_wconf 91' lang='lat'><strong>.</strong></span> 
     </span>
    </p>
   </div>
   <div class='ocr_carea' id='block_1_56' title="bbox 1867 1269 3451 1344">
    <p class='ocr_par' dir='ltr' id='par_1_56' title="bbox 1867 1269 3451 1344">
     <span class='ocr_line' id='line_1_56' title="bbox 1867 1269 3451 1344; baseline -0.013 -1"><span class='ocrx_word' id='word_1_376' title='bbox 1867 1288 2090 1344; x_wconf 88' lang='lat' dir='ltr'><strong>brorum</strong></span> <span class='ocrx_word' id='word_1_377' title='bbox 2124 1285 2272 1340; x_wconf 87' lang='lat' dir='ltr'><strong>varia</strong></span> <span class='ocrx_word' id='word_1_378' title='bbox 2302 1291 2357 1339; x_wconf 90' lang='lat' dir='ltr'><strong>et</strong></span> <span class='ocrx_word' id='word_1_379' title='bbox 2388 1280 2659 1337; x_wconf 87' lang='lat' dir='ltr'><strong>horrenda</strong></span> <span class='ocrx_word' id='word_1_380' title='bbox 2688 1278 2857 1343; x_wconf 91' lang='lat' dir='ltr'><strong>dictu,</strong></span> <span class='ocrx_word' id='word_1_381' title='bbox 2890 1275 3162 1339; x_wconf 86' lang='lat' dir='ltr'><strong>audituve,</strong></span> <span class='ocrx_word' id='word_1_382' title='bbox 3206 1269 3451 1339; x_wconf 81' lang='lat' dir='ltr'><strong>flagella?</strong></span> 
     </span>
    </p>
   </div>
   <div class='ocr_carea' id='block_1_57' title="bbox 1870 1363 3448 1442">
    <p class='ocr_par' dir='ltr' id='par_1_57' title="bbox 1870 1363 3448 1442">
     <span class='ocr_line' id='line_1_57' title="bbox 1870 1363 3448 1442; baseline -0.012 -8"><span class='ocrx_word' id='word_1_383' title='bbox 1870 1379 1938 1434; x_wconf 89' lang='lat' dir='ltr'><strong>Et</strong></span> <span class='ocrx_word' id='word_1_384' title='bbox 1962 1393 2043 1433; x_wconf 84' lang='lat' dir='ltr'><strong>vae</strong></span> <span class='ocrx_word' id='word_1_385' title='bbox 2071 1377 2256 1433; x_wconf 88' lang='lat' dir='ltr'><strong>nobis!</strong></span> <span class='ocrx_word' id='word_1_386' title='bbox 2291 1382 2481 1432; x_wconf 90' lang='lat' dir='ltr'><strong>contra</strong></span> <span class='ocrx_word' id='word_1_387' title='bbox 2509 1370 2855 1442; x_wconf 88' lang='lat' dir='ltr'><strong>Evangelium</strong></span> <span class='ocrx_word' id='word_1_388' title='bbox 2887 1365 3180 1438; x_wconf 88' lang='lat' dir='ltr'><strong>Evangelio</strong></span> <span class='ocrx_word' id='word_1_389' title='bbox 3223 1363 3305 1418; x_wconf 90' lang='lat' dir='ltr'><strong>usi</strong></span> <span class='ocrx_word' id='word_1_390' title='bbox 3353 1377 3448 1416; x_wconf 90' lang='lat' dir='ltr'><strong>su-</strong></span> 
     </span>
    </p>
   </div>
   <div class='ocr_carea' id='block_1_58' title="bbox 1869 1452 3450 1539">
    <p class='ocr_par' dir='ltr' id='par_1_58' title="bbox 1869 1452 3450 1539">
     <span class='ocr_line' id='line_1_58' title="bbox 1869 1452 3450 1539; baseline -0.013 -15"><span class='ocrx_word' id='word_1_391' title='bbox 1869 1483 1993 1524; x_wconf 90' lang='lat' dir='ltr'><strong>mus</strong></span> <span class='ocrx_word' id='word_1_392' title='bbox 2019 1486 2032 1522; x_wconf 91' lang='lat'><strong>:</strong></span> <span class='ocrx_word' id='word_1_393' title='bbox 2065 1467 2310 1539; x_wconf 87' lang='lat' dir='ltr'><strong>quisquis</strong></span> <span class='ocrx_word' id='word_1_394' title='bbox 2339 1478 2573 1534; x_wconf 90' lang='lat' dir='ltr'><strong>namque</strong></span> <span class='ocrx_word' id='word_1_395' title='bbox 2600 1460 2921 1516; x_wconf 85' lang='lat' dir='ltr'><strong>maledicere</strong></span> <span class='ocrx_word' id='word_1_396' title='bbox 2947 1455 3219 1528; x_wconf 88' lang='lat' dir='ltr'><strong>prohibet,</strong></span> <span class='ocrx_word' id='word_1_397' title='bbox 3260 1452 3450 1522; x_wconf 89' lang='lat' dir='ltr'><strong>utique</strong></span> 
     </span>
    </p>
   </div>
   <div class='ocr_carea' id='block_1_59' title="bbox 1870 1545 3454 1630">
    <p class='ocr_par' dir='ltr' id='par_1_59' title="bbox 1870 1545 3454 1630">
     <span class='ocr_line' id='line_1_59' title="bbox 1870 1545 3454 1630; baseline -0.012 -13"><span class='ocrx_word' id='word_1_398' title='bbox 1870 1561 2189 1617; x_wconf 87' lang='lat' dir='ltr'><strong>benedicere</strong></span> <span class='ocrx_word' id='word_1_399' title='bbox 2213 1559 2384 1630; x_wconf 86' lang='lat' dir='ltr'><strong>jubet.</strong></span> <span class='ocrx_word' id='word_1_400' title='bbox 2414 1556 2709 1613; x_wconf 87' lang='lat' dir='ltr'><strong>Pensemus</strong></span> <span class='ocrx_word' id='word_1_401' title='bbox 2737 1555 2843 1608; x_wconf 88' lang='lat' dir='ltr'><strong>hoc</strong></span> <span class='ocrx_word' id='word_1_402' title='bbox 2871 1551 2925 1606; x_wconf 93' lang='lat' dir='ltr'><strong>in</strong></span> <span class='ocrx_word' id='word_1_403' title='bbox 2951 1550 3091 1615; x_wconf 90' lang='lat' dir='ltr'><strong>loco,</strong></span> <span class='ocrx_word' id='word_1_404' title='bbox 3119 1548 3164 1604; x_wconf 90' lang='lat' dir='ltr'><strong>si</strong></span> <span class='ocrx_word' id='word_1_405' title='bbox 3191 1545 3343 1602; x_wconf 86' lang='lat' dir='ltr'><strong>vobis</strong></span> <span class='ocrx_word' id='word_1_406' title='bbox 3367 1545 3454 1614; x_wconf 81' lang='lat' dir='ltr'><strong>ju-</strong></span> 
     </span>
    </p>
   </div>
   <div class='ocr_carea' id='block_1_60' title="bbox 1872 1634 3449 1713">
    <p class='ocr_par' dir='ltr' id='par_1_60' title="bbox 1872 1634 3449 1713">
     <span class='ocr_line' id='line_1_60' title="bbox 1872 1634 3449 1713; baseline -0.01 -10"><span class='ocrx_word' id='word_1_407' title='bbox 1872 1657 2016 1703; x_wconf 92' lang='lat' dir='ltr'><strong>stum</strong></span> <span class='ocrx_word' id='word_1_408' title='bbox 2041 1649 2279 1712; x_wconf 90' lang='lat' dir='ltr'><strong>videtur,</strong></span> <span class='ocrx_word' id='word_1_409' title='bbox 2309 1655 2525 1701; x_wconf 91' lang='lat' dir='ltr'><strong>nostras</strong></span> <span class='ocrx_word' id='word_1_410' title='bbox 2553 1644 2608 1698; x_wconf 91' lang='lat' dir='ltr'><strong>in</strong></span> <span class='ocrx_word' id='word_1_411' title='bbox 2634 1641 2850 1713; x_wconf 89' lang='lat' dir='ltr'><strong>publico</strong></span> <span class='ocrx_word' id='word_1_412' title='bbox 2878 1640 3195 1703; x_wconf 88' lang='lat' dir='ltr'><strong>mendaces;</strong></span> <span class='ocrx_word' id='word_1_413' title='bbox 3235 1645 3290 1690; x_wconf 91' lang='lat' dir='ltr'><strong>et</strong></span> <span class='ocrx_word' id='word_1_414' title='bbox 3326 1634 3449 1690; x_wconf 49' lang='lat' dir='ltr'><strong>illo.</strong></span> 
     </span>
    </p>
   </div>
   <div class='ocr_carea' id='block_1_61' title="bbox 1874 1725 3455 1809">
    <p class='ocr_par' dir='ltr' id='par_1_61' title="bbox 1874 1725 3455 1809">
     <span class='ocr_line' id='line_1_61' title="bbox 1874 1725 3455 1809; baseline -0.008 -16"><span class='ocrx_word' id='word_1_415' title='bbox 1874 1755 1993 1794; x_wconf 92' lang='lat' dir='ltr'><strong>rum</strong></span> <span class='ocrx_word' id='word_1_416' title='bbox 2022 1738 2388 1809; x_wconf 85' lang='lat' dir='ltr'><strong>professiones</strong></span> <span class='ocrx_word' id='word_1_417' title='bbox 2412 1749 2652 1792; x_wconf 88' lang='lat' dir='ltr'><strong>veraces.</strong></span> <span class='ocrx_word' id='word_1_418' title='bbox 2694 1733 2773 1788; x_wconf 92' lang='lat' dir='ltr'><strong>llli</strong></span> <span class='ocrx_word' id='word_1_419' title='bbox 2811 1732 3062 1786; x_wconf 83' lang='lat' dir='ltr'><strong>dixerunt</strong></span> <span class='ocrx_word' id='word_1_420' title='bbox 3098 1727 3241 1799; x_wconf 88' lang='lat' dir='ltr'><strong>quod</strong></span> <span class='ocrx_word' id='word_1_421' title='bbox 3276 1725 3455 1782; x_wconf 90' lang='lat' dir='ltr'><strong>omnis</strong></span> 
     </span>
    </p>
   </div>
   <div class='ocr_carea' id='block_1_62' title="bbox 1872 1817 3452 1900">
    <p class='ocr_par' dir='ltr' id='par_1_62' title="bbox 1872 1817 3452 1900">
     <span class='ocr_line' id='line_1_62' title="bbox 1872 1817 3452 1900; baseline -0.01 -14"><span class='ocrx_word' id='word_1_422' title='bbox 1872 1830 2115 1886; x_wconf 89' lang='lat' dir='ltr'><strong>Ecclesia</strong></span> <span class='ocrx_word' id='word_1_423' title='bbox 2140 1829 2398 1900; x_wconf 64' lang='lat' dir='ltr'><strong>praedicat</strong></span> <span class='ocrx_word' id='word_1_424' title='bbox 2427 1846 2440 1882; x_wconf 91' lang='lat'><strong>:</strong></span> <span class='ocrx_word' id='word_1_425' title='bbox 2472 1843 2574 1883; x_wconf 92' lang='lat' dir='ltr'><strong>nos</strong></span> <span class='ocrx_word' id='word_1_426' title='bbox 2603 1826 2837 1882; x_wconf 81' lang='lat' dir='ltr'><strong>diximus</strong></span> <span class='ocrx_word' id='word_1_427' title='bbox 2871 1824 3014 1895; x_wconf 88' lang='lat' dir='ltr'><strong>quod</strong></span> <span class='ocrx_word' id='word_1_428' title='bbox 3053 1829 3248 1878; x_wconf 88' lang='lat' dir='ltr'><strong>cuncta</strong></span> <span class='ocrx_word' id='word_1_429' title='bbox 3292 1817 3452 1873; x_wconf 88' lang='lat' dir='ltr'><strong>Chri-</strong></span> 
     </span>
    </p>
   </div>
   <div class='ocr_carea' id='block_1_63' title="bbox 1804 1911 3458 1992">
    <p class='ocr_par' dir='ltr' id='par_1_63' title="bbox 1804 1911 3458 1992">
     <span class='ocr_line' id='line_1_63' title="bbox 1804 1911 3458 1992; baseline -0.011 -10"><span class='ocrx_word' id='word_1_430' title='bbox 1804 1927 1853 1988; x_wconf 89' lang='lat' dir='ltr'><strong>B</strong></span> <span class='ocrx_word' id='word_1_431' title='bbox 1879 1925 2129 1981; x_wconf 87' lang='lat' dir='ltr'><strong>stianitas</strong></span> <span class='ocrx_word' id='word_1_432' title='bbox 2167 1921 2412 1978; x_wconf 84' lang='lat' dir='ltr'><strong>infamat.</strong></span> <span class='ocrx_word' id='word_1_433' title='bbox 2465 1921 2546 1976; x_wconf 91' lang='lat' dir='ltr'><strong>llli</strong></span> <span class='ocrx_word' id='word_1_434' title='bbox 2589 1917 3110 1992; x_wconf 88' lang='lat' dir='ltr'><strong>pseudoprophetam</strong></span> <span class='ocrx_word' id='word_1_435' title='bbox 3157 1911 3458 1968; x_wconf 74' lang='lat' dir='ltr'><strong>maledixc-</strong></span> 
     </span>
    </p>
   </div>
   <div class='ocr_carea' id='block_1_64' title="bbox 1879 2004 3459 2072">
    <p class='ocr_par' dir='ltr' id='par_1_64' title="bbox 1879 2004 3459 2072">
     <span class='ocr_line' id='line_1_64' title="bbox 1879 2004 3459 2072; baseline -0.009 -3"><span class='ocrx_word' id='word_1_436' title='bbox 1879 2025 2048 2070; x_wconf 89' lang='lat' dir='ltr'><strong>runt:</strong></span> <span class='ocrx_word' id='word_1_437' title='bbox 2081 2029 2180 2069; x_wconf 92' lang='lat' dir='ltr'><strong>nos</strong></span> <span class='ocrx_word' id='word_1_438' title='bbox 2208 2012 2442 2069; x_wconf 91' lang='lat' dir='ltr'><strong>cultores</strong></span> <span class='ocrx_word' id='word_1_439' title='bbox 2463 2011 2488 2051; x_wconf 75' lang='grc' dir='ltr'>ιι</span> <span class='ocrx_word' id='word_1_440' title='bbox 2523 2009 2724 2066; x_wconf 87' lang='lat' dir='ltr'><strong>Christi</strong></span> <span class='ocrx_word' id='word_1_441' title='bbox 2761 2007 3114 2063; x_wconf 83' lang='lat' dir='ltr'><strong>detraximus.</strong></span> <span class='ocrx_word' id='word_1_442' title='bbox 3152 2004 3231 2058; x_wconf 86' lang='lat' dir='ltr'><strong>illi</strong></span> <span class='ocrx_word' id='word_1_443' title='bbox 3272 2015 3459 2072; x_wconf 86' lang='lat' dir='ltr'><strong>perse-</strong></span> 
     </span>
    </p>
   </div>
   <div class='ocr_carea' id='block_1_65' title="bbox 1880 2093 3463 2172">
    <p class='ocr_par' dir='ltr' id='par_1_65' title="bbox 1880 2093 3463 2172">
     <span class='ocr_line' id='line_1_65' title="bbox 1880 2093 3463 2172; baseline -0.01 -10"><span class='ocrx_word' id='word_1_444' title='bbox 1880 2115 2097 2162; x_wconf 90' lang='lat' dir='ltr'><strong>cutores</strong></span> <span class='ocrx_word' id='word_1_445' title='bbox 2121 2105 2493 2169; x_wconf 88' lang='lat' dir='ltr'><strong>ethnicorum;</strong></span> <span class='ocrx_word' id='word_1_446' title='bbox 2542 2116 2643 2158; x_wconf 90' lang='lat' dir='ltr'><strong>nos</strong></span> <span class='ocrx_word' id='word_1_447' title='bbox 2693 2107 3073 2172; x_wconf 88' lang='lat' dir='ltr'><strong>persecutores</strong></span> <span class='ocrx_word' id='word_1_448' title='bbox 3111 2093 3463 2152; x_wconf 88' lang='lat' dir='ltr'><strong>Christicola-</strong></span> 
     </span>
    </p>
   </div>
   <div class='ocr_carea' id='block_1_66' title="bbox 1880 2189 3464 2254">
    <p class='ocr_par' dir='ltr' id='par_1_66' title="bbox 1880 2189 3464 2254">
     <span class='ocr_line' id='line_1_66' title="bbox 1880 2189 3464 2254; baseline -0.008 -2"><span class='ocrx_word' id='word_1_449' title='bbox 1880 2202 2019 2252; x_wconf 84' lang='lat' dir='ltr'><strong>rum.</strong></span> <span class='ocrx_word' id='word_1_450' title='bbox 2071 2197 2151 2252; x_wconf 90' lang='lat' dir='ltr'><strong>llli</strong></span> <span class='ocrx_word' id='word_1_451' title='bbox 2197 2196 2430 2252; x_wconf 89' lang='lat' dir='ltr'><strong>audaces</strong></span> <span class='ocrx_word' id='word_1_452' title='bbox 2476 2203 2532 2251; x_wconf 89' lang='lat' dir='ltr'><strong>et</strong></span> <span class='ocrx_word' id='word_1_453' title='bbox 2576 2192 2747 2249; x_wconf 89' lang='lat' dir='ltr'><strong>erecti</strong></span> <span class='ocrx_word' id='word_1_454' title='bbox 2789 2199 2979 2248; x_wconf 90' lang='lat' dir='ltr'><strong>contra</strong></span> <span class='ocrx_word' id='word_1_455' title='bbox 3025 2189 3320 2254; x_wconf 88' lang='lat' dir='ltr'><strong>diabolum,</strong></span> <span class='ocrx_word' id='word_1_456' title='bbox 3362 2200 3464 2241; x_wconf 91' lang='lat' dir='ltr'><strong>nos</strong></span> 
     </span>
    </p>
   </div>
   <div class='ocr_carea' id='block_1_67' title="bbox 1881 2283 3461 2359">
    <p class='ocr_par' dir='ltr' id='par_1_67' title="bbox 1881 2283 3461 2359">
     <span class='ocr_line' id='line_1_67' title="bbox 1881 2283 3461 2359; baseline -0.009 -15"><span class='ocrx_word' id='word_1_457' title='bbox 1881 2288 2102 2359; x_wconf 88' lang='lat' dir='ltr'><strong>superbi</strong></span> <span class='ocrx_word' id='word_1_458' title='bbox 2136 2298 2326 2344; x_wconf 88' lang='lat' dir='ltr'><strong>contra</strong></span> <span class='ocrx_word' id='word_1_459' title='bbox 2361 2287 2667 2342; x_wconf 91' lang='lat' dir='ltr'><strong>Dominum.</strong></span> <span class='ocrx_word' id='word_1_460' title='bbox 2708 2283 2785 2340; x_wconf 87' lang='lat' dir='ltr'><strong>llli</strong></span> <span class='ocrx_word' id='word_1_461' title='bbox 2820 2290 3010 2339; x_wconf 89' lang='lat' dir='ltr'><strong>contra</strong></span> <span class='ocrx_word' id='word_1_462' title='bbox 3048 2295 3234 2352; x_wconf 81' lang='lat' dir='ltr'><strong>regem</strong></span> <span class='ocrx_word' id='word_1_463' title='bbox 3269 2292 3461 2348; x_wconf 85' lang='lat' dir='ltr'><strong>super-</strong></span> 
     </span>
    </p>
   </div>
   <div class='ocr_carea' id='block_1_68' title="bbox 1882 2368 3468 2444">
    <p class='ocr_par' dir='ltr' id='par_1_68' title="bbox 1882 2368 3468 2444">
     <span class='ocr_line' id='line_1_68' title="bbox 1882 2368 3468 2444; baseline -0.009 -8"><span class='ocrx_word' id='word_1_464' title='bbox 1882 2382 2099 2437; x_wconf 91' lang='lat' dir='ltr'><strong>bierunt</strong></span> <span class='ocrx_word' id='word_1_465' title='bbox 2140 2388 2413 2436; x_wconf 89' lang='lat' dir='ltr'><strong>terrenum</strong></span> <span class='ocrx_word' id='word_1_466' title='bbox 2449 2394 2463 2431; x_wconf 90' lang='lat'><strong>:</strong></span> <span class='ocrx_word' id='word_1_467' title='bbox 2503 2392 2602 2433; x_wconf 89' lang='lat' dir='ltr'><strong>nos</strong></span> <span class='ocrx_word' id='word_1_468' title='bbox 2647 2384 2837 2432; x_wconf 87' lang='lat' dir='ltr'><strong>contra</strong></span> <span class='ocrx_word' id='word_1_469' title='bbox 2877 2387 3062 2444; x_wconf 89' lang='lat' dir='ltr'><strong>regem</strong></span> <span class='ocrx_word' id='word_1_470' title='bbox 3105 2368 3468 2426; x_wconf 87' lang='lat' dir='ltr'><strong>immortalem</strong></span> 
     </span>
    </p>
   </div>
   <div class='ocr_carea' id='block_1_69' title="bbox 1883 2464 3464 2539">
    <p class='ocr_par' dir='ltr' id='par_1_69' title="bbox 1883 2464 3464 2539">
     <span class='ocr_line' id='line_1_69' title="bbox 1883 2464 3464 2539; baseline -0.008 -14"><span class='ocrx_word' id='word_1_471' title='bbox 1883 2480 2165 2525; x_wconf 71' lang='lat' dir='ltr'><strong>aeternum.</strong></span> <span class='ocrx_word' id='word_1_472' title='bbox 2208 2468 2286 2523; x_wconf 92' lang='lat' dir='ltr'><strong>llli</strong></span> <span class='ocrx_word' id='word_1_473' title='bbox 2323 2483 2444 2539; x_wconf 62' lang='lat' dir='ltr'><strong>quae</strong></span> <span class='ocrx_word' id='word_1_474' title='bbox 2483 2467 2646 2524; x_wconf 91' lang='lat' dir='ltr'><strong>corde</strong></span> <span class='ocrx_word' id='word_1_475' title='bbox 2686 2464 3018 2530; x_wconf 88' lang='lat' dir='ltr'><strong>retinebant,</strong></span> <span class='ocrx_word' id='word_1_476' title='bbox 3055 2477 3150 2518; x_wconf 92' lang='lat' dir='ltr'><strong>ore</strong></span> <span class='ocrx_word' id='word_1_477' title='bbox 3179 2468 3305 2516; x_wconf 90' lang='lat' dir='ltr'><strong>sunt</strong></span> <span class='ocrx_word' id='word_1_478' title='bbox 3332 2474 3464 2530; x_wconf 90' lang='lat' dir='ltr'><strong>pro-</strong></span> 
     </span>
    </p>
   </div>
   <div class='ocr_carea' id='block_1_70' title="bbox 1884 2553 3467 2628">
    <p class='ocr_par' dir='ltr' id='par_1_70' title="bbox 1884 2553 3467 2628">
     <span class='ocr_line' id='line_1_70' title="bbox 1884 2553 3467 2628; baseline -0.007 -10"><span class='ocrx_word' id='word_1_479' title='bbox 1884 2563 2012 2619; x_wconf 87' lang='lat' dir='ltr'><strong>fessi</strong></span> <span class='ocrx_word' id='word_1_480' title='bbox 2042 2578 2058 2617; x_wconf 90' lang='lat'><strong>:</strong></span> <span class='ocrx_word' id='word_1_481' title='bbox 2089 2578 2190 2618; x_wconf 91' lang='lat' dir='ltr'><strong>nos</strong></span> <span class='ocrx_word' id='word_1_482' title='bbox 2215 2561 2363 2617; x_wconf 85' lang='lat' dir='ltr'><strong>aliud</strong></span> <span class='ocrx_word' id='word_1_483' title='bbox 2389 2561 2572 2626; x_wconf 90' lang='lat' dir='ltr'><strong>corde,</strong></span> <span class='ocrx_word' id='word_1_484' title='bbox 2614 2558 2761 2614; x_wconf 90' lang='lat' dir='ltr'><strong>aliud</strong></span> <span class='ocrx_word' id='word_1_485' title='bbox 2798 2573 2892 2614; x_wconf 90' lang='lat' dir='ltr'><strong>ore</strong></span> <span class='ocrx_word' id='word_1_486' title='bbox 2921 2555 3170 2628; x_wconf 88' lang='lat' dir='ltr'><strong>professi.</strong></span> <span class='ocrx_word' id='word_1_487' title='bbox 3215 2553 3294 2608; x_wconf 92' lang='lat' dir='ltr'><strong>llli</strong></span> <span class='ocrx_word' id='word_1_488' title='bbox 3337 2568 3467 2608; x_wconf 92' lang='lat' dir='ltr'><strong>con-</strong></span> 
     </span>
    </p>
   </div>
   <div class='ocr_carea' id='block_1_71' title="bbox 1884 2642 3466 2718">
    <p class='ocr_par' dir='ltr' id='par_1_71' title="bbox 1884 2642 3466 2718">
     <span class='ocr_line' id='line_1_71' title="bbox 1884 2642 3466 2718; baseline -0.007 -12"><span class='ocrx_word' id='word_1_489' title='bbox 1884 2651 2121 2708; x_wconf 89' lang='lat' dir='ltr'><strong>fessores</strong></span> <span class='ocrx_word' id='word_1_490' title='bbox 2148 2661 2203 2706; x_wconf 90' lang='lat' dir='ltr'><strong>et</strong></span> <span class='ocrx_word' id='word_1_491' title='bbox 2233 2659 2417 2718; x_wconf 90' lang='lat' dir='ltr'><strong>testes,</strong></span> <span class='ocrx_word' id='word_1_492' title='bbox 2461 2659 2522 2705; x_wconf 93' lang='lat' dir='ltr'><strong>ut</strong></span> <span class='ocrx_word' id='word_1_493' title='bbox 2555 2649 2689 2715; x_wconf 84' lang='lat' dir='ltr'><strong>dixi,</strong></span> <span class='ocrx_word' id='word_1_494' title='bbox 2729 2662 2991 2704; x_wconf 87' lang='lat' dir='ltr'><strong>veraces:</strong></span> <span class='ocrx_word' id='word_1_495' title='bbox 3025 2661 3144 2709; x_wconf 88' lang='lat' dir='ltr'><strong>nos,</strong></span> <span class='ocrx_word' id='word_1_496' title='bbox 3175 2659 3257 2699; x_wconf 71' lang='lat' dir='ltr'><strong>va:</strong></span> <span class='ocrx_word' id='word_1_497' title='bbox 3291 2642 3466 2698; x_wconf 86' lang='lat' dir='ltr'><strong>mihi!</strong></span> 
     </span>
    </p>
   </div>
   <div class='ocr_carea' id='block_1_72' title="bbox 1888 2731 3472 2805">
    <p class='ocr_par' dir='ltr' id='par_1_72' title="bbox 1888 2731 3472 2805">
     <span class='ocr_line' id='line_1_72' title="bbox 1888 2731 3472 2805; baseline -0.007 -8"><span class='ocrx_word' id='word_1_498' title='bbox 1888 2742 2145 2797; x_wconf 85' lang='lat' dir='ltr'><strong>ﬁnctores</strong></span> <span class='ocrx_word' id='word_1_499' title='bbox 2182 2741 2425 2797; x_wconf 89' lang='lat' dir='ltr'><strong>fallaces.</strong></span> <span class='ocrx_word' id='word_1_500' title='bbox 2469 2738 2789 2794; x_wconf 88' lang='lat' dir='ltr'><strong>Carnalibus</strong></span> <span class='ocrx_word' id='word_1_501' title='bbox 2825 2752 2956 2794; x_wconf 90' lang='lat' dir='ltr'><strong>vero</strong></span> <span class='ocrx_word' id='word_1_502' title='bbox 2989 2744 3045 2792; x_wconf 93' lang='lat' dir='ltr'><strong>et</strong></span> <span class='ocrx_word' id='word_1_503' title='bbox 3077 2735 3254 2790; x_wconf 87' lang='lat' dir='ltr'><strong>minus</strong></span> <span class='ocrx_word' id='word_1_504' title='bbox 3281 2731 3472 2805; x_wconf 90' lang='lat' dir='ltr'><strong>peritis</strong></span> 
     </span>
    </p>
   </div>
   <div class='ocr_carea' id='block_1_73' title="bbox 1889 2823 3472 2900">
    <p class='ocr_par' dir='ltr' id='par_1_73' title="bbox 1889 2823 3472 2900">
     <span class='ocr_line' id='line_1_73' title="bbox 1889 2823 3472 2900; baseline -0.008 -13"><span class='ocrx_word' id='word_1_505' title='bbox 1889 2831 2202 2887; x_wconf 86' lang='lat' dir='ltr'><strong>scandalum</strong></span> <span class='ocrx_word' id='word_1_506' title='bbox 2232 2831 2382 2886; x_wconf 89' lang='lat' dir='ltr'><strong>nasci</strong></span> <span class='ocrx_word' id='word_1_507' title='bbox 2413 2838 2655 2900; x_wconf 90' lang='lat' dir='ltr'><strong>tempore</strong></span> <span class='ocrx_word' id='word_1_508' title='bbox 2682 2828 2952 2900; x_wconf 88' lang='lat' dir='ltr'><strong>martyrii,</strong></span> <span class='ocrx_word' id='word_1_509' title='bbox 2984 2828 3178 2882; x_wconf 90' lang='lat' dir='ltr'><strong>beatus</strong></span> <span class='ocrx_word' id='word_1_510' title='bbox 3207 2832 3262 2880; x_wconf 91' lang='lat' dir='ltr'><strong>et</strong></span> <span class='ocrx_word' id='word_1_511' title='bbox 3290 2823 3472 2877; x_wconf 91' lang='lat' dir='ltr'><strong>lumen</strong></span> 
     </span>
    </p>
   </div>
   <div class='ocr_carea' id='block_1_74' title="bbox 1890 2909 3476 2978">
    <p class='ocr_par' dir='ltr' id='par_1_74' title="bbox 1890 2909 3476 2978">
     <span class='ocr_line' id='line_1_74' title="bbox 1890 2909 3476 2978; baseline -0.007 -3"><span class='ocrx_word' id='word_1_512' title='bbox 1890 2930 2076 2976; x_wconf 90' lang='lat' dir='ltr'><strong>noster</strong></span> <span class='ocrx_word' id='word_1_513' title='bbox 2100 2921 2337 2978; x_wconf 85' lang='lat' dir='ltr'><strong>Isidorus</strong></span> <span class='ocrx_word' id='word_1_514' title='bbox 2364 2920 2418 2974; x_wconf 92' lang='lat' dir='ltr'><strong>in</strong></span> <span class='ocrx_word' id='word_1_515' title='bbox 2445 2934 2629 2974; x_wconf 85' lang='lat' dir='ltr'><strong>rerum</strong></span> <span class='ocrx_word' id='word_1_516' title='bbox 2664 2927 2872 2973; x_wconf 68' lang='lat' dir='ltr'><strong>natura:</strong></span> <span class='ocrx_word' id='word_1_517' title='bbox 2913 2917 3052 2972; x_wconf 90' lang='lat' dir='ltr'><strong>libro</strong></span> <span class='ocrx_word' id='word_1_518' title='bbox 3091 2913 3325 2970; x_wconf 90' lang='lat' dir='ltr'><strong>evidenti</strong></span> <span class='ocrx_word' id='word_1_519' title='bbox 3364 2909 3476 2966; x_wconf 85' lang='lat' dir='ltr'><strong>elo-</strong></span> 
     </span>
    </p>
   </div>
   <div class='ocr_carea' id='block_1_75' title="bbox 1893 3001 3471 3085">
    <p class='ocr_par' dir='ltr' id='par_1_75' title="bbox 1893 3001 3471 3085">
     <span class='ocr_line' id='line_1_75' title="bbox 1893 3001 3471 3085; baseline -0.011 -15"><span class='ocrx_word' id='word_1_520' title='bbox 1893 3014 2021 3085; x_wconf 86' lang='lat' dir='ltr'><strong>quio</strong></span> <span class='ocrx_word' id='word_1_521' title='bbox 2043 3022 2098 3069; x_wconf 93' lang='lat' dir='ltr'><strong>et</strong></span> <span class='ocrx_word' id='word_1_522' title='bbox 2121 3021 2245 3084; x_wconf 90' lang='lat' dir='ltr'><strong>apta</strong></span> <span class='ocrx_word' id='word_1_523' title='bbox 2268 3012 2439 3084; x_wconf 84' lang='lat' dir='ltr'><strong>ﬁgura</strong></span> <span class='ocrx_word' id='word_1_524' title='bbox 2467 3009 2646 3066; x_wconf 75' lang='lat' dir='ltr'><strong>Stellae</strong></span> <span class='ocrx_word' id='word_1_525' title='bbox 2669 3008 2948 3081; x_wconf 87' lang='lat' dir='ltr'><strong>cujusdam</strong></span> <span class='ocrx_word' id='word_1_526' title='bbox 2975 3005 3213 3061; x_wconf 86' lang='lat' dir='ltr'><strong>Horione</strong></span> <span class='ocrx_word' id='word_1_527' title='bbox 3237 3001 3471 3058; x_wconf 90' lang='lat' dir='ltr'><strong>nuntiat.</strong></span> 
     </span>
    </p>
   </div>
   <div class='ocr_carea' id='block_1_76' title="bbox 1896 3101 3472 3174">
    <p class='ocr_par' dir='ltr' id='par_1_76' title="bbox 1896 3101 3472 3174">
     <span class='ocr_line' id='line_1_76' title="bbox 1896 3101 3472 3174; baseline -0.01 -13"><span class='ocrx_word' id='word_1_528' title='bbox 1896 3104 2163 3162; x_wconf 86' lang='lat' dir='ltr'><strong>lloriones</strong></span> <span class='ocrx_word' id='word_1_529' title='bbox 2189 3113 2369 3160; x_wconf 90' lang='lat' dir='ltr'><strong>autem</strong></span> <span class='ocrx_word' id='word_1_530' title='bbox 2390 3145 2406 3169; x_wconf 96' lang='lat'><strong>,</strong></span> <span class='ocrx_word' id='word_1_531' title='bbox 2437 3105 2643 3174; x_wconf 89' lang='lat' dir='ltr'><strong>inquit,</strong></span> <span class='ocrx_word' id='word_1_532' title='bbox 2674 3101 2982 3173; x_wconf 82' lang='lat' dir='ltr'><strong>significant</strong></span> <span class='ocrx_word' id='word_1_533' title='bbox 3011 3105 3310 3168; x_wconf 87' lang='lat' dir='ltr'><strong>martyres,</strong></span> <span class='ocrx_word' id='word_1_534' title='bbox 3345 3107 3472 3148; x_wconf 88' lang='lat' dir='ltr'><strong>nam</strong></span> 
     </span>
    </p>
   </div>
   <div class='ocr_carea' id='block_1_77' title="bbox 1896 3185 3477 3261">
    <p class='ocr_par' dir='ltr' id='par_1_77' title="bbox 1896 3185 3477 3261">
     <span class='ocr_line' id='line_1_77' title="bbox 1896 3185 3477 3261; baseline -0.008 -8"><span class='ocrx_word' id='word_1_535' title='bbox 1896 3197 2037 3253; x_wconf 85' lang='lat' dir='ltr'><strong>sicut</strong></span> <span class='ocrx_word' id='word_1_536' title='bbox 2066 3197 2185 3252; x_wconf 79' lang='lat' dir='ltr'><strong>istae</strong></span> <span class='ocrx_word' id='word_1_537' title='bbox 2213 3202 2511 3250; x_wconf 89' lang='lat' dir='ltr'><strong>nascuntur</strong></span> <span class='ocrx_word' id='word_1_538' title='bbox 2535 3194 2589 3248; x_wconf 92' lang='lat' dir='ltr'><strong>in</strong></span> <span class='ocrx_word' id='word_1_539' title='bbox 2619 3192 2758 3248; x_wconf 67' lang='lat' dir='ltr'><strong>coelo</strong></span> <span class='ocrx_word' id='word_1_540' title='bbox 2785 3201 3026 3261; x_wconf 89' lang='lat' dir='ltr'><strong>tempore</strong></span> <span class='ocrx_word' id='word_1_541' title='bbox 3055 3187 3250 3244; x_wconf 89' lang='lat' dir='ltr'><strong>hiemis</strong></span> <span class='ocrx_word' id='word_1_542' title='bbox 3268 3227 3282 3252; x_wconf 91' lang='lat'><strong>,</strong></span> <span class='ocrx_word' id='word_1_543' title='bbox 3315 3185 3390 3240; x_wconf 91' lang='lat' dir='ltr'><strong>ita</strong></span> <span class='ocrx_word' id='word_1_544' title='bbox 3418 3185 3477 3241; x_wconf 90' lang='lat' dir='ltr'><strong>in</strong></span> 
     </span>
    </p>
   </div>
   <div class='ocr_carea' id='block_1_78' title="bbox 1267 3255 3476 3357">
    <p class='ocr_par' dir='ltr' id='par_1_78' title="bbox 1267 3255 3476 3357">
     <span class='ocr_line' id='line_1_78' title="bbox 1267 3255 3476 3357; baseline -0.009 -8"><span class='ocrx_word' id='word_1_545' title='bbox 1267 3255 1438 3357; x_wconf 40' lang='lat' dir='ltr'><strong>Fami“</strong></span> <span class='ocrx_word' id='word_1_546' title='bbox 1481 3256 1626 3357; x_wconf 37' lang='lat' dir='ltr'><strong>enim</strong></span> <span class='ocrx_word' id='word_1_547' title='bbox 1665 3255 1793 3357; x_wconf 43' lang='lat' dir='ltr'><strong>quia</strong></span> <span class='ocrx_word' id='word_1_548' title='bbox 1820 3279 1867 3342; x_wconf 88' lang='lat' dir='ltr'><strong>C</strong></span> <span class='ocrx_word' id='word_1_549' title='bbox 1896 3287 2142 3344; x_wconf 88' lang='lat' dir='ltr'><strong>Ecclesia</strong></span> <span class='ocrx_word' id='word_1_550' title='bbox 2169 3294 2439 3357; x_wconf 86' lang='lat' dir='ltr'><strong>martyres</strong></span> <span class='ocrx_word' id='word_1_551' title='bbox 2465 3284 2764 3356; x_wconf 88' lang='lat' dir='ltr'><strong>procedunt</strong></span> <span class='ocrx_word' id='word_1_552' title='bbox 2790 3255 3030 3352; x_wconf 75' lang='lat' dir='ltr'><strong>tempore</strong></span> <span class='ocrx_word' id='word_1_553' title='bbox 3064 3275 3476 3350; x_wconf 88' lang='lat' dir='ltr'><strong>persecutionis.</strong></span> 
     </span>
    </p>
   </div>
   <div class='ocr_carea' id='block_1_79' title="bbox 1897 3374 3478 3438">
    <p class='ocr_par' dir='ltr' id='par_1_79' title="bbox 1897 3374 3478 3438">
     <span class='ocr_line' id='line_1_79' title="bbox 1897 3374 3478 3438; baseline -0.009 0"><span class='ocrx_word' id='word_1_554' title='bbox 1897 3381 2321 3438; x_wconf 91' lang='lat' dir='ltr'><strong>Procedentibus</strong></span> <span class='ocrx_word' id='word_1_555' title='bbox 2361 3379 2690 3435; x_wconf 87' lang='lat' dir='ltr'><strong>Horionibus</strong></span> <span class='ocrx_word' id='word_1_556' title='bbox 2720 3391 2872 3432; x_wconf 88' lang='lat' dir='ltr'><strong>mare</strong></span> <span class='ocrx_word' id='word_1_557' title='bbox 2903 3374 3173 3438; x_wconf 90' lang='lat' dir='ltr'><strong>turbatur,</strong></span> <span class='ocrx_word' id='word_1_558' title='bbox 3212 3378 3267 3426; x_wconf 88' lang='lat' dir='ltr'><strong>et</strong></span> <span class='ocrx_word' id='word_1_559' title='bbox 3291 3378 3478 3426; x_wconf 87' lang='lat' dir='ltr'><strong>terra:</strong></span> 
     </span>
    </p>
   </div>
   <div class='ocr_carea' id='block_1_80' title="bbox 1897 3462 3482 3542">
    <p class='ocr_par' dir='ltr' id='par_1_80' title="bbox 1897 3462 3482 3542">
     <span class='ocr_line' id='line_1_80' title="bbox 1897 3462 3482 3542; baseline -0.008 -13"><span class='ocrx_word' id='word_1_560' title='bbox 1897 3473 2104 3529; x_wconf 88' lang='lat' dir='ltr'><strong>obortis</strong></span> <span class='ocrx_word' id='word_1_561' title='bbox 2123 3486 2254 3528; x_wconf 88' lang='lat' dir='ltr'><strong>vero</strong></span> <span class='ocrx_word' id='word_1_562' title='bbox 2272 3469 2604 3542; x_wconf 88' lang='lat' dir='ltr'><strong>martyribus</strong></span> <span class='ocrx_word' id='word_1_563' title='bbox 2625 3478 2964 3527; x_wconf 79' lang='lat' dir='ltr'><strong>terrenarum</strong></span> <span class='ocrx_word' id='word_1_564' title='bbox 2984 3474 3040 3522; x_wconf 91' lang='lat' dir='ltr'><strong>et</strong></span> <span class='ocrx_word' id='word_1_565' title='bbox 3058 3462 3296 3520; x_wconf 79' lang='lat' dir='ltr'><strong>ﬁdelium</strong></span> <span class='ocrx_word' id='word_1_566' title='bbox 3316 3462 3482 3518; x_wconf 88' lang='lat' dir='ltr'><strong>corda</strong></span> 
     </span>
    </p>
   </div>
   <div class='ocr_carea' id='block_1_81' title="bbox 1899 3561 2532 3634">
    <p class='ocr_par' dir='ltr' id='par_1_81' title="bbox 1899 3561 2532 3634">
     <span class='ocr_line' id='line_1_81' title="bbox 1899 3561 2532 3634; baseline -0.009 -12"><span class='ocrx_word' id='word_1_567' title='bbox 1899 3573 2220 3634; x_wconf 83' lang='lat' dir='ltr'><strong>tempestate</strong></span> <span class='ocrx_word' id='word_1_568' title='bbox 2237 3561 2532 3631; x_wconf 87' lang='lat' dir='ltr'><strong>jactantur.</strong></span> 
     </span>
    </p>
   </div>
   <div class='ocr_carea' id='block_1_82' title="bbox 1973 3648 3486 3723">
    <p class='ocr_par' dir='ltr' id='par_1_82' title="bbox 1973 3648 3486 3723">
     <span class='ocr_line' id='line_1_82' title="bbox 1973 3648 3486 3723; baseline -0.003 -13"><span class='ocrx_word' id='word_1_569' title='bbox 1973 3655 2062 3710; x_wconf 85' lang='grc'><strong>16.</strong></span> <span class='ocrx_word' id='word_1_570' title='bbox 2108 3653 2215 3710; x_wconf 90' lang='lat' dir='ltr'><strong>Sed</strong></span> <span class='ocrx_word' id='word_1_571' title='bbox 2253 3653 2483 3710; x_wconf 88' lang='lat' dir='ltr'><strong>forsitan</strong></span> <span class='ocrx_word' id='word_1_572' title='bbox 2529 3652 2726 3723; x_wconf 91' lang='lat' dir='ltr'><strong>aliquis</strong></span> <span class='ocrx_word' id='word_1_573' title='bbox 2763 3649 3164 3706; x_wconf 88' lang='lat' dir='ltr'><strong>simulationem</strong></span> <span class='ocrx_word' id='word_1_574' title='bbox 3203 3648 3262 3704; x_wconf 88' lang='lat' dir='ltr'><strong>in</strong></span> <span class='ocrx_word' id='word_1_575' title='bbox 3303 3648 3486 3705; x_wconf 88' lang='lat' dir='ltr'><strong>causis</strong></span> 
     </span>
    </p>
   </div>
   <div class='ocr_carea' id='block_1_83' title="bbox 1903 3744 3488 3820">
    <p class='ocr_par' dir='ltr' id='par_1_83' title="bbox 1903 3744 3488 3820">
     <span class='ocr_line' id='line_1_83' title="bbox 1903 3744 3488 3820; baseline -0.005 -14"><span class='ocrx_word' id='word_1_576' title='bbox 1903 3749 2101 3806; x_wconf 87' lang='lat' dir='ltr'><strong>talibus</strong></span> <span class='ocrx_word' id='word_1_577' title='bbox 2125 3749 2464 3820; x_wconf 88' lang='lat' dir='ltr'><strong>dispensator</strong></span> <span class='ocrx_word' id='word_1_578' title='bbox 2490 3748 2561 3804; x_wconf 93' lang='lat' dir='ltr'><strong>ile</strong></span> <span class='ocrx_word' id='word_1_579' title='bbox 2589 3749 2606 3786; x_wconf 74' lang='grc' dir='ltr'>ί</span> <span class='ocrx_word' id='word_1_580' title='bbox 2646 3745 2844 3801; x_wconf 88' lang='lat' dir='ltr'><strong>asserit</strong></span> <span class='ocrx_word' id='word_1_581' title='bbox 2872 3745 3111 3816; x_wconf 85' lang='lat' dir='ltr'><strong>dignam,</strong></span> <span class='ocrx_word' id='word_1_582' title='bbox 3138 3753 3193 3800; x_wconf 91' lang='lat' dir='ltr'><strong>et</strong></span> <span class='ocrx_word' id='word_1_583' title='bbox 3217 3744 3488 3815; x_wconf 83' lang='lat' dir='ltr'><strong>apostolo-</strong></span> 
     </span>
    </p>
   </div>
   <div class='ocr_carea' id='block_1_84' title="bbox 1903 3830 3487 3906">
    <p class='ocr_par' dir='ltr' id='par_1_84' title="bbox 1903 3830 3487 3906">
     <span class='ocr_line' id='line_1_84' title="bbox 1903 3830 3487 3906; baseline -0.006 -11"><span class='ocrx_word' id='word_1_584' title='bbox 1903 3855 2024 3895; x_wconf 89' lang='lat' dir='ltr'><strong>rum</strong></span> <span class='ocrx_word' id='word_1_585' title='bbox 2051 3839 2377 3893; x_wconf 87' lang='lat' dir='ltr'><strong>auctoritate</strong></span> <span class='ocrx_word' id='word_1_586' title='bbox 2405 3837 2492 3892; x_wconf 92' lang='lat' dir='ltr'><strong>vel</strong></span> <span class='ocrx_word' id='word_1_587' title='bbox 2530 3837 2661 3906; x_wconf 87' lang='lat' dir='ltr'><strong>legis</strong></span> <span class='ocrx_word' id='word_1_588' title='bbox 2699 3837 2840 3890; x_wconf 89' lang='lat' dir='ltr'><strong>hanc</strong></span> <span class='ocrx_word' id='word_1_589' title='bbox 2871 3834 3062 3890; x_wconf 77' lang='lat' dir='ltr'><strong>frivole</strong></span> <span class='ocrx_word' id='word_1_590' title='bbox 3090 3833 3320 3890; x_wconf 88' lang='lat' dir='ltr'><strong>intendit</strong></span> <span class='ocrx_word' id='word_1_591' title='bbox 3345 3830 3487 3888; x_wconf 68' lang='lat' dir='ltr'><strong>affir-</strong></span> 
     </span>
    </p>
   </div>
   <div class='ocr_carea' id='block_1_85' title="bbox 1905 3925 3488 3996">
    <p class='ocr_par' dir='ltr' id='par_1_85' title="bbox 1905 3925 3488 3996">
     <span class='ocr_line' id='line_1_85' title="bbox 1905 3925 3488 3996; baseline -0.002 -13"><span class='ocrx_word' id='word_1_592' title='bbox 1905 3944 2074 3985; x_wconf 85' lang='lat' dir='ltr'><strong>mare.</strong></span> <span class='ocrx_word' id='word_1_593' title='bbox 2112 3928 2442 3982; x_wconf 85' lang='lat' dir='ltr'><strong>Percurrant</strong></span> <span class='ocrx_word' id='word_1_594' title='bbox 2481 3927 2721 3983; x_wconf 87' lang='lat' dir='ltr'><strong>breviter</strong></span> <span class='ocrx_word' id='word_1_595' title='bbox 2755 3927 2900 3996; x_wconf 91' lang='lat' dir='ltr'><strong>ipsas</strong></span> <span class='ocrx_word' id='word_1_596' title='bbox 2942 3925 3365 3995; x_wconf 88' lang='lat' dir='ltr'><strong>dispensatorias</strong></span> <span class='ocrx_word' id='word_1_597' title='bbox 3401 3940 3488 3980; x_wconf 89' lang='lat' dir='ltr'><strong>ra-</strong></span> 
     </span>
    </p>
   </div>
   <div class='ocr_carea' id='block_1_86' title="bbox 1907 4019 3490 4091">
    <p class='ocr_par' dir='ltr' id='par_1_86' title="bbox 1907 4019 3490 4091">
     <span class='ocr_line' id='line_1_86' title="bbox 1907 4019 3490 4091; baseline -0.001 -16"><span class='ocrx_word' id='word_1_598' title='bbox 1907 4022 2082 4076; x_wconf 76' lang='lat' dir='ltr'><strong>tiones</strong></span> <span class='ocrx_word' id='word_1_599' title='bbox 2100 4061 2116 4086; x_wconf 96' lang='lat'><strong>,</strong></span> <span class='ocrx_word' id='word_1_600' title='bbox 2153 4027 2208 4075; x_wconf 90' lang='lat' dir='ltr'><strong>et</strong></span> <span class='ocrx_word' id='word_1_601' title='bbox 2235 4027 2423 4090; x_wconf 92' lang='lat' dir='ltr'><strong>aperte</strong></span> <span class='ocrx_word' id='word_1_602' title='bbox 2451 4019 2728 4074; x_wconf 84' lang='lat' dir='ltr'><strong>invenient</strong></span> <span class='ocrx_word' id='word_1_603' title='bbox 2757 4019 2962 4091; x_wconf 90' lang='lat' dir='ltr'><strong>nullum</strong></span> <span class='ocrx_word' id='word_1_604' title='bbox 2993 4019 3048 4074; x_wconf 91' lang='lat' dir='ltr'><strong>in</strong></span> <span class='ocrx_word' id='word_1_605' title='bbox 3075 4019 3253 4074; x_wconf 87' lang='lat' dir='ltr'><strong>causis</strong></span> <span class='ocrx_word' id='word_1_606' title='bbox 3281 4019 3490 4091; x_wconf 88' lang='lat' dir='ltr'><strong>princi-</strong></span> 
     </span>
    </p>
   </div>
   <div class='ocr_carea' id='block_1_87' title="bbox 1906 4107 3492 4182">
    <p class='ocr_par' dir='ltr' id='par_1_87' title="bbox 1906 4107 3492 4182">
     <span class='ocr_line' id='line_1_87' title="bbox 1906 4107 3492 4182; baseline -0.001 -16"><span class='ocrx_word' id='word_1_607' title='bbox 1906 4111 2119 4182; x_wconf 91' lang='lat' dir='ltr'><strong>palibus</strong></span> <span class='ocrx_word' id='word_1_608' title='bbox 2170 4110 2467 4166; x_wconf 86' lang='lat' dir='ltr'><strong>olliciosum</strong></span> <span class='ocrx_word' id='word_1_609' title='bbox 2527 4111 2870 4166; x_wconf 89' lang='lat' dir='ltr'><strong>mendacium</strong></span> <span class='ocrx_word' id='word_1_610' title='bbox 2925 4109 3319 4180; x_wconf 90' lang='lat' dir='ltr'><strong>frequentasse.</strong></span> <span class='ocrx_word' id='word_1_611' title='bbox 3380 4107 3492 4165; x_wconf 88' lang='lat' dir='ltr'><strong>Nec</strong></span> 
     </span>
    </p>
   </div>
   <div class='ocr_carea' id='block_1_88' title="bbox 1907 4201 3492 4274">
    <p class='ocr_par' dir='ltr' id='par_1_88' title="bbox 1907 4201 3492 4274">
     <span class='ocr_line' id='line_1_88' title="bbox 1907 4201 3492 4274; baseline -0.003 -15"><span class='ocrx_word' id='word_1_612' title='bbox 1907 4205 2049 4260; x_wconf 85' lang='lat' dir='ltr'><strong>hanc</strong></span> <span class='ocrx_word' id='word_1_613' title='bbox 2075 4219 2200 4260; x_wconf 94' lang='lat' dir='ltr'><strong>usos</strong></span> <span class='ocrx_word' id='word_1_614' title='bbox 2229 4202 2396 4260; x_wconf 90' lang='lat' dir='ltr'><strong>fuisse</strong></span> <span class='ocrx_word' id='word_1_615' title='bbox 2421 4203 2476 4258; x_wconf 93' lang='lat' dir='ltr'><strong>in</strong></span> <span class='ocrx_word' id='word_1_616' title='bbox 2505 4203 2803 4274; x_wconf 92' lang='lat' dir='ltr'><strong>periculum</strong></span> <span class='ocrx_word' id='word_1_617' title='bbox 2830 4203 3046 4269; x_wconf 69' lang='lat' dir='ltr'><strong>animae,</strong></span> <span class='ocrx_word' id='word_1_618' title='bbox 3085 4203 3181 4259; x_wconf 91' lang='lat' dir='ltr'><strong>sed</strong></span> <span class='ocrx_word' id='word_1_619' title='bbox 3223 4202 3311 4258; x_wconf 90' lang='lat' dir='ltr'><strong>ubi</strong></span> <span class='ocrx_word' id='word_1_620' title='bbox 3351 4201 3492 4258; x_wconf 83' lang='lat' dir='ltr'><strong>mul-</strong></span> 
     </span>
    </p>
   </div>
   <div class='ocr_carea' id='block_1_89' title="bbox 1912 4292 3492 4365">
    <p class='ocr_par' dir='ltr' id='par_1_89' title="bbox 1912 4292 3492 4365">
     <span class='ocr_line' id='line_1_89' title="bbox 1912 4292 3492 4365; baseline -0.002 -15"><span class='ocrx_word' id='word_1_621' title='bbox 1912 4305 2089 4350; x_wconf 89' lang='lat' dir='ltr'><strong>torum</strong></span> <span class='ocrx_word' id='word_1_622' title='bbox 2117 4296 2380 4361; x_wconf 89' lang='lat' dir='ltr'><strong>salutem,</strong></span> <span class='ocrx_word' id='word_1_623' title='bbox 2424 4309 2689 4365; x_wconf 89' lang='lat' dir='ltr'><strong>suumque</strong></span> <span class='ocrx_word' id='word_1_624' title='bbox 2716 4294 2771 4349; x_wconf 88' lang='lat' dir='ltr'><strong>in</strong></span> <span class='ocrx_word' id='word_1_625' title='bbox 2800 4293 3040 4349; x_wconf 86' lang='lat' dir='ltr'><strong>futurum</strong></span> <span class='ocrx_word' id='word_1_626' title='bbox 3069 4292 3369 4364; x_wconf 87' lang='lat' dir='ltr'><strong>principale</strong></span> <span class='ocrx_word' id='word_1_627' title='bbox 3395 4308 3492 4347; x_wconf 83' lang='lat' dir='ltr'><strong>no-</strong></span> 
     </span>
    </p>
   </div>
   <div class='ocr_carea' id='block_1_90' title="bbox 1909 4386 3491 4458">
    <p class='ocr_par' dir='ltr' id='par_1_90' title="bbox 1909 4386 3491 4458">
     <span class='ocr_line' id='line_1_90' title="bbox 1909 4386 3491 4458; baseline 0.002 -18"><span class='ocrx_word' id='word_1_628' title='bbox 1909 4396 2100 4442; x_wconf 89' lang='lat' dir='ltr'><strong>verant</strong></span> <span class='ocrx_word' id='word_1_629' title='bbox 2123 4388 2444 4458; x_wconf 85' lang='lat' dir='ltr'><strong>dispositum</strong></span> <span class='ocrx_word' id='word_1_630' title='bbox 2467 4387 2825 4443; x_wconf 87' lang='lat' dir='ltr'><strong>saluberrime</strong></span> <span class='ocrx_word' id='word_1_631' title='bbox 2848 4387 3143 4458; x_wconf 89' lang='lat' dir='ltr'><strong>parturire.</strong></span> <span class='ocrx_word' id='word_1_632' title='bbox 3167 4386 3321 4454; x_wconf 85' lang='lat' dir='ltr'><strong>Quod</strong></span> <span class='ocrx_word' id='word_1_633' title='bbox 3345 4387 3491 4458; x_wconf 88' lang='lat' dir='ltr'><strong>regis</strong></span> 
     </span>
    </p>
   </div>
   <div class='ocr_carea' id='block_1_91' title="bbox 1909 4477 3491 4549">
    <p class='ocr_par' dir='ltr' id='par_1_91' title="bbox 1909 4477 3491 4549">
     <span class='ocr_line' id='line_1_91' title="bbox 1909 4477 3491 4549; baseline -0.001 -17"><span class='ocrx_word' id='word_1_634' title='bbox 1909 4477 2112 4534; x_wconf 85' lang='lat' dir='ltr'><strong>lsraeli</strong></span> <span class='ocrx_word' id='word_1_635' title='bbox 2153 4479 2425 4534; x_wconf 89' lang='lat' dir='ltr'><strong>simulatio</strong></span> <span class='ocrx_word' id='word_1_636' title='bbox 2465 4480 2762 4534; x_wconf 87' lang='lat' dir='ltr'><strong>facietenus</strong></span> <span class='ocrx_word' id='word_1_637' title='bbox 2790 4478 3053 4548; x_wconf 90' lang='lat' dir='ltr'><strong>proferet,</strong></span> <span class='ocrx_word' id='word_1_638' title='bbox 3080 4478 3173 4549; x_wconf 90' lang='lat' dir='ltr'><strong>qui</strong></span> <span class='ocrx_word' id='word_1_639' title='bbox 3204 4493 3263 4534; x_wconf 91' lang='lat' dir='ltr'><strong>se</strong></span> <span class='ocrx_word' id='word_1_640' title='bbox 3290 4477 3491 4533; x_wconf 85' lang='lat' dir='ltr'><strong>idolum</strong></span> 
     </span>
    </p>
   </div>
   <div class='ocr_carea' id='block_1_92' title="bbox 1910 4569 3494 4642">
    <p class='ocr_par' dir='ltr' id='par_1_92' title="bbox 1910 4569 3494 4642">
     <span class='ocr_line' id='line_1_92' title="bbox 1910 4569 3494 4642; baseline 0 -19"><span class='ocrx_word' id='word_1_641' title='bbox 1910 4569 2048 4626; x_wconf 85' lang='lat' dir='ltr'><strong>velle</strong></span> <span class='ocrx_word' id='word_1_642' title='bbox 2074 4570 2254 4626; x_wconf 91' lang='lat' dir='ltr'><strong>colere</strong></span> <span class='ocrx_word' id='word_1_643' title='bbox 2283 4569 2558 4642; x_wconf 89' lang='lat' dir='ltr'><strong>professus</strong></span> <span class='ocrx_word' id='word_1_644' title='bbox 2591 4581 2692 4637; x_wconf 90' lang='lat' dir='ltr'><strong>est,</strong></span> <span class='ocrx_word' id='word_1_645' title='bbox 2737 4571 2859 4626; x_wconf 91' lang='lat' dir='ltr'><strong>ideo</strong></span> <span class='ocrx_word' id='word_1_646' title='bbox 2897 4578 2957 4625; x_wconf 94' lang='lat' dir='ltr'><strong>ut</strong></span> <span class='ocrx_word' id='word_1_647' title='bbox 2994 4571 3335 4626; x_wconf 90' lang='lat' dir='ltr'><strong>sacerdotum</strong></span> <span class='ocrx_word' id='word_1_648' title='bbox 3373 4571 3494 4624; x_wconf 82' lang='lat' dir='ltr'><strong>lati-</strong></span> 
     </span>
    </p>
   </div>
   <div class='ocr_carea' id='block_1_93' title="bbox 215 4631 3492 4737">
    <p class='ocr_par' dir='ltr' id='par_1_93' title="bbox 215 4631 3492 4737">
     <span class='ocr_line' id='line_1_93' title="bbox 215 4631 3492 4737; baseline -0.001 -12"><span class='ocrx_word' id='word_1_649' title='bbox 215 4643 340 4737; x_wconf 41' lang='grc' dir='ltr'><strong>Ψοδ</strong></span> <span class='ocrx_word' id='word_1_650' title='bbox 651 4632 719 4688; x_wconf 53' lang='lat' dir='ltr'><strong>Et</strong></span> <span class='ocrx_word' id='word_1_651' title='bbox 751 4649 856 4734; x_wconf 48' lang='lat' dir='ltr'><strong>P0&quot;</strong></span> <span class='ocrx_word' id='word_1_652' title='bbox 897 4634 1071 4736; x_wconf 54' lang='lat' dir='ltr'><strong>50mm,</strong></span> <span class='ocrx_word' id='word_1_653' title='bbox 1115 4637 1456 4737; x_wconf 40' lang='lat' dir='ltr'><strong>mendae“?</strong></span> <span class='ocrx_word' id='word_1_654' title='bbox 1499 4638 1574 4737; x_wconf 66' lang='lat' dir='ltr'><strong>i&quot;_</strong></span> <span class='ocrx_word' id='word_1_655' title='bbox 1599 4639 1808 4737; x_wconf 66' lang='lat' dir='ltr'><strong>leVi_b“s</strong></span> <span class='ocrx_word' id='word_1_656' title='bbox 1831 4645 1887 4708; x_wconf 83' lang='grc' dir='ltr'><strong>Ῑ)</strong></span> <span class='ocrx_word' id='word_1_657' title='bbox 1913 4665 2036 4721; x_wconf 91' lang='lat' dir='ltr'><strong>bula</strong></span> <span class='ocrx_word' id='word_1_658' title='bbox 2062 4681 2161 4736; x_wconf 89' lang='lat' dir='ltr'><strong>per</strong></span> <span class='ocrx_word' id='word_1_659' title='bbox 2186 4631 2397 4721; x_wconf 80' lang='lat' dir='ltr'><strong>diversa</strong></span> <span class='ocrx_word' id='word_1_660' title='bbox 2423 4676 2680 4737; x_wconf 86' lang='lat' dir='ltr'><strong>vagantes</strong></span> <span class='ocrx_word' id='word_1_661' title='bbox 2705 4666 2850 4721; x_wconf 88' lang='lat' dir='ltr'><strong>facili</strong></span> <span class='ocrx_word' id='word_1_662' title='bbox 2878 4676 3075 4722; x_wconf 89' lang='lat' dir='ltr'><strong>eventu</strong></span> <span class='ocrx_word' id='word_1_663' title='bbox 3102 4675 3492 4736; x_wconf 86' lang='lat' dir='ltr'><strong>prosterneret,</strong></span> 
     </span>
    </p>
   </div>
   <div class='ocr_carea' id='block_1_94' title="bbox 214 4719 1802 4789">
    <p class='ocr_par' dir='ltr' id='par_1_94' title="bbox 214 4719 1802 4789">
     <span class='ocr_line' id='line_1_94' title="bbox 214 4719 1802 4789; baseline 0.007 -15"><span class='ocrx_word' id='word_1_664' title='bbox 214 4729 269 4774; x_wconf 88' lang='lat' dir='ltr'><strong>et</strong></span> <span class='ocrx_word' id='word_1_665' title='bbox 292 4719 488 4776; x_wconf 88' lang='lat' dir='ltr'><strong>mediis</strong></span> <span class='ocrx_word' id='word_1_666' title='bbox 521 4723 547 4762; x_wconf 72' lang='grc'><strong>³</strong></span> <span class='ocrx_word' id='word_1_667' title='bbox 571 4721 896 4779; x_wconf 90' lang='lat' dir='ltr'><strong>incurrimus</strong></span> <span class='ocrx_word' id='word_1_668' title='bbox 925 4725 1123 4789; x_wconf 79' lang='lat' dir='ltr'><strong>causis,</strong></span> <span class='ocrx_word' id='word_1_669' title='bbox 1155 4741 1342 4781; x_wconf 89' lang='lat' dir='ltr'><strong>verum</strong></span> <span class='ocrx_word' id='word_1_670' title='bbox 1367 4727 1532 4784; x_wconf 88' lang='lat' dir='ltr'><strong>etiam</strong></span> <span class='ocrx_word' id='word_1_671' title='bbox 1560 4729 1615 4783; x_wconf 94' lang='lat' dir='ltr'><strong>in</strong></span> <span class='ocrx_word' id='word_1_672' title='bbox 1638 4729 1802 4786; x_wconf 89' lang='lat' dir='ltr'><strong>rebus</strong></span> 
     </span>
    </p>
   </div>
   <div class='ocr_carea' id='block_1_95' title="bbox 214 4812 1804 4889">
    <p class='ocr_par' dir='ltr' id='par_1_95' title="bbox 214 4812 1804 4889">
     <span class='ocr_line' id='line_1_95' title="bbox 214 4812 1804 4889; baseline 0.004 -21"><span class='ocrx_word' id='word_1_673' title='bbox 214 4812 448 4868; x_wconf 87' lang='lat' dir='ltr'><strong>summis</strong></span> <span class='ocrx_word' id='word_1_674' title='bbox 485 4820 542 4867; x_wconf 88' lang='lat' dir='ltr'><strong>et</strong></span> <span class='ocrx_word' id='word_1_675' title='bbox 579 4814 858 4884; x_wconf 87' lang='lat' dir='ltr'><strong>principali</strong></span> <span class='ocrx_word' id='word_1_676' title='bbox 902 4816 1119 4872; x_wconf 89' lang='lat' dir='ltr'><strong>nomine</strong></span> <span class='ocrx_word' id='word_1_677' title='bbox 1167 4817 1515 4873; x_wconf 90' lang='lat' dir='ltr'><strong>consecratis.</strong></span> <span class='ocrx_word' id='word_1_678' title='bbox 1577 4816 1635 4872; x_wconf 88' lang='lat' dir='ltr'><strong>In</strong></span> <span class='ocrx_word' id='word_1_679' title='bbox 1687 4819 1804 4889; x_wconf 90' lang='lat' dir='ltr'><strong>ipsa</strong></span> 
     </span>
    </p>
   </div>
   <div class='ocr_carea' id='block_1_96' title="bbox 211 4903 1806 4976">
    <p class='ocr_par' dir='ltr' id='par_1_96' title="bbox 211 4903 1806 4976">
     <span class='ocr_line' id='line_1_96' title="bbox 211 4903 1806 4976; baseline 0.004 -18"><span class='ocrx_word' id='word_1_680' title='bbox 211 4903 528 4974; x_wconf 82' lang='lat' dir='ltr'><strong>specialiter</strong></span> <span class='ocrx_word' id='word_1_681' title='bbox 568 4904 690 4961; x_wconf 83' lang='lat' dir='ltr'><strong>fidei</strong></span> <span class='ocrx_word' id='word_1_682' title='bbox 730 4906 955 4961; x_wconf 89' lang='lat' dir='ltr'><strong>veritate</strong></span> <span class='ocrx_word' id='word_1_683' title='bbox 983 4907 1378 4976; x_wconf 87' lang='lat' dir='ltr'><strong>persecutionis</strong></span> <span class='ocrx_word' id='word_1_684' title='bbox 1404 4909 1632 4964; x_wconf 91' lang='lat' dir='ltr'><strong>articulo</strong></span> <span class='ocrx_word' id='word_1_685' title='bbox 1657 4924 1806 4964; x_wconf 88' lang='lat' dir='ltr'><strong>coar-</strong></span> 
     </span>
    </p>
   </div>
   <div class='ocr_carea' id='block_1_97' title="bbox 215 4996 1808 5067">
    <p class='ocr_par' dir='ltr' id='par_1_97' title="bbox 215 4996 1808 5067">
     <span class='ocr_line' id='line_1_97' title="bbox 215 4996 1808 5067; baseline 0.003 -16"><span class='ocrx_word' id='word_1_686' title='bbox 215 4996 373 5061; x_wconf 88' lang='lat' dir='ltr'><strong>ctati,</strong></span> <span class='ocrx_word' id='word_1_687' title='bbox 401 5011 501 5051; x_wconf 91' lang='lat' dir='ltr'><strong>nos</strong></span> <span class='ocrx_word' id='word_1_688' title='bbox 537 4996 706 5052; x_wconf 90' lang='lat' dir='ltr'><strong>multo</strong></span> <span class='ocrx_word' id='word_1_689' title='bbox 736 4997 1114 5053; x_wconf 89' lang='lat' dir='ltr'><strong>amaritudinis</strong></span> <span class='ocrx_word' id='word_1_690' title='bbox 1137 4999 1421 5054; x_wconf 88' lang='lat' dir='ltr'><strong>infecimus</strong></span> <span class='ocrx_word' id='word_1_691' title='bbox 1442 5000 1583 5067; x_wconf 88' lang='lat' dir='ltr'><strong>felle,</strong></span> <span class='ocrx_word' id='word_1_692' title='bbox 1611 5009 1666 5056; x_wconf 92' lang='lat' dir='ltr'><strong>et</strong></span> <span class='ocrx_word' id='word_1_693' title='bbox 1693 5001 1808 5058; x_wconf 84' lang='lat' dir='ltr'><strong>cul-</strong></span> 
     </span>
    </p>
   </div>
   <div class='ocr_carea' id='block_1_98' title="bbox 216 5085 1810 5159">
    <p class='ocr_par' dir='ltr' id='par_1_98' title="bbox 216 5085 1810 5159">
     <span class='ocr_line' id='line_1_98' title="bbox 216 5085 1810 5159; baseline 0.004 -18"><span class='ocrx_word' id='word_1_694' title='bbox 216 5095 370 5142; x_wconf 88' lang='lat' dir='ltr'><strong>tores</strong></span> <span class='ocrx_word' id='word_1_695' title='bbox 415 5085 616 5142; x_wconf 89' lang='lat' dir='ltr'><strong>Christi</strong></span> <span class='ocrx_word' id='word_1_696' title='bbox 657 5087 932 5144; x_wconf 75' lang='lat' dir='ltr'><strong>haereseon</strong></span> <span class='ocrx_word' id='word_1_697' title='bbox 981 5089 1257 5154; x_wconf 88' lang='lat' dir='ltr'><strong>seandalo,</strong></span> <span class='ocrx_word' id='word_1_698' title='bbox 1299 5091 1513 5159; x_wconf 91' lang='lat' dir='ltr'><strong>quando</strong></span> <span class='ocrx_word' id='word_1_699' title='bbox 1561 5091 1615 5145; x_wconf 91' lang='lat' dir='ltr'><strong>in</strong></span> <span class='ocrx_word' id='word_1_700' title='bbox 1655 5092 1810 5148; x_wconf 85' lang='lat' dir='ltr'><strong>nobis</strong></span> 
     </span>
    </p>
   </div>
   <div class='ocr_carea' id='block_1_99' title="bbox 215 5181 1810 5254">
    <p class='ocr_par' dir='ltr' id='par_1_99' title="bbox 215 5181 1810 5254">
     <span class='ocr_line' id='line_1_99' title="bbox 215 5181 1810 5254; baseline 0.002 -19"><span class='ocrx_word' id='word_1_701' title='bbox 215 5181 454 5246; x_wconf 77' lang='lat' dir='ltr'><strong>exstitit,</strong></span> <span class='ocrx_word' id='word_1_702' title='bbox 480 5181 752 5238; x_wconf 85' lang='lat' dir='ltr'><strong>induimus</strong></span> <span class='ocrx_word' id='word_1_703' title='bbox 774 5183 918 5239; x_wconf 88' lang='lat' dir='ltr'><strong>olida</strong></span> <span class='ocrx_word' id='word_1_704' title='bbox 945 5183 1100 5254; x_wconf 92' lang='lat' dir='ltr'><strong>pelle.</strong></span> <span class='ocrx_word' id='word_1_705' title='bbox 1153 5181 1269 5238; x_wconf 87' lang='lat' dir='ltr'><strong>Hoc</strong></span> <span class='ocrx_word' id='word_1_706' title='bbox 1294 5184 1436 5253; x_wconf 91' lang='lat' dir='ltr'><strong>quod</strong></span> <span class='ocrx_word' id='word_1_707' title='bbox 1474 5184 1602 5238; x_wconf 89' lang='lat' dir='ltr'><strong>foris</strong></span> <span class='ocrx_word' id='word_1_708' title='bbox 1625 5185 1676 5238; x_wconf 91' lang='lat' dir='ltr'><strong>in</strong></span> <span class='ocrx_word' id='word_1_709' title='bbox 1712 5200 1810 5254; x_wconf 90' lang='lat' dir='ltr'><strong>pu-</strong></span> 
     </span>
    </p>
   </div>
   <div class='ocr_carea' id='block_1_100' title="bbox 217 5273 1810 5346">
    <p class='ocr_par' dir='ltr' id='par_1_100' title="bbox 217 5273 1810 5346">
     <span class='ocr_line' id='line_1_100' title="bbox 217 5273 1810 5346; baseline 0.001 -16"><span class='ocrx_word' id='word_1_710' title='bbox 217 5273 383 5339; x_wconf 88' lang='lat' dir='ltr'><strong>blico,</strong></span> <span class='ocrx_word' id='word_1_711' title='bbox 417 5282 473 5330; x_wconf 88' lang='lat' dir='ltr'><strong>et</strong></span> <span class='ocrx_word' id='word_1_712' title='bbox 503 5276 856 5346; x_wconf 88' lang='lat' dir='ltr'><strong>potestatibus</strong></span> <span class='ocrx_word' id='word_1_713' title='bbox 900 5292 1000 5332; x_wconf 92' lang='lat' dir='ltr'><strong>nos</strong></span> <span class='ocrx_word' id='word_1_714' title='bbox 1037 5277 1420 5332; x_wconf 88' lang='lat' dir='ltr'><strong>devacantibus</strong></span> <span class='ocrx_word' id='word_1_715' title='bbox 1461 5276 1590 5331; x_wconf 90' lang='lat' dir='ltr'><strong>feris</strong></span> <span class='ocrx_word' id='word_1_716' title='bbox 1631 5287 1810 5332; x_wconf 89' lang='lat' dir='ltr'><strong>actum</strong></span> 
     </span>
    </p>
   </div>
   <div class='ocr_carea' id='block_1_101' title="bbox 219 5367 1810 5442">
    <p class='ocr_par' dir='ltr' id='par_1_101' title="bbox 219 5367 1810 5442">
     <span class='ocr_line' id='line_1_101' title="bbox 219 5367 1810 5442; baseline 0.001 -18"><span class='ocrx_word' id='word_1_717' title='bbox 219 5377 327 5435; x_wconf 89' lang='lat' dir='ltr'><strong>est,</strong></span> <span class='ocrx_word' id='word_1_718' title='bbox 385 5367 614 5425; x_wconf 88' lang='lat' dir='ltr'><strong>forsitan</strong></span> <span class='ocrx_word' id='word_1_719' title='bbox 655 5369 853 5428; x_wconf 86' lang='lat' dir='ltr'><strong>alicubi</strong></span> <span class='ocrx_word' id='word_1_720' title='bbox 895 5371 1093 5442; x_wconf 80' lang='lat' dir='ltr'><strong>paterit</strong></span> <span class='ocrx_word' id='word_1_721' title='bbox 1145 5369 1313 5426; x_wconf 90' lang='lat' dir='ltr'><strong>videri</strong></span> <span class='ocrx_word' id='word_1_722' title='bbox 1364 5368 1590 5425; x_wconf 91' lang='lat' dir='ltr'><strong>inultum</strong></span> <span class='ocrx_word' id='word_1_723' title='bbox 1629 5387 1642 5424; x_wconf 91' lang='lat'><strong>:</strong></span> <span class='ocrx_word' id='word_1_724' title='bbox 1682 5371 1810 5440; x_wconf 86' lang='lat' dir='ltr'><strong>quid</strong></span> 
     </span>
    </p>
   </div>
   <div class='ocr_carea' id='block_1_102' title="bbox 295 5523 824 5583">
    <p class='ocr_par' dir='ltr' id='par_1_102' title="bbox 295 5523 824 5583">
     <span class='ocr_line' id='line_1_102' title="bbox 295 5523 824 5583; baseline 0.009 -5"><span class='ocrx_word' id='word_1_725' title='bbox 295 5536 326 5565; x_wconf 75' lang='grc' dir='ltr'>ι</span> <span class='ocrx_word' id='word_1_726' title='bbox 362 5523 422 5579; x_wconf 89' lang='lat' dir='ltr'><strong>ld</strong></span> <span class='ocrx_word' id='word_1_727' title='bbox 459 5533 543 5581; x_wconf 90' lang='lat' dir='ltr'><strong>est</strong></span> <span class='ocrx_word' id='word_1_728' title='bbox 571 5525 824 5583; x_wconf 82' lang='lat' dir='ltr'><strong>collectio.</strong></span> 
     </span>
    </p>
   </div>
   <div class='ocr_carea' id='block_1_103' title="bbox 298 5594 796 5653">
    <p class='ocr_par' dir='ltr' id='par_1_103' title="bbox 298 5594 796 5653">
     <span class='ocr_line' id='line_1_103' title="bbox 298 5594 796 5653; baseline 0.006 -3"><span class='ocrx_word' id='word_1_729' title='bbox 298 5595 329 5634; x_wconf 69' lang='grc'><strong>1³</strong></span> <span class='ocrx_word' id='word_1_730' title='bbox 367 5594 534 5652; x_wconf 85' lang='lat' dir='ltr'><strong>Forte</strong></span> <span class='ocrx_word' id='word_1_731' title='bbox 569 5597 796 5653; x_wconf 78' lang='lat' dir='ltr'><strong>rebellio.</strong></span> 
     </span>
    </p>
   </div>
   <div class='ocr_carea' id='block_1_104' title="bbox 239 5665 824 5734">
    <p class='ocr_par' dir='ltr' id='par_1_104' title="bbox 239 5665 824 5734">
     <span class='ocr_line' id='line_1_104' title="bbox 239 5665 824 5734; baseline 0.009 -15"><span class='ocrx_word' id='word_1_732' title='bbox 239 5687 242 5690; x_wconf 49' lang='grc' dir='ltr'><em>η</em></span> <span class='ocrx_word' id='word_1_733' title='bbox 300 5677 326 5707; x_wconf 77' lang='grc' dir='ltr'><strong><em>ο</em></strong></span> <span class='ocrx_word' id='word_1_734' title='bbox 369 5665 824 5734; x_wconf 82' lang='lat' dir='ltr'><strong>Ms.,audierunt.</strong></span> 
     </span>
    </p>
   </div>
   <div class='ocr_carea' id='block_1_105' title="bbox 301 5735 1117 5812">
    <p class='ocr_par' dir='ltr' id='par_1_105' title="bbox 301 5735 1117 5812">
     <span class='ocr_line' id='line_1_105' title="bbox 301 5735 1117 5812; baseline 0.009 -22"><span class='ocrx_word' id='word_1_735' title='bbox 301 5739 331 5781; x_wconf 69' lang='lat' dir='ltr'><strong>tl</strong></span> <span class='ocrx_word' id='word_1_736' title='bbox 372 5735 501 5812; x_wconf 56' lang='lat' dir='ltr'><strong>bis,</strong></span> <span class='ocrx_word' id='word_1_737' title='bbox 522 5739 851 5812; x_wconf 67' lang='lat' dir='ltr'><strong>prespicuum</strong></span> <span class='ocrx_word' id='word_1_738' title='bbox 879 5752 952 5796; x_wconf 87' lang='lat' dir='ltr'><strong>est</strong></span> <span class='ocrx_word' id='word_1_739' title='bbox 971 5757 1117 5812; x_wconf 87' lang='lat' dir='ltr'><strong>quos.</strong></span> 
     </span>
    </p>
   </div>
   <div class='ocr_carea' id='block_1_106' title="bbox 308 5807 901 5879">
    <p class='ocr_par' dir='ltr' id='par_1_106' title="bbox 308 5807 901 5879">
     <span class='ocr_line' id='line_1_106' title="bbox 308 5807 901 5879; baseline 0.005 -17"><span class='ocrx_word' id='word_1_740' title='bbox 308 5823 333 5850; x_wconf 77' lang='grc' dir='ltr'><strong>ο</strong></span> <span class='ocrx_word' id='word_1_741' title='bbox 372 5807 499 5879; x_wconf 66' lang='lat' dir='ltr'><strong>Ms,</strong></span> <span class='ocrx_word' id='word_1_742' title='bbox 525 5807 901 5879; x_wconf 80' lang='lat' dir='ltr'><strong>designantem.</strong></span> 
     </span>
    </p>
   </div>
   <div class='ocr_carea' id='block_1_107' title="bbox 292 5878 1115 5945">
    <p class='ocr_par' dir='ltr' id='par_1_107' title="bbox 292 5878 1115 5945">
     <span class='ocr_line' id='line_1_107' title="bbox 292 5878 1115 5945; baseline 0.001 -9"><span class='ocrx_word' id='word_1_743' title='bbox 292 5883 331 5936; x_wconf 73' lang='lat' dir='ltr'><strong>l‘</strong></span> <span class='ocrx_word' id='word_1_744' title='bbox 381 5878 506 5945; x_wconf 64' lang='grc' dir='ltr'><strong>ιιι,</strong></span> <span class='ocrx_word' id='word_1_745' title='bbox 531 5878 855 5936; x_wconf 71' lang='lat' dir='ltr'><strong>abtissiiitum</strong></span> <span class='ocrx_word' id='word_1_746' title='bbox 887 5881 1115 5938; x_wconf 79' lang='lat' dir='ltr'><strong>titulum.</strong></span> 
     </span>
    </p>
   </div>
   <div class='ocr_carea' id='block_1_108' title="bbox 1911 4755 3575 4828">
    <p class='ocr_par' dir='ltr' id='par_1_108' title="bbox 1911 4755 3575 4828">
     <span class='ocr_line' id='line_1_108' title="bbox 1911 4755 3575 4828; baseline -0.002 -14"><span class='ocrx_word' id='word_1_747' title='bbox 1911 4759 2135 4814; x_wconf 74' lang='lat' dir='ltr'><strong>dicens:</strong></span> <span class='ocrx_word' id='word_1_748' title='bbox 2163 4757 2484 4828; x_wconf 83' lang='lat' dir='ltr'><strong>Congregote</strong></span> <span class='ocrx_word' id='word_1_749' title='bbox 2522 4759 2648 4812; x_wconf 86' lang='lat' dir='ltr'><strong>mihi</strong></span> <span class='ocrx_word' id='word_1_750' title='bbox 2688 4774 2864 4812; x_wconf 86' lang='lat' dir='ltr'><strong>omnes</strong></span> <span class='ocrx_word' id='word_1_751' title='bbox 2901 4757 3198 4812; x_wconf 77' lang='lat' dir='ltr'><strong>sacerdotes</strong></span> <span class='ocrx_word' id='word_1_752' title='bbox 3233 4755 3390 4811; x_wconf 86' lang='lat' dir='ltr'><strong>Baal.</strong></span> <span class='ocrx_word' id='word_1_753' title='bbox 3438 4757 3496 4812; x_wconf 81' lang='lat' dir='ltr'><strong>Si</strong></span> <span class='ocrx_word' id='word_1_754' title='bbox 3573 4785 3575 4788; x_wconf 30' lang='grc'><em>⁴</em></span> 
     </span>
    </p>
   </div>
   <div class='ocr_carea' id='block_1_109' title="bbox 1911 4846 3497 4917">
    <p class='ocr_par' dir='ltr' id='par_1_109' title="bbox 1911 4846 3497 4917">
     <span class='ocr_line' id='line_1_109' title="bbox 1911 4846 3497 4917; baseline -0.002 -14"><span class='ocrx_word' id='word_1_755' title='bbox 1911 4849 2047 4903; x_wconf 84' lang='lat' dir='ltr'><strong>enim</strong></span> <span class='ocrx_word' id='word_1_756' title='bbox 2073 4847 2212 4902; x_wconf 81' lang='lat' dir='ltr'><strong>Acab</strong></span> <span class='ocrx_word' id='word_1_757' title='bbox 2242 4848 2447 4902; x_wconf 84' lang='lat' dir='ltr'><strong>servivit</strong></span> <span class='ocrx_word' id='word_1_758' title='bbox 2477 4846 2724 4902; x_wconf 82' lang='lat' dir='ltr'><strong>Bohalim</strong></span> <span class='ocrx_word' id='word_1_759' title='bbox 2751 4849 2808 4901; x_wconf 87' lang='lat' dir='ltr'><strong>in</strong></span> <span class='ocrx_word' id='word_1_760' title='bbox 2830 4847 3046 4917; x_wconf 81' lang='lat' dir='ltr'><strong>paucis,</strong></span> <span class='ocrx_word' id='word_1_761' title='bbox 3073 4863 3164 4917; x_wconf 85' lang='lat' dir='ltr'><strong>ego</strong></span> <span class='ocrx_word' id='word_1_762' title='bbox 3190 4848 3410 4901; x_wconf 85' lang='lat' dir='ltr'><strong>serviam</strong></span> <span class='ocrx_word' id='word_1_763' title='bbox 3444 4849 3497 4900; x_wconf 82' lang='lat' dir='ltr'><strong>in</strong></span> 
     </span>
    </p>
   </div>
   <div class='ocr_carea' id='block_1_110' title="bbox 1912 4936 3500 5009">
    <p class='ocr_par' dir='ltr' id='par_1_110' title="bbox 1912 4936 3500 5009">
     <span class='ocr_line' id='line_1_110' title="bbox 1912 4936 3500 5009; baseline -0.001 -16"><span class='ocrx_word' id='word_1_764' title='bbox 1912 4937 2091 4993; x_wconf 83' lang='lat' dir='ltr'><strong>multis</strong></span> <span class='ocrx_word' id='word_1_765' title='bbox 2122 4936 2228 5009; x_wconf 87' lang='lat' dir='ltr'><strong>(IV</strong></span> <span class='ocrx_word' id='word_1_766' title='bbox 2259 4937 2388 5008; x_wconf 81' lang='lat' dir='ltr'><strong>Reg.</strong></span> <span class='ocrx_word' id='word_1_767' title='bbox 2417 4953 2474 5004; x_wconf 70' lang='grc' dir='ltr'><strong>χ,</strong></span> <span class='ocrx_word' id='word_1_768' title='bbox 2503 4937 2612 5009; x_wconf 84' lang='grc'><strong>18).</strong></span> <span class='ocrx_word' id='word_1_769' title='bbox 2649 4937 2740 4993; x_wconf 91' lang='lat' dir='ltr'><strong>Sic</strong></span> <span class='ocrx_word' id='word_1_770' title='bbox 2768 4945 2823 4992; x_wconf 90' lang='lat' dir='ltr'><strong>et</strong></span> <span class='ocrx_word' id='word_1_771' title='bbox 2851 4936 3020 4992; x_wconf 89' lang='lat' dir='ltr'><strong>David</strong></span> <span class='ocrx_word' id='word_1_772' title='bbox 3046 4944 3273 4991; x_wconf 90' lang='lat' dir='ltr'><strong>mortem</strong></span> <span class='ocrx_word' id='word_1_773' title='bbox 3307 4951 3500 5008; x_wconf 84' lang='lat' dir='ltr'><strong>corpo-</strong></span> 
     </span>
    </p>
   </div>
   <div class='ocr_carea' id='block_1_111' title="bbox 1916 5027 3498 5098">
    <p class='ocr_par' dir='ltr' id='par_1_111' title="bbox 1916 5027 3498 5098">
     <span class='ocr_line' id='line_1_111' title="bbox 1916 5027 3498 5098; baseline -0.001 -14"><span class='ocrx_word' id='word_1_774' title='bbox 1916 5031 2011 5096; x_wconf 90' lang='lat' dir='ltr'><strong>ris,</strong></span> <span class='ocrx_word' id='word_1_775' title='bbox 2041 5045 2147 5084; x_wconf 92' lang='lat' dir='ltr'><strong>non</strong></span> <span class='ocrx_word' id='word_1_776' title='bbox 2175 5030 2390 5095; x_wconf 65' lang='lat' dir='ltr'><strong>animae,</strong></span> <span class='ocrx_word' id='word_1_777' title='bbox 2422 5029 2704 5084; x_wconf 88' lang='lat' dir='ltr'><strong>imminere</strong></span> <span class='ocrx_word' id='word_1_778' title='bbox 2733 5027 3050 5098; x_wconf 91' lang='lat' dir='ltr'><strong>respiciens,</strong></span> <span class='ocrx_word' id='word_1_779' title='bbox 3090 5027 3361 5083; x_wconf 88' lang='lat' dir='ltr'><strong>insaniam</strong></span> <span class='ocrx_word' id='word_1_780' title='bbox 3393 5029 3498 5084; x_wconf 85' lang='lat' dir='ltr'><strong>lin-</strong></span> 
     </span>
    </p>
   </div>
   <div class='ocr_carea' id='block_1_112' title="bbox 1917 5119 3500 5192">
    <p class='ocr_par' dir='ltr' id='par_1_112' title="bbox 1917 5119 3500 5192">
     <span class='ocr_line' id='line_1_112' title="bbox 1917 5119 3500 5192; baseline 0.001 -16"><span class='ocrx_word' id='word_1_781' title='bbox 1917 5123 1996 5176; x_wconf 78' lang='lat' dir='ltr'><strong>xit</strong></span> <span class='ocrx_word' id='word_1_782' title='bbox 2022 5120 2074 5192; x_wconf 93' lang='lat' dir='ltr'><strong>(I</strong></span> <span class='ocrx_word' id='word_1_783' title='bbox 2095 5121 2219 5191; x_wconf 82' lang='lat' dir='ltr'><strong>Reg.</strong></span> <span class='ocrx_word' id='word_1_784' title='bbox 2244 5137 2358 5187; x_wconf 68' lang='grc' dir='ltr'>χχι,</span> <span class='ocrx_word' id='word_1_785' title='bbox 2384 5121 2492 5192; x_wconf 80' lang='grc'><strong>15),</strong></span> <span class='ocrx_word' id='word_1_786' title='bbox 2522 5129 2577 5176; x_wconf 91' lang='lat' dir='ltr'><strong>et</strong></span> <span class='ocrx_word' id='word_1_787' title='bbox 2605 5119 2860 5176; x_wconf 90' lang='lat' dir='ltr'><strong>lethalem</strong></span> <span class='ocrx_word' id='word_1_788' title='bbox 2883 5134 3071 5176; x_wconf 84' lang='lat' dir='ltr'><strong>casum</strong></span> <span class='ocrx_word' id='word_1_789' title='bbox 3094 5134 3202 5175; x_wconf 91' lang='lat' dir='ltr'><strong>non</strong></span> <span class='ocrx_word' id='word_1_790' title='bbox 3226 5119 3378 5186; x_wconf 83' lang='lat' dir='ltr'><strong>&#39;lidei,</strong></span> <span class='ocrx_word' id='word_1_791' title='bbox 3402 5123 3500 5178; x_wconf 89' lang='lat' dir='ltr'><strong>scd</strong></span> 
     </span>
    </p>
   </div>
   <div class='ocr_carea' id='block_1_113' title="bbox 1919 5209 3500 5282">
    <p class='ocr_par' dir='ltr' id='par_1_113' title="bbox 1919 5209 3500 5282">
     <span class='ocr_line' id='line_1_113' title="bbox 1919 5209 3500 5282; baseline 0.001 -15"><span class='ocrx_word' id='word_1_792' title='bbox 1919 5213 2168 5277; x_wconf 90' lang='lat' dir='ltr'><strong>membri,</strong></span> <span class='ocrx_word' id='word_1_793' title='bbox 2204 5227 2367 5282; x_wconf 86' lang='lat' dir='ltr'><strong>quam</strong></span> <span class='ocrx_word' id='word_1_794' title='bbox 2394 5212 2701 5267; x_wconf 91' lang='lat' dir='ltr'><strong>incurrerat</strong></span> <span class='ocrx_word' id='word_1_795' title='bbox 2726 5211 3004 5266; x_wconf 88' lang='lat' dir='ltr'><strong>devitavit.</strong></span> <span class='ocrx_word' id='word_1_796' title='bbox 3034 5209 3151 5267; x_wconf 82' lang='lat' dir='ltr'><strong>Hoc</strong></span> <span class='ocrx_word' id='word_1_797' title='bbox 3177 5213 3338 5268; x_wconf 91' lang='lat' dir='ltr'><strong>modo</strong></span> <span class='ocrx_word' id='word_1_798' title='bbox 3359 5212 3500 5268; x_wconf 89' lang='lat' dir='ltr'><strong>Pau-</strong></span> 
     </span>
    </p>
   </div>
   <div class='ocr_carea' id='block_1_114' title="bbox 1917 5301 3499 5374">
    <p class='ocr_par' dir='ltr' id='par_1_114' title="bbox 1917 5301 3499 5374">
     <span class='ocr_line' id='line_1_114' title="bbox 1917 5301 3499 5374; baseline 0.003 -19"><span class='ocrx_word' id='word_1_799' title='bbox 1917 5303 2000 5359; x_wconf 91' lang='lat' dir='ltr'><strong>lus</strong></span> <span class='ocrx_word' id='word_1_800' title='bbox 2032 5303 2116 5358; x_wconf 87' lang='lat' dir='ltr'><strong>vel</strong></span> <span class='ocrx_word' id='word_1_801' title='bbox 2152 5304 2336 5359; x_wconf 80' lang='lat' dir='ltr'><strong>caeteri</strong></span> <span class='ocrx_word' id='word_1_802' title='bbox 2371 5304 2612 5360; x_wconf 89' lang='lat' dir='ltr'><strong>seniores</strong></span> <span class='ocrx_word' id='word_1_803' title='bbox 2651 5301 2878 5374; x_wconf 87' lang='lat' dir='ltr'><strong>apostoli</strong></span> <span class='ocrx_word' id='word_1_804' title='bbox 2921 5303 3206 5361; x_wconf 87' lang='lat' dir='ltr'><strong>simulasse</strong></span> <span class='ocrx_word' id='word_1_805' title='bbox 3242 5305 3499 5362; x_wconf 85' lang='lat' dir='ltr'><strong>credendi</strong></span> 
     </span>
    </p>
   </div>
   <div class='ocr_carea' id='block_1_115' title="bbox 1916 5395 3498 5470">
    <p class='ocr_par' dir='ltr' id='par_1_115' title="bbox 1916 5395 3498 5470">
     <span class='ocr_line' id='line_1_115' title="bbox 1916 5395 3498 5470; baseline 0.001 -19"><span class='ocrx_word' id='word_1_806' title='bbox 1916 5404 2042 5451; x_wconf 91' lang='lat' dir='ltr'><strong>sunt</strong></span> <span class='ocrx_word' id='word_1_807' title='bbox 2065 5396 2198 5467; x_wconf 90' lang='lat' dir='ltr'><strong>legis</strong></span> <span class='ocrx_word' id='word_1_808' title='bbox 2219 5395 2572 5452; x_wconf 61' lang='lat' dir='ltr'><strong>caeremonias</strong></span> <span class='ocrx_word' id='word_1_809' title='bbox 2596 5395 2885 5466; x_wconf 87' lang='lat' dir='ltr'><strong>implevere</strong></span> <span class='ocrx_word' id='word_1_810' title='bbox 2914 5395 3052 5468; x_wconf 83' lang='lat' dir='ltr'><strong>(Act.</strong></span> <span class='ocrx_word' id='word_1_811' title='bbox 3083 5397 3222 5470; x_wconf 77' lang='lat' dir='ltr'><strong>XXI),</strong></span> <span class='ocrx_word' id='word_1_812' title='bbox 3253 5404 3313 5452; x_wconf 90' lang='lat' dir='ltr'><strong>ut</strong></span> <span class='ocrx_word' id='word_1_813' title='bbox 3336 5397 3498 5452; x_wconf 91' lang='lat' dir='ltr'><strong>saluti</strong></span> 
     </span>
    </p>
   </div>
   <div class='ocr_carea' id='block_1_116' title="bbox 1991 5543 2643 5609">
    <p class='ocr_par' dir='ltr' id='par_1_116' title="bbox 1991 5543 2643 5609">
     <span class='ocr_line' id='line_1_116' title="bbox 1991 5543 2643 5609; baseline 0 -2"><span class='ocrx_word' id='word_1_814' title='bbox 1991 5557 2016 5593; x_wconf 77' lang='grc'>8</span> <span class='ocrx_word' id='word_1_815' title='bbox 2055 5553 2112 5609; x_wconf 93' lang='lat' dir='ltr'><strong>ld</strong></span> <span class='ocrx_word' id='word_1_816' title='bbox 2146 5563 2231 5608; x_wconf 88' lang='lat' dir='ltr'><strong>est</strong></span> <span class='ocrx_word' id='word_1_817' title='bbox 2261 5543 2643 5609; x_wconf 75' lang='lat' dir='ltr'><strong>mediocribus.</strong></span> 
     </span>
    </p>
   </div>
   <div class='ocr_carea' id='block_1_117' title="bbox 1986 5623 2460 5678">
    <p class='ocr_par' dir='ltr' id='par_1_117' title="bbox 1986 5623 2460 5678">
     <span class='ocr_line' id='line_1_117' title="bbox 1986 5623 2460 5678; baseline -0.002 0"><span class='ocrx_word' id='word_1_818' title='bbox 1986 5625 2016 5664; x_wconf 73' lang='lat' dir='ltr'><strong>h</strong></span> <span class='ocrx_word' id='word_1_819' title='bbox 2055 5623 2117 5678; x_wconf 90' lang='lat' dir='ltr'><strong>L.</strong></span> <span class='ocrx_word' id='word_1_820' title='bbox 2155 5623 2460 5678; x_wconf 84' lang='lat' dir='ltr'><strong>cultoribus.</strong></span> 
     </span>
    </p>
   </div>
   <div class='ocr_carea' id='block_1_118' title="bbox 1994 5694 3503 5776">
    <p class='ocr_par' dir='ltr' id='par_1_118' title="bbox 1994 5694 3503 5776">
     <span class='ocr_line' id='line_1_118' title="bbox 1994 5694 3503 5776; baseline 0.005 -29"><span class='ocrx_word' id='word_1_821' title='bbox 1994 5696 2012 5734; x_wconf 72' lang='grc' dir='ltr'><strong>ἱ</strong></span> <span class='ocrx_word' id='word_1_822' title='bbox 2146 5694 2548 5776; x_wconf 72' lang='lat' dir='ltr'><strong>dispensatoris,</strong></span> <span class='ocrx_word' id='word_1_823' title='bbox 2590 5708 2714 5752; x_wconf 91' lang='lat' dir='ltr'><strong>cum</strong></span> <span class='ocrx_word' id='word_1_824' title='bbox 2743 5695 2927 5753; x_wconf 84' lang='lat' dir='ltr'><strong>statim</strong></span> <span class='ocrx_word' id='word_1_825' title='bbox 2953 5697 3365 5770; x_wconf 66' lang='lat' dir='ltr'><strong>dispensatorias</strong></span> <span class='ocrx_word' id='word_1_826' title='bbox 3390 5709 3503 5754; x_wconf 77' lang='lat' dir='ltr'><strong>mo-</strong></span> 
     </span>
    </p>
   </div>
   <div class='ocr_carea' id='block_1_119' title="bbox 1918 5775 2368 5822">
    <p class='ocr_par' dir='ltr' id='par_1_119' title="bbox 1918 5775 2368 5822">
     <span class='ocr_line' id='line_1_119' title="bbox 1918 5775 2368 5822; baseline -0.007 0"><span class='ocrx_word' id='word_1_827' title='bbox 1918 5775 2093 5822; x_wconf 88' lang='lat' dir='ltr'><strong>moret</strong></span> <span class='ocrx_word' id='word_1_828' title='bbox 2122 5775 2368 5819; x_wconf 81' lang='lat' dir='ltr'><strong>rationes.</strong></span> 
     </span>
    </p>
   </div>
   <div class='ocr_carea' id='block_1_120' title="bbox 1993 5833 2471 5903">
    <p class='ocr_par' dir='ltr' id='par_1_120' title="bbox 1993 5833 2471 5903">
     <span class='ocr_line' id='line_1_120' title="bbox 1993 5833 2471 5903; baseline 0.013 -16"><span class='ocrx_word' id='word_1_829' title='bbox 1993 5836 2007 5887; x_wconf 84' lang='lat' dir='ltr'><strong>i</strong></span> <span class='ocrx_word' id='word_1_830' title='bbox 2055 5833 2210 5898; x_wconf 82' lang='lat' dir='ltr'><strong>Jehu.</strong></span> <span class='ocrx_word' id='word_1_831' title='bbox 2249 5834 2471 5903; x_wconf 69' lang='lat' dir='ltr'><strong>scilicet,</strong></span> 
     </span>
    </p>
   </div>
  </div>
