4034 6350
578 429 682 488 ﬁl
1809 426 2066 489 ALVARI
2103 428 2149 485 CI

2250 428 2578 488 DUBENSIS
3749 431 3861 499 5.“

583 544 823 618 gem
853 556 952 614 per
976 526 1590 613 hanc'dispensationem
1621 540 1776 597 ﬁeret
1809 542 2149 608 consultum;
2180 546 2231 606 Α
2257 551 2387 610 tem,
2411 555 2468 601 et
2494 534 2844 615 injucundum
2883 548 3156 604 internum
3175 525 3202 604 1:
3233 549 3375 608 unde
3399 561 3453 608 et
3484 551 3710 609 tradidit
3740 569 3856 610 nos

583 634 1036 707 parvipendentes
1078 634 1349 705 privatum
1398 631 1735 702 dispendium
1783 632 1841 688 in
1883 648 2162 705 compara-
2267 636 2526 694 Dominus
2561 638 2652 709 qui
2675 639 2942 711 justitiam
2975 640 3168 714 diligit,
3195 650 3253 699 et
3281 641 3436 715 cujus
3461 642 3641 701 vultus
3665 646 3856 717 aequi-

586 729 740 786 tione
762 730 926 786 totius
972 727 1179 793 mundi,
1224 727 1310 782 cui
1356 742 1425 782 ex
1468 726 1573 782 hoc
1620 725 1939 782 imminebat
1985 742 2163 783 reme-
2237 728 2432 790 tatem
2461 733 2703 790 decernit
2730 730 2902 805 (Psat.
2950 735 3028 805 ι),
3065 734 3166 805 ipsi
3215 734 3404 793 bestiae
3445 736 3857 795 conrodendos.

585 827 751 885 dium.
808 825 920 882 Nec
968 826 1034 880 ad
1080 824 1218 880 idola
1253 823 1474 879 colenda
1513 820 1722 889 inﬂexi,
1759 822 1854 877 sed
1892 822 1960 877 ad
1997 837 2162 879 caere-
2266 823 2558 881 Suscitavit
2593 825 2736 882 enim
2771 841 2934 896 super
2957 842 3059 884 nos
3095 827 3272 898 ipsum
3301 829 3460 898 quasi
3479 831 3700 901 pr0prie
3725 846 3856 888 ma-

583 921 792 977 monias
829 920 925 974 Dei
961 917 1070 974 vivi
1103 928 1248 984 sunt,
1288 917 1414 972 licet
1444 916 1557 987 jam
1595 915 1690 973 illo
1723 923 1966 988 tempore
1998 916 2164 972 aboli-

582 1021 687 1077 tas,
718 1011 981 1066 conversi.

652 1105 738 1160 17.
792 1103 884 1159 the
935 1103 1284 1159 auctoritates
1337 1101 1442 1157 alio
1496 1100 1556 1156 in
1597 1108 1843 1172 tempore
1887 1108 2016 1156 sunt
2053 1099 2160 1154 fre-

581 1197 923 1269 quentandae,
953 1211 1054 1251 nec
1083 1195 1134 1250 in
1168 1193 1469 1265 principali,
1507 1201 1569 1248 ut
1595 1192 1847 1256 diximus,
1883 1192 2005 1247 ﬁdei
2035 1206 2161 1246 san-

580 1301 680 1347 cta:
709 1291 855 1347 cultu
887 1289 1122 1356 utenda),
1154 1288 1252 1344 sed
1275 1288 1665 1358 subsequenter
1691 1284 1744 1341 in
1772 1284 1946 1340 salute
1975 1299 2161 1355 corpo-

577 1385 654 1440 ris
693 1392 749 1439 et
790 1382 1068 1438 hominum
1116 1382 1320 1450 absque
1367 1379 1692 1434 detrimento
1741 1377 1864 1433 ﬁdei
1913 1391 2161 1448 compre—

575 1477 789 1532 bandze.
840 1474 1174 1530 Mendacium
1225 1487 1352 1528 vero
1396 1479 1451 1526 et
1494 1469 1891 1525 simulationem
1938 1469 2161 1540 penitus

576 1571 883 1643 fugiendam
915 1570 968 1624 in
998 1584 1058 1624 re
1085 1569 1294 1631 divina,
1343 1565 1666 1622 auctoritate
1694 1573 1905 1619 saerata
1937 1563 2158 1618 Eleaza-

578 1684 673 1722 rus
700 1667 752 1723 in
783 1666 922 1722 libro
953 1664 1188 1722 secundo
1226 1662 1657 1718 Machabtrorum
1695 1659 2034 1714 luminositer
2060 1656 2157 1712 do-

580 1767 667 1814 cet
707 1777 718 1812 :
764 1758 854 1829 qui
901 1758 968 1811 ab
1008 1754 1198 1810 amicis
1241 1750 1567 1814 admonitus,
1612 1757 1673 1804 ut
1719 1756 1926 1804 secreto
1963 1761 2156 1803 carnes

577 1849 710 1905 alias
735 1857 932 1922 prmter
955 1846 1344 1911 immolatitias,
1372 1843 1458 1898 vel
1489 1841 1673 1898 suillas
1701 1842 1906 1906 ederet,
1936 1839 2158 1896 simula-

2263 911 2657 988 ledictuml'qui
2679 935 2898 980 omnem
2937 918 3362 976 Christianitatis
3393 923 3637 994 gradum,
3668 932 3738 979 et
3775 931 3860 978 to-

2265 1014 2372 1070 tius
2405 1009 2660 1070 Ecclesia:
2696 1023 2896 1072 statum
2946 1015 3200 1070 contrivit
3253 1034 3266 1070 :
3313 1031 3516 1086 nosque
3565 1019 3767 1090 digne,
3806 1027 3860 1072 et

2258 1104 2424 1176 juste,
2455 1107 2673 1174 merito,
2727 1115 3033 1163 terratenus
3054 1108 3372 1178 comquavit.
3409 1107 3544 1164 Nam
3575 1110 3710 1166 dum
3741 1125 3860 1167 lna-

2262 1197 2496 1256 ledicerc
2536 1198 2728 1258 leviter
2780 1209 2998 1257 sanatos
3021 1199 3118 1258 Dei
3146 1208 3334 1256 nostra
3359 1215 3468 1256 non
3497 1201 3671 1256 timuit
3714 1200 3858 1257 levi-

2263 1298 2365 1355 tas,
2390 1298 2446 1345 et
2475 1289 2824 1346 maledictum
2849 1289 3162 1357 defendere,
3220 1292 3329 1347 imo
3361 1293 3599 1363 quotidie
3624 1293 3858 1363 publica

2262 1397 2516 1440 sermone
2571 1381 2793 1440 laudare
2834 1381 2889 1437 iu
2935 1383 3181 1440 Ecclesia
3229 1399 3296 1440 ex
3344 1384 3670 1455 praecellenti
3730 1385 3858 1442 loco

2261 1484 2447 1531 nostra
2496 1474 2712 1530 conavit
2766 1475 3081 1542 temeritas;
3126 1475 3272 1531 illico
3321 1477 3480 1547 quasi.
3527 1492 3596 1532 ex
3628 1476 3859 1532 inferno

2259 1567 2584 1638 productum
2629 1565 2802 1636 ipsum
2836 1582 3030 1636 .Iquem
3081 1567 3430 1637 praeconabili
3477 1584 3608 1624 voce
3656 1568 3858 1630 defen-

2261 1657 2455 1722 dendo,
2495 1658 2648 1728 quasi
2674 1656 3036 1723 laudavimus,
3065 1667 3248 1715 erecto
3273 1660 3328 1714 in
3361 1660 3514 1730 apice
3549 1676 3718 1732 super
3753 1677 3857 1718 nos

2254 1747 2401 1819 justo
2447 1749 2541 1804 Dei
2579 1747 2786 1817 judicio
2827 1748 3120 1815 doluimus,
3157 1765 3317 1820 quem
3364 1765 3470 1806 non
3509 1752 3722 1816 mitem,
3759 1753 3858 1808 sed

2262 1839 2535 1896 crudelem
2567 1848 2623 1895 et
2649 1839 2848 1905 dirum,
2886 1849 3047 1909 atque
3069 1841 3320 1913 jugulum
3361 1842 3416 1896 in
3448 1843 3649 1898 nostris
3672 1843 3857 1898 cervi-

575 1921 766 2015 retque
809 1957 868 2000 se
910 1941 1213 2014 prohibitus
1259 1937 1576 2004 comedere,
1631 1951 1764 2006 quas
1812 1951 1906 1988 rex
1957 1934 2154 2004 impius
2184 1921 2232 1983 Β
2259 1930 2416 1987 cibus
2439 1939 2722 1987 acuentem
2758 1931 3023 1986 hactenus
3053 1932 3402 1988 sustinemus.
3433 1932 3691 2003 lniquitas
3720 1948 3856 1992 nam

575 2037 717 2093 vesci
748 2036 1014 2090 instanter
1038 2034 1296 2102 urgebat,
1327 2039 1388 2084 ut
1417 2038 1471 2085 et
1496 2038 1726 2084 mortem
1753 2030 2038 2091 evaderet,
2080 2025 2156 2083 le-

571 2127 764 2200 gisque
791 2141 900 2181 non
935 2124 1315 2198 prasvaricaret
1343 2124 1653 2186 decretum;
1683 2119 1992 2176 siumlatum
2027 2133 2155 2174 con-

572 2218 790 2294 tempsit
833 2217 1138 2282 deludium,
1187 2224 1246 2269 ut
1286 2212 1623 2286 propalatum
1652 2224 1677 2254 α
1719 2213 2008 2268 sustineret
2045 2217 2154 2265 tro-

568 2327 775 2382 paeum,
817 2309 1082 2366 secuturis
1125 2309 1332 2364 saeculis
1362 2307 1579 2363 virtutis
1615 2317 1717 2361 tum
1755 2319 1852 2376 per
1882 2304 1985 2361 hoc
2024 2304 2154 2360 insi-

569 2421 740 2461 nuans
790 2405 1144 2476 exemplabile
1193 2405 1594 2460 documentum.
1649 2400 1772 2456 Non
1807 2402 1958 2455 enim
2008 2400 2152 2454 artati

566 2509 757 2554 nostrae
785 2499 1000 2571 dignum
1030 2507 1126 2563 est,
1157 2497 1367 2568 inquit,
1411 2495 1640 2566 ﬁngere,
1685 2502 1742 2547 ut
1784 2492 1935 2546 multi
1977 2491 2152 2546 adole-

565 2587 784 2644 scentuli
833 2589 1147 2642 arbitrantes
1191 2586 1513 2641 Eleazarum
1559 2583 1845 2654 nonaginta
1893 2597 2151 2636 annorum

565 2680 813 2733 transisse
838 2678 906 2732 ad
932 2678 1086 2734 vitam
1111 2677 1547 2748 alienigenarum,
1570 2684 1616 2728 et
1637 2675 1736 2744 ipsi
1757 2682 1964 2744 propter
1983 2688 2150 2727 meant

563 2771 978 2839 simulationem,
1017 2781 1062 2827 et
1092 2781 1302 2843 propter
1343 2769 1606 2824 modicum
1645 2766 1995 2838 corruptibilis
2033 2767 2151 2822 vita:

563 2885 764 2941 tempus
793 2871 1146 2941 decipiantur,
1182 2877 1230 2922 et
1271 2885 1364 2938 per
1399 2868 1495 2921 hoc
1534 2863 1797 2919 maculam
1825 2871 1980 2933 atque
2007 2879 2150 2916 exse-

563 2962 849 3016 crationem
893 2978 1022 3015 mea:
1069 2961 1349 3015 senectutis
1393 2957 1722 3029 conquiram.
1770 2951 1912 3007 Nam
1955 2953 2051 3008 etsi
2096 2953 2148 3006 in

561 3055 806 3122 prwsenti
838 3065 1065 3125 tempore
1092 3051 1360 3123 suppliciis
1387 3049 1655 3105 hominum
1687 3047 1900 3118 eripiar,
1927 3046 2016 3100 sed
2043 3062 2150 3099 ma-

563 3161 662 3198 nus
692 3146 1054 3216 omnipotentis
1086 3161 1248 3216 neque
1303 3145 1444 3200 vivus
1498 3158 1660 3213 neque
1697 3141 1974 3211 defunctus
2015 3140 2149 3212 effu-

562 3240 723 3312 giam,
762 3239 1110 3306 Quamobrem
1143 3237 1349 3309 fortiter
1377 3237 1482 3292 vita
1523 3233 1850 3299 excedenda,
1891 3220 2146 3288 senectute

563 3315 771 3406 quidem
817 3337 1007 3408 dignus
1053 3333 1342 3405 apparebo,
1394 3331 1807 3392 adolescentibus
1857 3329 2148 3402 exemplum

562 3426 697 3496 {orte
743 3425 1070 3498 relinquant,
1110 3426 1155 3482 si
1193 3433 1430 3496 prompto
1477 3423 1654 3484 animo
1697 3439 1759 3476 ac
1805 3421 2010 3491 fortiter
2055 3438 2148 3493 pro

560 3519 882 3588 gravissimis
916 3528 962 3572 et
999 3517 1341 3572 sanctissimis
1369 3515 1566 3587 legibus
1597 3515 1812 3572 honesta
1844 3525 2007 3570 morte
2038 3531 2150 3585 per-

559 3611 754 3682 [ωηατ
783 3610 869 3682 (Η
898 3609 1074 3674 Maeli.
1121 3627 1207 3676 vt,
1236 3609 1440 3680 24-28).
1486 3609 1590 3668 Iste
1624 3609 1772 3665 enim.
1807 3619 1863 3664 et
1893 3609 2147 3670 simulare

556 3703 734 3775 potuit
768 3703 882 3760 sine
915 3703 1344 3774 transgressione
1374 3702 1602 3768 inlicita,
1646 3711 1700 3758 et
1740 3701 1885 3756 licita
1923 3717 2030 3756 non
2069 3702 2144 3758 si-

557 3795 848 3861 mulanter,
879 3792 972 3851 sed
1019 3810 1148 3850 vere
1198 3793 1389 3852 luere:
1421 3795 1514 3851 sed
1548 3793 1742 3857 renuit,
1775 3801 1827 3846 et
1855 3794 2146 3863 pretiosam

558 3893 788 3938 mortem
815 3899 914 3956 pro
939 3883 1167 3940 Domino
1193 3893 1248 3939 et
1277 3883 1514 3956 legitima
1539 3885 1567 3924 ι)
1600 3883 1716 3952 ejus
1752 3883 1939 3939 volens
1968 3884 2148 3938 incur-

560 3973 660 4038 rit,
701 3974 886 4038 diceus
913 3975 965 4030 in
997 3976 1079 4029 sui
1113 3975 1370 4031 transitus
1398 3977 1530 4030 hora
1559 3994 1572 4029 :
1607 3975 1846 4038 Domine,
1876 3979 1964 4048 qui
1991 3977 2146 4033 habes

559 4077 792 4122 sanctam
850 4068 1154 4134 scientiam,
1200 4069 1472 4138 manifeste
1522 4069 1620 4125 scis
1663 4079 1719 4123 tu
1782 4071 1905 4140 quia
1951 4087 2067 4125 cum
2114 4089 2145 4125 a

560 4166 724 4210 morte
752 4158 945 4227 possim
976 4158 1189 4214 liberari
1220 4159 1378 4214 duros
1403 4171 1424 4197 ο
1469 4162 1699 4231 corporis
1728 4163 1958 4216 sustineo
1993 4163 2143 4218 dolo-

559 4264 641 4302 res
679 4263 696 4300 :
737 4251 1024 4305 secundant
1059 4253 1292 4306 animant
1333 4270 1448 4312 vero
1487 4264 1696 4324 propter
1725 4256 1964 4311 timorem
1997 4266 2144 4312 tuum

561 4339 777 4396 libenter
821 4345 930 4398 haec
976 4344 1151 4415 patior
1201 4343 1388 4415 (Ibid.,
1418 4335 1530 4418 30).
1578 4345 1748 4417 llujus
1795 4347 2006 4404 imitare
2055 4349 2144 4404 de-

561 4433 671 4488 cuit
698 4433 898 4490 factum
929 4436 1203 4508 probabile
1225 4478 1240 4504 ,
1271 4447 1325 4492 et
1365 4453 1468 4498 non
1511 4453 1676 4509 prosu
1720 4437 1840 4494 illas
1862 4438 1889 4478 ἀ
1929 4454 2142 4506 carnes,

561 4535 618 4581 ut
642 4526 754 4598 ipse
784 4529 1109 4584 venerabilis
1135 4545 1322 4596 senex,
1351 4531 1444 4588 sed
1465 4548 1561 4602 pro
1586 4531 1836 4596 veritate,
1862 4548 1980 4602 qua)
2004 4532 2144 4588 Deus

2261 2033 2446 2080 nostra
2488 2023 2544 2076 in
2594 2021 2795 2078 vertice
2841 2031 3028 2078 nostro
3085 2023 3364 2086 descendit
3409 2022 3578 2094 (Psal.
3620 2024 3752 2094 vn),
3799 2033 3854 2079 et

2260 2115 2460 2170 malitia
2475 2113 2713 2170 calcanei
2736 2113 2908 2169 nostri
2933 2129 3030 2170 nos
3045 2114 3400 2172 circumdedit
3427 2113 3597 2186 (Psal.
3622 2115 3849 2185 avni).

2257 2209 2367 2266 Nec
2395 2223 2728 2279 conquerere
2756 2207 2824 2263 de
2859 2208 3219 2279 quorumdam
3248 2207 3708 2271 Christianorum.
3737 2207 3853 2262 ine

2256 2305 2688 2376 publicanorum,
2719 2302 3114 2360 insurrectioue
3142 2304 3423 2370 debemus,
3456 2304 3549 2375 qui
3577 2303 3688 2373 ipsi
3709 2319 3853 2361 con.

2256 2411 2340 2457 tra
2365 2407 2564 2456 nostrae
2593 2398 2718 2456 ﬁdei
2751 2398 2986 2456 cultores
3015 2401 3376 2466 surreximus,
3417 2410 3473 2455 et
3493 2401 3547 2457 in
3569 2412 3850 2470 quantum

2254 2492 2530 2566 potuimus
2559 2499 2776 2547 sanctos
2817 2490 2914 2546 Dei
2946 2491 3224 2550 dicacibus
3245 2492 3430 2549 verbis
3466 2493 3849 2552 maledicende

2256 2586 2610 2657 turpavimus.
2644 2585 2714 2640 Et
2745 2584 2874 2640 licet
2901 2585 3003 2640 iste
3033 2594 3349 2656 persecutor
3383 2585 3639 2642 Ecclesium
3665 2586 3849 2657 publi-

2251 2695 2422 2735 canus
2461 2678 2711 2743 multum,
2755 2678 3103 2748 permittente
3133 2679 3266 2745 Deo,
3295 2687 3486 2734 contra
3518 2678 3644 2734 ﬁdei
3672 2695 3796 2735 sua
3820 2691 3845 2720 ο

2251 2773 2406 2829 canis
2455 2772 2754 2828 surrexerit
2792 2772 3036 2838 rabidus,
3091 2782 3150 2828 et
3197 2774 3492 2844 praebuerit
3543 2773 3843 2844 gentilibus

2251 2864 2489 2935 gladium
2533 2863 2603 2917 ad
2651 2862 2910 2934 populum
2956 2863 3168 2918 Domini
3214 2863 3601 2936 jugulandum;
3658 2873 3842 2921 tanien

2253 2957 2397 3014 sicut
2423 2954 2788 3011 conﬁtendum
2814 2961 2920 3020 est,
2947 2955 3050 3010 hoc
3080 2955 3329 3012 ﬁdelibus
3350 2958 3496 3028 juste
3537 2967 3596 3012 et
3639 2958 3842 3013 merito

2251 3047 2711 3120 praevaricationis
2748 3048 3028 3114 evenisse;
3061 3047 3139 3102 ita
3178 3064 3212 3104 ο
3249 3050 3528 3105 contrario
3556 3049 3838 3106 fatendum

2251 3149 2354 3205 est,
2385 3139 2534 3196 illum
2581 3138 2779 3195 diaboli
2815 3140 3076 3197 membris
3101 3139 3121 3180 ¹
3157 3141 3473 3206 adhaesisse,
3519 3153 3575 3198 et
3615 3144 3686 3198 ad
3712 3158 3837 3215 pro

2250 3233 2526 3289 hationem
2551 3217 2805 3288 Ecclesiae
2826 3239 2880 3286 et
2904 3233 3180 3302 palearum
3208 3234 3612 3290 ventilationent
3642 3237 3838 3292 instil-

2177 3291 2222 3356 Ο
2254 3333 2344 3380 ctu
2394 3323 2610 3379 Domini
2647 3333 2704 3378 et
2744 3291 2956 3395 peccati
2994 3325 3182 3381 aculeo
3206 3326 3484 3396 prosilisse
3519 3346 3532 3381 :
3563 3328 3722 3397 cujus
3754 3342 3840 3386 u-

2252 3419 2538 3484 surrectio,
2584 3417 2714 3475 licet
2754 3418 3119 3490 permissione
3155 3418 3567 3489 omnipotentis,
3598 3428 3664 3473 ut
3698 3418 3834 3474 dixi-

2251 3526 2390 3576 mus,
2435 3511 2696 3565 hactenus
2748 3511 3147 3579 praetendatur;
3187 3519 3368 3565 tamen
3396 3516 3518 3580 post
3552 3518 3833 3580 peractum

2249 3601 2615 3658 ventilationis
2665 3600 2748 3656 vel
2803 3601 3144 3672 probationis
3197 3601 3484 3672 judicium,
3545 3601 3830 3667 severiori,

2249 3695 2360 3751 imo
2393 3709 2522 3750 vero
2563 3695 2766 3766 judicio
2796 3696 3073 3766 punietur,
3124 3703 3185 3749 ut
3231 3702 3285 3750 et
3336 3693 3538 3749 Christi
3590 3692 3831 3748 Ecclesia

2247 3785 2582 3857 probationis
2621 3786 2835 3842 camino
2881 3785 3164 3851 clarescat,
3203 3793 3259 3840 et
3297 3785 3482 3840 hostes
3518 3783 3638 3854 ejus
3675 3784 3832 3854 digus

2249 3880 2516 3936 sententia
2561 3880 2963 3935 tenebrescant.
3015 3878 3158 3947 Quid
3205 3879 3348 3934 enim
3386 3893 3576 3933 aerum
3618 3877 3828 3932 incom-

2247 3974 2556 4040 moditates,
2601 3975 2729 4044 quid
2759 3973 3108 4029 inclementia
3146 3972 3289 4038 caeli,
3323 3973 3452 4043 quid
3492 3973 3829 4026 immensitas

2249 4065 2524 4130 imbrium,
2555 4065 2683 4134 quid
2714 4064 2886 4120 fames
2930 4064 3278 4135 populorum,
3312 4063 3415 4119 nisi
3448 4064 3587 4118 iram
3616 4062 3824 4118 Domini

2246 4156 2503 4223 clamant,
2533 4168 2590 4212 et
2613 4157 2907 4212 vindictam
2932 4159 3045 4229 jam
3070 4159 3293 4230 jamque
3315 4148 3635 4213 'imininere
3674 4157 3826 4212 minio

2248 4258 2365 4305 tant
2395 4260 2454 4305 et
2478 4251 2780 4307 intentant?
2826 4251 3052 4322 Templa
3088 4254 3232 4308 enim
3259 4252 3462 4308 Christi
3501 4269 3531 4306 a
3561 4251 3823 4308 sacriﬁcio

2244 4345 2503 4411 desolata,
2522 4355 2574 4400 et
2590 4345 2704 4400 loca
2728 4358 2913 4401 saneta
2935 4347 3002 4401 ab
3019 4348 3250 4403 ethnicis
3270 4348 3594 4418 exstirpata,
3613 4359 3668 4402 et
3685 4365 3712 4401 a
3727 4363 3820 4418 pu-

2244 4434 2388 4491 blico
2435 4439 2626 4492 eadem
2678 4435 2795 4492 loca
2844 4434 2939 4492 Dei
2983 4439 3279 4503 destructa,
3320 4452 3486 4493 censu
3537 4439 3821 4494 crudeliter

2244 4540 2558 4601 aggravata,
2606 4545 2704 4600 per
2754 4531 3225 4588 incommoditates
3247 4548 3454 4597 aerum,
3488 4540 3544 4586 et
3573 4533 3819 4587 distribu-

561 4625 666 4682 est,
708 4633 877 4688 usque
919 4619 985 4673 ad
1030 4619 1349 4676 elfusiouem
1385 4623 1662 4693 sanguinis
1691 4623 1928 4692 oportuit
1957 4623 2141 4680 decer-
2166 4653 2220 4718 Β
2248 4624 2428 4679 tiones
2456 4624 2720 4694 gentium,
2765 4633 2822 4678 et
2854 4625 3192 4682 incursiones
3243 4626 3608 4681 vindicabitur
3640 4629 3669 4668 ⁸
3695 4639 3817 4698 ιιι-ι·-

560 4716 696 4763 tare.
728 4707 853 4764 Haec
882 4724 980 4780 pro
1003 4711 1196 4765 horum
1220 4711 1468 4768 simulato
1497 4712 1623 4768 ﬁdei
1653 4712 1977 4770 documento
2004 4733 2016 4769 :
2045 4715 2140 4773 sed

560 4800 694 4854 satis
722 4799 823 4855 hoc
853 4801 972 4857 loco
1000 4802 1288 4874 digestum.

635 4890 714 4946 IS.
754 4890 907 4946 Nunc
948 4892 1016 4947 ad
1065 4909 1127 4947 ea
1165 4909 1285 4965 quae
1313 4908 1582 4965 cmperam
1620 4896 1778 4953 ﬂecto
1815 4898 2124 4966 articulum,

561 4993 615 5036 et
658 4983 886 5052 probare
928 4993 1117 5058 nostro
1159 4985 1289 5040 vitio
1337 4986 1568 5041 inlatum
1613 4988 1808 5043 iterum
1865 4990 2137 5046 intentabo

561 5073 850 5144 ﬂagellum.
895 5073 1090 5130 Nostra
1141 5077 1275 5142 lucc,
1328 5076 1547 5143 fratres,
1593 5088 1778 5134 nostra
1809 5081 2009 5136 desidia
2043 5098 2132 5152 pe-

561 5165 701 5234 perit
746 5165 909 5230 mala,
939 5176 1121 5223 nostra
1151 5168 1452 5239 impuritas,
1489 5178 1671 5225 nostra
1698 5170 1908 5238 levitas,
1949 5184 2135 5231 nostra

562 5271 775 5310 morum
800 5257 1148 5324 obscmnitas,
1200 5261 1324 5315 dum
1356 5262 1630 5327 timemus,
1671 5262 1760 5318 ubi
1803 5281 1908 5320 non
1959 5277 2042 5322 est
2073 5269 2140 5323 ti-

565 5362 700 5412 mor,
735 5357 790 5406 et
824 5351 1259 5421 parvipendimus
1288 5371 1300 5407 :
1332 5367 1432 5423 pro
1458 5367 1524 5408 eo
1554 5353 1696 5424 quod
1740 5356 1986 5412 diﬂcrtur
2017 5374 2139 5430 sup-

458 5499 468 5515 ‘
560 5438 782 5510 plicium
807 5443 1214 5514 sempiternum,
1237 5445 1410 5500 secuti
1433 5459 1621 5502 sumus
1643 5445 1974 5505 horrendam
1997 5467 2139 5506 mor-

692 5622 754 5697 ξ’.
782 5636 1159 5697 prwparatum.

695 5693 759 5768 ᾗ.
783 5693 1013 5768 licitis...
1044 5697 1308 5768 legitimis.

687 5764 824 5832 Ms"
852 5767 1020 5822 dolos.

493 5832 512 5903 ξ
604 5833 655 5918 ,τι
682 5832 1083 5918 _L..pro_.su.i_ttas
1108 5852 1125 5890 :
1152 5853 1216 5894 ac
1235 5842 1444 5918 corrige
1465 5860 1560 5916 pro
1582 5845 1754 5902 suilli:
1770 5847 2034 5913 carnibus,
2051 5847 2149 5904 sic-

469 5921 478 5925 ‘
561 5912 624 5970 ut
649 5907 834 5962 statim
863 5907 995 5962 dicit
1021 5926 1113 5980 pro
1145 5912 1381 5970 veritate.

475 5661 491 5686 θ.
628 5634 658 5664 ι

464 5686 513 5780 2a
627 5692 660 5780 ξ

2242 4715 2454 4770 liorum.
2493 4714 2618 4770 Hmc
2643 4716 2789 4770 enim
2811 4717 2988 4772 omnis
3008 4717 3162 4789 plaga
3189 4717 3434 4773 ﬁdelibus
3456 4718 3524 4773 ad
3546 4718 3812 4790 prcmium

2243 4808 2475 4878 prolicit,
2514 4807 2823 4864 inﬁdelibus
2854 4811 2920 4864 ad
2967 4809 3294 4880 supplicium
3335 4811 3552 4865 crescit.
3597 4810 3811 4864 Munda-

2244 4918 2366 4957 mur
2392 4916 2626 4971 namque
2653 4916 2753 4972 per
2796 4902 2976 4958 saeculi
3031 4903 3188 4958 istius
3226 4916 3531 4975 pressurus,
3562 4902 3607 4957 si
3645 4911 3812 4957 tamen

2241 4993 2622 5063 resipiscentes
2683 5002 2898 5050 nostras
2959 4994 3387 5064 disposuerimus
3446 5009 3640 5051 curare
3682 5005 3806 5064 quas

2247 5085 2616 5140 contraximus
2655 5086 2859 5157 culpas.
2891 5084 3157 5142 Caeterum
3196 5089 3240 5143 si
3268 5088 3321 5142 in
3370 5097 3560 5142 errore
3595 5085 3806 5157 pristim

2249 5182 2602 5252 perdurantes
2631 5182 2906 5238 obstinata
2953 5193 3153 5248 mente,
3199 5191 3258 5241 et
3292 5184 3606 5239 indomabiti
3634 5181 3800 5244 corde,

2248 5274 2460 5343 obliqua
2487 5276 2988 5346 prmealcaverimus
3014 5278 3238 5345 itinera,
3276 5276 3575 5333 cavendum
3595 5285 3687 5340 est,
3724 5285 3796 5327 ne

2248 5366 2651 5424 clementissimi
2678 5370 2846 5440 patris
2881 5371 2947 5424 ad
2977 5370 3181 5442 majora
3210 5370 3520 5426 ulciscenda
3549 5379 3789 5441 promea-

2249 5475 2370 5515 mus
2419 5462 2761 5528 sententiam,
2807 5473 2861 5516 et
2914 5479 3021 5518 non
3069 5463 3516 5542 redemptionem,
3560 5460 3648 5522 sed
3693 5457 3794 5536 sla-

2326 5649 2349 5675 ο
2390 5635 2551 5690 Deest
2599 5635 2800 5705 aliquid
2839 5654 2851 5691 :
2889 5635 2973 5692 vel
3016 5647 3195 5691 contra
3237 5638 3402 5707 ﬁdem
3451 5652 3598 5698 suain
3633 5632 3792 5702 legau-

2253 5708 2399 5760 dum.

2329 5778 2347 5815 τ
2395 5776 2519 5841 Ms.,
2548 5779 2880 5832 membribus.

2325 5849 2352 5888 ⁸
2385 5849 2555 5904 Bravo
2588 5863 2602 5902 :
2644 5850 2960 5916 vindicatur,
2992 5866 3112 5923 pag.
3150 5850 3272 5910 156.
