4034 6350
290 338 403 403 $53

1502 347 1866 413 INDICULUS
1904 349 2319 415 LUMINOSUS.

3433 368 3542 426 ω

290 456 451 514 dium
474 450 844 533 temporalem.
873 458 982 527 lino
1013 471 1271 535 mortem,
1305 464 1644 529 incurramus
1662 484 1855 543 perpe-
1885 474 1939 534 Α
1961 480 2184 529 conatus
2230 475 2421 547 adfuit,
2463 481 2682 537 tramite
2718 481 2872 538 brevi
2915 481 3257 557 digessimus.
3295 484 3367 542 Et
3403 486 3539 546 licet

288 559 467 609 tuam.

364 642 455 702 £9.
492 643 661 703 Miror
681 654 865 705 tamen
883 646 1096 720 aliquos
1120 650 1363 709 invenire
1394 669 1723 728 praeparvos,
1754 654 1865 712 for-

287 751 393 794 san
422 750 531 794 non
559 738 827 809 homines,
861 742 958 799 sed
982 757 1109 802 vere
1134 760 1256 803 cum
1287 747 1645 807 minoratione
1673 750 1863 808 dicen-

286 827 392 885 dos
412 829 789 900 homunculus,
805 834 899 904 qui
913 835 1198 906 prasulem
1211 837 1475 903 infamant
1494 841 1863 911 maledictum,

284 936 322 994 y
354 925 673 998 martyrium
696 940 850 998 aquo
888 929 1072 991 animo
1112 928 1372 989 salierunt
1399 935 1742 1002 detestatum,
1765 953 1859 993 ve—

284 1025 549 1073 nerantes
573 1016 709 1075 letas
737 1032 764 1061 ιι
790 1021 1167 1093 episcoporum
1192 1026 1247 1081 in
1267 1027 1555 1100 prmsulem
1576 1036 1861 1087 currentes

284 1110 613 1178 sententias,
633 1112 1101 1175 maledictiouibus
1114 1126 1170 1179 et
1188 1118 1633 1181 detestationibus
1656 1122 1859 1194 plenas.

282 1203 359 1261 Et
381 1208 575 1265 eodem
599 1210 793 1269 mentis
816 1213 999 1283 vigore
1024 1214 1313 1273 adversum
1342 1217 1466 1275 fidei
1488 1221 1863 1293 episcopdrum

281 1298 529 1375 colentes
547 1301 847 1370 decretum,
886 1306 1171 1378 sacrilegio
1203 1318 1259 1365 et
1293 1310 1665 1381 blasphemiis,
1689 1320 1751 1367 ut
1785 1312 1861 1369 le-

279 1390 429 1444 viter
448 1400 659 1461 putant,
695 1393 757 1449 in
789 1397 1099 1466 tyruuculos
1120 1398 1323 1457 Christi
1362 1400 1621 1459 refertum
1648 1421 1661 1459 :
1687 1404 1860 1460 homi-

281 1497 419 1537 num
444 1484 846 1544 ntaledietiones
880 1488 937 1544 in
964 1491 1219 1563 episcopo
1259 1496 1621 1564 attendentes,
1664 1508 1721 1555 et
1755 1500 1857 1555 hu-

280 1590 481 1632 manas
499 1577 875 1649 legam
900 1588 1312 1645 conservatione
1340 1601 1687 1659 venerantes;
1718 1591 1856 1648 divi-

279 1686 387 1727 nas
413 1688 542 1729 vero
588 1676 898 1734 sanctiones
936 1688 1127 1735 contra
1158 1682 1364 1740 hostem
1389 1682 1644 1741 Ecclesiae
1685 1693 1853 1742 teme-

279 1774 488 1829 rantes,
534 1775 594 1823 et
642 1768 967 1828 clamantes
988 1773 1193 1832 Christi
1230 1786 1503 1850 martyres
1533 1778 1855 1837 conlaudan-

280 1863 372 1911 ωε
401 1857 431 1899 ι’
462 1876 475 1913 :
504 1873 605 1916 nee
630 1862 834 1931 apertis
862 1862 1034 1920 acidis
1057 1873 1114 1920 et
1136 1875 1378 1924 reserato
1402 1868 1606 1926 lumine
1630 1885 1689 1927 se
1710 1871 1855 1942 juste

277 1948 573 2006 maledicto
614 1951 798 2013 vident
835 1953 1103 2021 addictos,
1137 1957 1262 2014 dum
1291 1958 1720 2019 benedictionem
1751 1979 1850 2020 no-

276 2038 481 2106 lentes,
534 2040 739 2100 Christi
787 2052 1225 2117 centenmscrunt
1276 2051 1501 2111 amicos.
1555 2052 1664 2108 Cur
1707 2052 1852 2110 enim

273 2129 660 2189 Biothenatum
686 2146 709 2175 °
734 2138 1019 2205 prasalent
1046 2149 1279 2196 renuant
1295 2144 1503 2210 nescio,
1529 2145 1657 2203 dum
1687 2153 1851 2203 testes

275 2218 483 2277 Christi
515 2232 573 2299 et
601 2224 844 2282 veritatis
880 2228 1156 2285 ministros
1185 2231 1517 2289 damnationi
1542 2249 1684 2290 verat
1709 2233 1737 2274 ἀ
1768 2250 1853 2292 as-

274 2320 488 2377 serat,
531 2321 589 2369 et
638 2330 876 2388 congruo
930 2318 1212 2388 subiacere
1252 2321 1477 2393 judicio.
1526 2324 1849 2396 Aperiamus

272 2417 415 2474 ergo
441 2404 629 2461 oculos
650 2418 679 2447 α
705 2408 913 2475 cordis,
930 2419 987 2467 et
1014 2410 1279 2480 judicium
1320 2415 1532 2472 Domini
1563 2416 1768 2488 justum
1792 2420 1847 2476 in

272 2495 438 2550 nobis
456 2497 737 2559 videam
755 2500 971 2561 sevisse
997 2519 1012 2556 :
1047 2511 1102 2559 et
1128 2503 1438 2563 desinamus
1461 2522 1495 2561 a
1523 2507 1847 2564 contumelia

270 2598 603 2661 martyrum,
646 2605 723 2648 ne
749 2607 848 2649 nos
896 2594 1029 2655 ultio
1084 2595 1229 2666 regis
1268 2596 1456 2655 aeterni
1512 2598 1848 2672 incorreptos

269 2683 538 2753 perducat
567 2686 637 2742 ad
671 2694 955 2745 turturum.
980 2723 985 2727 ο
1009 2687 1281 2749 Curemus
1306 2698 1367 2747 ut
1399 2707 1507 2748 non
1547 2703 1707 2750 exeat
1731 2710 1847 2749 ma-

269 2776 606 2847 gniloqnium
632 2793 701 2835 er
741 2792 840 2837 ore
892 2789 1097 2847 nostro,
1139 2790 1196 2837 et
1240 2783 1299 2843 in
1327 2783 1521 2843 coelum
1557 2800 1758 2856 ponere
1783 2802 1848 2844 os

268 2877 525 2926 neum
550 2868 722 2942 (Paul.
752 2874 921 2944 sunt)
963 2875 1228 2942 vitemus;
1255 2877 1499 2937 scientes
1526 2879 1651 2951 quia
1678 2880 1842 2937 mise-

268 2960 509 3017 ricordia
532 2971 591 3017 et
618 2962 697 3019 ira
728 2965 797 3020 ab
838 2964 939 3023 illo
983 2967 1095 3023 cito
1120 2969 1453 3039 proximam,
1478 2979 1535 3027 et
1570 2970 1845 3042 timentes,

266 3072 341 3113 ne
363 3058 543 3114 subito
561 3057 713 3115 {amr
736 3058 857 3131 eius
875 3062 1099 3121 ueiens
1119 3064 1391 3137 disperdat
1418 3081 1521 3125 nos
1548 3084 1561 3121 :
1593 3082 1663 3124 ne
1687 3069 1843 3125 nobis

266 3149 402 3206 illud
436 3152 685 3208 Ieremia
712 3154 996 3210 conveniat
1019 3155 1221 3212 dictum
1255 3176 1269 3213 :
1294 3156 1543 3229 Interfui
1563 3169 1612 3215 et
1636 3160 1842 3231 perdidi

264 3247 523 3318 populum
554 3262 747 3316 meum,
771 3260 821 3306 et
850 3269 884 3307 ο
912 3253 1015 3307 uiis
1043 3254 1155 3309 uti:
1185 3270 1293 3310 non
1321 3264 1443 3311 om
1487 3257 1677 3318 reveni
1702 3252 1841 3333 (1a.

263 3350 359 3406 xv,
392 3339 471 3410 τ).
506 3340 575 3396 Et
612 3342 815 3399 iterm
867 3360 882 3397 :
937 3342 1110 3403 Natta
1150 3344 1327 3405 labere
1372 3351 1619 3407 sudauit:
1655 3362 1759 3420 est,
1791 3362 1842 3409 et

266 3438 374 3485 non
399 3432 559 3487 exivit
585 3433 657 3489 ad
694 3446 759 3490 ea
804 3437 969 3492 nimia
996 3439 1185 3510 rubigo
1203 3441 1342 3511 ejus,
1372 3458 1650 3515 nuncper
1667 3446 1841 3515 ignem

263 3521 609 3579 inmunditia
648 3534 741 3580 ητα
791 3529 1146 3596 exsecrabilis,
1177 3533 1305 3602 quia
1326 3535 1583 3590 mundare
1602 3546 1659 3591 te
1676 3536 1837 3604 solut,

262 3622 319 3669 et
347 3628 455 3670 non
482 3628 539 3671 es
569 3618 824 3674 mndata
847 3636 883 3675 tl
906 3620 1153 3678 sordibus
1170 3624 1279 3678 luis
1305 3623 1521 3695 (distuli.
1545 3641 1696 3692 utv,
1724 3628 1836 3700 12).

262 3703 476 3765 Enecat
520 3708 619 3764 his
652 3710 858 3767 dum:
899 3714 1195 3781 intuentes,
1219 3724 1276 3771 et
1315 3726 1625 3774 sanctorum
1652 3718 1845 3777 multo-

261 3811 386 3851 rum
412 3810 583 3868 opera
611 3812 1041 3872 campanam,
1091 3806 1461 3878 victoriasth
1479 3808 1719 3867 ﬁdelium
1745 3825 1841 3867 ex-

260 3886 539 3956 tollentes,
563 3892 925 3963 gloriﬁcems
952 3895 1260 3965 hominum,
1293 3906 1353 3954 et
1376 3900 1574 3957 nudum
1611 3900 1839 3971 ﬁgamus

257 3981 599 4049 criminibus,
628 3991 685 4039 et
703 3985 865 4042 dente
888 3988 1079 4045 mide
1098 3989 1271 4046 nostri
1294 3991 1661 4059 immemores,
1684 3992 1840 4063 quie-

257 4071 449 4127 tudine
460 4070 574 4142 jam
607 4075 854 4133 tutantes
877 4088 1105 4147 teneros,
1145 4090 1200 4137 et
1237 4082 1357 4154 regi
1386 4098 1493 4139 suo
1514 4082 1653 4141 lacis
1682 4092 1839 4143 tenus

254 4164 582 4231 servientes,
602 4166 853 4224 belluinis
873 4171 1139 4228 morsibus
1162 4188 1270 4228 non
1297 4173 1641 4244 imputaturus.
1726 4184 1729 4187 '

326 4254 421 4311 20.
464 4256 575 4315 Sed
608 4261 655 4315 si
680 4262 849 4317 ﬁdem
888 4264 1107 4320 Domini
1153 4267 1296 4322 sicut
1330 4266 1555 4338 dignum
1592 4277 1681 4326 est
1724 4284 1839 4326 non

250 4352 657 4422 praedicamus,
717 4355 905 4411 saltim
955 4357 1167 4415 occulte
1204 4360 1562 4431 praedicantes
1617 4362 1837 4419 dextras

249 4444 444 4502 auxilii
475 4449 683 4506 demus.
714 4450 989 4523 Rogantes
1009 4453 1511 4526 leletnentissimum:
1545 4455 1835 4512 Dominum

1965 570 2320 646 incomposita
2341 574 2516 636 dictio.
2544 594 2762 637 sensum
2807 578 3025 639 lectoris
3069 590 3312 654 enervet,
3359 591 3539 642 tamen

1964 661 2216 721 instantis
2265 666 2477 725 devotio
2519 686 2629 726 non
2683 669 2884 728 inculta
2934 674 3282 745 pensabitur,
3329 675 3376 732 sl
3430 688 3540 749 quo

1964 755 2144 812 animo
2164 766 2399 829 carptum
2422 768 2525 827 est,
2552 758 2860 819 Christiano
2882 766 3044 821 modo
3073 765 3318 823 libretur.
3350 765 3539 839 Neque

1962 848 2107 904 enim
2134 856 2245 905 tam
2278 851 2446 907 densa
2468 852 2791 911 hebetudine
2818 863 3025 925 teneor,
3074 865 3135 913 ut
3180 857 3286 921 mei
3338 857 3539 915 oblitus

1961 954 2060 1010 per
2088 956 2205 1010 quae
2247 942 2533 1016 displicere
2574 944 2706 1000 viris
2752 947 2989 1003 strenuis
3025 946 3189 1004 timeo
3215 988 3231 1015 ,
3276 962 3378 1020 per
3423 949 3543 1010 htec

1961 1029 2132 1088 laudis
2167 1048 2252 1089 me
2304 1044 2547 1106 reputem
2592 1034 2814 1109 gloriam
2862 1038 3156 1096 incurrisse
3199 1058 3212 1095 :
3262 1041 3390 1111 Quia
3436 1054 3539 1099 nec

1961 1121 2013 1177 in
2040 1112 2341 1179 liberalium
2373 1125 2569 1181 artium
2611 1126 2891 1203 disciplina
2936 1145 3042 1184 non
3091 1130 3362 1186 excultum
3415 1146 3541 1202 pro-

1959 1213 2136 1282 prium
2186 1215 2373 1286 ignoro
2416 1217 2675 1285 studium,
2718 1224 2773 1274 et
2814 1220 3168 1276 nescientiam
3217 1233 3394 1278 meam
3425 1222 3543 1293 ipse

1959 1320 2065 1361 non
2088 1307 2290 1373 nescio,
2320 1317 2375 1364 et
2403 1310 2544 1379 quod
2570 1311 2879 1383 magisterio
2920 1308 3156 1369 humano
3197 1330 3307 1371 non
3350 1312 3535 1380 didici,

1958 1398 2215 1454 exhibere
2239 1398 2383 1466 aliis,
2417 1408 2476 1456 ut
2512 1410 2639 1473 pote
2681 1402 2925 1476 ignarus,
2949 1420 3055 1461 non
3087 1405 3254 1461 valui.
3305 1403 3371 1462 Et
3393 1413 3539 1462 certe

1959 1488 2256 1556 rusticitas,
2287 1506 2407 1561 qua:
2437 1491 2570 1548 mihi
2594 1492 2817 1549 vernula
2862 1493 3033 1550 haeret
3073 1492 3289 1552 incultae
3319 1495 3537 1568 linguae,

1957 1580 2236 1650 imponere
2256 1581 2528 1638 silentium
2554 1584 2759 1652 debuit,
2786 1592 2842 1642 et
2886 1603 2954 1642 ne
2976 1587 3324 1659 peritissimis
3346 1596 3402 1645 et
3428 1585 3537 1643 elo-

1955 1672 2189 1742 quentiae
2217 1673 2500 1745 splendore
2547 1674 2873 1749 fulgentibus
2898 1693 2986 1735 me
3031 1681 3340 1752 importune
3386 1680 3539 1751 inge-

1959 1781 2159 1833 rerem,
2200 1769 2598 1839 sapientissime
2646 1769 2876 1829 fortasse
2925 1773 3123 1846 aliquis
3173 1776 3204 1817 ι’
3247 1773 3535 1848 Opinatur,

1955 1858 2123 1917 fuisse
2166 1860 2465 1929 vitandum.
2514 1861 2620 1919 Sed
2661 1880 2760 1937 ego
2788 1882 2895 1924 non
2936 1883 3098 1941 quam
3148 1877 3396 1937 venuste,
3440 1866 3543 1924 sed

1953 1968 2116 2024 quam
2140 1967 2268 2009 vere
2297 1953 2589 2011 scriberem
2619 1956 2864 2029 cogitans
2900 1958 3272 2032 parvipcndidi
3298 1958 3538 2032 philoso-

1949 2044 2183 2115 phorum
2213 2047 2454 2103 omnium
2484 2048 2720 2112 laudent,
2760 2066 2863 2107 nec
2891 2050 2960 2107 ad
2990 2052 3355 2107 defensionem
3378 2048 3541 2121 justlJ

1949 2138 2038 2194 tite
2068 2138 2210 2193 labia
2248 2154 2368 2195 mea
2397 2138 2666 2196 inerudito
2708 2140 2892 2215 lingua
2921 2143 3221 2216 prohibuit,
3251 2143 3379 2215 quia
3424 2154 3537 2198 non

1948 2229 2247 2300 imputatur
2273 2232 2592 2303 praaputium
2623 2233 2734 2289 oris
2761 2235 2847 2290 cui
2893 2234 3237 2292 circumcisio
3274 2235 3426 2306 jussa
3451 2239 3541 2292 est

1949 2323 2148 2378 cordis.
2177 2321 2349 2377 Habet
2368 2339 2602 2396 namque
2622 2326 2945 2398 prirputium
2971 2325 3194 2382 subdola
3224 2334 3280 2382 et
3308 2324 3539 2398 palpans

1947 2411 2185 2468 invectio
2214 2410 2511 2485 all‘racnata,
2545 2423 2602 2471 et
2640 2427 2816 2473 melas
2862 2415 3175 2473 transiliens
3205 2422 3531 2489 exaggerata

1948 2500 2205 2574 fatuaqne
2250 2503 2509 2559 dissoluta
2540 2505 2644 2573 ira,
2678 2506 2763 2560 vel
2794 2507 2904 2570 risu
2947 2507 3201 2564 contexio
3237 2508 3290 2562 ιι.
3325 2506 3435 2563 Sed
3478 2514 3535 2563 et

1947 2604 2201 2651 accurata
2230 2595 2568 2668 dissertaque
2591 2598 2647 2653 in
2676 2598 2837 2653 rebus
2864 2598 3122 2669 perituris
3139 2605 3195 2655 et
3220 2596 3533 2657 labentibus

1944 2686 2055 2743 ﬁne
2100 2686 2371 2755 facundia,
2415 2687 2501 2745 vel
2548 2689 2604 2745 in
2647 2690 3006 2746 mundialibus
3034 2698 3088 2747 et
3135 2691 3259 2746 fidei
3290 2689 3530 2747 adversis

1945 2779 2178 2851 eloquia,
2226 2779 2453 2851 polluta,
2508 2779 2911 2849 incircumcisa,
2965 2790 3020 2838 et
3058 2782 3531 2839 immunditiarum

1946 2870 2198 2926 sordibus
2222 2878 2348 2927 sunt
2373 2870 2669 2940 inquinata.
2701 2869 2999 2929 Rusticitas
3028 2882 3203 2928 autem
3228 2871 3524 2941 fructuosa,

1944 2971 2002 3018 ct
2030 2962 2299 3034 imperitia
2331 2961 2384 3017 in
2410 2962 2582 3019 sacris
2611 2963 2929 3021 extollendis
2974 2964 3253 3038 mysteriis
3289 2981 3397 3021 non
3435 2978 3523 3023 ve-

1945 3064 2106 3112 nusta
2132 3097 2151 3124 ,
2188 3071 2294 3112 non
2338 3071 2493 3112 coeno
2535 3055 2869 3112 inﬁdelitatis
2902 3066 2958 3112 et
2993 3059 3223 3117 salebris
3255 3058 3528 3132 voragini-

1947 3148 2157 3224 basque
2176 3146 2657 3224 sordidabtlirgct;
2692 3148 2801 3208 sed
2840 3148 3148 3208 humilitate
3188 3162 3244 3208 et
3282 3151 3526 3209 veritatis

1949 3246 2143 3303 decore
2165 3258 2263 3317 per
2292 3259 2349 3302 sc
2380 3243 2631 3315 speciﬁce
2673 3243 2863 3318 fulget.
2892 3244 2977 3307 Et
3011 3245 3132 3302 ideo
3171 3247 3219 3303 si
3248 3262 3355 3318 qua
3384 3244 3529 3302 forte

1943 3339 2283 3395 adversantia
2330 3337 2599 3394 catholico
2636 3336 2874 3408 dogmati
2920 3338 3252 3411 negligenter
3287 3342 3303 3382 ί
3347 3339 3524 3397 disse—

1942 3433 2058 3500 rui;
2089 3448 2199 3489 non
2226 3433 2485 3497 volo,sed
2514 3436 2759 3492 caecitate
2778 3436 2976 3492 mentis
2997 3445 3222 3508 urgente
3243 3454 3257 3504 ;
3280 3452 3343 3493 ea
3373 3450 3523 3508 rogo,

1941 3524 2173 3583 lectores
2198 3525 2333 3592 mei,
2356 3524 2570 3583 ﬂetibus
2596 3526 2825 3594 diluant,
2858 3526 3110 3598 precibus
3141 3536 3370 3600 tergant,
3402 3541 3525 3583 ora-

1942 3618 2178 3675 tionibus
2226 3620 2490 3677 mundent
2532 3636 2546 3673 :
2587 3634 2902 3679 sermonum
2937 3635 3068 3675 vero
3101 3619 3233 3675 vitia
3277 3626 3383 3675 tota
3425 3628 3523 3674 oro

1942 3711 2265 3767 intemerata
2306 3710 2633 3781 relinquant.
2688 3706 2861 3767 Judex
2907 3712 3051 3768 enim
3097 3708 3189 3768 ille
3234 3711 3321 3767 eui
3380 3710 3520 3766 hanc

1941 3805 2303 3863 intentionem
2326 3806 2627 3862 devotionis
2660 3805 2859 3873 libavi,
2893 3821 3002 3862 non
3038 3806 3326 3863 verborum
3366 3803 3518 3873 folia,

1941 3898 2039 3954 sed
2086 3897 2325 3965 radicem
2364 3897 2544 3953 cordis
2583 3896 2838 3953 discernit
2871 3913 2886 3953 :
2928 3911 3027 3953 nec
3071 3897 3139 3953 ad
3185 3895 3517 3952 curationem

1941 4003 2225 4046 coruscam
2255 4002 2459 4060 prosae,
2500 3988 2593 4047 sed
2633 3987 2812 4059 operis
2856 3986 3018 4042 ditem
3058 3987 3307 4043 intendit.
3342 3987 3520 4056 Agant

1939 4090 2255 4136 eructuosas
2301 4078 2627 4151 quzcstiones
2681 4077 3024 4149 philosophi,
3078 4085 3133 4133 et
3184 4076 3514 4143 Donatistae,

1936 4170 2090 4242 genis
2115 4169 2334 4241 impuri,
2387 4170 2585 4227 latratu
2633 4185 2850 4237 canum,
2904 4170 3160 4243 grunnitu
3204 4185 3514 4240 porcorum,

1936 4262 2091 4320 fauce
2130 4278 2286 4330 rasa,
2330 4271 2386 4319 et
2417 4262 2669 4320 dentibus
2707 4263 3021 4329 stridentes,
3066 4261 3235 4319 saliva
3276 4262 3516 4334 spumosi

1938 4355 2278 4427 grammatici
2334 4364 2569 4412 ructent.
2629 4353 2737 4412 Nos
2780 4370 2909 4411 vero
2969 4355 3269 4428 evangelici
3328 4355 3513 4421 servi,

1934 4446 2138 4505 Christi
2187 4447 2459 4520 discipuli,
2506 4446 2902 4506 rusticanorum
2953 4446 3267 4523 sequipedi,
3318 4448 3515 4521 quibus

247 4539 421 4595 colite
435 4539 1299 4616 mhveuientemdelinquentibus
1324 4545 1830 4613 lesumeristum,
1856 4582 1912 4645 Β
1938 4538 2290 4612 injmiguntur
2326 4540 2533 4644 plena,
2561 4539 2756 4645 quibus
2794 4539 3183 4645 praecipiuntur
3218 4530 3406 4642 fortia,
3457 4538 3512 4591 e’t

248 4632 349 4705 qui
377 4642 433 4689 et
459 4642 731 4692 retroacta
760 4644 816 4693 et
857 4653 1001 4693 nunc
1038 4638 1314 4695 multoties
1345 4638 1610 4695 intentata
1652 4638 1834 4697 illde

247 4732 387 4796 gent
414 4742 431 4780 :
456 4738 521 4782 ac
545 4736 617 4782 ne
647 4725 909 4799 deinceps
942 4736 1181 4801 preceps
1225 4731 1370 4785 actio
1406 4738 1664 4786 consuete
1707 4744 1835 4800 pro-

247 4830 421 4875 ruens
445 4819 629 4887 cadat,
658 4835 754 4876 sua
799 4821 999 4878 invicta
1024 4821 1363 4879 inﬁrmorum
1401 4823 1563 4879 corda
1592 4821 1831 4893 potentia

246 4917 457 4966 teneat.
485 4909 617 4968 Haec
637 4913 842 4969 neutris
861 4927 975 4969 non
999 4914 1269 4982 mlivole,
1299 4915 1394 4971 sed
1421 4914 1651 4985 pacilius
1691 4913 1831 4970 dixi-

244 5014 416 5057 mus:
456 5003 701 5061 adversis
734 5018 871 5061 vero
903 5013 1215 5061 constanter
1259 5014 1319 5062 et
1357 5005 1519 5073 elate,
1563 5002 1831 5063 catholico

248 5092 277 5173 f
306 5098 375 5147 ut
402 5092 705 5163 injunetum
725 5104 810 5152 est
832 5095 1089 5154 Ecclesia
1126 5096 1289 5164 illiis,
1329 5098 1732 5169 prompsimus:
1776 5106 1833 5154 et

244 5182 528 5242 incondito
554 5186 771 5260 eloquio
795 5202 917 5261 quas
942 5198 1071 5247 sunt
1114 5196 1319 5247 nostra
1338 5191 1453 5248 visa
1480 5189 1727 5258 inscitia,
1771 5199 1831 5247 ut

317 5361 583 5433 ἔπιτνον

317 5432 352 5475 ι
389 5432 623 5503 Bravo,’
640 5432 764 5510 pag.

244 5503 460 5583 sensus
485 5503 667 5583 tamen
693 5503 799 5583 e'st,
822 5525 918 5583 eos
938 5503 1353 5583 adversusquos
1370 5517 1567 5583 auctor
1586 5509 1821 5581 insurgit

242 5574 510 5653 damnare
523 5578 665 5653 alios
694 5574 793 5653 qui
811 5579 1069 5653 Martyres
1097 5574 1505 5653 conldudabant.

322 5659 346 5687 ε
373 5646 777 5773 DesBiothendto
805 5652 927 5708 vide
954 5646 1099 5710 ionio
1122 5651 1191 5722 X,
1215 5661 1372 5711 tract.
1401 5666 1599 5719 xm",
1628 5664 1746 5723 cap.
1761 5651 1816 5718 8,

322 5734 399 5773 ιη.
472 5758 488 5773 .

242 5734 399 5775 num.
436 5734 488 5775 δ.

316 5788 348 5829 δ
385 5787 511 5860 λιι,
547 5807 678 5861 vero,

603 5379 729 5439 pag.
752 5365 878 5432 450.
906 5366 1089 5424 ιωτυ.
1112 5367 1175 5425 ιτ.
1202 5368 1362 5425 tam.

825 5439 921 5495 131
970 5481 989 5506 ,
1031 5439 1376 5510 praetermisit
1427 5436 1821 5510 conlaudanles.

1936 4649 2044 4693 non
2070 4649 2228 4701 cava,
2251 4632 2410 4699 levia,
2440 4641 2497 4687 et
2519 4631 2723 4695 inﬂata,
2751 4630 2846 4686 sed
2875 4616 3307 4686 holocautomata
3333 4626 3511 4699 injun-

1934 4735 2022 4785 cta
2070 4733 2198 4780 sunt
2247 4722 2554 4789 medulata;
2613 4730 2883 4779 sectemur
2933 4720 3131 4787 solida,
3187 4728 3242 4776 et
3294 4728 3510 4777 senten-

1935 4820 2134 4877 tiarum
2160 4817 2448 4873 vivacitate
2475 4816 2783 4888 perspicua,
2816 4829 2946 4880 non,
2963 4812 3108 4885 quod
3134 4810 3305 4879 absit,
3338 4822 3509 4867 vacua

1932 4917 1987 4971 et
2031 4906 2217 4965 lethali
2258 4915 2414 4979 peste
2465 4905 2775 4976 turgentia,
2825 4913 2988 4975 atque
3039 4903 3212 4960 laudis
3259 4902 3511 4960 humanae

1932 4999 2074 5057 ultro
2112 5000 2357 5070 citroque
2403 4996 2633 5063 fumosa,
2669 5010 2788 5068 qua
2808 4997 2983 5067 magis
3005 5004 3243 5051 mentem
3267 4994 3512 5055 auctoris

1929 5099 1986 5148 et
2032 5090 2378 5146 tractantium
2436 5094 2704 5156 macerat,
2746 5102 2912 5159 quam
2948 5095 3154 5144 textum
3216 5078 3509 5161 aperiendo'

1930 5184 2177 5245 lectionis
2227 5183 2437 5241 animos
2493 5179 2626 5240 faece
2692 5182 2957 5239 co'nturna
3015 5172 3033 5235 ἱ
3088 5174 3321 5240 infectos
3369 5168 3509 5238 iniu-

2003 5378 2029 5408 ο
2063 5364 2189 5434 Ms.,
2218 5364 2405 5420 oculis.

2002 5435 2023 5477 τ
2055 5437 2179 5507 Ms.,
2215 5434 2488 5491 catholica.

2002 5512 2029 5552 ε
2056 5508 2150 5575 Μ.,
2175 5507 2397 5579 aliquid.

1998 5582 2027 5622 ιι
2054 5579 2118 5635 F.
2149 5575 2292 5639 riui,
2320 5575 2597 5631 contentio.

2004 5656 2019 5694 i
2052 5651 2186 5721 M3,,
2221 5650 2462 5719 dogrnato
2492 5645 2847 5721 neglegentur.
2978 5714 2995 5721 _
3099 5715 3113 5721 _
3250 5716 3257 5721 ι
3334 5706 3351 5721 Α
3391 5704 3431 5721 _.

1997 5722 2012 5776 i
2054 5714 2356 5777 Conturn'us
2384 5734 2484 5790 pro
2507 5714 2671 5786 nexu,
2694 5714 3199 5787 deﬂexu.circuitu,
3232 5716 3503 5789 accipitur

1924 5796 2244 5870 quandoque
2269 5787 2409 5862 apud
2435 5787 2633 5863 Gange.
