  <div class='ocr_page' id='page_1' title='image "/cluster/home/n/w/nwhite01/storage/ocr_20150623/121/hvd.32044015471642/273.png"; bbox 0 0 4034 6350; ppageno 0'>
   <div class='ocr_carea' id='block_1_1' title="bbox 575 416 680 487">
    <p class='ocr_par' dir='ltr' id='par_1_1' title="bbox 575 416 680 487">
     <span class='ocr_line' id='line_1_1' title="bbox 575 416 680 487; baseline 0 0"><span class='ocrx_word' id='word_1_1' title='bbox 575 416 680 487; x_wconf 69' lang='lat'><strong>555</strong></span> 
     </span>
    </p>
   </div>
   <div class='ocr_carea' id='block_1_2' title="bbox 1847 408 2622 468">
    <p class='ocr_par' dir='ltr' id='par_1_2' title="bbox 1847 408 2622 468">
     <span class='ocr_line' id='line_1_2' title="bbox 1847 408 2622 468; baseline -0.001 -1"><span class='ocrx_word' id='word_1_2' title='bbox 1847 409 2103 468; x_wconf 79' lang='lat' dir='ltr'><strong>ALVARI</strong></span> <span class='ocrx_word' id='word_1_3' title='bbox 2140 408 2622 468; x_wconf 76' lang='lat' dir='ltr'><strong>CORDUBENSIS</strong></span> 
     </span>
    </p>
   </div>
   <div class='ocr_carea' id='block_1_3' title="bbox 3685 423 3764 480">
    <p class='ocr_par' dir='ltr' id='par_1_3' title="bbox 3685 423 3764 480">
     <span class='ocr_line' id='line_1_3' title="bbox 3685 423 3764 480; baseline 0 0"><span class='ocrx_word' id='word_1_4' title='bbox 3685 423 3764 480; x_wconf 68' lang='lat'><strong>536</strong></span> 
     </span>
    </p>
   </div>
   <div class='ocr_carea' id='block_1_4' title="bbox 573 524 3766 601">
    <p class='ocr_par' dir='ltr' id='par_1_4' title="bbox 573 524 3766 601">
     <span class='ocr_line' id='line_1_4' title="bbox 573 524 3766 601; baseline 0.001 -12"><span class='ocrx_word' id='word_1_5' title='bbox 573 541 712 589; x_wconf 88' lang='lat' dir='ltr'><strong>strat</strong></span> <span class='ocrx_word' id='word_1_6' title='bbox 726 544 751 573; x_wconf 75' lang='grc' dir='ltr'>α</span> <span class='ocrx_word' id='word_1_7' title='bbox 770 549 785 599; x_wconf 90' lang='grc'><strong>;</strong></span> <span class='ocrx_word' id='word_1_8' title='bbox 804 531 1004 601; x_wconf 88' lang='lat' dir='ltr'><strong>ubique</strong></span> <span class='ocrx_word' id='word_1_9' title='bbox 1018 529 1221 600; x_wconf 85' lang='lat' dir='ltr'><strong>absque</strong></span> <span class='ocrx_word' id='word_1_10' title='bbox 1234 528 1456 584; x_wconf 82' lang='lat' dir='ltr'><strong>rationis</strong></span> <span class='ocrx_word' id='word_1_11' title='bbox 1467 542 1621 583; x_wconf 92' lang='lat' dir='ltr'><strong>camo</strong></span> <span class='ocrx_word' id='word_1_12' title='bbox 1637 527 1957 598; x_wconf 83' lang='lat' dir='ltr'><strong>procedens,</strong></span> <span class='ocrx_word' id='word_1_13' title='bbox 1974 525 2144 582; x_wconf 85' lang='lat' dir='ltr'><strong>etha-</strong></span> <span class='ocrx_word' id='word_1_14' title='bbox 2173 528 2227 591; x_wconf 76' lang='grc' dir='ltr'>Α</span> <span class='ocrx_word' id='word_1_15' title='bbox 2250 524 2475 582; x_wconf 90' lang='lat' dir='ltr'><strong>denario</strong></span> <span class='ocrx_word' id='word_1_16' title='bbox 2498 539 2728 582; x_wconf 91' lang='lat' dir='ltr'><strong>numero</strong></span> <span class='ocrx_word' id='word_1_17' title='bbox 2751 539 2996 599; x_wconf 75' lang='lat' dir='ltr'><strong>surgens,</strong></span> <span class='ocrx_word' id='word_1_18' title='bbox 3025 527 3118 598; x_wconf 87' lang='lat' dir='ltr'><strong>qui</strong></span> <span class='ocrx_word' id='word_1_19' title='bbox 3147 525 3437 600; x_wconf 88' lang='lat' dir='ltr'><strong>Scripturis</strong></span> <span class='ocrx_word' id='word_1_20' title='bbox 3461 531 3641 590; x_wconf 78' lang='lat' dir='ltr'><strong>sanctis</strong></span> <span class='ocrx_word' id='word_1_21' title='bbox 3656 547 3766 592; x_wconf 80' lang='lat' dir='ltr'><strong>sem-</strong></span> 
     </span>
    </p>
   </div>
   <div class='ocr_carea' id='block_1_5' title="bbox 569 617 2146 690">
    <p class='ocr_par' dir='ltr' id='par_1_5' title="bbox 569 617 2146 690">
     <span class='ocr_line' id='line_1_5' title="bbox 569 617 2146 690; baseline -0.006 -10"><span class='ocrx_word' id='word_1_22' title='bbox 569 624 726 680; x_wconf 90' lang='lat' dir='ltr'><strong>benis</strong></span> <span class='ocrx_word' id='word_1_23' title='bbox 751 623 949 679; x_wconf 77' lang='lat' dir='ltr'><strong>laxatis</strong></span> <span class='ocrx_word' id='word_1_24' title='bbox 979 629 1241 678; x_wconf 90' lang='lat' dir='ltr'><strong>metarum</strong></span> <span class='ocrx_word' id='word_1_25' title='bbox 1271 618 1406 675; x_wconf 89' lang='lat' dir='ltr'><strong>ﬁnes</strong></span> <span class='ocrx_word' id='word_1_26' title='bbox 1431 621 1601 690; x_wconf 89' lang='lat' dir='ltr'><strong>magis</strong></span> <span class='ocrx_word' id='word_1_27' title='bbox 1630 617 1957 682; x_wconf 80' lang='lat' dir='ltr'><strong>transiliens,</strong></span> <span class='ocrx_word' id='word_1_28' title='bbox 1983 631 2146 689; x_wconf 90' lang='lat' dir='ltr'><strong>quam</strong></span> 
     </span>
    </p>
   </div>
   <div class='ocr_carea' id='block_1_6' title="bbox 571 709 2152 786">
    <p class='ocr_par' dir='ltr' id='par_1_6' title="bbox 571 709 2152 786">
     <span class='ocr_line' id='line_1_6' title="bbox 571 709 2152 786; baseline -0.006 -15"><span class='ocrx_word' id='word_1_29' title='bbox 571 709 905 786; x_wconf 82' lang='lat' dir='ltr'><strong>adimplens,</strong></span> <span class='ocrx_word' id='word_1_30' title='bbox 948 728 1056 768; x_wconf 93' lang='lat' dir='ltr'><strong>uno</strong></span> <span class='ocrx_word' id='word_1_31' title='bbox 1103 711 1456 768; x_wconf 73' lang='lat' dir='ltr'><strong>contumacia:</strong></span> <span class='ocrx_word' id='word_1_32' title='bbox 1489 710 1598 766; x_wconf 93' lang='lat' dir='ltr'><strong>ictu</strong></span> <span class='ocrx_word' id='word_1_33' title='bbox 1640 711 1933 776; x_wconf 89' lang='lat' dir='ltr'><strong>editorem,</strong></span> <span class='ocrx_word' id='word_1_34' title='bbox 1965 710 2152 764; x_wconf 90' lang='lat' dir='ltr'><strong>obser-</strong></span> 
     </span>
    </p>
   </div>
   <div class='ocr_carea' id='block_1_7' title="bbox 570 796 2150 878">
    <p class='ocr_par' dir='ltr' id='par_1_7' title="bbox 570 796 2150 878">
     <span class='ocr_line' id='line_1_7' title="bbox 570 796 2150 878; baseline -0.006 -14"><span class='ocrx_word' id='word_1_35' title='bbox 570 796 1304 878; x_wconf 33' lang='lat' dir='ltr'><strong>vantemque&#39;prosternens,</strong></span> <span class='ocrx_word' id='word_1_36' title='bbox 1333 805 1464 861; x_wconf 92' lang='lat' dir='ltr'><strong>dum</strong></span> <span class='ocrx_word' id='word_1_37' title='bbox 1493 813 1549 860; x_wconf 89' lang='lat' dir='ltr'><strong>et</strong></span> <span class='ocrx_word' id='word_1_38' title='bbox 1584 803 1906 875; x_wconf 78' lang='lat' dir='ltr'><strong>principium</strong></span> <span class='ocrx_word' id='word_1_39' title='bbox 1941 817 1971 856; x_wconf 92' lang='lat' dir='ltr'><strong>a</strong></span> <span class='ocrx_word' id='word_1_40' title='bbox 2008 815 2150 856; x_wconf 90' lang='lat' dir='ltr'><strong>vana</strong></span> 
     </span>
    </p>
   </div>
   <div class='ocr_carea' id='block_1_8' title="bbox 567 894 2151 970">
    <p class='ocr_par' dir='ltr' id='par_1_8' title="bbox 567 894 2151 970">
     <span class='ocr_line' id='line_1_8' title="bbox 567 894 2151 970; baseline -0.004 -17"><span class='ocrx_word' id='word_1_41' title='bbox 567 899 738 970; x_wconf 81' lang='lat' dir='ltr'><strong>gloria</strong></span> <span class='ocrx_word' id='word_1_42' title='bbox 760 896 945 963; x_wconf 88' lang='lat' dir='ltr'><strong>sumit,</strong></span> <span class='ocrx_word' id='word_1_43' title='bbox 977 904 1032 952; x_wconf 90' lang='lat' dir='ltr'><strong>et</strong></span> <span class='ocrx_word' id='word_1_44' title='bbox 1061 910 1122 952; x_wconf 82' lang='lat' dir='ltr'><strong>se</strong></span> <span class='ocrx_word' id='word_1_45' title='bbox 1149 895 1255 950; x_wconf 90' lang='lat' dir='ltr'><strong>nisi</strong></span> <span class='ocrx_word' id='word_1_46' title='bbox 1302 895 1359 949; x_wconf 92' lang='lat' dir='ltr'><strong>in</strong></span> <span class='ocrx_word' id='word_1_47' title='bbox 1405 894 1742 949; x_wconf 87' lang='lat' dir='ltr'><strong>laudantium</strong></span> <span class='ocrx_word' id='word_1_48' title='bbox 1771 900 1993 964; x_wconf 86' lang='lat' dir='ltr'><strong>pectora</strong></span> <span class='ocrx_word' id='word_1_49' title='bbox 2039 906 2151 946; x_wconf 88' lang='lat' dir='ltr'><strong>non</strong></span> 
     </span>
    </p>
   </div>
   <div class='ocr_carea' id='block_1_9' title="bbox 567 983 2053 1045">
    <p class='ocr_par' dir='ltr' id='par_1_9' title="bbox 567 983 2053 1045">
     <span class='ocr_line' id='line_1_9' title="bbox 567 983 2053 1045; baseline -0.005 0"><span class='ocrx_word' id='word_1_50' title='bbox 567 990 820 1045; x_wconf 84' lang='lat' dir='ltr'><strong>infundit.</strong></span> <span class='ocrx_word' id='word_1_51' title='bbox 854 987 985 1044; x_wconf 66' lang='lat' dir='ltr'><strong>Haec</strong></span> <span class='ocrx_word' id='word_1_52' title='bbox 1011 995 1200 1043; x_wconf 90' lang='lat' dir='ltr'><strong>contra</strong></span> <span class='ocrx_word' id='word_1_53' title='bbox 1230 987 1542 1043; x_wconf 89' lang='lat' dir='ltr'><strong>Donatistas</strong></span> <span class='ocrx_word' id='word_1_54' title='bbox 1565 986 1768 1041; x_wconf 80' lang='lat' dir='ltr'><strong>dixisse</strong></span> <span class='ocrx_word' id='word_1_55' title='bbox 1803 983 2053 1040; x_wconf 82' lang='lat' dir='ltr'><strong>sufﬁciat.</strong></span> 
     </span>
    </p>
   </div>
   <div class='ocr_carea' id='block_1_10' title="bbox 634 1076 2153 1148">
    <p class='ocr_par' dir='ltr' id='par_1_10' title="bbox 634 1076 2153 1148">
     <span class='ocr_line' id='line_1_10' title="bbox 634 1076 2153 1148; baseline -0.005 -12"><span class='ocrx_word' id='word_1_56' title='bbox 634 1081 725 1136; x_wconf 80' lang='grc'><strong>21.</strong></span> <span class='ocrx_word' id='word_1_57' title='bbox 768 1080 924 1136; x_wconf 90' lang='lat' dir='ltr'><strong>Nunc</strong></span> <span class='ocrx_word' id='word_1_58' title='bbox 944 1081 1012 1134; x_wconf 92' lang='lat' dir='ltr'><strong>ad</strong></span> <span class='ocrx_word' id='word_1_59' title='bbox 1040 1094 1102 1134; x_wconf 91' lang='lat' dir='ltr'><strong>ea</strong></span> <span class='ocrx_word' id='word_1_60' title='bbox 1131 1089 1255 1148; x_wconf 88' lang='lat' dir='ltr'><strong>post</strong></span> <span class='ocrx_word' id='word_1_61' title='bbox 1279 1077 1577 1134; x_wconf 85' lang='lat' dir='ltr'><strong>discessum</strong></span> <span class='ocrx_word' id='word_1_62' title='bbox 1606 1076 1934 1134; x_wconf 91' lang='lat' dir='ltr'><strong>defensionis</strong></span> <span class='ocrx_word' id='word_1_63' title='bbox 1954 1082 2153 1131; x_wconf 79' lang='lat' dir='ltr'><strong>nostrae</strong></span> 
     </span>
    </p>
   </div>
   <div class='ocr_carea' id='block_1_11' title="bbox 564 1168 2152 1244">
    <p class='ocr_par' dir='ltr' id='par_1_11' title="bbox 564 1168 2152 1244">
     <span class='ocr_line' id='line_1_11' title="bbox 564 1168 2152 1244; baseline -0.004 -15"><span class='ocrx_word' id='word_1_64' title='bbox 564 1173 900 1230; x_wconf 89' lang='lat' dir='ltr'><strong>redeundum</strong></span> <span class='ocrx_word' id='word_1_65' title='bbox 927 1181 1032 1238; x_wconf 88' lang='lat' dir='ltr'><strong>est,</strong></span> <span class='ocrx_word' id='word_1_66' title='bbox 1061 1188 1182 1244; x_wconf 69' lang='lat' dir='ltr'><strong>quae</strong></span> <span class='ocrx_word' id='word_1_67' title='bbox 1213 1171 1341 1226; x_wconf 86' lang='lat' dir='ltr'><strong>huic</strong></span> <span class='ocrx_word' id='word_1_68' title='bbox 1382 1169 1705 1241; x_wconf 89' lang='lat' dir='ltr'><strong>parvissimo</strong></span> <span class='ocrx_word' id='word_1_69' title='bbox 1747 1169 1897 1239; x_wconf 89' lang='lat' dir='ltr'><strong>operi</strong></span> <span class='ocrx_word' id='word_1_70' title='bbox 1940 1168 2152 1224; x_wconf 90' lang='lat' dir='ltr'><strong>culmen</strong></span> 
     </span>
    </p>
   </div>
   <div class='ocr_carea' id='block_1_12' title="bbox 561 1257 2154 1333">
    <p class='ocr_par' dir='ltr' id='par_1_12' title="bbox 561 1257 2154 1333">
     <span class='ocr_line' id='line_1_12' title="bbox 561 1257 2154 1333; baseline -0.003 -16"><span class='ocrx_word' id='word_1_71' title='bbox 561 1262 913 1333; x_wconf 79' lang='lat' dir='ltr'><strong>perfectionis</strong></span> <span class='ocrx_word' id='word_1_72' title='bbox 962 1263 1242 1332; x_wconf 86' lang='lat' dir='ltr'><strong>imponant</strong></span> <span class='ocrx_word' id='word_1_73' title='bbox 1285 1268 1340 1316; x_wconf 92' lang='lat' dir='ltr'><strong>et</strong></span> <span class='ocrx_word' id='word_1_74' title='bbox 1397 1274 1787 1332; x_wconf 62' lang='lat' dir='ltr'><strong>precursorem</strong></span> <span class='ocrx_word' id='word_1_75' title='bbox 1831 1257 2154 1314; x_wconf 81' lang='lat' dir='ltr'><strong>Antichristi</strong></span> 
     </span>
    </p>
   </div>
   <div class='ocr_carea' id='block_1_13' title="bbox 566 1349 2155 1419">
    <p class='ocr_par' dir='ltr' id='par_1_13' title="bbox 566 1349 2155 1419">
     <span class='ocr_line' id='line_1_13' title="bbox 566 1349 2155 1419; baseline -0.003 -11"><span class='ocrx_word' id='word_1_76' title='bbox 566 1364 675 1410; x_wconf 90' lang='lat' dir='ltr'><strong>tota</strong></span> <span class='ocrx_word' id='word_1_77' title='bbox 724 1355 1008 1419; x_wconf 89' lang='lat' dir='ltr'><strong>libertate,</strong></span> <span class='ocrx_word' id='word_1_78' title='bbox 1062 1353 1498 1410; x_wconf 89' lang='lat' dir='ltr'><strong>testimoniorum</strong></span> <span class='ocrx_word' id='word_1_79' title='bbox 1553 1352 1702 1407; x_wconf 85' lang='lat' dir='ltr'><strong>lasce</strong></span> <span class='ocrx_word' id='word_1_80' title='bbox 1757 1359 1970 1405; x_wconf 89' lang='lat' dir='ltr'><strong>tantum</strong></span> <span class='ocrx_word' id='word_1_81' title='bbox 2027 1349 2155 1404; x_wconf 91' lang='lat' dir='ltr'><strong>huic</strong></span> 
     </span>
    </p>
   </div>
   <div class='ocr_carea' id='block_1_14' title="bbox 562 1436 2153 1519">
    <p class='ocr_par' dir='ltr' id='par_1_14' title="bbox 562 1436 2153 1519">
     <span class='ocr_line' id='line_1_14' title="bbox 562 1436 2153 1519; baseline -0.004 -17"><span class='ocrx_word' id='word_1_82' title='bbox 562 1448 859 1503; x_wconf 72' lang='lat' dir='ltr'><strong>materiolze</strong></span> <span class='ocrx_word' id='word_1_83' title='bbox 884 1436 1093 1519; x_wconf 76' lang='lat' dir='ltr'><strong>exiguae</strong></span> <span class='ocrx_word' id='word_1_84' title='bbox 1130 1446 1578 1502; x_wconf 90' lang='lat' dir='ltr'><strong>substentandum</strong></span> <span class='ocrx_word' id='word_1_85' title='bbox 1608 1454 1692 1500; x_wconf 89' lang='lat' dir='ltr'><strong>est</strong></span> <span class='ocrx_word' id='word_1_86' title='bbox 1720 1444 1750 1484; x_wconf 74' lang='grc' dir='ltr'><strong>ιι</strong></span> <span class='ocrx_word' id='word_1_87' title='bbox 1769 1484 1784 1509; x_wconf 90' lang='grc'><em>,</em></span> <span class='ocrx_word' id='word_1_88' title='bbox 1817 1442 1975 1499; x_wconf 87' lang='lat' dir='ltr'><strong>facile</strong></span> <span class='ocrx_word' id='word_1_89' title='bbox 1999 1457 2153 1498; x_wconf 86' lang='lat' dir='ltr'><strong>com-</strong></span> 
     </span>
    </p>
   </div>
   <div class='ocr_carea' id='block_1_15' title="bbox 564 1535 2150 1610">
    <p class='ocr_par' dir='ltr' id='par_1_15' title="bbox 564 1535 2150 1610">
     <span class='ocr_line' id='line_1_15' title="bbox 564 1535 2150 1610; baseline -0.004 -16"><span class='ocrx_word' id='word_1_90' title='bbox 564 1539 802 1609; x_wconf 89' lang='lat' dir='ltr'><strong>primant</strong></span> <span class='ocrx_word' id='word_1_91' title='bbox 826 1539 911 1595; x_wconf 85' lang='lat' dir='ltr'><strong>vel</strong></span> <span class='ocrx_word' id='word_1_92' title='bbox 935 1539 1261 1610; x_wconf 86' lang='lat' dir='ltr'><strong>dimergant.</strong></span> <span class='ocrx_word' id='word_1_93' title='bbox 1291 1539 1336 1592; x_wconf 86' lang='lat' dir='ltr'><strong>A</strong></span> <span class='ocrx_word' id='word_1_94' title='bbox 1358 1536 1584 1592; x_wconf 90' lang='lat' dir='ltr'><strong>Daniele</strong></span> <span class='ocrx_word' id='word_1_95' title='bbox 1616 1535 1896 1606; x_wconf 85' lang='lat' dir='ltr'><strong>capiamus</strong></span> <span class='ocrx_word' id='word_1_96' title='bbox 1918 1535 2150 1600; x_wconf 91' lang='lat' dir='ltr'><strong>initium,</strong></span> 
     </span>
    </p>
   </div>
   <div class='ocr_carea' id='block_1_16' title="bbox 563 1628 2155 1704">
    <p class='ocr_par' dir='ltr' id='par_1_16' title="bbox 563 1628 2155 1704">
     <span class='ocr_line' id='line_1_16' title="bbox 563 1628 2155 1704; baseline -0.003 -16"><span class='ocrx_word' id='word_1_97' title='bbox 563 1640 620 1688; x_wconf 89' lang='lat' dir='ltr'><strong>et</strong></span> <span class='ocrx_word' id='word_1_98' title='bbox 664 1648 732 1688; x_wconf 80' lang='lat' dir='ltr'><strong>ex</strong></span> <span class='ocrx_word' id='word_1_99' title='bbox 779 1643 934 1703; x_wconf 90' lang='lat' dir='ltr'><strong>parte</strong></span> <span class='ocrx_word' id='word_1_100' title='bbox 977 1649 1100 1704; x_wconf 87' lang='lat' dir='ltr'><strong>quae</strong></span> <span class='ocrx_word' id='word_1_101' title='bbox 1141 1633 1198 1688; x_wconf 92' lang='lat' dir='ltr'><strong>in</strong></span> <span class='ocrx_word' id='word_1_102' title='bbox 1245 1631 1584 1687; x_wconf 82' lang='lat' dir='ltr'><strong>Antichristo</strong></span> <span class='ocrx_word' id='word_1_103' title='bbox 1628 1647 1660 1686; x_wconf 93' lang='lat' dir='ltr'><strong>a</strong></span> <span class='ocrx_word' id='word_1_104' title='bbox 1709 1631 1869 1685; x_wconf 89' lang='lat' dir='ltr'><strong>beato</strong></span> <span class='ocrx_word' id='word_1_105' title='bbox 1910 1628 2155 1698; x_wconf 84' lang='lat' dir='ltr'><strong>exposita</strong></span> 
     </span>
    </p>
   </div>
   <div class='ocr_carea' id='block_1_17' title="bbox 563 1722 2153 1798">
    <p class='ocr_par' dir='ltr' id='par_1_17' title="bbox 563 1722 2153 1798">
     <span class='ocr_line' id='line_1_17' title="bbox 563 1722 2153 1798; baseline -0.002 -18"><span class='ocrx_word' id='word_1_106' title='bbox 563 1734 782 1780; x_wconf 77' lang='lat' dir='ltr'><strong>exstant</strong></span> <span class='ocrx_word' id='word_1_107' title='bbox 808 1725 1162 1798; x_wconf 84' lang='lat' dir='ltr'><strong>Hieronymo,</strong></span> <span class='ocrx_word' id='word_1_108' title='bbox 1207 1725 1338 1781; x_wconf 91' lang='lat' dir='ltr'><strong>huic</strong></span> <span class='ocrx_word' id='word_1_109' title='bbox 1363 1722 1758 1780; x_wconf 90' lang='lat' dir='ltr'><strong>nefandissimo</strong></span> <span class='ocrx_word' id='word_1_110' title='bbox 1785 1730 2153 1778; x_wconf 88' lang='lat' dir='ltr'><strong>consentanea</strong></span> 
     </span>
    </p>
   </div>
   <div class='ocr_carea' id='block_1_18' title="bbox 563 1809 2152 1872">
    <p class='ocr_par' dir='ltr' id='par_1_18' title="bbox 563 1809 2152 1872">
     <span class='ocr_line' id='line_1_18' title="bbox 563 1809 2152 1872; baseline -0.004 -2"><span class='ocrx_word' id='word_1_111' title='bbox 563 1823 620 1870; x_wconf 92' lang='lat' dir='ltr'><strong>et</strong></span> <span class='ocrx_word' id='word_1_112' title='bbox 638 1816 815 1871; x_wconf 91' lang='lat' dir='ltr'><strong>vicina</strong></span> <span class='ocrx_word' id='word_1_113' title='bbox 845 1816 1144 1872; x_wconf 89' lang='lat' dir='ltr'><strong>ﬁrmemus.</strong></span> <span class='ocrx_word' id='word_1_114' title='bbox 1173 1814 1382 1870; x_wconf 90' lang='lat' dir='ltr'><strong>Dehinc</strong></span> <span class='ocrx_word' id='word_1_115' title='bbox 1421 1813 1566 1868; x_wconf 87' lang='lat' dir='ltr'><strong>beati</strong></span> <span class='ocrx_word' id='word_1_116' title='bbox 1593 1812 1693 1869; x_wconf 82' lang='lat' dir='ltr'><strong>Job</strong></span> <span class='ocrx_word' id='word_1_117' title='bbox 1740 1812 1810 1866; x_wconf 94' lang='lat' dir='ltr'><strong>de</strong></span> <span class='ocrx_word' id='word_1_118' title='bbox 1851 1809 2152 1866; x_wconf 85' lang='lat' dir='ltr'><strong>Bebemoth</strong></span> 
     </span>
    </p>
   </div>
   <div class='ocr_carea' id='block_1_19' title="bbox 562 1903 2150 1974">
    <p class='ocr_par' dir='ltr' id='par_1_19' title="bbox 562 1903 2150 1974">
     <span class='ocr_line' id='line_1_19' title="bbox 562 1903 2150 1974; baseline -0.002 -13"><span class='ocrx_word' id='word_1_119' title='bbox 562 1908 649 1962; x_wconf 86' lang='lat' dir='ltr'><strong>vel</strong></span> <span class='ocrx_word' id='word_1_120' title='bbox 693 1909 1006 1965; x_wconf 86' lang='lat' dir='ltr'><strong>Leviatham</strong></span> <span class='ocrx_word' id='word_1_121' title='bbox 1051 1909 1195 1965; x_wconf 88' lang='lat' dir='ltr'><strong>dicta</strong></span> <span class='ocrx_word' id='word_1_122' title='bbox 1241 1908 1525 1972; x_wconf 90' lang='lat' dir='ltr'><strong>rimemus,</strong></span> <span class='ocrx_word' id='word_1_123' title='bbox 1572 1915 1630 1962; x_wconf 87' lang='lat' dir='ltr'><strong>et</strong></span> <span class='ocrx_word' id='word_1_124' title='bbox 1677 1905 1854 1962; x_wconf 89' lang='lat' dir='ltr'><strong>sancti</strong></span> <span class='ocrx_word' id='word_1_125' title='bbox 1899 1903 2150 1974; x_wconf 80' lang='lat' dir='ltr'><strong>Gregorii</strong></span> 
     </span>
    </p>
   </div>
   <div class='ocr_carea' id='block_1_20' title="bbox 562 1995 2149 2068">
    <p class='ocr_par' dir='ltr' id='par_1_20' title="bbox 562 1995 2149 2068">
     <span class='ocr_line' id='line_1_20' title="bbox 562 1995 2149 2068; baseline -0.003 -16"><span class='ocrx_word' id='word_1_126' title='bbox 562 1999 956 2056; x_wconf 88' lang='lat' dir='ltr'><strong>concordantes</strong></span> <span class='ocrx_word' id='word_1_127' title='bbox 985 1997 1307 2068; x_wconf 82' lang='lat' dir='ltr'><strong>expositioni</strong></span> <span class='ocrx_word' id='word_1_128' title='bbox 1333 2007 1381 2062; x_wconf 76' lang='grc' dir='ltr'><strong>ο,</strong></span> <span class='ocrx_word' id='word_1_129' title='bbox 1424 2011 1544 2067; x_wconf 67' lang='lat' dir='ltr'><strong>quae</strong></span> <span class='ocrx_word' id='word_1_130' title='bbox 1580 1996 1635 2051; x_wconf 94' lang='lat' dir='ltr'><strong>in</strong></span> <span class='ocrx_word' id='word_1_131' title='bbox 1671 1995 2005 2050; x_wconf 84' lang='lat' dir='ltr'><strong>Antichristo</strong></span> <span class='ocrx_word' id='word_1_132' title='bbox 2025 2009 2149 2064; x_wconf 92' lang='lat' dir='ltr'><strong>spe-</strong></span> 
     </span>
    </p>
   </div>
   <div class='ocr_carea' id='block_1_21' title="bbox 562 2089 2151 2162">
    <p class='ocr_par' dir='ltr' id='par_1_21' title="bbox 562 2089 2151 2162">
     <span class='ocr_line' id='line_1_21' title="bbox 562 2089 2151 2162; baseline 0 -18"><span class='ocrx_word' id='word_1_133' title='bbox 562 2089 776 2146; x_wconf 88' lang='lat' dir='ltr'><strong>cialiter</strong></span> <span class='ocrx_word' id='word_1_134' title='bbox 824 2100 952 2147; x_wconf 90' lang='lat' dir='ltr'><strong>sunt</strong></span> <span class='ocrx_word' id='word_1_135' title='bbox 994 2092 1277 2162; x_wconf 88' lang='lat' dir='ltr'><strong>designata</strong></span> <span class='ocrx_word' id='word_1_136' title='bbox 1305 2131 1322 2158; x_wconf 93' lang='lat'><strong>,</strong></span> <span class='ocrx_word' id='word_1_137' title='bbox 1367 2091 1457 2146; x_wconf 89' lang='lat' dir='ltr'><strong>isti</strong></span> <span class='ocrx_word' id='word_1_138' title='bbox 1501 2089 1753 2146; x_wconf 87' lang='lat' dir='ltr'><strong>similiter</strong></span> <span class='ocrx_word' id='word_1_139' title='bbox 1797 2089 2151 2145; x_wconf 78' lang='lat' dir='ltr'><strong>dstendamus</strong></span> 
     </span>
    </p>
   </div>
   <div class='ocr_carea' id='block_1_22' title="bbox 560 2167 2149 2252">
    <p class='ocr_par' dir='ltr' id='par_1_22' title="bbox 560 2167 2149 2252">
     <span class='ocr_line' id='line_1_22' title="bbox 560 2167 2149 2252; baseline 0.001 -17"><span class='ocrx_word' id='word_1_140' title='bbox 560 2178 827 2249; x_wconf 74' lang='lat' dir='ltr'><strong>iniuncta.</strong></span> <span class='ocrx_word' id='word_1_141' title='bbox 860 2181 952 2238; x_wconf 89' lang='lat' dir='ltr'><strong>Sic</strong></span> <span class='ocrx_word' id='word_1_142' title='bbox 981 2182 1141 2239; x_wconf 91' lang='lat' dir='ltr'><strong>tertio</strong></span> <span class='ocrx_word' id='word_1_143' title='bbox 1166 2182 1287 2238; x_wconf 91' lang='lat' dir='ltr'><strong>loco</strong></span> <span class='ocrx_word' id='word_1_144' title='bbox 1310 2181 1379 2236; x_wconf 90' lang='lat' dir='ltr'><strong>ad</strong></span> <span class='ocrx_word' id='word_1_145' title='bbox 1401 2167 1784 2252; x_wconf 62' lang='lat' dir='ltr'><strong>Apocalypsim</strong></span> <span class='ocrx_word' id='word_1_146' title='bbox 1803 2181 2149 2248; x_wconf 89' lang='lat' dir='ltr'><strong>accedentes,</strong></span> 
     </span>
    </p>
   </div>
   <div class='ocr_carea' id='block_1_23' title="bbox 555 2275 2150 2347">
    <p class='ocr_par' dir='ltr' id='par_1_23' title="bbox 555 2275 2150 2347">
     <span class='ocr_line' id='line_1_23' title="bbox 555 2275 2150 2347; baseline -0.002 -15"><span class='ocrx_word' id='word_1_147' title='bbox 555 2285 614 2332; x_wconf 83' lang='lat' dir='ltr'><strong>et</strong></span> <span class='ocrx_word' id='word_1_148' title='bbox 644 2275 854 2344; x_wconf 90' lang='lat' dir='ltr'><strong>aliquas</strong></span> <span class='ocrx_word' id='word_1_149' title='bbox 885 2276 1048 2331; x_wconf 89' lang='lat' dir='ltr'><strong>simili</strong></span> <span class='ocrx_word' id='word_1_150' title='bbox 1079 2284 1273 2332; x_wconf 86' lang='lat' dir='ltr'><strong>tenore</strong></span> <span class='ocrx_word' id='word_1_151' title='bbox 1311 2276 1522 2347; x_wconf 85' lang='lat' dir='ltr'><strong>species</strong></span> <span class='ocrx_word' id='word_1_152' title='bbox 1551 2275 1910 2338; x_wconf 88' lang='lat' dir='ltr'><strong>disserentes,</strong></span> <span class='ocrx_word' id='word_1_153' title='bbox 1961 2275 2150 2329; x_wconf 91' lang='lat' dir='ltr'><strong>docto-</strong></span> 
     </span>
    </p>
   </div>
   <div class='ocr_carea' id='block_1_24' title="bbox 557 2366 2150 2425">
    <p class='ocr_par' dir='ltr' id='par_1_24' title="bbox 557 2366 2150 2425">
     <span class='ocr_line' id='line_1_24' title="bbox 557 2366 2150 2425; baseline -0.001 -3"><span class='ocrx_word' id='word_1_154' title='bbox 557 2367 711 2423; x_wconf 84' lang='lat' dir='ltr'><strong>ribus</strong></span> <span class='ocrx_word' id='word_1_155' title='bbox 754 2378 811 2424; x_wconf 90' lang='lat' dir='ltr'><strong>et</strong></span> <span class='ocrx_word' id='word_1_156' title='bbox 847 2368 1252 2425; x_wconf 86' lang='lat' dir='ltr'><strong>inlustrioribus</strong></span> <span class='ocrx_word' id='word_1_157' title='bbox 1297 2368 1568 2424; x_wconf 89' lang='lat' dir='ltr'><strong>secuturis</strong></span> <span class='ocrx_word' id='word_1_158' title='bbox 1615 2366 1917 2422; x_wconf 88' lang='lat' dir='ltr'><strong>disserendi</strong></span> <span class='ocrx_word' id='word_1_159' title='bbox 1966 2366 2150 2421; x_wconf 91' lang='lat' dir='ltr'><strong>omnia</strong></span> 
     </span>
    </p>
   </div>
   <div class='ocr_carea' id='block_1_25' title="bbox 557 2459 2150 2532">
    <p class='ocr_par' dir='ltr' id='par_1_25' title="bbox 557 2459 2150 2532">
     <span class='ocr_line' id='line_1_25' title="bbox 557 2459 2150 2532; baseline -0.001 -17"><span class='ocrx_word' id='word_1_160' title='bbox 557 2461 845 2517; x_wconf 87' lang='lat' dir='ltr'><strong>materiam</strong></span> <span class='ocrx_word' id='word_1_161' title='bbox 881 2462 1276 2532; x_wconf 84' lang='lat' dir='ltr'><strong>relinquamus,</strong></span> <span class='ocrx_word' id='word_1_162' title='bbox 1305 2468 1361 2515; x_wconf 91' lang='lat' dir='ltr'><strong>et</strong></span> <span class='ocrx_word' id='word_1_163' title='bbox 1383 2469 1508 2531; x_wconf 91' lang='lat' dir='ltr'><strong>post</strong></span> <span class='ocrx_word' id='word_1_164' title='bbox 1528 2459 1886 2530; x_wconf 89' lang='lat' dir='ltr'><strong>quorumdam</strong></span> <span class='ocrx_word' id='word_1_165' title='bbox 1916 2459 2150 2529; x_wconf 47' lang='lat' dir='ltr'><strong>propheé</strong></span> 
     </span>
    </p>
   </div>
   <div class='ocr_carea' id='block_1_26' title="bbox 557 2549 2150 2608">
    <p class='ocr_par' dir='ltr' id='par_1_26' title="bbox 557 2549 2150 2608">
     <span class='ocr_line' id='line_1_26' title="bbox 557 2549 2150 2608; baseline -0.002 -2"><span class='ocrx_word' id='word_1_166' title='bbox 557 2558 737 2606; x_wconf 68' lang='lat' dir='ltr'><strong>unum</strong></span> <span class='ocrx_word' id='word_1_167' title='bbox 765 2552 851 2608; x_wconf 93' lang='lat' dir='ltr'><strong>vel</strong></span> <span class='ocrx_word' id='word_1_168' title='bbox 875 2560 1190 2608; x_wconf 89' lang='lat' dir='ltr'><strong>sanctorum</strong></span> <span class='ocrx_word' id='word_1_169' title='bbox 1210 2550 1476 2608; x_wconf 87' lang='lat' dir='ltr'><strong>dilllorata</strong></span> <span class='ocrx_word' id='word_1_170' title='bbox 1501 2550 1529 2590; x_wconf 75' lang='grc' dir='ltr'><strong>ά</strong></span> <span class='ocrx_word' id='word_1_171' title='bbox 1571 2549 1792 2605; x_wconf 90' lang='lat' dir='ltr'><strong>oracula</strong></span> <span class='ocrx_word' id='word_1_172' title='bbox 1828 2549 1935 2604; x_wconf 91' lang='lat' dir='ltr'><strong>ﬁne</strong></span> <span class='ocrx_word' id='word_1_173' title='bbox 1965 2549 2150 2604; x_wconf 91' lang='lat' dir='ltr'><strong>debito</strong></span> 
     </span>
    </p>
   </div>
   <div class='ocr_carea' id='block_1_27' title="bbox 560 2640 2151 2714">
    <p class='ocr_par' dir='ltr' id='par_1_27' title="bbox 560 2640 2151 2714">
     <span class='ocr_line' id='line_1_27' title="bbox 560 2640 2151 2714; baseline -0.003 -15"><span class='ocrx_word' id='word_1_174' title='bbox 560 2644 878 2714; x_wconf 80' lang='lat' dir='ltr'><strong>opusculum</strong></span> <span class='ocrx_word' id='word_1_175' title='bbox 904 2644 1298 2714; x_wconf 87' lang='lat' dir='ltr'><strong>praecidamus:</strong></span> <span class='ocrx_word' id='word_1_176' title='bbox 1327 2658 1392 2698; x_wconf 87' lang='lat' dir='ltr'><strong>ac</strong></span> <span class='ocrx_word' id='word_1_177' title='bbox 1413 2643 1468 2698; x_wconf 91' lang='lat' dir='ltr'><strong>in</strong></span> <span class='ocrx_word' id='word_1_178' title='bbox 1490 2641 1730 2698; x_wconf 88' lang='lat' dir='ltr'><strong>secundo</strong></span> <span class='ocrx_word' id='word_1_179' title='bbox 1757 2640 1938 2696; x_wconf 91' lang='lat' dir='ltr'><strong>libello</strong></span> <span class='ocrx_word' id='word_1_180' title='bbox 1963 2641 2151 2694; x_wconf 81' lang='lat' dir='ltr'><strong>docto-</strong></span> 
     </span>
    </p>
   </div>
   <div class='ocr_carea' id='block_1_28' title="bbox 556 2740 2149 2810">
    <p class='ocr_par' dir='ltr' id='par_1_28' title="bbox 556 2740 2149 2810">
     <span class='ocr_line' id='line_1_28' title="bbox 556 2740 2149 2810; baseline -0.003 -16"><span class='ocrx_word' id='word_1_181' title='bbox 556 2755 678 2794; x_wconf 90' lang='lat' dir='ltr'><strong>rum</strong></span> <span class='ocrx_word' id='word_1_182' title='bbox 706 2740 1002 2796; x_wconf 86' lang='lat' dir='ltr'><strong>sententias</strong></span> <span class='ocrx_word' id='word_1_183' title='bbox 1039 2753 1467 2810; x_wconf 88' lang='lat' dir='ltr'><strong>congregemus,</strong></span> <span class='ocrx_word' id='word_1_184' title='bbox 1517 2743 1845 2806; x_wconf 89' lang='lat' dir='ltr'><strong>nostrasque</strong></span> <span class='ocrx_word' id='word_1_185' title='bbox 1885 2749 2149 2804; x_wconf 87' lang='lat' dir='ltr'><strong>operosas</strong></span> 
     </span>
    </p>
   </div>
   <div class='ocr_carea' id='block_1_29' title="bbox 556 2825 2149 2887">
    <p class='ocr_par' dir='ltr' id='par_1_29' title="bbox 556 2825 2149 2887">
     <span class='ocr_line' id='line_1_29' title="bbox 556 2825 2149 2887; baseline -0.002 -4"><span class='ocrx_word' id='word_1_186' title='bbox 556 2829 782 2887; x_wconf 86' lang='lat' dir='ltr'><strong>fabellas</strong></span> <span class='ocrx_word' id='word_1_187' title='bbox 823 2831 1102 2886; x_wconf 84' lang='lat' dir='ltr'><strong>veracium</strong></span> <span class='ocrx_word' id='word_1_188' title='bbox 1147 2829 1455 2886; x_wconf 89' lang='lat' dir='ltr'><strong>stellatione</strong></span> <span class='ocrx_word' id='word_1_189' title='bbox 1494 2828 1776 2883; x_wconf 90' lang='lat' dir='ltr'><strong>ﬁrmemus</strong></span> <span class='ocrx_word' id='word_1_190' title='bbox 1806 2837 1853 2880; x_wconf 82' lang='grc' dir='ltr'><strong>ο.</strong></span> <span class='ocrx_word' id='word_1_191' title='bbox 1901 2825 1957 2881; x_wconf 92' lang='lat' dir='ltr'><strong>Si</strong></span> <span class='ocrx_word' id='word_1_192' title='bbox 2000 2826 2149 2881; x_wconf 90' lang='lat' dir='ltr'><strong>enim</strong></span> 
     </span>
    </p>
   </div>
   <div class='ocr_carea' id='block_1_30' title="bbox 557 2917 2146 2995">
    <p class='ocr_par' dir='ltr' id='par_1_30' title="bbox 557 2917 2146 2995">
     <span class='ocr_line' id='line_1_30' title="bbox 557 2917 2146 2995; baseline -0.004 -16"><span class='ocrx_word' id='word_1_193' title='bbox 557 2925 876 2990; x_wconf 87' lang='lat' dir='ltr'><strong>Domitium,</strong></span> <span class='ocrx_word' id='word_1_194' title='bbox 906 2923 1174 2980; x_wconf 88' lang='lat' dir='ltr'><strong>Neronem</strong></span> <span class='ocrx_word' id='word_1_195' title='bbox 1197 2939 1296 2995; x_wconf 91' lang='lat' dir='ltr'><strong>pro</strong></span> <span class='ocrx_word' id='word_1_196' title='bbox 1321 2922 1662 2977; x_wconf 89' lang='lat' dir='ltr'><strong>immanitate</strong></span> <span class='ocrx_word' id='word_1_197' title='bbox 1682 2920 1970 2986; x_wconf 89' lang='lat' dir='ltr'><strong>scelerum,</strong></span> <span class='ocrx_word' id='word_1_198' title='bbox 1989 2917 2146 2974; x_wconf 84' lang='lat' dir='ltr'><strong>Anti-</strong></span> 
     </span>
    </p>
   </div>
   <div class='ocr_carea' id='block_1_31' title="bbox 557 3011 2148 3086">
    <p class='ocr_par' dir='ltr' id='par_1_31' title="bbox 557 3011 2148 3086">
     <span class='ocr_line' id='line_1_31' title="bbox 557 3011 2148 3086; baseline -0.003 -14"><span class='ocrx_word' id='word_1_199' title='bbox 557 3018 820 3072; x_wconf 76' lang='lat' dir='ltr'><strong>Christum</strong></span> <span class='ocrx_word' id='word_1_200' title='bbox 864 3017 1031 3086; x_wconf 89' lang='lat' dir='ltr'><strong>aliqui</strong></span> <span class='ocrx_word' id='word_1_201' title='bbox 1077 3016 1386 3081; x_wconf 88' lang='lat' dir='ltr'><strong>ﬁrmavere,</strong></span> <span class='ocrx_word' id='word_1_202' title='bbox 1433 3023 1488 3070; x_wconf 90' lang='lat' dir='ltr'><strong>et</strong></span> <span class='ocrx_word' id='word_1_203' title='bbox 1526 3013 1854 3069; x_wconf 90' lang='lat' dir='ltr'><strong>Anthiocum</strong></span> <span class='ocrx_word' id='word_1_204' title='bbox 1897 3011 2148 3069; x_wconf 87' lang='lat' dir='ltr'><strong>eumdem</strong></span> 
     </span>
    </p>
   </div>
   <div class='ocr_carea' id='block_1_32' title="bbox 558 3103 2147 3179">
    <p class='ocr_par' dir='ltr' id='par_1_32' title="bbox 558 3103 2147 3179">
     <span class='ocr_line' id='line_1_32' title="bbox 558 3103 2147 3179; baseline -0.003 -15"><span class='ocrx_word' id='word_1_205' title='bbox 558 3110 795 3179; x_wconf 85' lang='lat' dir='ltr'><strong>ﬁgurare</strong></span> <span class='ocrx_word' id='word_1_206' title='bbox 819 3106 1028 3174; x_wconf 79' lang='lat' dir='ltr'><strong>dixere,</strong></span> <span class='ocrx_word' id='word_1_207' title='bbox 1061 3107 1146 3163; x_wconf 90' lang='lat' dir='ltr'><strong>vel</strong></span> <span class='ocrx_word' id='word_1_208' title='bbox 1176 3116 1402 3164; x_wconf 76' lang='lat' dir='ltr'><strong>caeteras</strong></span> <span class='ocrx_word' id='word_1_209' title='bbox 1423 3115 1605 3178; x_wconf 90' lang='lat' dir='ltr'><strong>pestes</strong></span> <span class='ocrx_word' id='word_1_210' title='bbox 1629 3113 1819 3162; x_wconf 90' lang='lat' dir='ltr'><strong>contra</strong></span> <span class='ocrx_word' id='word_1_211' title='bbox 1849 3103 2147 3162; x_wconf 80' lang='lat' dir='ltr'><strong>Ecclesiam</strong></span> 
     </span>
    </p>
   </div>
   <div class='ocr_carea' id='block_1_33' title="bbox 559 3195 2144 3270">
    <p class='ocr_par' dir='ltr' id='par_1_33' title="bbox 559 3195 2144 3270">
     <span class='ocr_line' id='line_1_33' title="bbox 559 3195 2144 3270; baseline -0.001 -18"><span class='ocrx_word' id='word_1_212' title='bbox 559 3200 903 3270; x_wconf 77' lang='lat' dir='ltr'><strong>insurgentes</strong></span> <span class='ocrx_word' id='word_1_213' title='bbox 931 3241 946 3266; x_wconf 94' lang='lat'><strong>,</strong></span> <span class='ocrx_word' id='word_1_214' title='bbox 1007 3213 1376 3268; x_wconf 65' lang='lat' dir='ltr'><strong>praecursores</strong></span> <span class='ocrx_word' id='word_1_215' title='bbox 1429 3197 1598 3268; x_wconf 87' lang='lat' dir='ltr'><strong>ipsius</strong></span> <span class='ocrx_word' id='word_1_216' title='bbox 1650 3195 1896 3251; x_wconf 70' lang='lat' dir='ltr'><strong>nefanda:</strong></span> <span class='ocrx_word' id='word_1_217' title='bbox 1955 3195 2144 3250; x_wconf 70' lang='lat' dir='ltr'><strong>bestia:</strong></span> 
     </span>
    </p>
   </div>
   <div class='ocr_carea' id='block_1_34' title="bbox 556 3281 2146 3363">
    <p class='ocr_par' dir='ltr' id='par_1_34' title="bbox 556 3281 2146 3363">
     <span class='ocr_line' id='line_1_34' title="bbox 556 3281 2146 3363; baseline -0.001 -19"><span class='ocrx_word' id='word_1_218' title='bbox 556 3292 808 3348; x_wconf 89' lang='lat' dir='ltr'><strong>doctores</strong></span> <span class='ocrx_word' id='word_1_219' title='bbox 834 3281 1205 3363; x_wconf 80' lang='lat' dir='ltr'><strong>prObatissimi</strong></span> <span class='ocrx_word' id='word_1_220' title='bbox 1226 3299 1509 3346; x_wconf 87' lang='lat' dir='ltr'><strong>astruxere</strong></span> <span class='ocrx_word' id='word_1_221' title='bbox 1527 3329 1544 3355; x_wconf 90' lang='lat'><strong>,</strong></span> <span class='ocrx_word' id='word_1_222' title='bbox 1564 3287 1694 3358; x_wconf 86' lang='lat' dir='ltr'><strong>quid</strong></span> <span class='ocrx_word' id='word_1_223' title='bbox 1720 3301 1818 3340; x_wconf 94' lang='lat' dir='ltr'><strong>nos</strong></span> <span class='ocrx_word' id='word_1_224' title='bbox 1842 3293 1965 3356; x_wconf 89' lang='lat' dir='ltr'><strong>post</strong></span> <span class='ocrx_word' id='word_1_225' title='bbox 1986 3286 2146 3342; x_wconf 85' lang='lat' dir='ltr'><strong>hodie</strong></span> 
     </span>
    </p>
   </div>
   <div class='ocr_carea' id='block_1_35' title="bbox 558 3378 2144 3455">
    <p class='ocr_par' dir='ltr' id='par_1_35' title="bbox 558 3378 2144 3455">
     <span class='ocr_line' id='line_1_35' title="bbox 558 3378 2144 3455; baseline -0.001 -18"><span class='ocrx_word' id='word_1_226' title='bbox 558 3383 855 3455; x_wconf 81' lang='lat' dir='ltr'><strong>incongrue</strong></span> <span class='ocrx_word' id='word_1_227' title='bbox 894 3385 1136 3455; x_wconf 87' lang='lat' dir='ltr'><strong>garrient</strong></span> <span class='ocrx_word' id='word_1_228' title='bbox 1178 3380 1584 3454; x_wconf 35' lang='lat' dir='ltr'><strong>posuisse,‘qui</strong></span> <span class='ocrx_word' id='word_1_229' title='bbox 1632 3395 1844 3435; x_wconf 74' lang='lat' dir='ltr'><strong>nzevum</strong></span> <span class='ocrx_word' id='word_1_230' title='bbox 1888 3378 2144 3449; x_wconf 89' lang='lat' dir='ltr'><strong>operibus</strong></span> 
     </span>
    </p>
   </div>
   <div class='ocr_carea' id='block_1_36' title="bbox 557 3472 2145 3546">
    <p class='ocr_par' dir='ltr' id='par_1_36' title="bbox 557 3472 2145 3546">
     <span class='ocr_line' id='line_1_36' title="bbox 557 3472 2145 3546; baseline 0 -18"><span class='ocrx_word' id='word_1_231' title='bbox 557 3475 784 3533; x_wconf 84' lang='lat' dir='ltr'><strong>aliorum</strong></span> <span class='ocrx_word' id='word_1_232' title='bbox 810 3487 1013 3532; x_wconf 91' lang='lat' dir='ltr'><strong>conant</strong></span> <span class='ocrx_word' id='word_1_233' title='bbox 1042 3475 1356 3546; x_wconf 89' lang='lat' dir='ltr'><strong>imponere?</strong></span> <span class='ocrx_word' id='word_1_234' title='bbox 1382 3475 1523 3530; x_wconf 90' lang='lat' dir='ltr'><strong>Ecce</strong></span> <span class='ocrx_word' id='word_1_235' title='bbox 1549 3472 1788 3528; x_wconf 90' lang='lat' dir='ltr'><strong>Danielis</strong></span> <span class='ocrx_word' id='word_1_236' title='bbox 1821 3472 2145 3544; x_wconf 63' lang='lat' dir='ltr'><strong>praesagium</strong></span> 
     </span>
    </p>
   </div>
   <div class='ocr_carea' id='block_1_37' title="bbox 555 3563 2144 3636">
    <p class='ocr_par' dir='ltr' id='par_1_37' title="bbox 555 3563 2144 3636">
     <span class='ocr_line' id='line_1_37' title="bbox 555 3563 2144 3636; baseline -0.004 -13"><span class='ocrx_word' id='word_1_237' title='bbox 555 3567 733 3636; x_wconf 91' lang='lat' dir='ltr'><strong>primo</strong></span> <span class='ocrx_word' id='word_1_238' title='bbox 762 3567 882 3623; x_wconf 92' lang='lat' dir='ltr'><strong>loco</strong></span> <span class='ocrx_word' id='word_1_239' title='bbox 927 3567 1228 3622; x_wconf 91' lang='lat' dir='ltr'><strong>discutiens</strong></span> <span class='ocrx_word' id='word_1_240' title='bbox 1259 3585 1273 3621; x_wconf 89' lang='lat'><strong>:</strong></span> <span class='ocrx_word' id='word_1_241' title='bbox 1312 3565 1568 3621; x_wconf 89' lang='lat' dir='ltr'><strong>brevibus</strong></span> <span class='ocrx_word' id='word_1_242' title='bbox 1605 3571 1661 3619; x_wconf 90' lang='lat' dir='ltr'><strong>et</strong></span> <span class='ocrx_word' id='word_1_243' title='bbox 1702 3563 2144 3634; x_wconf 88' lang='lat' dir='ltr'><strong>consequentiam</strong></span> 
     </span>
    </p>
   </div>
   <div class='ocr_carea' id='block_1_38' title="bbox 556 3654 2146 3725">
    <p class='ocr_par' dir='ltr' id='par_1_38' title="bbox 556 3654 2146 3725">
     <span class='ocr_line' id='line_1_38' title="bbox 556 3654 2146 3725; baseline -0.004 -11"><span class='ocrx_word' id='word_1_244' title='bbox 556 3659 882 3716; x_wconf 88' lang='lat' dir='ltr'><strong>habentibus</strong></span> <span class='ocrx_word' id='word_1_245' title='bbox 917 3657 1357 3715; x_wconf 89' lang='lat' dir='ltr'><strong>conclusionibus</strong></span> <span class='ocrx_word' id='word_1_246' title='bbox 1387 3657 1655 3721; x_wconf 89' lang='lat' dir='ltr'><strong>serviam,</strong></span> <span class='ocrx_word' id='word_1_247' title='bbox 1687 3663 1744 3711; x_wconf 92' lang='lat' dir='ltr'><strong>et</strong></span> <span class='ocrx_word' id='word_1_248' title='bbox 1785 3669 1890 3711; x_wconf 93' lang='lat' dir='ltr'><strong>non</strong></span> <span class='ocrx_word' id='word_1_249' title='bbox 1940 3654 2146 3725; x_wconf 88' lang='lat' dir='ltr'><strong>specia-</strong></span> 
     </span>
    </p>
   </div>
   <div class='ocr_carea' id='block_1_39' title="bbox 557 3746 2146 3823">
    <p class='ocr_par' dir='ltr' id='par_1_39' title="bbox 557 3746 2146 3823">
     <span class='ocr_line' id='line_1_39' title="bbox 557 3746 2146 3823; baseline -0.002 -19"><span class='ocrx_word' id='word_1_250' title='bbox 557 3751 682 3806; x_wconf 89' lang='lat' dir='ltr'><strong>liter</strong></span> <span class='ocrx_word' id='word_1_251' title='bbox 705 3753 909 3819; x_wconf 89' lang='lat' dir='ltr'><strong>omnia,</strong></span> <span class='ocrx_word' id='word_1_252' title='bbox 944 3752 1040 3808; x_wconf 91' lang='lat' dir='ltr'><strong>sed</strong></span> <span class='ocrx_word' id='word_1_253' title='bbox 1068 3751 1250 3823; x_wconf 88' lang='lat' dir='ltr'><strong>aliqua</strong></span> <span class='ocrx_word' id='word_1_254' title='bbox 1278 3766 1346 3806; x_wconf 90' lang='lat' dir='ltr'><strong>ex</strong></span> <span class='ocrx_word' id='word_1_255' title='bbox 1371 3758 1527 3821; x_wconf 93' lang='lat' dir='ltr'><strong>parte</strong></span> <span class='ocrx_word' id='word_1_256' title='bbox 1570 3747 1871 3817; x_wconf 85' lang='lat' dir='ltr'><strong>expediam,</strong></span> <span class='ocrx_word' id='word_1_257' title='bbox 1899 3756 1955 3802; x_wconf 87' lang='lat' dir='ltr'><strong>et</strong></span> <span class='ocrx_word' id='word_1_258' title='bbox 1982 3746 2086 3802; x_wconf 88' lang='lat' dir='ltr'><strong>hoc</strong></span> <span class='ocrx_word' id='word_1_259' title='bbox 2112 3761 2146 3801; x_wconf 93' lang='lat' dir='ltr'><strong>a</strong></span> 
     </span>
    </p>
   </div>
   <div class='ocr_carea' id='block_1_40' title="bbox 557 3839 2148 3914">
    <p class='ocr_par' dir='ltr' id='par_1_40' title="bbox 557 3839 2148 3914">
     <span class='ocr_line' id='line_1_40' title="bbox 557 3839 2148 3914; baseline -0.001 -18"><span class='ocrx_word' id='word_1_260' title='bbox 557 3841 782 3898; x_wconf 84' lang='lat' dir='ltr'><strong>Patrum</strong></span> <span class='ocrx_word' id='word_1_261' title='bbox 841 3843 1041 3914; x_wconf 88' lang='lat' dir='ltr'><strong>regulis</strong></span> <span class='ocrx_word' id='word_1_262' title='bbox 1107 3843 1165 3897; x_wconf 90' lang='lat' dir='ltr'><strong>in</strong></span> <span class='ocrx_word' id='word_1_263' title='bbox 1217 3843 1434 3899; x_wconf 88' lang='lat' dir='ltr'><strong>devium</strong></span> <span class='ocrx_word' id='word_1_264' title='bbox 1491 3856 1600 3896; x_wconf 90' lang='lat' dir='ltr'><strong>non</strong></span> <span class='ocrx_word' id='word_1_265' title='bbox 1659 3840 1945 3897; x_wconf 89' lang='lat' dir='ltr'><strong>divertam.</strong></span> <span class='ocrx_word' id='word_1_266' title='bbox 2005 3839 2148 3895; x_wconf 90' lang='lat' dir='ltr'><strong>Dicit</strong></span> 
     </span>
    </p>
   </div>
   <div class='ocr_carea' id='block_1_41' title="bbox 558 3929 2148 4003">
    <p class='ocr_par' dir='ltr' id='par_1_41' title="bbox 558 3929 2148 4003">
     <span class='ocr_line' id='line_1_41' title="bbox 558 3929 2148 4003; baseline -0.003 -14"><span class='ocrx_word' id='word_1_267' title='bbox 558 3949 792 4003; x_wconf 83' lang='lat' dir='ltr'><strong>namque</strong></span> <span class='ocrx_word' id='word_1_268' title='bbox 832 3935 900 3989; x_wconf 91' lang='lat' dir='ltr'><strong>de</strong></span> <span class='ocrx_word' id='word_1_269' title='bbox 952 3934 1242 3989; x_wconf 90' lang='lat' dir='ltr'><strong>undecimo</strong></span> <span class='ocrx_word' id='word_1_270' title='bbox 1287 3933 1476 3988; x_wconf 87' lang='lat' dir='ltr'><strong>bestiae</strong></span> <span class='ocrx_word' id='word_1_271' title='bbox 1520 3947 1692 3988; x_wconf 85' lang='lat' dir='ltr'><strong>cornu</strong></span> <span class='ocrx_word' id='word_1_272' title='bbox 1731 3949 1747 3986; x_wconf 88' lang='lat'><strong>:</strong></span> <span class='ocrx_word' id='word_1_273' title='bbox 1799 3929 2014 3996; x_wconf 87' lang='lat' dir='ltr'><strong>Bestia,</strong></span> <span class='ocrx_word' id='word_1_274' title='bbox 2063 3930 2148 3985; x_wconf 84' lang='lat' dir='ltr'><strong>in-</strong></span> 
     </span>
    </p>
   </div>
   <div class='ocr_carea' id='block_1_42' title="bbox 557 4020 2147 4095">
    <p class='ocr_par' dir='ltr' id='par_1_42' title="bbox 557 4020 2147 4095">
     <span class='ocr_line' id='line_1_42' title="bbox 557 4020 2147 4095; baseline -0.001 -19"><span class='ocrx_word' id='word_1_275' title='bbox 557 4025 695 4095; x_wconf 79' lang='lat' dir='ltr'><strong>quit,</strong></span> <span class='ocrx_word' id='word_1_276' title='bbox 717 4033 927 4094; x_wconf 89' lang='lat' dir='ltr'><strong>quarta,</strong></span> <span class='ocrx_word' id='word_1_277' title='bbox 956 4039 1113 4093; x_wconf 86' lang='lat' dir='ltr'><strong>quam</strong></span> <span class='ocrx_word' id='word_1_278' title='bbox 1127 4023 1320 4089; x_wconf 75' lang='lat' dir='ltr'><strong>uidisti,</strong></span> <span class='ocrx_word' id='word_1_279' title='bbox 1346 4033 1591 4094; x_wconf 82' lang='lat' dir='ltr'><strong>quartum</strong></span> <span class='ocrx_word' id='word_1_280' title='bbox 1615 4038 1829 4092; x_wconf 83' lang='lat' dir='ltr'><strong>regnum</strong></span> <span class='ocrx_word' id='word_1_281' title='bbox 1856 4021 1972 4085; x_wconf 89' lang='lat' dir='ltr'><strong>erit,</strong></span> <span class='ocrx_word' id='word_1_282' title='bbox 2004 4020 2147 4091; x_wconf 86' lang='lat' dir='ltr'><strong>quod</strong></span> 
     </span>
    </p>
   </div>
   <div class='ocr_carea' id='block_1_43' title="bbox 547 4099 2147 4185">
    <p class='ocr_par' dir='ltr' id='par_1_43' title="bbox 547 4099 2147 4185">
     <span class='ocr_line' id='line_1_43' title="bbox 547 4099 2147 4185; baseline -0.002 -16"><span class='ocrx_word' id='word_1_283' title='bbox 547 4099 733 4184; x_wconf 38' lang='lat' dir='ltr'><strong>&#39;majus</strong></span> <span class='ocrx_word' id='word_1_284' title='bbox 775 4115 871 4168; x_wconf 87' lang='lat' dir='ltr'><strong>erit</strong></span> <span class='ocrx_word' id='word_1_285' title='bbox 922 4112 1159 4167; x_wconf 86' lang='lat' dir='ltr'><strong>omnibus</strong></span> <span class='ocrx_word' id='word_1_286' title='bbox 1200 4114 1369 4182; x_wconf 88' lang='lat' dir='ltr'><strong>regnis</strong></span> <span class='ocrx_word' id='word_1_287' title='bbox 1427 4113 1602 4185; x_wconf 87' lang='lat' dir='ltr'><strong>(Dan.</strong></span> <span class='ocrx_word' id='word_1_288' title='bbox 1649 4127 1723 4166; x_wconf 85' lang='lat' dir='ltr'><strong>vn</strong></span> <span class='ocrx_word' id='word_1_289' title='bbox 1750 4152 1765 4178; x_wconf 98' lang='lat'><strong>,</strong></span> <span class='ocrx_word' id='word_1_290' title='bbox 1806 4111 1933 4182; x_wconf 76' lang='grc'><strong>25).</strong></span> <span class='ocrx_word' id='word_1_291' title='bbox 1994 4109 2147 4166; x_wconf 76' lang='lat' dir='ltr'><strong>Haud</strong></span> 
     </span>
    </p>
   </div>
   <div class='ocr_carea' id='block_1_44' title="bbox 565 4202 2148 4277">
    <p class='ocr_par' dir='ltr' id='par_1_44' title="bbox 565 4202 2148 4277">
     <span class='ocr_line' id='line_1_44' title="bbox 565 4202 2148 4277; baseline -0.001 -16"><span class='ocrx_word' id='word_1_292' title='bbox 565 4206 585 4245; x_wconf 70' lang='grc' dir='ltr'><em>ι</em></span> <span class='ocrx_word' id='word_1_293' title='bbox 635 4205 886 4272; x_wconf 91' lang='lat' dir='ltr'><strong>dubium,</strong></span> <span class='ocrx_word' id='word_1_294' title='bbox 959 4206 1103 4276; x_wconf 89' lang='lat' dir='ltr'><strong>quod</strong></span> <span class='ocrx_word' id='word_1_295' title='bbox 1152 4205 1455 4262; x_wconf 87' lang='lat' dir='ltr'><strong>Romanum</strong></span> <span class='ocrx_word' id='word_1_296' title='bbox 1517 4204 1820 4277; x_wconf 87' lang='lat' dir='ltr'><strong>signiﬁcet,</strong></span> <span class='ocrx_word' id='word_1_297' title='bbox 1874 4202 2148 4259; x_wconf 90' lang='lat' dir='ltr'><strong>multoties</strong></span> 
     </span>
    </p>
   </div>
   <div class='ocr_carea' id='block_1_45' title="bbox 558 4296 2144 4370">
    <p class='ocr_par' dir='ltr' id='par_1_45' title="bbox 558 4296 2144 4370">
     <span class='ocr_line' id='line_1_45' title="bbox 558 4296 2144 4370; baseline -0.003 -15"><span class='ocrx_word' id='word_1_298' title='bbox 558 4299 874 4366; x_wconf 88' lang='lat' dir='ltr'><strong>elcvatum,</strong></span> <span class='ocrx_word' id='word_1_299' title='bbox 931 4299 1202 4369; x_wconf 89' lang='lat' dir='ltr'><strong>latiusque</strong></span> <span class='ocrx_word' id='word_1_300' title='bbox 1259 4316 1290 4354; x_wconf 91' lang='lat' dir='ltr'><strong>a</strong></span> <span class='ocrx_word' id='word_1_301' title='bbox 1347 4299 1528 4370; x_wconf 81' lang='lat' dir='ltr'><strong>regnis</strong></span> <span class='ocrx_word' id='word_1_302' title='bbox 1575 4297 1786 4353; x_wconf 82' lang='lat' dir='ltr'><strong>caeteris</strong></span> <span class='ocrx_word' id='word_1_303' title='bbox 1842 4296 2144 4352; x_wconf 90' lang='lat' dir='ltr'><strong>dilatatum.</strong></span> 
     </span>
    </p>
   </div>
   <div class='ocr_carea' id='block_1_46' title="bbox 561 4385 2146 4462">
    <p class='ocr_par' dir='ltr' id='par_1_46' title="bbox 561 4385 2146 4462">
     <span class='ocr_line' id='line_1_46' title="bbox 561 4385 2146 4462; baseline 0.001 -22"><span class='ocrx_word' id='word_1_304' title='bbox 561 4385 732 4443; x_wconf 87' lang='lat' dir='ltr'><strong>Porro</strong></span> <span class='ocrx_word' id='word_1_305' title='bbox 767 4405 966 4444; x_wconf 84' lang='lat' dir='ltr'><strong>cornua</strong></span> <span class='ocrx_word' id='word_1_306' title='bbox 991 4391 1170 4444; x_wconf 84' lang='lat' dir='ltr'><strong>decem</strong></span> <span class='ocrx_word' id='word_1_307' title='bbox 1190 4391 1357 4462; x_wconf 87' lang='lat' dir='ltr'><strong>ipsius</strong></span> <span class='ocrx_word' id='word_1_308' title='bbox 1387 4387 1551 4458; x_wconf 86' lang='lat' dir='ltr'><strong>regni,</strong></span> <span class='ocrx_word' id='word_1_309' title='bbox 1577 4386 1752 4440; x_wconf 86' lang='lat' dir='ltr'><strong>decem</strong></span> <span class='ocrx_word' id='word_1_310' title='bbox 1793 4403 1937 4457; x_wconf 86' lang='lat' dir='ltr'><strong>reges</strong></span> <span class='ocrx_word' id='word_1_311' title='bbox 1979 4396 2098 4440; x_wconf 88' lang='lat' dir='ltr'><strong>sunt</strong></span> <span class='ocrx_word' id='word_1_312' title='bbox 2126 4401 2146 4442; x_wconf 91' lang='lat'><strong><em>:</em></strong></span> 
     </span>
    </p>
   </div>
   <div class='ocr_carea' id='block_1_47' title="bbox 556 4478 2149 4552">
    <p class='ocr_par' dir='ltr' id='par_1_47' title="bbox 556 4478 2149 4552">
     <span class='ocr_line' id='line_1_47' title="bbox 556 4478 2149 4552; baseline -0.003 -16"><span class='ocrx_word' id='word_1_313' title='bbox 556 4491 613 4536; x_wconf 84' lang='lat' dir='ltr'><strong>et</strong></span> <span class='ocrx_word' id='word_1_314' title='bbox 637 4479 774 4535; x_wconf 87' lang='lat' dir='ltr'><strong>alius</strong></span> <span class='ocrx_word' id='word_1_315' title='bbox 794 4491 1066 4552; x_wconf 81' lang='lat' dir='ltr'><strong>consurget</strong></span> <span class='ocrx_word' id='word_1_316' title='bbox 1103 4489 1219 4551; x_wconf 85' lang='lat' dir='ltr'><strong>post</strong></span> <span class='ocrx_word' id='word_1_317' title='bbox 1257 4497 1365 4546; x_wconf 89' lang='lat' dir='ltr'><strong>eos,</strong></span> <span class='ocrx_word' id='word_1_318' title='bbox 1393 4488 1442 4533; x_wconf 89' lang='lat' dir='ltr'><strong>et</strong></span> <span class='ocrx_word' id='word_1_319' title='bbox 1472 4479 1580 4548; x_wconf 85' lang='lat' dir='ltr'><strong>ipse</strong></span> <span class='ocrx_word' id='word_1_320' title='bbox 1599 4479 1856 4549; x_wconf 86' lang='lat' dir='ltr'><strong>potentior</strong></span> <span class='ocrx_word' id='word_1_321' title='bbox 1891 4478 1988 4532; x_wconf 87' lang='lat' dir='ltr'><strong>erit</strong></span> <span class='ocrx_word' id='word_1_322' title='bbox 2006 4479 2149 4549; x_wconf 79' lang='lat' dir='ltr'><strong>prio-</strong></span> 
     </span>
    </p>
   </div>
   <div class='ocr_carea' id='block_1_48' title="bbox 557 4569 2223 4672">
    <p class='ocr_par' dir='ltr' id='par_1_48' title="bbox 557 4569 2223 4672">
     <span class='ocr_line' id='line_1_48' title="bbox 557 4569 2223 4672; baseline -0.001 -46"><span class='ocrx_word' id='word_1_323' title='bbox 557 4572 726 4637; x_wconf 80' lang='lat' dir='ltr'><strong>ribus,</strong></span> <span class='ocrx_word' id='word_1_324' title='bbox 769 4583 817 4628; x_wconf 87' lang='lat' dir='ltr'><strong>et</strong></span> <span class='ocrx_word' id='word_1_325' title='bbox 855 4583 958 4628; x_wconf 87' lang='lat' dir='ltr'><strong>tres</strong></span> <span class='ocrx_word' id='word_1_326' title='bbox 1001 4588 1144 4642; x_wconf 89' lang='lat' dir='ltr'><strong>reges</strong></span> <span class='ocrx_word' id='word_1_327' title='bbox 1188 4569 1517 4636; x_wconf 82' lang='lat' dir='ltr'><strong>humiliabit,</strong></span> <span class='ocrx_word' id='word_1_328' title='bbox 1564 4579 1612 4624; x_wconf 85' lang='lat' dir='ltr'><strong>et</strong></span> <span class='ocrx_word' id='word_1_329' title='bbox 1655 4585 1915 4626; x_wconf 84' lang='lat' dir='ltr'><strong>sermones</strong></span> <span class='ocrx_word' id='word_1_330' title='bbox 1961 4578 2144 4624; x_wconf 85' lang='lat' dir='ltr'><strong>contra</strong></span> <span class='ocrx_word' id='word_1_331' title='bbox 2168 4611 2223 4672; x_wconf 72' lang='grc' dir='ltr'><strong>Ι)</strong></span> 
     </span>
    </p>
   </div>
   <div class='ocr_carea' id='block_1_49' title="bbox 557 4660 2143 4734">
    <p class='ocr_par' dir='ltr' id='par_1_49' title="bbox 557 4660 2143 4734">
     <span class='ocr_line' id='line_1_49' title="bbox 557 4660 2143 4734; baseline -0.001 -17"><span class='ocrx_word' id='word_1_332' title='bbox 557 4661 842 4718; x_wconf 74' lang='lat' dir='ltr'><strong>Eacelsum</strong></span> <span class='ocrx_word' id='word_1_333' title='bbox 889 4665 1128 4734; x_wconf 83' lang='lat' dir='ltr'><strong>loquetur</strong></span> <span class='ocrx_word' id='word_1_334' title='bbox 1151 4703 1167 4728; x_wconf 97' lang='lat'><strong>,</strong></span> <span class='ocrx_word' id='word_1_335' title='bbox 1213 4671 1264 4717; x_wconf 92' lang='lat' dir='ltr'><strong>et</strong></span> <span class='ocrx_word' id='word_1_336' title='bbox 1305 4671 1514 4716; x_wconf 86' lang='lat' dir='ltr'><strong>sanctos</strong></span> <span class='ocrx_word' id='word_1_337' title='bbox 1557 4660 1814 4716; x_wconf 82' lang='lat' dir='ltr'><strong>Altissimi</strong></span> <span class='ocrx_word' id='word_1_338' title='bbox 1862 4669 2087 4716; x_wconf 86' lang='lat' dir='ltr'><strong>conteret</strong></span> <span class='ocrx_word' id='word_1_339' title='bbox 2123 4678 2143 4716; x_wconf 83' lang='lat'><strong>.°</strong></span> 
     </span>
    </p>
   </div>
   <div class='ocr_carea' id='block_1_50' title="bbox 555 4751 2145 4826">
    <p class='ocr_par' dir='ltr' id='par_1_50' title="bbox 555 4751 2145 4826">
     <span class='ocr_line' id='line_1_50' title="bbox 555 4751 2145 4826; baseline -0.003 -17"><span class='ocrx_word' id='word_1_340' title='bbox 555 4763 607 4809; x_wconf 86' lang='lat' dir='ltr'><strong>et</strong></span> <span class='ocrx_word' id='word_1_341' title='bbox 645 4755 847 4826; x_wconf 84' lang='lat' dir='ltr'><strong>putabit</strong></span> <span class='ocrx_word' id='word_1_342' title='bbox 899 4753 1040 4825; x_wconf 81' lang='lat' dir='ltr'><strong>quod</strong></span> <span class='ocrx_word' id='word_1_343' title='bbox 1076 4754 1236 4824; x_wconf 80' lang='lat' dir='ltr'><strong>possit</strong></span> <span class='ocrx_word' id='word_1_344' title='bbox 1271 4765 1475 4808; x_wconf 88' lang='lat' dir='ltr'><strong>mutare</strong></span> <span class='ocrx_word' id='word_1_345' title='bbox 1511 4763 1760 4824; x_wconf 88' lang='lat' dir='ltr'><strong>tempora,</strong></span> <span class='ocrx_word' id='word_1_346' title='bbox 1805 4761 1852 4807; x_wconf 90' lang='lat' dir='ltr'><strong>et</strong></span> <span class='ocrx_word' id='word_1_347' title='bbox 1896 4751 2051 4822; x_wconf 82' lang='lat' dir='ltr'><strong>leges,</strong></span> <span class='ocrx_word' id='word_1_348' title='bbox 2095 4760 2145 4805; x_wconf 88' lang='lat' dir='ltr'><strong>et</strong></span> 
     </span>
    </p>
   </div>
   <div class='ocr_carea' id='block_1_51' title="bbox 555 4845 2142 4915">
    <p class='ocr_par' dir='ltr' id='par_1_51' title="bbox 555 4845 2142 4915">
     <span class='ocr_line' id='line_1_51' title="bbox 555 4845 2142 4915; baseline -0.001 -17"><span class='ocrx_word' id='word_1_349' title='bbox 555 4847 836 4900; x_wconf 85' lang='lat' dir='ltr'><strong>tradentur</strong></span> <span class='ocrx_word' id='word_1_350' title='bbox 868 4845 924 4898; x_wconf 88' lang='lat' dir='ltr'><strong>in</strong></span> <span class='ocrx_word' id='word_1_351' title='bbox 966 4860 1127 4898; x_wconf 89' lang='lat' dir='ltr'><strong>manu</strong></span> <span class='ocrx_word' id='word_1_352' title='bbox 1165 4845 1279 4915; x_wconf 88' lang='lat' dir='ltr'><strong>ejus</strong></span> <span class='ocrx_word' id='word_1_353' title='bbox 1316 4861 1476 4915; x_wconf 80' lang='lat' dir='ltr'><strong>usque</strong></span> <span class='ocrx_word' id='word_1_354' title='bbox 1521 4854 1756 4914; x_wconf 85' lang='lat' dir='ltr'><strong>tempus,</strong></span> <span class='ocrx_word' id='word_1_355' title='bbox 1802 4852 1851 4897; x_wconf 90' lang='lat' dir='ltr'><strong>et</strong></span> <span class='ocrx_word' id='word_1_356' title='bbox 1889 4852 2142 4913; x_wconf 86' lang='lat' dir='ltr'><strong>tempora,</strong></span> 
     </span>
    </p>
   </div>
   <div class='ocr_carea' id='block_1_52' title="bbox 557 4934 2145 5011">
    <p class='ocr_par' dir='ltr' id='par_1_52' title="bbox 557 4934 2145 5011">
     <span class='ocr_line' id='line_1_52' title="bbox 557 4934 2145 5011; baseline 0.001 -20"><span class='ocrx_word' id='word_1_357' title='bbox 557 4946 608 4991; x_wconf 85' lang='lat' dir='ltr'><strong>et</strong></span> <span class='ocrx_word' id='word_1_358' title='bbox 641 4937 919 4992; x_wconf 84' lang='lat' dir='ltr'><strong>dimidium</strong></span> <span class='ocrx_word' id='word_1_359' title='bbox 968 4940 1212 5009; x_wconf 85' lang='lat' dir='ltr'><strong>temporis</strong></span> <span class='ocrx_word' id='word_1_360' title='bbox 1266 4936 1452 5011; x_wconf 57' lang='lat' dir='ltr'><strong>(Ibid,</strong></span> <span class='ocrx_word' id='word_1_361' title='bbox 1509 4936 1602 5004; x_wconf 69' lang='grc'><strong>24,</strong></span> <span class='ocrx_word' id='word_1_362' title='bbox 1653 4936 1769 5008; x_wconf 78' lang='grc'><strong>25).</strong></span> <span class='ocrx_word' id='word_1_363' title='bbox 1802 4934 1932 5003; x_wconf 64' lang='lat' dir='ltr'><strong>Quae</strong></span> <span class='ocrx_word' id='word_1_364' title='bbox 1961 4934 2145 4992; x_wconf 82' lang='lat' dir='ltr'><strong>omnia</strong></span> 
     </span>
    </p>
   </div>
   <div class='ocr_carea' id='block_1_53' title="bbox 557 5028 2141 5103">
    <p class='ocr_par' dir='ltr' id='par_1_53' title="bbox 557 5028 2141 5103">
     <span class='ocr_line' id='line_1_53' title="bbox 557 5028 2141 5103; baseline -0.001 -20"><span class='ocrx_word' id='word_1_365' title='bbox 557 5029 860 5096; x_wconf 87' lang='lat' dir='ltr'><strong>historice,</strong></span> <span class='ocrx_word' id='word_1_366' title='bbox 917 5039 974 5087; x_wconf 91' lang='lat' dir='ltr'><strong>et</strong></span> <span class='ocrx_word' id='word_1_367' title='bbox 1029 5032 1247 5103; x_wconf 88' lang='lat' dir='ltr'><strong>proprie</strong></span> <span class='ocrx_word' id='word_1_368' title='bbox 1308 5029 1572 5086; x_wconf 87' lang='lat' dir='ltr'><strong>Porﬁrius</strong></span> <span class='ocrx_word' id='word_1_369' title='bbox 1625 5031 1679 5084; x_wconf 93' lang='lat' dir='ltr'><strong>in</strong></span> <span class='ocrx_word' id='word_1_370' title='bbox 1721 5028 1988 5084; x_wconf 84' lang='lat' dir='ltr'><strong>Anthioco</strong></span> <span class='ocrx_word' id='word_1_371' title='bbox 2042 5041 2141 5098; x_wconf 87' lang='lat' dir='ltr'><strong>po-</strong></span> 
     </span>
    </p>
   </div>
   <div class='ocr_carea' id='block_1_54' title="bbox 559 5120 2142 5194">
    <p class='ocr_par' dir='ltr' id='par_1_54' title="bbox 559 5120 2142 5194">
     <span class='ocr_line' id='line_1_54' title="bbox 559 5120 2142 5194; baseline -0.001 -16"><span class='ocrx_word' id='word_1_372' title='bbox 559 5123 700 5179; x_wconf 76' lang='lat' dir='ltr'><strong>suit.</strong></span> <span class='ocrx_word' id='word_1_373' title='bbox 730 5123 910 5180; x_wconf 86' lang='lat' dir='ltr'><strong>Nostri</strong></span> <span class='ocrx_word' id='word_1_374' title='bbox 941 5139 1070 5181; x_wconf 91' lang='lat' dir='ltr'><strong>vero</strong></span> <span class='ocrx_word' id='word_1_375' title='bbox 1117 5126 1171 5179; x_wconf 90' lang='lat' dir='ltr'><strong>in</strong></span> <span class='ocrx_word' id='word_1_376' title='bbox 1217 5123 1488 5178; x_wconf 77' lang='lat' dir='ltr'><strong>Anthioco</strong></span> <span class='ocrx_word' id='word_1_377' title='bbox 1527 5123 1730 5194; x_wconf 89' lang='lat' dir='ltr'><strong>typice,</strong></span> <span class='ocrx_word' id='word_1_378' title='bbox 1775 5129 1830 5176; x_wconf 91' lang='lat' dir='ltr'><strong>et</strong></span> <span class='ocrx_word' id='word_1_379' title='bbox 1869 5120 2050 5175; x_wconf 90' lang='lat' dir='ltr'><strong>verius</strong></span> <span class='ocrx_word' id='word_1_380' title='bbox 2087 5120 2142 5176; x_wconf 88' lang='lat' dir='ltr'><strong>in</strong></span> 
     </span>
    </p>
   </div>
   <div class='ocr_carea' id='block_1_55' title="bbox 556 5211 2144 5286">
    <p class='ocr_par' dir='ltr' id='par_1_55' title="bbox 556 5211 2144 5286">
     <span class='ocr_line' id='line_1_55' title="bbox 556 5211 2144 5286; baseline -0.003 -15"><span class='ocrx_word' id='word_1_381' title='bbox 556 5215 918 5282; x_wconf 75' lang='lat' dir='ltr'><strong>Antichristo,</strong></span> <span class='ocrx_word' id='word_1_382' title='bbox 952 5226 1007 5274; x_wconf 91' lang='lat' dir='ltr'><strong>et</strong></span> <span class='ocrx_word' id='word_1_383' title='bbox 1039 5218 1240 5274; x_wconf 90' lang='lat' dir='ltr'><strong>rectius</strong></span> <span class='ocrx_word' id='word_1_384' title='bbox 1287 5214 1593 5286; x_wconf 85' lang='lat' dir='ltr'><strong>specialiter</strong></span> <span class='ocrx_word' id='word_1_385' title='bbox 1629 5228 1879 5284; x_wconf 87' lang='lat' dir='ltr'><strong>posuere.</strong></span> <span class='ocrx_word' id='word_1_386' title='bbox 1915 5211 2022 5267; x_wconf 89' lang='lat' dir='ltr'><strong>Nos</strong></span> <span class='ocrx_word' id='word_1_387' title='bbox 2062 5220 2144 5266; x_wconf 40' lang='lat' dir='ltr'><strong>tas</strong></span> 
     </span>
    </p>
   </div>
   <div class='ocr_carea' id='block_1_56' title="bbox 556 5307 2145 5380">
    <p class='ocr_par' dir='ltr' id='par_1_56' title="bbox 556 5307 2145 5380">
     <span class='ocr_line' id='line_1_56' title="bbox 556 5307 2145 5380; baseline -0.004 -14"><span class='ocrx_word' id='word_1_388' title='bbox 556 5324 685 5367; x_wconf 82' lang='lat' dir='ltr'><strong>men</strong></span> <span class='ocrx_word' id='word_1_389' title='bbox 713 5311 767 5367; x_wconf 92' lang='lat' dir='ltr'><strong>in</strong></span> <span class='ocrx_word' id='word_1_390' title='bbox 813 5313 958 5368; x_wconf 89' lang='lat' dir='ltr'><strong>hunc</strong></span> <span class='ocrx_word' id='word_1_391' title='bbox 996 5313 1166 5367; x_wconf 90' lang='lat' dir='ltr'><strong>nostri</strong></span> <span class='ocrx_word' id='word_1_392' title='bbox 1194 5310 1448 5380; x_wconf 89' lang='lat' dir='ltr'><strong>temporis</strong></span> <span class='ocrx_word' id='word_1_393' title='bbox 1475 5308 1712 5364; x_wconf 88' lang='lat' dir='ltr'><strong>damnati</strong></span> <span class='ocrx_word' id='word_1_394' title='bbox 1742 5307 1976 5362; x_wconf 86' lang='lat' dir='ltr'><strong>hominis</strong></span> <span class='ocrx_word' id='word_1_395' title='bbox 2007 5321 2145 5376; x_wconf 78' lang='lat' dir='ltr'><strong>prae-</strong></span> 
     </span>
    </p>
   </div>
   <div class='ocr_carea' id='block_1_57' title="bbox 558 5396 2142 5474">
    <p class='ocr_par' dir='ltr' id='par_1_57' title="bbox 558 5396 2142 5474">
     <span class='ocr_line' id='line_1_57' title="bbox 558 5396 2142 5474; baseline -0.004 -16"><span class='ocrx_word' id='word_1_396' title='bbox 558 5416 838 5460; x_wconf 88' lang='lat' dir='ltr'><strong>cursorem</strong></span> <span class='ocrx_word' id='word_1_397' title='bbox 862 5407 888 5445; x_wconf 74' lang='grc' dir='ltr'>ε</span> <span class='ocrx_word' id='word_1_398' title='bbox 909 5420 974 5459; x_wconf 87' lang='lat' dir='ltr'><strong>ex</strong></span> <span class='ocrx_word' id='word_1_399' title='bbox 1000 5412 1154 5474; x_wconf 88' lang='lat' dir='ltr'><strong>parte</strong></span> <span class='ocrx_word' id='word_1_400' title='bbox 1190 5396 1421 5458; x_wconf 90' lang='lat' dir='ltr'><strong>dicimus</strong></span> <span class='ocrx_word' id='word_1_401' title='bbox 1453 5399 1766 5456; x_wconf 91' lang='lat' dir='ltr'><strong>convenire.</strong></span> <span class='ocrx_word' id='word_1_402' title='bbox 1799 5396 1935 5454; x_wconf 89' lang='lat' dir='ltr'><strong>Nam</strong></span> <span class='ocrx_word' id='word_1_403' title='bbox 1957 5397 2012 5453; x_wconf 93' lang='lat' dir='ltr'><strong>in</strong></span> <span class='ocrx_word' id='word_1_404' title='bbox 2041 5413 2142 5454; x_wconf 89' lang='lat' dir='ltr'><strong>un-</strong></span> 
     </span>
    </p>
   </div>
   <div class='ocr_carea' id='block_1_58' title="bbox 629 5511 2140 5586">
    <p class='ocr_par' dir='ltr' id='par_1_58' title="bbox 629 5511 2140 5586">
     <span class='ocr_line' id='line_1_58' title="bbox 629 5511 2140 5586; baseline -0.003 -16"><span class='ocrx_word' id='word_1_405' title='bbox 629 5525 658 5555; x_wconf 77' lang='grc' dir='ltr'>ι</span> <span class='ocrx_word' id='word_1_406' title='bbox 690 5511 748 5570; x_wconf 89' lang='lat' dir='ltr'><strong>Si</strong></span> <span class='ocrx_word' id='word_1_407' title='bbox 773 5523 1058 5580; x_wconf 83' lang='lat' dir='ltr'><strong>macerant,</strong></span> <span class='ocrx_word' id='word_1_408' title='bbox 1082 5523 1138 5570; x_wconf 91' lang='lat' dir='ltr'><strong>et</strong></span> <span class='ocrx_word' id='word_1_409' title='bbox 1159 5513 1438 5569; x_wconf 84' lang='lat' dir='ltr'><strong>inlustrant</strong></span> <span class='ocrx_word' id='word_1_410' title='bbox 1463 5513 1680 5586; x_wconf 88' lang='lat' dir='ltr'><strong>legeris,</strong></span> <span class='ocrx_word' id='word_1_411' title='bbox 1701 5511 1981 5584; x_wconf 88' lang='lat' dir='ltr'><strong>sequentia</strong></span> <span class='ocrx_word' id='word_1_412' title='bbox 2009 5527 2140 5582; x_wconf 78' lang='lat' dir='ltr'><strong>quo-</strong></span> 
     </span>
    </p>
   </div>
   <div class='ocr_carea' id='block_1_59' title="bbox 559 5586 1033 5657">
    <p class='ocr_par' dir='ltr' id='par_1_59' title="bbox 559 5586 1033 5657">
     <span class='ocr_line' id='line_1_59' title="bbox 559 5586 1033 5657; baseline -0.008 -15"><span class='ocrx_word' id='word_1_413' title='bbox 559 5598 666 5657; x_wconf 83' lang='lat' dir='ltr'><strong>que</strong></span> <span class='ocrx_word' id='word_1_414' title='bbox 691 5586 1033 5657; x_wconf 77' lang='lat' dir='ltr'><strong>corrigenda.</strong></span> 
     </span>
    </p>
   </div>
   <div class='ocr_carea' id='block_1_60' title="bbox 630 5652 2140 5722">
    <p class='ocr_par' dir='ltr' id='par_1_60' title="bbox 630 5652 2140 5722">
     <span class='ocr_line' id='line_1_60' title="bbox 630 5652 2140 5722; baseline -0.001 -9"><span class='ocrx_word' id='word_1_415' title='bbox 630 5657 659 5698; x_wconf 73' lang='grc' dir='ltr'><strong>ιι</strong></span> <span class='ocrx_word' id='word_1_416' title='bbox 691 5652 1147 5712; x_wconf 73' lang='lat' dir='ltr'><strong>Testimoniorum</strong></span> <span class='ocrx_word' id='word_1_417' title='bbox 1187 5655 1305 5712; x_wconf 89' lang='lat' dir='ltr'><strong>face</strong></span> <span class='ocrx_word' id='word_1_418' title='bbox 1351 5655 1526 5714; x_wconf 90' lang='lat' dir='ltr'><strong>lucem</strong></span> <span class='ocrx_word' id='word_1_419' title='bbox 1575 5656 1654 5712; x_wconf 91' lang='lat' dir='ltr'><strong>rei</strong></span> <span class='ocrx_word' id='word_1_420' title='bbox 1684 5655 1812 5712; x_wconf 85' lang='lat' dir='ltr'><strong>dare</strong></span> <span class='ocrx_word' id='word_1_421' title='bbox 1855 5652 2012 5722; x_wconf 87' lang='lat' dir='ltr'><strong>velle,</strong></span> <span class='ocrx_word' id='word_1_422' title='bbox 2062 5655 2140 5711; x_wconf 88' lang='lat' dir='ltr'><strong>in-</strong></span> 
     </span>
    </p>
   </div>
   <div class='ocr_carea' id='block_1_61' title="bbox 558 5727 1428 5798">
    <p class='ocr_par' dir='ltr' id='par_1_61' title="bbox 558 5727 1428 5798">
     <span class='ocr_line' id='line_1_61' title="bbox 558 5727 1428 5798; baseline 0.002 -16"><span class='ocrx_word' id='word_1_423' title='bbox 558 5740 727 5798; x_wconf 77' lang='lat' dir='ltr'><strong>nuerc</strong></span> <span class='ocrx_word' id='word_1_424' title='bbox 752 5727 964 5781; x_wconf 86' lang='lat' dir='ltr'><strong>videtur</strong></span> <span class='ocrx_word' id='word_1_425' title='bbox 989 5743 1085 5798; x_wconf 84' lang='lat' dir='ltr'><strong>per</strong></span> <span class='ocrx_word' id='word_1_426' title='bbox 1104 5727 1220 5784; x_wconf 74' lang='lat' dir='ltr'><strong>haec</strong></span> <span class='ocrx_word' id='word_1_427' title='bbox 1244 5727 1428 5784; x_wconf 85' lang='lat' dir='ltr'><strong>verba.</strong></span> 
     </span>
    </p>
   </div>
   <div class='ocr_carea' id='block_1_62' title="bbox 627 5797 1133 5865">
    <p class='ocr_par' dir='ltr' id='par_1_62' title="bbox 627 5797 1133 5865">
     <span class='ocr_line' id='line_1_62' title="bbox 627 5797 1133 5865; baseline 0.01 -16"><span class='ocrx_word' id='word_1_428' title='bbox 627 5808 650 5838; x_wconf 76' lang='grc' dir='ltr'><strong>ο</strong></span> <span class='ocrx_word' id='word_1_429' title='bbox 685 5797 746 5850; x_wconf 84' lang='lat' dir='ltr'><strong>F.</strong></span> <span class='ocrx_word' id='word_1_430' title='bbox 771 5797 1133 5865; x_wconf 77' lang='lat' dir='ltr'><strong>expositiones.</strong></span> 
     </span>
    </p>
   </div>
   <div class='ocr_carea' id='block_1_63' title="bbox 627 5865 1396 5941">
    <p class='ocr_par' dir='ltr' id='par_1_63' title="bbox 627 5865 1396 5941">
     <span class='ocr_line' id='line_1_63' title="bbox 627 5865 1396 5941; baseline 0.009 -23"><span class='ocrx_word' id='word_1_431' title='bbox 627 5865 658 5908; x_wconf 67' lang='grc' dir='ltr'>ἆ</span> <span class='ocrx_word' id='word_1_432' title='bbox 687 5866 973 5938; x_wconf 74' lang='lat' dir='ltr'><strong>Deﬂorare,</strong></span> <span class='ocrx_word' id='word_1_433' title='bbox 1020 5867 1179 5926; x_wconf 78' lang='lat' dir='ltr'><strong>ﬂores</strong></span> <span class='ocrx_word' id='word_1_434' title='bbox 1198 5869 1396 5941; x_wconf 84' lang='lat' dir='ltr'><strong>legere.</strong></span> 
     </span>
    </p>
   </div>
   <div class='ocr_carea' id='block_1_64' title="bbox 2251 619 3768 693">
    <p class='ocr_par' dir='ltr' id='par_1_64' title="bbox 2251 619 3768 693">
     <span class='ocr_line' id='line_1_64' title="bbox 2251 619 3768 693; baseline 0.005 -19"><span class='ocrx_word' id='word_1_435' title='bbox 2251 635 2351 691; x_wconf 90' lang='lat' dir='ltr'><strong>per</strong></span> <span class='ocrx_word' id='word_1_436' title='bbox 2383 619 2648 676; x_wconf 82' lang='lat' dir='ltr'><strong>infaustus</strong></span> <span class='ocrx_word' id='word_1_437' title='bbox 2673 627 2778 688; x_wconf 89' lang='lat' dir='ltr'><strong>est,</strong></span> <span class='ocrx_word' id='word_1_438' title='bbox 2809 620 2915 675; x_wconf 90' lang='lat' dir='ltr'><strong>tria</strong></span> <span class='ocrx_word' id='word_1_439' title='bbox 2935 635 3104 693; x_wconf 88' lang='lat' dir='ltr'><strong>regna</strong></span> <span class='ocrx_word' id='word_1_440' title='bbox 3130 621 3448 691; x_wconf 91' lang='lat' dir='ltr'><strong>perdomuit,</strong></span> <span class='ocrx_word' id='word_1_441' title='bbox 3466 622 3581 678; x_wconf 89' lang='lat' dir='ltr'><strong>dum</strong></span> <span class='ocrx_word' id='word_1_442' title='bbox 3596 623 3768 682; x_wconf 69' lang='lat' dir='ltr'><strong>Greco-</strong></span> 
     </span>
    </p>
   </div>
   <div class='ocr_carea' id='block_1_65' title="bbox 2251 711 3767 784">
    <p class='ocr_par' dir='ltr' id='par_1_65' title="bbox 2251 711 3767 784">
     <span class='ocr_line' id='line_1_65' title="bbox 2251 711 3767 784; baseline 0.006 -17"><span class='ocrx_word' id='word_1_443' title='bbox 2251 727 2395 777; x_wconf 90' lang='lat' dir='ltr'><strong>rum,</strong></span> <span class='ocrx_word' id='word_1_444' title='bbox 2450 711 2817 780; x_wconf 87' lang='lat' dir='ltr'><strong>Francorum,</strong></span> <span class='ocrx_word' id='word_1_445' title='bbox 2869 728 2989 784; x_wconf 75' lang='lat' dir='ltr'><strong>quae</strong></span> <span class='ocrx_word' id='word_1_446' title='bbox 3041 713 3144 769; x_wconf 88' lang='lat' dir='ltr'><strong>sub</strong></span> <span class='ocrx_word' id='word_1_447' title='bbox 3195 713 3411 770; x_wconf 92' lang='lat' dir='ltr'><strong>nomine</strong></span> <span class='ocrx_word' id='word_1_448' title='bbox 3457 712 3767 776; x_wconf 76' lang='lat' dir='ltr'><strong>Romanorum</strong></span> 
     </span>
    </p>
   </div>
   <div class='ocr_carea' id='block_1_66' title="bbox 2249 802 3767 876">
    <p class='ocr_par' dir='ltr' id='par_1_66' title="bbox 2249 802 3767 876">
     <span class='ocr_line' id='line_1_66' title="bbox 2249 802 3767 876; baseline 0.005 -18"><span class='ocrx_word' id='word_1_449' title='bbox 2249 804 2526 876; x_wconf 81' lang='lat' dir='ltr'><strong>vigebant,</strong></span> <span class='ocrx_word' id='word_1_450' title='bbox 2551 805 2859 874; x_wconf 87' lang='lat' dir='ltr'><strong>provincias</strong></span> <span class='ocrx_word' id='word_1_451' title='bbox 2890 805 3193 876; x_wconf 83' lang='lat' dir='ltr'><strong>occupavit,</strong></span> <span class='ocrx_word' id='word_1_452' title='bbox 3235 813 3292 860; x_wconf 89' lang='lat' dir='ltr'><strong>ct</strong></span> <span class='ocrx_word' id='word_1_453' title='bbox 3329 802 3610 862; x_wconf 87' lang='lat' dir='ltr'><strong>Gothorum</strong></span> <span class='ocrx_word' id='word_1_454' title='bbox 3645 807 3767 865; x_wconf 87' lang='lat' dir='ltr'><strong>Occi-</strong></span> 
     </span>
    </p>
   </div>
   <div class='ocr_carea' id='block_1_67' title="bbox 2251 897 3768 969">
    <p class='ocr_par' dir='ltr' id='par_1_67' title="bbox 2251 897 3768 969">
     <span class='ocr_line' id='line_1_67' title="bbox 2251 897 3768 969; baseline 0.003 -16"><span class='ocrx_word' id='word_1_455' title='bbox 2251 897 2545 953; x_wconf 89' lang='lat' dir='ltr'><strong>dentalium</strong></span> <span class='ocrx_word' id='word_1_456' title='bbox 2571 897 2687 953; x_wconf 90' lang='lat' dir='ltr'><strong>cola</strong></span> <span class='ocrx_word' id='word_1_457' title='bbox 2712 897 2927 953; x_wconf 82' lang='lat' dir='ltr'><strong>victrici</strong></span> <span class='ocrx_word' id='word_1_458' title='bbox 2952 898 3134 969; x_wconf 87' lang='lat' dir='ltr'><strong>planta</strong></span> <span class='ocrx_word' id='word_1_459' title='bbox 3163 897 3391 954; x_wconf 89' lang='lat' dir='ltr'><strong>calcavit</strong></span> <span class='ocrx_word' id='word_1_460' title='bbox 3412 916 3427 954; x_wconf 90' lang='lat'><strong>:</strong></span> <span class='ocrx_word' id='word_1_461' title='bbox 3448 898 3529 954; x_wconf 90' lang='lat' dir='ltr'><strong>vel</strong></span> <span class='ocrx_word' id='word_1_462' title='bbox 3566 901 3675 956; x_wconf 87' lang='lat' dir='ltr'><strong>dum</strong></span> <span class='ocrx_word' id='word_1_463' title='bbox 3699 903 3768 958; x_wconf 86' lang='lat' dir='ltr'><strong>de-</strong></span> 
     </span>
    </p>
   </div>
   <div class='ocr_carea' id='block_1_68' title="bbox 2252 988 3772 1063">
    <p class='ocr_par' dir='ltr' id='par_1_68' title="bbox 2252 988 3772 1063">
     <span class='ocr_line' id='line_1_68' title="bbox 2252 988 3772 1063; baseline 0.005 -19"><span class='ocrx_word' id='word_1_464' title='bbox 2252 988 2517 1060; x_wconf 89' lang='lat' dir='ltr'><strong>calogum,</strong></span> <span class='ocrx_word' id='word_1_465' title='bbox 2545 989 2650 1045; x_wconf 91' lang='lat' dir='ltr'><strong>hoc</strong></span> <span class='ocrx_word' id='word_1_466' title='bbox 2678 997 2782 1056; x_wconf 89' lang='lat' dir='ltr'><strong>est,</strong></span> <span class='ocrx_word' id='word_1_467' title='bbox 2811 990 3172 1046; x_wconf 90' lang='lat' dir='ltr'><strong>universalem</strong></span> <span class='ocrx_word' id='word_1_468' title='bbox 3204 990 3534 1063; x_wconf 85' lang='lat' dir='ltr'><strong>religionem,</strong></span> <span class='ocrx_word' id='word_1_469' title='bbox 3559 1002 3610 1048; x_wconf 90' lang='lat' dir='ltr'><strong>et</strong></span> <span class='ocrx_word' id='word_1_470' title='bbox 3627 1011 3772 1052; x_wconf 87' lang='lat' dir='ltr'><strong>nume-</strong></span> 
     </span>
    </p>
   </div>
   <div class='ocr_carea' id='block_1_69' title="bbox 2251 1081 3773 1154">
    <p class='ocr_par' dir='ltr' id='par_1_69' title="bbox 2251 1081 3773 1154">
     <span class='ocr_line' id='line_1_69' title="bbox 2251 1081 3773 1154; baseline 0.005 -20"><span class='ocrx_word' id='word_1_471' title='bbox 2251 1095 2396 1147; x_wconf 89' lang='lat' dir='ltr'><strong>rum,</strong></span> <span class='ocrx_word' id='word_1_472' title='bbox 2439 1081 2533 1152; x_wconf 86' lang='lat' dir='ltr'><strong>qui</strong></span> <span class='ocrx_word' id='word_1_473' title='bbox 2578 1081 2904 1153; x_wconf 89' lang='lat' dir='ltr'><strong>plerumque</strong></span> <span class='ocrx_word' id='word_1_474' title='bbox 2954 1098 3052 1153; x_wconf 89' lang='lat' dir='ltr'><strong>pro</strong></span> <span class='ocrx_word' id='word_1_475' title='bbox 3103 1091 3215 1138; x_wconf 91' lang='lat' dir='ltr'><strong>toto</strong></span> <span class='ocrx_word' id='word_1_476' title='bbox 3264 1083 3534 1151; x_wconf 88' lang='lat' dir='ltr'><strong>inseritur,</strong></span> <span class='ocrx_word' id='word_1_477' title='bbox 3563 1085 3773 1154; x_wconf 85' lang='lat' dir='ltr'><strong>dissipare</strong></span> 
     </span>
    </p>
   </div>
   <div class='ocr_carea' id='block_1_70' title="bbox 2253 1171 3771 1244">
    <p class='ocr_par' dir='ltr' id='par_1_70' title="bbox 2253 1171 3771 1244">
     <span class='ocr_line' id='line_1_70' title="bbox 2253 1171 3771 1244; baseline 0.001 -16"><span class='ocrx_word' id='word_1_478' title='bbox 2253 1171 2490 1237; x_wconf 81' lang='lat' dir='ltr'><strong>cenavit,</strong></span> <span class='ocrx_word' id='word_1_479' title='bbox 2523 1179 2580 1226; x_wconf 91' lang='lat' dir='ltr'><strong>et</strong></span> <span class='ocrx_word' id='word_1_480' title='bbox 2605 1180 2796 1228; x_wconf 89' lang='lat' dir='ltr'><strong>contra</strong></span> <span class='ocrx_word' id='word_1_481' title='bbox 2829 1171 2990 1228; x_wconf 91' lang='lat' dir='ltr'><strong>ﬁdem</strong></span> <span class='ocrx_word' id='word_1_482' title='bbox 3016 1172 3322 1239; x_wconf 90' lang='lat' dir='ltr'><strong>Trinitatis,</strong></span> <span class='ocrx_word' id='word_1_483' title='bbox 3349 1187 3465 1244; x_wconf 87' lang='lat' dir='ltr'><strong>spe,</strong></span> <span class='ocrx_word' id='word_1_484' title='bbox 3497 1172 3609 1239; x_wconf 87' lang='lat' dir='ltr'><strong>ﬁde,</strong></span> <span class='ocrx_word' id='word_1_485' title='bbox 3632 1175 3771 1230; x_wconf 82' lang='lat' dir='ltr'><strong>chari-</strong></span> 
     </span>
    </p>
   </div>
   <div class='ocr_carea' id='block_1_71' title="bbox 2253 1262 3772 1336">
    <p class='ocr_par' dir='ltr' id='par_1_71' title="bbox 2253 1262 3772 1336">
     <span class='ocr_line' id='line_1_71' title="bbox 2253 1262 3772 1336; baseline 0.001 -18"><span class='ocrx_word' id='word_1_486' title='bbox 2253 1270 2364 1318; x_wconf 89' lang='lat' dir='ltr'><strong>tate</strong></span> <span class='ocrx_word' id='word_1_487' title='bbox 2413 1262 2699 1329; x_wconf 87' lang='lat' dir='ltr'><strong>munitam,</strong></span> <span class='ocrx_word' id='word_1_488' title='bbox 2761 1264 3045 1336; x_wconf 89' lang='lat' dir='ltr'><strong>superbire</strong></span> <span class='ocrx_word' id='word_1_489' title='bbox 3098 1265 3348 1320; x_wconf 87' lang='lat' dir='ltr'><strong>tentavit.</strong></span> <span class='ocrx_word' id='word_1_490' title='bbox 3400 1263 3590 1320; x_wconf 86' lang='lat' dir='ltr'><strong>Contra</strong></span> <span class='ocrx_word' id='word_1_491' title='bbox 3641 1265 3772 1320; x_wconf 87' lang='lat' dir='ltr'><strong>Deum</strong></span> 
     </span>
    </p>
   </div>
   <div class='ocr_carea' id='block_1_72' title="bbox 2251 1354 3770 1428">
    <p class='ocr_par' dir='ltr' id='par_1_72' title="bbox 2251 1354 3770 1428">
     <span class='ocr_line' id='line_1_72' title="bbox 2251 1354 3770 1428; baseline 0.002 -18"><span class='ocrx_word' id='word_1_492' title='bbox 2251 1354 2525 1410; x_wconf 83' lang='lat' dir='ltr'><strong>excelsum</strong></span> <span class='ocrx_word' id='word_1_493' title='bbox 2549 1370 2829 1413; x_wconf 85' lang='lat' dir='ltr'><strong>sermones</strong></span> <span class='ocrx_word' id='word_1_494' title='bbox 2873 1357 3134 1428; x_wconf 87' lang='lat' dir='ltr'><strong>petulanti</strong></span> <span class='ocrx_word' id='word_1_495' title='bbox 3167 1356 3507 1414; x_wconf 91' lang='lat' dir='ltr'><strong>contumacia</strong></span> <span class='ocrx_word' id='word_1_496' title='bbox 3533 1356 3770 1422; x_wconf 81' lang='lat' dir='ltr'><strong>fabricsns,</strong></span> 
     </span>
    </p>
   </div>
   <div class='ocr_carea' id='block_1_73' title="bbox 2252 1445 3776 1518">
    <p class='ocr_par' dir='ltr' id='par_1_73' title="bbox 2252 1445 3776 1518">
     <span class='ocr_line' id='line_1_73' title="bbox 2252 1445 3776 1518; baseline 0.003 -20"><span class='ocrx_word' id='word_1_497' title='bbox 2252 1445 2475 1517; x_wconf 85' lang='lat' dir='ltr'><strong>grandia</strong></span> <span class='ocrx_word' id='word_1_498' title='bbox 2498 1445 2786 1515; x_wconf 85' lang='lat' dir='ltr'><strong>trutinans,</strong></span> <span class='ocrx_word' id='word_1_499' title='bbox 2805 1456 2860 1503; x_wconf 92' lang='lat' dir='ltr'><strong>et</strong></span> <span class='ocrx_word' id='word_1_500' title='bbox 2887 1447 3095 1504; x_wconf 84' lang='lat' dir='ltr'><strong>fumosa</strong></span> <span class='ocrx_word' id='word_1_501' title='bbox 3121 1447 3210 1503; x_wconf 92' lang='lat' dir='ltr'><strong>illa</strong></span> <span class='ocrx_word' id='word_1_502' title='bbox 3231 1455 3538 1513; x_wconf 77' lang='lat' dir='ltr'><strong>contexens,</strong></span> <span class='ocrx_word' id='word_1_503' title='bbox 3559 1461 3663 1518; x_wconf 70' lang='lat' dir='ltr'><strong>quae</strong></span> <span class='ocrx_word' id='word_1_504' title='bbox 3679 1462 3776 1502; x_wconf 85' lang='lat' dir='ltr'><strong>vere</strong></span> 
     </span>
    </p>
   </div>
   <div class='ocr_carea' id='block_1_74' title="bbox 2249 1538 3774 1613">
    <p class='ocr_par' dir='ltr' id='par_1_74' title="bbox 2249 1538 3774 1613">
     <span class='ocr_line' id='line_1_74' title="bbox 2249 1538 3774 1613; baseline 0.001 -20"><span class='ocrx_word' id='word_1_505' title='bbox 2249 1538 2586 1596; x_wconf 82' lang='lat' dir='ltr'><strong>Antichristo</strong></span> <span class='ocrx_word' id='word_1_506' title='bbox 2628 1548 2755 1595; x_wconf 90' lang='lat' dir='ltr'><strong>sunt</strong></span> <span class='ocrx_word' id='word_1_507' title='bbox 2797 1541 3021 1613; x_wconf 63' lang='lat' dir='ltr'><strong>prmia,</strong></span> <span class='ocrx_word' id='word_1_508' title='bbox 3052 1549 3106 1597; x_wconf 91' lang='lat' dir='ltr'><strong>et</strong></span> <span class='ocrx_word' id='word_1_509' title='bbox 3135 1541 3327 1598; x_wconf 91' lang='lat' dir='ltr'><strong>humili</strong></span> <span class='ocrx_word' id='word_1_510' title='bbox 3353 1540 3587 1613; x_wconf 86' lang='lat' dir='ltr'><strong>religioni</strong></span> <span class='ocrx_word' id='word_1_511' title='bbox 3620 1549 3774 1596; x_wconf 77' lang='lat' dir='ltr'><strong>nostra:</strong></span> 
     </span>
    </p>
   </div>
   <div class='ocr_carea' id='block_1_75' title="bbox 2253 1630 3771 1704">
    <p class='ocr_par' dir='ltr' id='par_1_75' title="bbox 2253 1630 3771 1704">
     <span class='ocr_line' id='line_1_75' title="bbox 2253 1630 3771 1704; baseline -0.001 -18"><span class='ocrx_word' id='word_1_512' title='bbox 2253 1630 2386 1686; x_wconf 91' lang='lat' dir='ltr'><strong>satis</strong></span> <span class='ocrx_word' id='word_1_513' title='bbox 2413 1630 2661 1688; x_wconf 89' lang='lat' dir='ltr'><strong>adversa.</strong></span> <span class='ocrx_word' id='word_1_514' title='bbox 2705 1630 2902 1704; x_wconf 84' lang='lat' dir='ltr'><strong>Legem</strong></span> <span class='ocrx_word' id='word_1_515' title='bbox 2937 1633 3151 1688; x_wconf 89' lang='lat' dir='ltr'><strong>Domini</strong></span> <span class='ocrx_word' id='word_1_516' title='bbox 3187 1632 3565 1689; x_wconf 88' lang='lat' dir='ltr'><strong>miraculorum</strong></span> <span class='ocrx_word' id='word_1_517' title='bbox 3589 1631 3684 1688; x_wconf 89' lang='lat' dir='ltr'><strong>sole</strong></span> <span class='ocrx_word' id='word_1_518' title='bbox 3702 1646 3771 1686; x_wconf 88' lang='lat' dir='ltr'><strong>co-</strong></span> 
     </span>
    </p>
   </div>
   <div class='ocr_carea' id='block_1_76' title="bbox 2252 1723 3773 1799">
    <p class='ocr_par' dir='ltr' id='par_1_76' title="bbox 2252 1723 3773 1799">
     <span class='ocr_line' id='line_1_76' title="bbox 2252 1723 3773 1799; baseline -0.002 -18"><span class='ocrx_word' id='word_1_519' title='bbox 2252 1741 2489 1795; x_wconf 89' lang='lat' dir='ltr'><strong>ruscam,</strong></span> <span class='ocrx_word' id='word_1_520' title='bbox 2518 1725 2776 1783; x_wconf 90' lang='lat' dir='ltr'><strong>nebulosa</strong></span> <span class='ocrx_word' id='word_1_521' title='bbox 2802 1727 3076 1783; x_wconf 89' lang='lat' dir='ltr'><strong>involvere</strong></span> <span class='ocrx_word' id='word_1_522' title='bbox 3118 1736 3319 1799; x_wconf 90' lang='lat' dir='ltr'><strong>putans</strong></span> <span class='ocrx_word' id='word_1_523' title='bbox 3349 1725 3594 1797; x_wconf 86' lang='lat' dir='ltr'><strong>caligine,</strong></span> <span class='ocrx_word' id='word_1_524' title='bbox 3617 1734 3663 1780; x_wconf 87' lang='lat' dir='ltr'><strong>et</strong></span> <span class='ocrx_word' id='word_1_525' title='bbox 3683 1723 3773 1780; x_wconf 87' lang='lat' dir='ltr'><strong>fau-</strong></span> 
     </span>
    </p>
   </div>
   <div class='ocr_carea' id='block_1_77' title="bbox 2255 1815 3775 1893">
    <p class='ocr_par' dir='ltr' id='par_1_77' title="bbox 2255 1815 3775 1893">
     <span class='ocr_line' id='line_1_77' title="bbox 2255 1815 3775 1893; baseline -0.004 -17"><span class='ocrx_word' id='word_1_526' title='bbox 2255 1820 2464 1877; x_wconf 90' lang='lat' dir='ltr'><strong>toribus</strong></span> <span class='ocrx_word' id='word_1_527' title='bbox 2487 1821 2603 1877; x_wconf 89' lang='lat' dir='ltr'><strong>suis</strong></span> <span class='ocrx_word' id='word_1_528' title='bbox 2625 1821 2784 1893; x_wconf 87' lang='lat' dir='ltr'><strong>quasi</strong></span> <span class='ocrx_word' id='word_1_529' title='bbox 2809 1836 2877 1878; x_wconf 90' lang='lat' dir='ltr'><strong>ex</strong></span> <span class='ocrx_word' id='word_1_530' title='bbox 2897 1822 3049 1893; x_wconf 85' lang='lat' dir='ltr'><strong>jussu</strong></span> <span class='ocrx_word' id='word_1_531' title='bbox 3075 1820 3328 1876; x_wconf 88' lang='lat' dir='ltr'><strong>altissimi</strong></span> <span class='ocrx_word' id='word_1_532' title='bbox 3351 1818 3556 1876; x_wconf 89' lang='lat' dir='ltr'><strong>Domini</strong></span> <span class='ocrx_word' id='word_1_533' title='bbox 3595 1815 3775 1872; x_wconf 89' lang='lat' dir='ltr'><strong>ridiculo</strong></span> 
     </span>
    </p>
   </div>
   <div class='ocr_carea' id='block_1_78' title="bbox 2179 1887 3774 1984">
    <p class='ocr_par' dir='ltr' id='par_1_78' title="bbox 2179 1887 3774 1984">
     <span class='ocr_line' id='line_1_78' title="bbox 2179 1887 3774 1984; baseline -0.004 -17"><span class='ocrx_word' id='word_1_534' title='bbox 2179 1887 2229 1949; x_wconf 78' lang='grc' dir='ltr'><strong>Β</strong></span> <span class='ocrx_word' id='word_1_535' title='bbox 2253 1926 2412 1980; x_wconf 90' lang='lat' dir='ltr'><strong>ausu,</strong></span> <span class='ocrx_word' id='word_1_536' title='bbox 2466 1887 2663 1979; x_wconf 47' lang='lat' dir='ltr'><strong>leves;</strong></span> <span class='ocrx_word' id='word_1_537' title='bbox 2689 1919 2749 1968; x_wconf 89' lang='lat' dir='ltr'><strong>et</strong></span> <span class='ocrx_word' id='word_1_538' title='bbox 2790 1887 2915 1968; x_wconf 77' lang='lat' dir='ltr'><strong>risu</strong></span> <span class='ocrx_word' id='word_1_539' title='bbox 2954 1913 3142 1984; x_wconf 90' lang='lat' dir='ltr'><strong>dignas</strong></span> <span class='ocrx_word' id='word_1_540' title='bbox 3172 1919 3366 1968; x_wconf 86' lang='lat' dir='ltr'><strong>texens</strong></span> <span class='ocrx_word' id='word_1_541' title='bbox 3393 1907 3647 1972; x_wconf 78' lang='lat' dir='ltr'><strong>historias,</strong></span> <span class='ocrx_word' id='word_1_542' title='bbox 3669 1905 3774 1978; x_wconf 85' lang='lat' dir='ltr'><strong>ston</strong></span> 
     </span>
    </p>
   </div>
   <div class='ocr_carea' id='block_1_79' title="bbox 2251 1997 3773 2075">
    <p class='ocr_par' dir='ltr' id='par_1_79' title="bbox 2251 1997 3773 2075">
     <span class='ocr_line' id='line_1_79' title="bbox 2251 1997 3773 2075; baseline -0.005 -15"><span class='ocrx_word' id='word_1_543' title='bbox 2251 2004 2411 2072; x_wconf 84' lang='lat' dir='ltr'><strong>falso,</strong></span> <span class='ocrx_word' id='word_1_544' title='bbox 2437 2004 2650 2075; x_wconf 88' lang='lat' dir='ltr'><strong>impura</strong></span> <span class='ocrx_word' id='word_1_545' title='bbox 2679 2001 2876 2071; x_wconf 87' lang='lat' dir='ltr'><strong>fronte,</strong></span> <span class='ocrx_word' id='word_1_546' title='bbox 2913 2003 3164 2060; x_wconf 89' lang='lat' dir='ltr'><strong>theatrali</strong></span> <span class='ocrx_word' id='word_1_547' title='bbox 3201 2001 3414 2071; x_wconf 81' lang='lat' dir='ltr'><strong>favore,</strong></span> <span class='ocrx_word' id='word_1_548' title='bbox 3454 1999 3673 2057; x_wconf 83' lang='lat' dir='ltr'><strong>fabulosa</strong></span> <span class='ocrx_word' id='word_1_549' title='bbox 3696 1997 3773 2052; x_wconf 82' lang='lat' dir='ltr'><strong>tin-</strong></span> 
     </span>
    </p>
   </div>
   <div class='ocr_carea' id='block_1_80' title="bbox 2251 2084 3775 2168">
    <p class='ocr_par' dir='ltr' id='par_1_80' title="bbox 2251 2084 3775 2168">
     <span class='ocr_line' id='line_1_80' title="bbox 2251 2084 3775 2168; baseline -0.007 -16"><span class='ocrx_word' id='word_1_550' title='bbox 2251 2112 2383 2168; x_wconf 89' lang='lat' dir='ltr'><strong>gens</strong></span> <span class='ocrx_word' id='word_1_551' title='bbox 2417 2084 2718 2163; x_wconf 87' lang='lat' dir='ltr'><strong>mendacia,</strong></span> <span class='ocrx_word' id='word_1_552' title='bbox 2763 2095 2911 2151; x_wconf 93' lang='lat' dir='ltr'><strong>nullo</strong></span> <span class='ocrx_word' id='word_1_553' title='bbox 2942 2094 3215 2150; x_wconf 88' lang='lat' dir='ltr'><strong>virilitatis</strong></span> <span class='ocrx_word' id='word_1_554' title='bbox 3257 2093 3346 2150; x_wconf 90' lang='lat' dir='ltr'><strong>vel</strong></span> <span class='ocrx_word' id='word_1_555' title='bbox 3383 2091 3597 2148; x_wconf 81' lang='lat' dir='ltr'><strong>rationis</strong></span> <span class='ocrx_word' id='word_1_556' title='bbox 3634 2089 3775 2160; x_wconf 85' lang='lat' dir='ltr'><strong>vigore</strong></span> 
     </span>
    </p>
   </div>
   <div class='ocr_carea' id='block_1_81' title="bbox 2249 2176 3773 2257">
    <p class='ocr_par' dir='ltr' id='par_1_81' title="bbox 2249 2176 3773 2257">
     <span class='ocr_line' id='line_1_81' title="bbox 2249 2176 3773 2257; baseline -0.008 -16"><span class='ocrx_word' id='word_1_557' title='bbox 2249 2185 2560 2257; x_wconf 84' lang='lat' dir='ltr'><strong>praecincta,</strong></span> <span class='ocrx_word' id='word_1_558' title='bbox 2591 2192 2807 2241; x_wconf 89' lang='lat' dir='ltr'><strong>sanctos</strong></span> <span class='ocrx_word' id='word_1_559' title='bbox 2835 2184 2932 2239; x_wconf 89' lang='lat' dir='ltr'><strong>Dei</strong></span> <span class='ocrx_word' id='word_1_560' title='bbox 2969 2192 3282 2249; x_wconf 91' lang='lat' dir='ltr'><strong>conterens,</strong></span> <span class='ocrx_word' id='word_1_561' title='bbox 3309 2190 3366 2238; x_wconf 90' lang='lat' dir='ltr'><strong>et</strong></span> <span class='ocrx_word' id='word_1_562' title='bbox 3390 2181 3456 2236; x_wconf 89' lang='lat' dir='ltr'><strong>de</strong></span> <span class='ocrx_word' id='word_1_563' title='bbox 3489 2179 3644 2236; x_wconf 88' lang='lat' dir='ltr'><strong>stellis</strong></span> <span class='ocrx_word' id='word_1_564' title='bbox 3666 2176 3773 2240; x_wconf 70' lang='lat' dir='ltr'><strong>celi,</strong></span> 
     </span>
    </p>
   </div>
   <div class='ocr_carea' id='block_1_82' title="bbox 2252 2266 3777 2345">
    <p class='ocr_par' dir='ltr' id='par_1_82' title="bbox 2252 2266 3777 2345">
     <span class='ocr_line' id='line_1_82' title="bbox 2252 2266 3777 2345; baseline -0.01 -11"><span class='ocrx_word' id='word_1_565' title='bbox 2252 2278 2304 2334; x_wconf 91' lang='lat' dir='ltr'><strong>id</strong></span> <span class='ocrx_word' id='word_1_566' title='bbox 2331 2286 2415 2334; x_wconf 89' lang='lat' dir='ltr'><strong>est</strong></span> <span class='ocrx_word' id='word_1_567' title='bbox 2439 2292 2507 2332; x_wconf 83' lang='lat' dir='ltr'><strong>ex</strong></span> <span class='ocrx_word' id='word_1_568' title='bbox 2541 2277 2796 2333; x_wconf 65' lang='lat' dir='ltr'><strong>Ecclesia:</strong></span> <span class='ocrx_word' id='word_1_569' title='bbox 2833 2274 2978 2343; x_wconf 90' lang='lat' dir='ltr'><strong>ﬁliis,</strong></span> <span class='ocrx_word' id='word_1_570' title='bbox 3014 2283 3227 2345; x_wconf 89' lang='lat' dir='ltr'><strong>partem</strong></span> <span class='ocrx_word' id='word_1_571' title='bbox 3255 2272 3394 2344; x_wconf 84' lang='lat' dir='ltr'><strong>pede</strong></span> <span class='ocrx_word' id='word_1_572' title='bbox 3419 2268 3663 2328; x_wconf 89' lang='lat' dir='ltr'><strong>scurribili</strong></span> <span class='ocrx_word' id='word_1_573' title='bbox 3695 2266 3777 2322; x_wconf 81' lang='lat' dir='ltr'><strong>cal-</strong></span> 
     </span>
    </p>
   </div>
   <div class='ocr_carea' id='block_1_83' title="bbox 2251 2363 3776 2439">
    <p class='ocr_par' dir='ltr' id='par_1_83' title="bbox 2251 2363 3776 2439">
     <span class='ocr_line' id='line_1_83' title="bbox 2251 2363 3776 2439; baseline -0.009 -14"><span class='ocrx_word' id='word_1_574' title='bbox 2251 2383 2402 2425; x_wconf 90' lang='lat' dir='ltr'><strong>cans.</strong></span> <span class='ocrx_word' id='word_1_575' title='bbox 2451 2368 2605 2436; x_wconf 80' lang='lat' dir='ltr'><strong>Quod</strong></span> <span class='ocrx_word' id='word_1_576' title='bbox 2649 2368 2822 2439; x_wconf 89' lang='lat' dir='ltr'><strong>magis</strong></span> <span class='ocrx_word' id='word_1_577' title='bbox 2869 2366 3150 2422; x_wconf 88' lang='lat' dir='ltr'><strong>oculorum</strong></span> <span class='ocrx_word' id='word_1_578' title='bbox 3203 2363 3429 2429; x_wconf 88' lang='lat' dir='ltr'><strong>indicio,</strong></span> <span class='ocrx_word' id='word_1_579' title='bbox 3457 2376 3606 2432; x_wconf 88' lang='lat' dir='ltr'><strong>quam</strong></span> <span class='ocrx_word' id='word_1_580' title='bbox 3633 2367 3776 2414; x_wconf 79' lang='lat' dir='ltr'><strong>nostra</strong></span> 
     </span>
    </p>
   </div>
   <div class='ocr_carea' id='block_1_84' title="bbox 2249 2454 3772 2533">
    <p class='ocr_par' dir='ltr' id='par_1_84' title="bbox 2249 2454 3772 2533">
     <span class='ocr_line' id='line_1_84' title="bbox 2249 2454 3772 2533; baseline -0.005 -15"><span class='ocrx_word' id='word_1_581' title='bbox 2249 2461 2602 2533; x_wconf 82' lang='lat' dir='ltr'><strong>expositionis</strong></span> <span class='ocrx_word' id='word_1_582' title='bbox 2631 2460 3016 2531; x_wconf 88' lang='lat' dir='ltr'><strong>comprobatur</strong></span> <span class='ocrx_word' id='word_1_583' title='bbox 3037 2456 3276 2528; x_wconf 90' lang='lat' dir='ltr'><strong>eloquio.</strong></span> <span class='ocrx_word' id='word_1_584' title='bbox 3303 2454 3422 2511; x_wconf 84' lang='lat' dir='ltr'><strong>Jam</strong></span> <span class='ocrx_word' id='word_1_585' title='bbox 3446 2467 3571 2508; x_wconf 91' lang='lat' dir='ltr'><strong>vero</strong></span> <span class='ocrx_word' id='word_1_586' title='bbox 3595 2460 3772 2519; x_wconf 79' lang='lat' dir='ltr'><strong>tempus.</strong></span> 
     </span>
    </p>
   </div>
   <div class='ocr_carea' id='block_1_85' title="bbox 2250 2541 3777 2624">
    <p class='ocr_par' dir='ltr' id='par_1_85' title="bbox 2250 2541 3777 2624">
     <span class='ocr_line' id='line_1_85' title="bbox 2250 2541 3777 2624; baseline -0.009 -16"><span class='ocrx_word' id='word_1_587' title='bbox 2250 2563 2514 2624; x_wconf 86' lang='lat' dir='ltr'><strong>tempora,</strong></span> <span class='ocrx_word' id='word_1_588' title='bbox 2542 2562 2597 2609; x_wconf 91' lang='lat' dir='ltr'><strong>et</strong></span> <span class='ocrx_word' id='word_1_589' title='bbox 2611 2541 2889 2610; x_wconf 86' lang='lat' dir='ltr'><strong>dimidium</strong></span> <span class='ocrx_word' id='word_1_590' title='bbox 2904 2551 3184 2622; x_wconf 89' lang='lat' dir='ltr'><strong>temporis,</strong></span> <span class='ocrx_word' id='word_1_591' title='bbox 3210 2549 3380 2622; x_wconf 82' lang='lat' dir='ltr'><strong>capiti</strong></span> <span class='ocrx_word' id='word_1_592' title='bbox 3401 2545 3512 2617; x_wconf 84' lang='lat' dir='ltr'><strong>ejus</strong></span> <span class='ocrx_word' id='word_1_593' title='bbox 3529 2543 3777 2618; x_wconf 86' lang='lat' dir='ltr'><strong>specialiter</strong></span> 
     </span>
    </p>
   </div>
   <div class='ocr_carea' id='block_1_86' title="bbox 2251 2636 3776 2717">
    <p class='ocr_par' dir='ltr' id='par_1_86' title="bbox 2251 2636 3776 2717">
     <span class='ocr_line' id='line_1_86' title="bbox 2251 2636 3776 2717; baseline -0.011 -15"><span class='ocrx_word' id='word_1_594' title='bbox 2251 2646 2636 2717; x_wconf 73' lang='lat' dir='ltr'><strong>iniungendum</strong></span> <span class='ocrx_word' id='word_1_595' title='bbox 2681 2649 2764 2700; x_wconf 88' lang='lat' dir='ltr'><strong>est</strong></span> <span class='ocrx_word' id='word_1_596' title='bbox 2795 2643 3132 2699; x_wconf 74' lang='lat' dir='ltr'><strong>Antichristo</strong></span> <span class='ocrx_word' id='word_1_597' title='bbox 3160 2659 3175 2695; x_wconf 90' lang='lat'><strong>:</strong></span> <span class='ocrx_word' id='word_1_598' title='bbox 3222 2648 3284 2697; x_wconf 91' lang='lat' dir='ltr'><strong>et</strong></span> <span class='ocrx_word' id='word_1_599' title='bbox 3313 2636 3670 2710; x_wconf 88' lang='lat' dir='ltr'><strong>requirendum</strong></span> <span class='ocrx_word' id='word_1_600' title='bbox 3703 2647 3776 2688; x_wconf 88' lang='lat' dir='ltr'><strong>cur</strong></span> 
     </span>
    </p>
   </div>
   <div class='ocr_carea' id='block_1_87' title="bbox 2249 2730 3776 2810">
    <p class='ocr_par' dir='ltr' id='par_1_87' title="bbox 2249 2730 3776 2810">
     <span class='ocr_line' id='line_1_87' title="bbox 2249 2730 3776 2810; baseline -0.009 -15"><span class='ocrx_word' id='word_1_601' title='bbox 2249 2755 2358 2794; x_wconf 91' lang='lat' dir='ltr'><strong>non</strong></span> <span class='ocrx_word' id='word_1_602' title='bbox 2385 2747 2568 2810; x_wconf 86' lang='lat' dir='ltr'><strong>aperte</strong></span> <span class='ocrx_word' id='word_1_603' title='bbox 2593 2746 2706 2794; x_wconf 90' lang='lat' dir='ltr'><strong>tres</strong></span> <span class='ocrx_word' id='word_1_604' title='bbox 2729 2751 2902 2793; x_wconf 88' lang='lat' dir='ltr'><strong>annos</strong></span> <span class='ocrx_word' id='word_1_605' title='bbox 2921 2745 2976 2792; x_wconf 91' lang='lat' dir='ltr'><strong>et</strong></span> <span class='ocrx_word' id='word_1_606' title='bbox 2997 2735 3234 2791; x_wconf 88' lang='lat' dir='ltr'><strong>medium</strong></span> <span class='ocrx_word' id='word_1_607' title='bbox 3258 2732 3472 2798; x_wconf 87' lang='lat' dir='ltr'><strong>dixerit,</strong></span> <span class='ocrx_word' id='word_1_608' title='bbox 3495 2731 3582 2788; x_wconf 88' lang='lat' dir='ltr'><strong>sed</strong></span> <span class='ocrx_word' id='word_1_609' title='bbox 3596 2730 3776 2785; x_wconf 82' lang='lat' dir='ltr'><strong>obscure</strong></span> 
     </span>
    </p>
   </div>
   <div class='ocr_carea' id='block_1_88' title="bbox 2249 2820 3777 2899">
    <p class='ocr_par' dir='ltr' id='par_1_88' title="bbox 2249 2820 3777 2899">
     <span class='ocr_line' id='line_1_88' title="bbox 2249 2820 3777 2899; baseline -0.008 -14"><span class='ocrx_word' id='word_1_610' title='bbox 2249 2831 2344 2887; x_wconf 91' lang='lat' dir='ltr'><strong>illo</strong></span> <span class='ocrx_word' id='word_1_611' title='bbox 2367 2831 2625 2887; x_wconf 89' lang='lat' dir='ltr'><strong>vocabulo</strong></span> <span class='ocrx_word' id='word_1_612' title='bbox 2651 2845 2832 2887; x_wconf 89' lang='lat' dir='ltr'><strong>sermo</strong></span> <span class='ocrx_word' id='word_1_613' title='bbox 2855 2828 3016 2899; x_wconf 88' lang='lat' dir='ltr'><strong>hujus</strong></span> <span class='ocrx_word' id='word_1_614' title='bbox 3041 2827 3204 2883; x_wconf 85' lang='lat' dir='ltr'><strong>fuerit</strong></span> <span class='ocrx_word' id='word_1_615' title='bbox 3227 2826 3466 2892; x_wconf 88' lang='lat' dir='ltr'><strong>divinus,</strong></span> <span class='ocrx_word' id='word_1_616' title='bbox 3489 2839 3588 2894; x_wconf 87' lang='lat' dir='ltr'><strong>quo</strong></span> <span class='ocrx_word' id='word_1_617' title='bbox 3607 2820 3777 2877; x_wconf 79' lang='lat' dir='ltr'><strong>solitum</strong></span> 
     </span>
    </p>
   </div>
   <div class='ocr_carea' id='block_1_89' title="bbox 2251 2915 3774 2990">
    <p class='ocr_par' dir='ltr' id='par_1_89' title="bbox 2251 2915 3774 2990">
     <span class='ocr_line' id='line_1_89' title="bbox 2251 2915 3774 2990; baseline -0.011 -10"><span class='ocrx_word' id='word_1_618' title='bbox 2251 2931 2337 2980; x_wconf 90' lang='lat' dir='ltr'><strong>est</strong></span> <span class='ocrx_word' id='word_1_619' title='bbox 2369 2924 2645 2980; x_wconf 89' lang='lat' dir='ltr'><strong>diversum</strong></span> <span class='ocrx_word' id='word_1_620' title='bbox 2691 2937 2910 2979; x_wconf 91' lang='lat' dir='ltr'><strong>sensum</strong></span> <span class='ocrx_word' id='word_1_621' title='bbox 2946 2921 3002 2976; x_wconf 91' lang='lat' dir='ltr'><strong>in</strong></span> <span class='ocrx_word' id='word_1_622' title='bbox 3031 2919 3194 2976; x_wconf 89' lang='lat' dir='ltr'><strong>corda</strong></span> <span class='ocrx_word' id='word_1_623' title='bbox 3221 2916 3497 2990; x_wconf 79' lang='lat' dir='ltr'><strong>parturire</strong></span> <span class='ocrx_word' id='word_1_624' title='bbox 3529 2915 3774 2971; x_wconf 85' lang='lat' dir='ltr'><strong>doctorum.</strong></span> 
     </span>
    </p>
   </div>
   <div class='ocr_carea' id='block_1_90' title="bbox 2251 3007 3778 3086">
    <p class='ocr_par' dir='ltr' id='par_1_90' title="bbox 2251 3007 3778 3086">
     <span class='ocr_line' id='line_1_90' title="bbox 2251 3007 3778 3086; baseline -0.009 -16"><span class='ocrx_word' id='word_1_625' title='bbox 2251 3014 2387 3070; x_wconf 89' lang='lat' dir='ltr'><strong>Nam</strong></span> <span class='ocrx_word' id='word_1_626' title='bbox 2415 3023 2472 3072; x_wconf 90' lang='lat' dir='ltr'><strong>et</strong></span> <span class='ocrx_word' id='word_1_627' title='bbox 2489 3030 2664 3070; x_wconf 90' lang='lat' dir='ltr'><strong>annus</strong></span> <span class='ocrx_word' id='word_1_628' title='bbox 2693 3023 2925 3086; x_wconf 88' lang='lat' dir='ltr'><strong>quatuor</strong></span> <span class='ocrx_word' id='word_1_629' title='bbox 2955 3021 3198 3082; x_wconf 89' lang='lat' dir='ltr'><strong>tempora</strong></span> <span class='ocrx_word' id='word_1_630' title='bbox 3231 3010 3420 3076; x_wconf 86' lang='lat' dir='ltr'><strong>habet,</strong></span> <span class='ocrx_word' id='word_1_631' title='bbox 3449 3016 3502 3064; x_wconf 92' lang='lat' dir='ltr'><strong>et</strong></span> <span class='ocrx_word' id='word_1_632' title='bbox 3528 3007 3630 3077; x_wconf 90' lang='lat' dir='ltr'><strong>ipse</strong></span> <span class='ocrx_word' id='word_1_633' title='bbox 3649 3015 3778 3058; x_wconf 86' lang='lat' dir='ltr'><strong>unum</strong></span> 
     </span>
    </p>
   </div>
   <div class='ocr_carea' id='block_1_91' title="bbox 2251 3101 3778 3179">
    <p class='ocr_par' dir='ltr' id='par_1_91' title="bbox 2251 3101 3778 3179">
     <span class='ocr_line' id='line_1_91' title="bbox 2251 3101 3778 3179; baseline -0.011 -17"><span class='ocrx_word' id='word_1_634' title='bbox 2251 3114 2465 3179; x_wconf 90' lang='lat' dir='ltr'><strong>tempus</strong></span> <span class='ocrx_word' id='word_1_635' title='bbox 2489 3106 2689 3161; x_wconf 88' lang='lat' dir='ltr'><strong>dicitur</strong></span> <span class='ocrx_word' id='word_1_636' title='bbox 2712 3120 2905 3170; x_wconf 91' lang='lat' dir='ltr'><strong>annus,</strong></span> <span class='ocrx_word' id='word_1_637' title='bbox 2933 3111 2989 3159; x_wconf 92' lang='lat' dir='ltr'><strong>et</strong></span> <span class='ocrx_word' id='word_1_638' title='bbox 3012 3101 3408 3173; x_wconf 88' lang='lat' dir='ltr'><strong>quinquaginta</strong></span> <span class='ocrx_word' id='word_1_639' title='bbox 3432 3106 3487 3154; x_wconf 89' lang='lat' dir='ltr'><strong>et</strong></span> <span class='ocrx_word' id='word_1_640' title='bbox 3511 3105 3716 3159; x_wconf 88' lang='lat' dir='ltr'><strong>centum,</strong></span> <span class='ocrx_word' id='word_1_641' title='bbox 3738 3101 3778 3146; x_wconf 83' lang='lat' dir='ltr'><strong>et</strong></span> 
     </span>
    </p>
   </div>
   <div class='ocr_carea' id='block_1_92' title="bbox 2251 3187 3776 3265">
    <p class='ocr_par' dir='ltr' id='par_1_92' title="bbox 2251 3187 3776 3265">
     <span class='ocr_line' id='line_1_92' title="bbox 2251 3187 3776 3265; baseline -0.01 -13"><span class='ocrx_word' id='word_1_642' title='bbox 2251 3197 2472 3253; x_wconf 88' lang='lat' dir='ltr'><strong>brevem</strong></span> <span class='ocrx_word' id='word_1_643' title='bbox 2514 3204 2570 3252; x_wconf 92' lang='lat' dir='ltr'><strong>et</strong></span> <span class='ocrx_word' id='word_1_644' title='bbox 2595 3195 2814 3265; x_wconf 76' lang='lat' dir='ltr'><strong>longum</strong></span> <span class='ocrx_word' id='word_1_645' title='bbox 2837 3195 3121 3258; x_wconf 90' lang='lat' dir='ltr'><strong>horarum,</strong></span> <span class='ocrx_word' id='word_1_646' title='bbox 3151 3191 3388 3257; x_wconf 88' lang='lat' dir='ltr'><strong>dierum,</strong></span> <span class='ocrx_word' id='word_1_647' title='bbox 3418 3187 3682 3249; x_wconf 87' lang='lat' dir='ltr'><strong>mensium,</strong></span> <span class='ocrx_word' id='word_1_648' title='bbox 3703 3196 3776 3235; x_wconf 86' lang='lat' dir='ltr'><strong>an-</strong></span> 
     </span>
    </p>
   </div>
   <div class='ocr_carea' id='block_1_93' title="bbox 2249 3279 3775 3359">
    <p class='ocr_par' dir='ltr' id='par_1_93' title="bbox 2249 3279 3775 3359">
     <span class='ocr_line' id='line_1_93' title="bbox 2249 3279 3775 3359; baseline -0.013 -13"><span class='ocrx_word' id='word_1_649' title='bbox 2249 3303 2550 3359; x_wconf 87' lang='lat' dir='ltr'><strong>norumque</strong></span> <span class='ocrx_word' id='word_1_650' title='bbox 2580 3289 2836 3359; x_wconf 89' lang='lat' dir='ltr'><strong>spatium,</strong></span> <span class='ocrx_word' id='word_1_651' title='bbox 2864 3296 3168 3356; x_wconf 87' lang='lat' dir='ltr'><strong>temporum</strong></span> <span class='ocrx_word' id='word_1_652' title='bbox 3196 3283 3421 3340; x_wconf 90' lang='lat' dir='ltr'><strong>nomine</strong></span> <span class='ocrx_word' id='word_1_653' title='bbox 3462 3279 3775 3349; x_wconf 84' lang='lat' dir='ltr'><strong>designantur.</strong></span> 
     </span>
    </p>
   </div>
   <div class='ocr_carea' id='block_1_94' title="bbox 2245 3372 3778 3450">
    <p class='ocr_par' dir='ltr' id='par_1_94' title="bbox 2245 3372 3778 3450">
     <span class='ocr_line' id='line_1_94' title="bbox 2245 3372 3778 3450; baseline -0.01 -14"><span class='ocrx_word' id='word_1_654' title='bbox 2245 3379 2458 3436; x_wconf 65' lang='lat' dir='ltr'><strong>Hebraei</strong></span> <span class='ocrx_word' id='word_1_655' title='bbox 2509 3393 2744 3450; x_wconf 89' lang='lat' dir='ltr'><strong>namque</strong></span> <span class='ocrx_word' id='word_1_656' title='bbox 2795 3393 2964 3433; x_wconf 92' lang='lat' dir='ltr'><strong>unum</strong></span> <span class='ocrx_word' id='word_1_657' title='bbox 3017 3384 3229 3447; x_wconf 89' lang='lat' dir='ltr'><strong>tempus</strong></span> <span class='ocrx_word' id='word_1_658' title='bbox 3281 3372 3610 3446; x_wconf 86' lang='lat' dir='ltr'><strong>septuaginta</strong></span> <span class='ocrx_word' id='word_1_659' title='bbox 3647 3378 3778 3423; x_wconf 78' lang='lat' dir='ltr'><strong>annos</strong></span> 
     </span>
    </p>
   </div>
   <div class='ocr_carea' id='block_1_95' title="bbox 2246 3466 3776 3541">
    <p class='ocr_par' dir='ltr' id='par_1_95' title="bbox 2246 3466 3776 3541">
     <span class='ocr_line' id='line_1_95' title="bbox 2246 3466 3776 3541; baseline -0.01 -17"><span class='ocrx_word' id='word_1_660' title='bbox 2246 3469 2537 3541; x_wconf 89' lang='lat' dir='ltr'><strong>accipiunt,</strong></span> <span class='ocrx_word' id='word_1_661' title='bbox 2566 3468 2863 3525; x_wconf 84' lang='lat' dir='ltr'><strong>secundum</strong></span> <span class='ocrx_word' id='word_1_662' title='bbox 2897 3467 3067 3522; x_wconf 89' lang='lat' dir='ltr'><strong>illud:</strong></span> <span class='ocrx_word' id='word_1_663' title='bbox 3092 3466 3216 3521; x_wconf 88' lang='lat' dir='ltr'><strong>Dies</strong></span> <span class='ocrx_word' id='word_1_664' title='bbox 3245 3481 3506 3522; x_wconf 82' lang='lat' dir='ltr'><strong>annorum</strong></span> <span class='ocrx_word' id='word_1_665' title='bbox 3534 3469 3776 3517; x_wconf 73' lang='lat' dir='ltr'><strong>nostrorum</strong></span> 
     </span>
    </p>
   </div>
   <div class='ocr_carea' id='block_1_96' title="bbox 2244 3557 3778 3634">
    <p class='ocr_par' dir='ltr' id='par_1_96' title="bbox 2244 3557 3778 3634">
     <span class='ocr_line' id='line_1_96' title="bbox 2244 3557 3778 3634; baseline -0.01 -17"><span class='ocrx_word' id='word_1_666' title='bbox 2244 3563 2575 3634; x_wconf 84' lang='lat' dir='ltr'><strong>septuaginta</strong></span> <span class='ocrx_word' id='word_1_667' title='bbox 2601 3563 2729 3616; x_wconf 83' lang='lat' dir='ltr'><strong>anni</strong></span> <span class='ocrx_word' id='word_1_668' title='bbox 2759 3561 2934 3634; x_wconf 87' lang='lat' dir='ltr'><strong>(Psal.</strong></span> <span class='ocrx_word' id='word_1_669' title='bbox 2965 3574 3190 3624; x_wconf 81' lang='lat' dir='ltr'><strong>Lxxxtx,</strong></span> <span class='ocrx_word' id='word_1_670' title='bbox 3215 3559 3310 3630; x_wconf 85' lang='grc'><strong>10)</strong></span> <span class='ocrx_word' id='word_1_671' title='bbox 3332 3574 3348 3614; x_wconf 89' lang='lat'><strong>:</strong></span> <span class='ocrx_word' id='word_1_672' title='bbox 3371 3557 3620 3630; x_wconf 65' lang='lat' dir='ltr'><strong>veljuxta</strong></span> <span class='ocrx_word' id='word_1_673' title='bbox 3639 3563 3778 3607; x_wconf 73' lang='lat' dir='ltr'><strong>nume</strong></span> 
     </span>
    </p>
   </div>
   <div class='ocr_carea' id='block_1_97' title="bbox 2246 3651 3777 3726">
    <p class='ocr_par' dir='ltr' id='par_1_97' title="bbox 2246 3651 3777 3726">
     <span class='ocr_line' id='line_1_97' title="bbox 2246 3651 3777 3726; baseline -0.008 -16"><span class='ocrx_word' id='word_1_674' title='bbox 2246 3670 2366 3710; x_wconf 93' lang='lat' dir='ltr'><strong>rum</strong></span> <span class='ocrx_word' id='word_1_675' title='bbox 2391 3669 2656 3711; x_wconf 91' lang='lat' dir='ltr'><strong>annorum</strong></span> <span class='ocrx_word' id='word_1_676' title='bbox 2681 3668 2790 3726; x_wconf 88' lang='lat' dir='ltr'><strong>quo</strong></span> <span class='ocrx_word' id='word_1_677' title='bbox 2819 3655 2920 3711; x_wconf 89' lang='lat' dir='ltr'><strong>sub</strong></span> <span class='ocrx_word' id='word_1_678' title='bbox 2949 3653 3453 3711; x_wconf 88' lang='lat' dir='ltr'><strong>Nabuchodonosor</strong></span> <span class='ocrx_word' id='word_1_679' title='bbox 3479 3651 3674 3707; x_wconf 84' lang='lat' dir='ltr'><strong>fuerunt</strong></span> <span class='ocrx_word' id='word_1_680' title='bbox 3693 3658 3777 3700; x_wconf 83' lang='lat' dir='ltr'><strong>ser-</strong></span> 
     </span>
    </p>
   </div>
   <div class='ocr_carea' id='block_1_98' title="bbox 2243 3745 3778 3821">
    <p class='ocr_par' dir='ltr' id='par_1_98' title="bbox 2243 3745 3778 3821">
     <span class='ocr_line' id='line_1_98' title="bbox 2243 3745 3778 3821; baseline -0.007 -18"><span class='ocrx_word' id='word_1_681' title='bbox 2243 3749 2432 3806; x_wconf 90' lang='lat' dir='ltr'><strong>vitutis</strong></span> <span class='ocrx_word' id='word_1_682' title='bbox 2457 3750 2589 3821; x_wconf 86' lang='lat' dir='ltr'><strong>jugo</strong></span> <span class='ocrx_word' id='word_1_683' title='bbox 2603 3748 2823 3804; x_wconf 89' lang='lat' dir='ltr'><strong>addicti.</strong></span> <span class='ocrx_word' id='word_1_684' title='bbox 2859 3747 3140 3819; x_wconf 81' lang='lat' dir='ltr'><strong>quue...,</strong></span> <span class='ocrx_word' id='word_1_685' title='bbox 3153 3777 3224 3788; x_wconf 91' lang='lat'><strong>-—</strong></span> <span class='ocrx_word' id='word_1_686' title='bbox 3243 3745 3600 3819; x_wconf 70' lang='lat' dir='ltr'><strong>intelligentia</strong></span> <span class='ocrx_word' id='word_1_687' title='bbox 3623 3750 3778 3813; x_wconf 69' lang='lat' dir='ltr'><strong>genere</strong></span> 
     </span>
    </p>
   </div>
   <div class='ocr_carea' id='block_1_99' title="bbox 2247 3831 3777 3912">
    <p class='ocr_par' dir='ltr' id='par_1_99' title="bbox 2247 3831 3777 3912">
     <span class='ocr_line' id='line_1_99' title="bbox 2247 3831 3777 3912; baseline -0.009 -15"><span class='ocrx_word' id='word_1_688' title='bbox 2247 3841 2418 3908; x_wconf 90' lang='lat' dir='ltr'><strong>ducti,</strong></span> <span class='ocrx_word' id='word_1_689' title='bbox 2448 3851 2680 3912; x_wconf 87' lang='lat' dir='ltr'><strong>tempus,</strong></span> <span class='ocrx_word' id='word_1_690' title='bbox 2703 3848 2972 3910; x_wconf 85' lang='lat' dir='ltr'><strong>tempora,</strong></span> <span class='ocrx_word' id='word_1_691' title='bbox 2993 3847 3051 3894; x_wconf 90' lang='lat' dir='ltr'><strong>et</strong></span> <span class='ocrx_word' id='word_1_692' title='bbox 3077 3837 3364 3894; x_wconf 90' lang='lat' dir='ltr'><strong>dimidium</strong></span> <span class='ocrx_word' id='word_1_693' title='bbox 3387 3835 3629 3908; x_wconf 86' lang='lat' dir='ltr'><strong>temporis</strong></span> <span class='ocrx_word' id='word_1_694' title='bbox 3646 3833 3690 3888; x_wconf 94' lang='lat' dir='ltr'><strong>in</strong></span> <span class='ocrx_word' id='word_1_695' title='bbox 3701 3831 3777 3884; x_wconf 87' lang='lat' dir='ltr'><strong>hoc</strong></span> 
     </span>
    </p>
   </div>
   <div class='ocr_carea' id='block_1_100' title="bbox 2245 3917 3777 4000">
    <p class='ocr_par' dir='ltr' id='par_1_100' title="bbox 2245 3917 3777 4000">
     <span class='ocr_line' id='line_1_100' title="bbox 2245 3917 3777 4000; baseline -0.01 -12"><span class='ocrx_word' id='word_1_696' title='bbox 2245 3933 2365 3990; x_wconf 89' lang='lat' dir='ltr'><strong>loco</strong></span> <span class='ocrx_word' id='word_1_697' title='bbox 2385 3931 2688 3998; x_wconf 64' lang='lat' dir='ltr'><strong>Hebraei...,</strong></span> <span class='ocrx_word' id='word_1_698' title='bbox 2710 3960 2782 3972; x_wconf 95' lang='lat'><strong>—</strong></span> <span class='ocrx_word' id='word_1_699' title='bbox 2799 3930 3060 3986; x_wconf 78' lang='lat' dir='ltr'><strong>ducentos</strong></span> <span class='ocrx_word' id='word_1_700' title='bbox 3087 3928 3446 4000; x_wconf 87' lang='lat' dir='ltr'><strong>quadraginta</strong></span> <span class='ocrx_word' id='word_1_701' title='bbox 3474 3926 3684 3997; x_wconf 87' lang='lat' dir='ltr'><strong>quinque</strong></span> <span class='ocrx_word' id='word_1_702' title='bbox 3717 3917 3777 3973; x_wconf 89' lang='lat' dir='ltr'><strong>ls-</strong></span> 
     </span>
    </p>
   </div>
   <div class='ocr_carea' id='block_1_101' title="bbox 2247 4011 3780 4093">
    <p class='ocr_par' dir='ltr' id='par_1_101' title="bbox 2247 4011 3780 4093">
     <span class='ocr_line' id='line_1_101' title="bbox 2247 4011 3780 4093; baseline -0.009 -15"><span class='ocrx_word' id='word_1_703' title='bbox 2247 4023 2623 4078; x_wconf 88' lang='lat' dir='ltr'><strong>mahelitarum</strong></span> <span class='ocrx_word' id='word_1_704' title='bbox 2651 4021 2912 4093; x_wconf 88' lang='lat' dir='ltr'><strong>deputant</strong></span> <span class='ocrx_word' id='word_1_705' title='bbox 2940 4019 3110 4092; x_wconf 89' lang='lat' dir='ltr'><strong>genti,</strong></span> <span class='ocrx_word' id='word_1_706' title='bbox 3138 4019 3341 4090; x_wconf 89' lang='lat' dir='ltr'><strong>quibus</strong></span> <span class='ocrx_word' id='word_1_707' title='bbox 3367 4016 3590 4090; x_wconf 84' lang='lat' dir='ltr'><strong>peractis</strong></span> <span class='ocrx_word' id='word_1_708' title='bbox 3628 4011 3780 4067; x_wconf 82' lang='lat' dir='ltr'><strong>ﬁnien-</strong></span> 
     </span>
    </p>
   </div>
   <div class='ocr_carea' id='block_1_102' title="bbox 2246 4104 3778 4188">
    <p class='ocr_par' dir='ltr' id='par_1_102' title="bbox 2246 4104 3778 4188">
     <span class='ocr_line' id='line_1_102' title="bbox 2246 4104 3778 4188; baseline -0.011 -16"><span class='ocrx_word' id='word_1_709' title='bbox 2246 4117 2374 4172; x_wconf 90' lang='lat' dir='ltr'><strong>dum</strong></span> <span class='ocrx_word' id='word_1_710' title='bbox 2392 4130 2618 4188; x_wconf 89' lang='lat' dir='ltr'><strong>regnum</strong></span> <span class='ocrx_word' id='word_1_711' title='bbox 2634 4114 2876 4186; x_wconf 87' lang='lat' dir='ltr'><strong>ipsorum</strong></span> <span class='ocrx_word' id='word_1_712' title='bbox 2899 4113 3032 4168; x_wconf 91' lang='lat' dir='ltr'><strong>satis</strong></span> <span class='ocrx_word' id='word_1_713' title='bbox 3051 4111 3240 4168; x_wconf 88' lang='lat' dir='ltr'><strong>audaci</strong></span> <span class='ocrx_word' id='word_1_714' title='bbox 3263 4125 3513 4168; x_wconf 90' lang='lat' dir='ltr'><strong>sermone</strong></span> <span class='ocrx_word' id='word_1_715' title='bbox 3531 4104 3778 4163; x_wconf 85' lang='lat' dir='ltr'><strong>conﬁdunt.</strong></span> 
     </span>
    </p>
   </div>
   <div class='ocr_carea' id='block_1_103' title="bbox 2247 4194 3780 4281">
    <p class='ocr_par' dir='ltr' id='par_1_103' title="bbox 2247 4194 3780 4281">
     <span class='ocr_line' id='line_1_103' title="bbox 2247 4194 3780 4281; baseline -0.012 -17"><span class='ocrx_word' id='word_1_716' title='bbox 2247 4208 2523 4281; x_wconf 88' lang='lat' dir='ltr'><strong>Siquidem</strong></span> <span class='ocrx_word' id='word_1_717' title='bbox 2550 4207 2606 4263; x_wconf 88' lang='lat' dir='ltr'><strong>in</strong></span> <span class='ocrx_word' id='word_1_718' title='bbox 2633 4207 2738 4263; x_wconf 91' lang='lat' dir='ltr'><strong>hoc</strong></span> <span class='ocrx_word' id='word_1_719' title='bbox 2762 4204 3154 4261; x_wconf 89' lang='lat' dir='ltr'><strong>lncarnationis</strong></span> <span class='ocrx_word' id='word_1_720' title='bbox 3173 4202 3394 4259; x_wconf 91' lang='lat' dir='ltr'><strong>Domini</strong></span> <span class='ocrx_word' id='word_1_721' title='bbox 3420 4216 3632 4257; x_wconf 86' lang='lat' dir='ltr'><strong>anno—</strong></span> <span class='ocrx_word' id='word_1_722' title='bbox 3644 4194 3780 4252; x_wconf 86' lang='lat' dir='ltr'><strong>octin-</strong></span> 
     </span>
    </p>
   </div>
   <div class='ocr_carea' id='block_1_104' title="bbox 2247 4280 3782 4371">
    <p class='ocr_par' dir='ltr' id='par_1_104' title="bbox 2247 4280 3782 4371">
     <span class='ocr_line' id='line_1_104' title="bbox 2247 4280 3782 4371; baseline -0.015 -15"><span class='ocrx_word' id='word_1_723' title='bbox 2247 4280 2546 4371; x_wconf 86' lang='lat' dir='ltr'><strong>gentesimo</strong></span> <span class='ocrx_word' id='word_1_724' title='bbox 2569 4295 3017 4369; x_wconf 86' lang='lat' dir='ltr'><strong>quinquagesimo</strong></span> <span class='ocrx_word' id='word_1_725' title='bbox 3044 4301 3261 4366; x_wconf 89' lang='lat' dir='ltr'><strong>quarto,</strong></span> <span class='ocrx_word' id='word_1_726' title='bbox 3296 4303 3355 4348; x_wconf 89' lang='lat' dir='ltr'><strong>et</strong></span> <span class='ocrx_word' id='word_1_727' title='bbox 3373 4307 3476 4348; x_wconf 65' lang='lat' dir='ltr'><strong>tera</strong></span> <span class='ocrx_word' id='word_1_728' title='bbox 3501 4304 3614 4361; x_wconf 66' lang='lat' dir='ltr'><strong>quae</strong></span> <span class='ocrx_word' id='word_1_729' title='bbox 3647 4280 3782 4342; x_wconf 88' lang='lat' dir='ltr'><strong>currit</strong></span> 
     </span>
    </p>
   </div>
   <div class='ocr_carea' id='block_1_105' title="bbox 2247 4375 3779 4460">
    <p class='ocr_par' dir='ltr' id='par_1_105' title="bbox 2247 4375 3779 4460">
     <span class='ocr_line' id='line_1_105' title="bbox 2247 4375 3779 4460; baseline -0.012 -16"><span class='ocrx_word' id='word_1_730' title='bbox 2247 4387 2694 4460; x_wconf 83' lang='lat' dir='ltr'><strong>octingentesima</strong></span> <span class='ocrx_word' id='word_1_731' title='bbox 2716 4384 3066 4458; x_wconf 87' lang='lat' dir='ltr'><strong>nonagesima</strong></span> <span class='ocrx_word' id='word_1_732' title='bbox 3089 4383 3353 4450; x_wconf 88' lang='lat' dir='ltr'><strong>secunda,</strong></span> <span class='ocrx_word' id='word_1_733' title='bbox 3377 4382 3499 4438; x_wconf 91' lang='lat' dir='ltr'><strong>anni</strong></span> <span class='ocrx_word' id='word_1_734' title='bbox 3515 4375 3779 4432; x_wconf 79' lang='lat' dir='ltr'><strong>—-Arabum</strong></span> 
     </span>
    </p>
   </div>
   <div class='ocr_carea' id='block_1_106' title="bbox 2246 4473 3780 4552">
    <p class='ocr_par' dir='ltr' id='par_1_106' title="bbox 2246 4473 3780 4552">
     <span class='ocr_line' id='line_1_106' title="bbox 2246 4473 3780 4552; baseline -0.008 -12"><span class='ocrx_word' id='word_1_735' title='bbox 2246 4484 2465 4541; x_wconf 90' lang='lat' dir='ltr'><strong>lunares</strong></span> <span class='ocrx_word' id='word_1_736' title='bbox 2501 4484 2717 4541; x_wconf 86' lang='lat' dir='ltr'><strong>ducenti</strong></span> <span class='ocrx_word' id='word_1_737' title='bbox 2765 4489 3147 4552; x_wconf 83' lang='lat' dir='ltr'><strong>computantur</strong></span> <span class='ocrx_word' id='word_1_738' title='bbox 3191 4481 3570 4552; x_wconf 84' lang='lat' dir='ltr'><strong>quadraginta,</strong></span> <span class='ocrx_word' id='word_1_739' title='bbox 3613 4473 3780 4531; x_wconf 72' lang='lat' dir='ltr'><strong>solam</strong></span> 
     </span>
    </p>
   </div>
   <div class='ocr_carea' id='block_1_107' title="bbox 2246 4567 3779 4644">
    <p class='ocr_par' dir='ltr' id='par_1_107' title="bbox 2246 4567 3779 4644">
     <span class='ocr_line' id='line_1_107' title="bbox 2246 4567 3779 4644; baseline -0.008 -14"><span class='ocrx_word' id='word_1_740' title='bbox 2246 4590 2378 4633; x_wconf 88' lang='lat' dir='ltr'><strong>vero</strong></span> <span class='ocrx_word' id='word_1_741' title='bbox 2400 4575 2527 4631; x_wconf 88' lang='lat' dir='ltr'><strong>anni</strong></span> <span class='ocrx_word' id='word_1_742' title='bbox 2565 4575 2783 4631; x_wconf 91' lang='lat' dir='ltr'><strong>ducenti</strong></span> <span class='ocrx_word' id='word_1_743' title='bbox 2820 4588 3038 4630; x_wconf 86' lang='lat' dir='ltr'><strong>xxvnu.</strong></span> <span class='ocrx_word' id='word_1_744' title='bbox 3063 4571 3145 4628; x_wconf 84' lang='lat' dir='ltr'><strong>Ex</strong></span> <span class='ocrx_word' id='word_1_745' title='bbox 3181 4587 3290 4644; x_wconf 84' lang='lat' dir='ltr'><strong>qua</strong></span> <span class='ocrx_word' id='word_1_746' title='bbox 3317 4586 3525 4628; x_wconf 88' lang='lat' dir='ltr'><strong>summa</strong></span> <span class='ocrx_word' id='word_1_747' title='bbox 3569 4567 3779 4637; x_wconf 83' lang='lat' dir='ltr'><strong>superant</strong></span> 
     </span>
    </p>
   </div>
   <div class='ocr_carea' id='block_1_108' title="bbox 2250 4664 2942 4724">
    <p class='ocr_par' dir='ltr' id='par_1_108' title="bbox 2250 4664 2942 4724">
     <span class='ocr_line' id='line_1_108' title="bbox 2250 4664 2942 4724; baseline -0.006 0"><span class='ocrx_word' id='word_1_748' title='bbox 2250 4683 2422 4724; x_wconf 88' lang='lat' dir='ltr'><strong>annos</strong></span> <span class='ocrx_word' id='word_1_749' title='bbox 2445 4666 2650 4723; x_wconf 83' lang='lat' dir='ltr'><strong>solares</strong></span> <span class='ocrx_word' id='word_1_750' title='bbox 2682 4664 2942 4722; x_wconf 88' lang='lat' dir='ltr'><strong>sedecim.</strong></span> 
     </span>
    </p>
   </div>
   <div class='ocr_carea' id='block_1_109' title="bbox 2318 4743 3779 4830">
    <p class='ocr_par' dir='ltr' id='par_1_109' title="bbox 2318 4743 3779 4830">
     <span class='ocr_line' id='line_1_109' title="bbox 2318 4743 3779 4830; baseline -0.01 -11"><span class='ocrx_word' id='word_1_751' title='bbox 2318 4763 2410 4819; x_wconf 84' lang='grc'><strong>22.</strong></span> <span class='ocrx_word' id='word_1_752' title='bbox 2450 4760 2561 4817; x_wconf 86' lang='lat' dir='ltr'><strong>Nos</strong></span> <span class='ocrx_word' id='word_1_753' title='bbox 2595 4775 2727 4818; x_wconf 88' lang='lat' dir='ltr'><strong>vero</strong></span> <span class='ocrx_word' id='word_1_754' title='bbox 2769 4759 2886 4816; x_wconf 64' lang='lat' dir='ltr'><strong>haec</strong></span> <span class='ocrx_word' id='word_1_755' title='bbox 2915 4758 3010 4816; x_wconf 89' lang='lat' dir='ltr'><strong>Dei</strong></span> <span class='ocrx_word' id='word_1_756' title='bbox 3041 4758 3138 4815; x_wconf 89' lang='lat' dir='ltr'><strong>soli</strong></span> <span class='ocrx_word' id='word_1_757' title='bbox 3168 4755 3531 4830; x_wconf 62' lang='lat' dir='ltr'><strong>intelligentia</strong></span> <span class='ocrx_word' id='word_1_758' title='bbox 3567 4743 3779 4817; x_wconf 83' lang='lat' dir='ltr'><strong>relinqui-</strong></span> 
     </span>
    </p>
   </div>
   <div class='ocr_carea' id='block_1_110' title="bbox 2249 4848 3777 4923">
    <p class='ocr_par' dir='ltr' id='par_1_110' title="bbox 2249 4848 3777 4923">
     <span class='ocr_line' id='line_1_110' title="bbox 2249 4848 3777 4923; baseline -0.01 -14"><span class='ocrx_word' id='word_1_759' title='bbox 2249 4868 2394 4920; x_wconf 89' lang='lat' dir='ltr'><strong>mus,</strong></span> <span class='ocrx_word' id='word_1_760' title='bbox 2437 4861 2494 4908; x_wconf 88' lang='lat' dir='ltr'><strong>et</strong></span> <span class='ocrx_word' id='word_1_761' title='bbox 2519 4852 2600 4909; x_wconf 92' lang='lat' dir='ltr'><strong>eis</strong></span> <span class='ocrx_word' id='word_1_762' title='bbox 2629 4852 2721 4923; x_wconf 92' lang='lat' dir='ltr'><strong>qui</strong></span> <span class='ocrx_word' id='word_1_763' title='bbox 2767 4851 2950 4907; x_wconf 90' lang='lat' dir='ltr'><strong>divino</strong></span> <span class='ocrx_word' id='word_1_764' title='bbox 2999 4849 3208 4921; x_wconf 90' lang='lat' dir='ltr'><strong>Spiritu</strong></span> <span class='ocrx_word' id='word_1_765' title='bbox 3255 4849 3387 4905; x_wconf 84' lang='lat' dir='ltr'><strong>tacti</strong></span> <span class='ocrx_word' id='word_1_766' title='bbox 3431 4850 3644 4918; x_wconf 84' lang='lat' dir='ltr'><strong>possunt</strong></span> <span class='ocrx_word' id='word_1_767' title='bbox 3682 4848 3777 4892; x_wconf 85' lang='lat' dir='ltr'><strong>cum</strong></span> 
     </span>
    </p>
   </div>
   <div class='ocr_carea' id='block_1_111' title="bbox 2253 4937 3778 5018">
    <p class='ocr_par' dir='ltr' id='par_1_111' title="bbox 2253 4937 3778 5018">
     <span class='ocr_line' id='line_1_111' title="bbox 2253 4937 3778 5018; baseline -0.01 -18"><span class='ocrx_word' id='word_1_768' title='bbox 2253 4945 2434 5018; x_wconf 85' lang='lat' dir='ltr'><strong>Moyse</strong></span> <span class='ocrx_word' id='word_1_769' title='bbox 2458 4947 2656 5001; x_wconf 87' lang='lat' dir='ltr'><strong>nubem</strong></span> <span class='ocrx_word' id='word_1_770' title='bbox 2687 4945 3074 5010; x_wconf 87' lang='lat' dir='ltr'><strong>conscendere,</strong></span> <span class='ocrx_word' id='word_1_771' title='bbox 3101 4952 3157 4998; x_wconf 91' lang='lat' dir='ltr'><strong>et</strong></span> <span class='ocrx_word' id='word_1_772' title='bbox 3201 4939 3414 4997; x_wconf 86' lang='lat' dir='ltr'><strong>occulta</strong></span> <span class='ocrx_word' id='word_1_773' title='bbox 3457 4937 3550 4994; x_wconf 90' lang='lat' dir='ltr'><strong>Dei</strong></span> <span class='ocrx_word' id='word_1_774' title='bbox 3574 4947 3635 4990; x_wconf 83' lang='lat' dir='ltr'><strong>eo</strong></span> <span class='ocrx_word' id='word_1_775' title='bbox 3658 4939 3778 4986; x_wconf 80' lang='lat' dir='ltr'><strong>rese-</strong></span> 
     </span>
    </p>
   </div>
   <div class='ocr_carea' id='block_1_112' title="bbox 2243 5020 3776 5093">
    <p class='ocr_par' dir='ltr' id='par_1_112' title="bbox 2243 5020 3776 5093">
     <span class='ocr_line' id='line_1_112' title="bbox 2243 5020 3776 5093; baseline -0.008 -1"><span class='ocrx_word' id='word_1_776' title='bbox 2243 5047 2401 5092; x_wconf 87' lang='lat' dir='ltr'><strong>rante</strong></span> <span class='ocrx_word' id='word_1_777' title='bbox 2418 5037 2568 5093; x_wconf 90' lang='lat' dir='ltr'><strong>clara</strong></span> <span class='ocrx_word' id='word_1_778' title='bbox 2589 5035 2727 5092; x_wconf 86' lang='lat' dir='ltr'><strong>facie</strong></span> <span class='ocrx_word' id='word_1_779' title='bbox 2747 5035 2982 5092; x_wconf 87' lang='lat' dir='ltr'><strong>intuere.</strong></span> <span class='ocrx_word' id='word_1_780' title='bbox 3005 5033 3111 5092; x_wconf 84' lang='lat' dir='ltr'><strong>Sed</strong></span> <span class='ocrx_word' id='word_1_781' title='bbox 3135 5032 3363 5089; x_wconf 86' lang='lat' dir='ltr'><strong>solerter</strong></span> <span class='ocrx_word' id='word_1_782' title='bbox 3382 5038 3466 5087; x_wconf 87' lang='lat' dir='ltr'><strong>est</strong></span> <span class='ocrx_word' id='word_1_783' title='bbox 3485 5020 3776 5085; x_wconf 72' lang='lat' dir='ltr'><strong>intuendum.</strong></span> 
     </span>
    </p>
   </div>
   <div class='ocr_carea' id='block_1_113' title="bbox 2243 5109 3780 5200">
    <p class='ocr_par' dir='ltr' id='par_1_113' title="bbox 2243 5109 3780 5200">
     <span class='ocr_line' id='line_1_113' title="bbox 2243 5109 3780 5200; baseline -0.015 -14"><span class='ocrx_word' id='word_1_784' title='bbox 2243 5139 2296 5186; x_wconf 91' lang='lat' dir='ltr'><strong>et</strong></span> <span class='ocrx_word' id='word_1_785' title='bbox 2313 5129 2466 5200; x_wconf 89' lang='lat' dir='ltr'><strong>legali</strong></span> <span class='ocrx_word' id='word_1_786' title='bbox 2486 5129 2826 5185; x_wconf 89' lang='lat' dir='ltr'><strong>dissertionis</strong></span> <span class='ocrx_word' id='word_1_787' title='bbox 2847 5127 3026 5184; x_wconf 89' lang='lat' dir='ltr'><strong>studio</strong></span> <span class='ocrx_word' id='word_1_788' title='bbox 3050 5124 3467 5197; x_wconf 84' lang='lat' dir='ltr'><strong>praevidendum,</strong></span> <span class='ocrx_word' id='word_1_789' title='bbox 3492 5135 3558 5176; x_wconf 90' lang='lat' dir='ltr'><strong>ne</strong></span> <span class='ocrx_word' id='word_1_790' title='bbox 3575 5109 3780 5173; x_wconf 88' lang='lat' dir='ltr'><strong>hancob-</strong></span> 
     </span>
    </p>
   </div>
   <div class='ocr_carea' id='block_1_114' title="bbox 2245 5211 3778 5283">
    <p class='ocr_par' dir='ltr' id='par_1_114' title="bbox 2245 5211 3778 5283">
     <span class='ocr_line' id='line_1_114' title="bbox 2245 5211 3778 5283; baseline -0.013 -6"><span class='ocrx_word' id='word_1_791' title='bbox 2245 5222 2559 5278; x_wconf 87' lang='lat' dir='ltr'><strong>scuritatem</strong></span> <span class='ocrx_word' id='word_1_792' title='bbox 2580 5221 2876 5278; x_wconf 88' lang='lat' dir='ltr'><strong>involutam</strong></span> <span class='ocrx_word' id='word_1_793' title='bbox 2897 5217 3183 5276; x_wconf 90' lang='lat' dir='ltr'><strong>temerarie</strong></span> <span class='ocrx_word' id='word_1_794' title='bbox 3200 5222 3369 5270; x_wconf 80' lang='lat' dir='ltr'><strong>tentet</strong></span> <span class='ocrx_word' id='word_1_795' title='bbox 3382 5222 3642 5283; x_wconf 90' lang='lat' dir='ltr'><strong>exponere</strong></span> <span class='ocrx_word' id='word_1_796' title='bbox 3654 5211 3778 5259; x_wconf 69' lang='lat' dir='ltr'><strong>mens</strong></span> 
     </span>
    </p>
   </div>
   <div class='ocr_carea' id='block_1_115' title="bbox 2247 5291 3778 5385">
    <p class='ocr_par' dir='ltr' id='par_1_115' title="bbox 2247 5291 3778 5385">
     <span class='ocr_line' id='line_1_115' title="bbox 2247 5291 3778 5385; baseline -0.026 2"><span class='ocrx_word' id='word_1_797' title='bbox 2247 5329 2470 5381; x_wconf 62' lang='lat' dir='ltr'><strong>Vesana,</strong></span> <span class='ocrx_word' id='word_1_798' title='bbox 2491 5323 2548 5369; x_wconf 89' lang='lat' dir='ltr'><strong>et</strong></span> <span class='ocrx_word' id='word_1_799' title='bbox 2568 5313 2916 5385; x_wconf 91' lang='lat' dir='ltr'><strong>multiplicem</strong></span> <span class='ocrx_word' id='word_1_800' title='bbox 2943 5311 3277 5382; x_wconf 89' lang='lat' dir='ltr'><strong>designatam</strong></span> <span class='ocrx_word' id='word_1_801' title='bbox 3312 5303 3625 5363; x_wconf 88' lang='lat' dir='ltr'><strong>sententiam</strong></span> <span class='ocrx_word' id='word_1_802' title='bbox 3649 5291 3778 5385; x_wconf 74' lang='lat' dir='ltr'><strong>auda-</strong></span> 
     </span>
    </p>
   </div>
   <div class='ocr_carea' id='block_1_116' title="bbox 2247 5380 3779 5470">
    <p class='ocr_par' dir='ltr' id='par_1_116' title="bbox 2247 5380 3779 5470">
     <span class='ocr_line' id='line_1_116' title="bbox 2247 5380 3779 5470; baseline -0.01 -10"><span class='ocrx_word' id='word_1_803' title='bbox 2247 5405 2391 5460; x_wconf 90' lang='lat' dir='ltr'><strong>cium</strong></span> <span class='ocrx_word' id='word_1_804' title='bbox 2417 5380 2472 5461; x_wconf 87' lang='lat' dir='ltr'><strong>et</strong></span> <span class='ocrx_word' id='word_1_805' title='bbox 2497 5380 2840 5460; x_wconf 84' lang='lat' dir='ltr'><strong>insolentium</strong></span> <span class='ocrx_word' id='word_1_806' title='bbox 2863 5380 3161 5459; x_wconf 82' lang='lat' dir='ltr'><strong>retractare</strong></span> <span class='ocrx_word' id='word_1_807' title='bbox 3189 5403 3480 5470; x_wconf 62' lang='lat' dir='ltr'><strong>prasumat</strong></span> <span class='ocrx_word' id='word_1_808' title='bbox 3499 5386 3690 5448; x_wconf 77' lang='lat' dir='ltr'><strong>insania</strong></span> <span class='ocrx_word' id='word_1_809' title='bbox 3708 5380 3779 5438; x_wconf 71' lang='grc' dir='ltr'><strong>δε*</strong></span> 
     </span>
    </p>
   </div>
   <div class='ocr_carea' id='block_1_117' title="bbox 2277 5491 3781 5588">
    <p class='ocr_par' dir='ltr' id='par_1_117' title="bbox 2277 5491 3781 5588">
     <span class='ocr_line' id='line_1_117' title="bbox 2277 5491 3781 5588; baseline -0.014 -14"><span class='ocrx_word' id='word_1_810' title='bbox 2277 5551 2279 5554; x_wconf 65' lang='grc'>‹</span> <span class='ocrx_word' id='word_1_811' title='bbox 2323 5529 2347 5557; x_wconf 75' lang='grc' dir='ltr'>ε</span> <span class='ocrx_word' id='word_1_812' title='bbox 2377 5517 2441 5572; x_wconf 87' lang='lat' dir='ltr'><strong>F.</strong></span> <span class='ocrx_word' id='word_1_813' title='bbox 2474 5516 2717 5588; x_wconf 78' lang='lat' dir='ltr'><strong>favillas;</strong></span> <span class='ocrx_word' id='word_1_814' title='bbox 2743 5515 2914 5588; x_wconf 70' lang='lat' dir='ltr'><strong>utsic</strong></span> <span class='ocrx_word' id='word_1_815' title='bbox 2943 5514 3086 5588; x_wconf 85' lang='lat' dir='ltr'><strong>quod</strong></span> <span class='ocrx_word' id='word_1_816' title='bbox 3131 5512 3375 5588; x_wconf 76' lang='lat' dir='ltr'><strong>sequitur</strong></span> <span class='ocrx_word' id='word_1_817' title='bbox 3412 5505 3663 5588; x_wconf 49' lang='lat' dir='ltr'><strong>veracium!</strong></span> 
     </span>
    </p>
   </div>
   <div class='ocr_carea' id='block_1_118' title="bbox 2248 5566 3782 5657">
    <p class='ocr_par' dir='ltr' id='par_1_118' title="bbox 2248 5566 3782 5657">
     <span class='ocr_line' id='line_1_118' title="bbox 2248 5566 3782 5657; baseline -0.016 -16"><span class='ocrx_word' id='word_1_818' title='bbox 2248 5566 2444 5643; x_wconf 69' lang='lat' dir='ltr'><strong>latione</strong></span> <span class='ocrx_word' id='word_1_819' title='bbox 2464 5566 2923 5657; x_wconf 41' lang='grc' dir='ltr'><strong>ἢῶῆἶτίεξῖᾶᾶἶι</strong></span> <span class='ocrx_word' id='word_1_820' title='bbox 2950 5566 3043 5657; x_wconf 31' lang='grc' dir='ltr'><strong>ῖεῖί</strong></span> <span class='ocrx_word' id='word_1_821' title='bbox 3063 5566 3313 5657; x_wconf 18' lang='lat' dir='ltr'><strong>acvﬁtijma</strong></span> <span class='ocrx_word' id='word_1_822' title='bbox 3357 5588 3412 5634; x_wconf 90' lang='lat' dir='ltr'><strong>et</strong></span> <span class='ocrx_word' id='word_1_823' title='bbox 3460 5569 3665 5631; x_wconf 89' lang='lat' dir='ltr'><strong>micanti</strong></span> <span class='ocrx_word' id='word_1_824' title='bbox 3689 5566 3782 5620; x_wconf 82' lang='lat' dir='ltr'><strong>luce</strong></span> 
     </span>
    </p>
   </div>
   <div class='ocr_carea' id='block_1_119' title="bbox 2247 5653 3507 5722">
    <p class='ocr_par' dir='ltr' id='par_1_119' title="bbox 2247 5653 3507 5722">
     <span class='ocr_line' id='line_1_119' title="bbox 2247 5653 3507 5722; baseline -0.011 -8"><span class='ocrx_word' id='word_1_825' title='bbox 2247 5653 2552 5722; x_wconf 85' lang='lat' dir='ltr'><strong>doctorum,</strong></span> <span class='ocrx_word' id='word_1_826' title='bbox 2575 5659 2860 5711; x_wconf 87' lang='lat' dir='ltr'><strong>veritatem</strong></span> <span class='ocrx_word' id='word_1_827' title='bbox 2889 5655 2972 5710; x_wconf 90' lang='lat' dir='ltr'><strong>sui</strong></span> <span class='ocrx_word' id='word_1_828' title='bbox 3000 5655 3192 5710; x_wconf 89' lang='lat' dir='ltr'><strong>asserti</strong></span> <span class='ocrx_word' id='word_1_829' title='bbox 3216 5653 3507 5707; x_wconf 88' lang='lat' dir='ltr'><strong>illustrare.</strong></span> 
     </span>
    </p>
   </div>
   <div class='ocr_carea' id='block_1_120' title="bbox 2324 5729 2343 5766">
    <p class='ocr_par' dir='ltr' id='par_1_120' title="bbox 2324 5729 2343 5766">
     <span class='ocr_line' id='line_1_120' title="bbox 2324 5729 2343 5766; baseline 0 0"><span class='ocrx_word' id='word_1_830' title='bbox 2324 5729 2343 5766; x_wconf 76' lang='grc' dir='ltr'><strong>ι’</strong></span> 
     </span>
    </p>
   </div>
   <div class='ocr_carea' id='block_1_121' title="bbox 2321 5727 3576 5864">
    <p class='ocr_par' dir='ltr' id='par_1_121' title="bbox 2321 5727 3576 5864">
     <span class='ocr_line' id='line_1_121' title="bbox 2324 5729 2343 5766; baseline 0 0"><span class='ocrx_word' id='word_1_831' title='bbox 2324 5729 2343 5766; x_wconf 77' lang='lat' dir='ltr'><strong>r</strong></span> 
     </span>
     <span class='ocr_line' id='line_1_122' title="bbox 2321 5727 3576 5864; baseline -0.012 -10"><span class='ocrx_word' id='word_1_832' title='bbox 2321 5801 2346 5840; x_wconf 76' lang='grc'>⁸</span> <span class='ocrx_word' id='word_1_833' title='bbox 2372 5727 2859 5862; x_wconf 50' lang='grc' dir='ltr'><strong>ῗὲιεὲεῗῖἱξιιιοιηθῐ,</strong></span> <span class='ocrx_word' id='word_1_834' title='bbox 2889 5794 3206 5852; x_wconf 82' lang='lat' dir='ltr'><strong>Antichristi</strong></span> <span class='ocrx_word' id='word_1_835' title='bbox 3233 5803 3540 5864; x_wconf 71' lang='lat' dir='ltr'><strong>prmcursor.</strong></span> <span class='ocrx_word' id='word_1_836' title='bbox 3568 5802 3576 5810; x_wconf 94' lang='grc'>·</span> 
     </span>
    </p>
   </div>
  </div>
