4034 6350
257 431 365 487 537

1491 431 1860 491 INDICULUS
1896 431 2320 492 LUMINOSUS.

3422 442 3528 499 538

258 550 530 607 testanda.
555 550 695 607 Dicit
720 552 863 607 enim
890 551 943 606 in
966 550 1072 606 ﬁne
1092 550 1418 607 voluminis:
1445 548 1845 607 Pertransibunt
1872 555 1922 615 Α
1948 551 2132 620 habet,
2160 551 2246 605 vel
2296 566 2401 607 non
2438 552 2635 608 habeat
2663 554 3154 624 concupiscentiam
3202 553 3525 612 feminarum

255 641 500 712 plurimi,
528 652 577 696 et
605 641 877 712 multipr
918 643 1018 696 erit
1061 643 1277 696 scicntia
1309 641 1470 712 (Dan.
1505 657 1601 707 xu,
1632 642 1691 712 4)
1718 659 1733 697 :
1759 642 1842 697 di-

256 733 577 789 versitatem
608 734 955 789 tractantium
997 748 1241 805 praesago
1286 734 1478 803 spiritu
1514 734 1747 801 nuntiat,
1790 741 1846 789 et

253 843 365 882 non
395 825 734 891 stolidorum,
772 827 866 883 sed
899 826 1245 898 sapientium,
1280 826 1673 883 commentaria
1703 841 1844 898 prae-

255 919 521 992 ﬁgurans.
554 918 828 989 Multiplex
860 934 1095 991 namque
1123 920 1229 976 erit
1248 919 1500 985 scientia,
1532 919 1660 974 dum
1690 916 1843 973 multi

254 1032 367 1071 non
397 1024 663 1082 errantes,
696 1016 793 1071 sed
819 1014 1172 1071 discutientes
1198 1012 1539 1084 opinaverint
1574 1010 1759 1073 multa,
1791 1017 1846 1065 et

254 1110 596 1164 diversarum
643 1117 943 1179 temporum
984 1124 1163 1164 causa:
1205 1122 1316 1163 uno
1354 1105 1556 1161 fuerint
1597 1104 1845 1159 revelata».

253 1215 532 1255 sermone.
566 1200 719 1257 Unde
763 1209 821 1256 et
860 1200 1049 1271 opinor
1096 1199 1409 1257 sublimaria
1451 1196 1844 1269 signiﬁcatione

256 1292 590 1363 ﬁgurarum,
638 1301 693 1348 et
739 1292 1020 1364 multiplici
1066 1292 1373 1348 inductione
1424 1290 1842 1362 problematum,

256 1396 421 1435 unam
444 1382 797 1452 eamdemque
815 1397 930 1437 rem
953 1382 1248 1452 saepissime
1271 1381 1542 1436 multoties
1559 1381 1843 1451 repetitam

254 1483 315 1528 et
350 1474 408 1529 in
439 1474 610 1529 tribus
638 1484 693 1529 et
720 1483 955 1544 quatuor
982 1475 1117 1531 locis
1140 1474 1241 1531 sub
1268 1474 1371 1529 alia
1421 1484 1584 1546 atque
1628 1474 1782 1545 longe
1810 1488 1841 1528 a

254 1564 429 1635 priori
462 1565 868 1621 monstrationis
916 1567 1083 1637 ﬁgura
1126 1566 1181 1621 id
1212 1568 1386 1636 ipsum
1415 1566 1558 1637 quod
1592 1567 1842 1636 primitus

254 1654 514 1725 ﬁgurare.
544 1654 611 1709 Et
645 1655 747 1710 hoc
778 1656 835 1710 in
864 1654 1117 1711 omnibus
1142 1657 1397 1727 operibus
1431 1657 1752 1726 prophetiae,
1782 1664 1843 1712 ut

252 1745 471 1815 opinor,
495 1745 654 1801 debet
676 1746 920 1818 intelligi,
938 1755 994 1804 et
1005 1747 1105 1803 sub
1133 1748 1281 1803 varia
1306 1749 1638 1819 repetitionis
1663 1748 1842 1819 specie

254 1838 428 1892 totius
457 1838 717 1908 temporis
748 1853 942 1894 causas
977 1854 1086 1894 uno
1112 1840 1408 1910 prophetia:
1437 1839 1576 1894 libro
1602 1840 1837 1911 signare.

1948 642 2160 698 dicente
2184 641 2375 712 Aquila
2407 658 2425 697 :
2453 642 2520 698 Et
2539 659 2702 714 super
2726 644 2895 700 Deum
2922 647 3136 717 patfum
3162 661 3385 701 suorum
3412 662 3520 703 non

1948 734 2208 806 intelliget
2237 752 2249 789 :
2282 744 2337 791 et
2363 751 2526 806 super
2550 728 3431 809 concupiscentiam“feminarum,
3468 750 3523 796 et

1946 841 2107 897 super
2139 840 2354 882 omnem
2394 827 2564 882 Deum
2602 844 2710 884 non
2763 829 3055 900 intelliget;
3090 830 3286 900 quibus
3318 830 3520 897 verbis,

1944 924 2006 969 ut
2032 916 2165 979 dixi,
2212 924 2267 972 et
2294 917 2493 972 habere
2542 933 2666 973 eum
2697 919 3249 991 inconcupiscentiam
3293 919 3521 977 femina-

1947 1023 2088 1073 rum,
2111 1016 2166 1063 et
2190 1024 2296 1064 non
2322 1009 2520 1064 habere
2546 1008 2887 1081 intelligitur;
2916 1012 3059 1081 quod
3083 1012 3243 1067 dubie
3263 1012 3385 1067 ideo
3402 1027 3525 1066 reor

1942 1100 2176 1172 positum
2197 1116 2339 1167 esse,
2368 1111 2430 1157 ut
2453 1112 2711 1172 utrosque
2732 1118 2839 1159 uno
2860 1119 3024 1159 sensu
3051 1105 3329 1161 sententiae
3356 1106 3527 1160 scien-

1944 1194 2088 1250 tibus
2112 1194 2365 1265 aperiret.
2413 1194 2632 1251 Scilicet
2654 1195 2707 1250 in
2752 1197 2853 1251 hac
2878 1197 3115 1266 priorem
3139 1197 3367 1252 bestiam
3394 1213 3523 1253 con-

1944 1286 2333 1357 cupiscentiam
2360 1286 2683 1343 feminarum
2726 1286 3021 1354 aﬁirmans,
3050 1296 3106 1343 et
3142 1288 3197 1343 in
3226 1290 3526 1359 posteriore

1944 1391 2050 1431 non
2078 1377 2256 1431 inesse
2279 1376 2579 1442 declarans,
2610 1376 2739 1431 dum
2778 1385 2833 1431 et
2862 1378 3063 1434 habere
3089 1386 3146 1434 et
3190 1394 3298 1434 non
3322 1380 3524 1436 habere

1942 1484 2051 1523 uno
2079 1468 2445 1539 intelligentiae
2472 1476 2652 1539 potest
2676 1468 2901 1540 intelligi
2933 1476 3108 1525 tractu
3142 1488 3155 1525 :
3191 1486 3291 1526 nec
3319 1471 3401 1526 fas
3441 1479 3526 1527 est

1942 1568 2003 1615 ut
2024 1560 2389 1616 discordantia
2411 1576 2634 1632 operum
2663 1562 2759 1617 uni
2778 1561 3085 1633 assignetur
3111 1576 3377 1633 personae,
3406 1564 3523 1629 sed,

1942 1662 2004 1710 ut
2052 1654 2183 1721 dixi,
2213 1655 2287 1710 ita
2338 1670 2445 1709 uno
2469 1655 2737 1711 sermonis
2763 1662 2913 1711 textu
2942 1671 3111 1711 unum
3138 1655 3364 1722 iudicat,
3406 1663 3465 1710 ut
3493 1667 3515 1695 ε

1942 1748 2105 1803 alium
2126 1764 2234 1804 non
2259 1748 2495 1803 dimittat
2525 1766 2539 1801 :
2564 1748 2639 1804 ita
2666 1749 2904 1819 priorem
2932 1764 3110 1806 sermo
3133 1748 3259 1805 ferit
3286 1749 3520 1820 prophe-

1944 1840 2104 1905 ticus,
2133 1848 2195 1894 ut
2218 1838 2566 1906 novissimum
2590 1839 2851 1896 intactum
2882 1841 3094 1897 divinus
3115 1857 3223 1897 non
3255 1841 3523 1912 relinquat

252 1929 388 1997 Quae
420 1932 708 1997 sententia,
731 1931 777 1986 si
799 1931 961 2002 digna
986 1940 1043 1987 et
1068 1934 1243 1987 amica
1265 1941 1444 1988 mente
1466 1933 1837 2003 perpenditur,
1866 1924 1916 1985 B
1944 1933 2185 2004 spiritus.

250 2036 363 2077 non
410 2038 479 2078 ex
525 2023 627 2079 hac
677 2025 1021 2094 generatione
1070 2025 1257 2082 livoris
1288 2025 1699 2097 improbabitur,
1748 2027 1843 2083 sed

248 2113 584 2170 evidentium
606 2131 895 2171 causarum
921 2118 1206 2173 eventibus
1242 2117 1613 2174 conﬁrmatur.
1644 2117 1711 2172 Et
1737 2118 1841 2174 isto

250 2206 621 2278 intelligentia
675 2223 873 2280 genere
922 2209 1249 2276 conﬁrmati,
1300 2224 1366 2265 eo
1412 2224 1700 2279 possumus
1724 2209 1841 2265 sine

244 2311 441 2352 errore
475 2300 791 2367 procedere,
840 2309 900 2353 ut
927 2315 1034 2355 non
1063 2300 1237 2356 solum
1259 2301 1551 2370 prophetas
1582 2300 1841 2371 temporis

243 2390 496 2461 ipsorum
519 2390 762 2447 dicamus
782 2393 973 2463 spiritu
994 2392 1176 2448 divino
1203 2394 1504 2460 nuntiasse,
1532 2410 1653 2464 quae
1684 2402 1838 2465 gesta

242 2492 395 2550 sunt,
411 2484 509 2540 sed
523 2485 687 2540 etiam
705 2486 949 2542 omnium
965 2486 1286 2543 szcculorum
1303 2502 1421 2556 qua:
1433 2486 1667 2558 gerenda
1680 2496 1840 2543 erant

242 2577 653 2635 evidentissime
666 2589 1267 2651 prsesagasse,utsenno
1283 2580 1493 2636 divinus
1503 2594 1613 2636 uno
1627 2594 1723 2635 con
1731 2589 1839 2637 tex-

244 2673 303 2720 tu
318 2666 593 2721 sermonis
610 2666 774 2722 totius
790 2666 969 2723 saeculi
984 2677 1275 2739 exponeret
1287 2683 1500 2723 causas.
1518 2667 1658 2723 Ecce
1670 2668 1721 2723 in
1736 2666 1839 2723 Ha-

2014 2025 2105 2080 25.
2133 2022 2415 2091 Convenit,
2438 2034 2495 2081 et
2519 2026 2652 2083 satis
2674 2034 2733 2081 ut
2758 2041 2884 2082 reor
2905 2027 3108 2097 optime
3123 2026 3392 2099 congruit,
3420 2027 3524 2083 hoc

1944 2120 1998 2174 in
2028 2118 2149 2174 loco
2174 2118 2367 2173 horum
2387 2119 2627 2189 gentium
2651 2119 2974 2175 deridendos
3000 2119 3259 2175 recensiri
3287 2134 3522 2188 errores,

1940 2209 2194 2280 omnique
2218 2209 2474 2265 Ecclesia:
2514 2226 2613 2280 pro
2639 2213 3012 2268 exsecratione
3041 2212 3317 2269 habendos
3351 2228 3521 2284 expo-

1940 2316 2073 2357 nere
2120 2301 2341 2358 fetores.
2375 2302 2620 2359 Tradunt
2649 2305 2792 2359 enim
2833 2313 2889 2360 et
2934 2305 3089 2375 quasi
3131 2305 3525 2361 exclamatione

1940 2395 2155 2465 egregia
2194 2394 2518 2465 importunis
2556 2397 2803 2465 garriunt
2852 2396 3170 2467 disciplinis,
3206 2398 3349 2453 hunc
3404 2397 3523 2453 illo-

1940 2501 2061 2541 rum
2089 2487 2353 2541 amasium
2380 2486 2680 2543 femellario
2702 2501 2865 2558 opere
2886 2496 3204 2557 occupatum
3230 2502 3341 2557 prae
3361 2496 3523 2543 caste-

1937 2575 2015 2630 ris
2066 2574 2374 2631 hominibus
2426 2574 2699 2632 afrodisiae
2742 2574 2771 2614 ἀ
2813 2576 3112 2633 obtinuisse
3159 2578 3438 2640 virtutem,
3464 2584 3521 2632 et

1938 2664 2385 2721 abundantiorem
2429 2666 2681 2721 omnibus
2704 2681 2738 2721 a
2775 2666 2886 2723 Deo
2916 2682 3015 2722 suo
3044 2666 3119 2721 illi
3153 2682 3252 2737 pro
3293 2680 3520 2722 munere

242 2756 417 2811 bacuc
448 2765 638 2811 contra
668 2754 1161 2813 Nabuchodonosor
1189 2774 1367 2814 sermo
1389 2758 1663 2830 dirigitur,
1686 2758 1837 2815 omni
1937 2755 2117 2809 datam
2145 2752 2375 2809 Veneris
2408 2755 2738 2812 voluntatem
2783 2768 2834 2822 ο,
2866 2757 3241 2829 liquoremque
3281 2757 3519 2827 spurcis-

131 2913 142 2922 _
240 2848 423 2903 vicina
477 2857 533 2905 et
580 2860 941 2907 consentanea
980 2866 1106 2907 mox
1137 2852 1343 2908 clarum
1372 2852 1685 2929 videntibus.
1706 2868 1835 2922 ape-
1936 2846 2059 2901 simi
2082 2848 2263 2916 operis
2284 2856 2340 2903 et
2362 2846 2651 2919 largiorem
2673 2850 2885 2907 caeteris
2908 2850 3184 2916 habuisse,
3207 2858 3265 2906 et
3286 2849 3517 2906 faciliori

243 2943 389 2999 ritur
414 2957 464 3009 α,
492 2959 594 2999 nec
624 2960 654 2998 a
680 2945 897 3000 tramite
925 2946 1173 3002 veritatis
1199 2947 1491 3012 errabitur,
1523 2948 1568 3002 si
1596 2947 1831 3017 prophe-

1940 2933 2129 2990 eﬁ‘ectu
2161 2936 2231 2991 ab
2254 2936 2375 2993 aliis
2404 2938 2732 3009 digessisse:
2759 2938 3069 3010 ﬁuxumque
3113 2940 3169 2995 in
3218 2940 3417 2995 coitum
3463 2946 3522 2995 et

242 3034 315 3090 tia
341 3034 633 3090 adversum
658 3035 941 3091 Chaldaeos
965 3038 1190 3102 directa,
1226 3037 1282 3092 in
1324 3052 1419 3093 eos
1447 3038 1631 3093 itidem
1669 3053 1832 3110 expo-
1934 3027 2199 3098 νίεοΐεω,
2238 3028 2347 3083 ίωο
2375 3030 2607 3101 copiam.
2644 3030 2700 3087 in
2729 3029 3017 3087 femineam
3048 3031 3325 3087 libidinem
3362 3046 3519 3087 exer-

241 3134 428 3180 natur.
479 3125 593 3182 Hoc
619 3128 818 3198 quippe
844 3128 1017 3200 magis
1041 3130 1290 3202 congruit
1325 3130 1602 3199 sapientiae
1627 3130 1743 3197 Dei,
1776 3140 1832 3187 et
1930 3121 2157 3179 tendam
2188 3122 2545 3193 quadraginta
2569 3125 2809 3181 virorum
2835 3139 2865 3180 a
2891 3124 3098 3197 superis
3127 3124 3204 3180 illi
3236 3124 3401 3180 fuisse
3425 3124 3519 3180 de-

240 3220 514 3276 cathollco
542 3222 628 3276 cui
681 3223 950 3279 servimus
997 3225 1253 3295 dogmati,
1286 3240 1450 3295 quam
1478 3233 1538 3280 ut
1562 3226 1823 3293 dicamus,
1859 3283 1899 3295 _
1931 3213 2118 3269 lalam-
2170 3213 2342 3282 Quam
2390 3230 2680 3285 spurcam:
2723 3217 3083 3288 Pinguemque
3130 3215 3515 3272 abundammm

242 3310 408 3379 hujus
433 3311 619 3367 vesani
644 3312 881 3369 hominis
909 3313 993 3368 vel
1036 3314 1262 3370 aliorum
1291 3330 1577 3385 regnorum
1604 3316 1824 3372 storiam

1940 3305 2060 3361 olidi
2091 3305 2256 3362 lumbi
2287 3322 2392 3361 non
2420 3283 2452 3362 a
2476 3308 2665 3364 rerum
2692 3283 2916 3380 parente
2944 3283 3072 3375 Deo,
3110 3320 3169 3366 ut
3198 3311 3377 3382 prmdo
3407 3310 3515 3365 ini~

238 3403 560 3473 prophetica
587 3419 693 3458 non
733 3405 1039 3475 pmvisam,
1091 3406 1365 3474 Quinimo,
1404 3416 1464 3461 ιιι
1500 3407 1630 3463 mihi
1674 3408 1825 3464 vide-
1931 3399 2225 3470 quissimus
2251 3401 2563 3466 somniavit,
2593 3402 2689 3458 sed
2726 3419 2758 3458 a
2784 3404 2995 3459 Venere
3021 3403 3334 3470 ludibriosa,
3376 3402 3508 3459 Vul-

243 3506 354 3561 tur,
385 3496 530 3566 quod
568 3496 875 3567 specialiter
904 3499 958 3553 in
985 3499 1163 3569 capite
1204 3499 1586 3570 praedictorum
1640 3507 1725 3555 est
1750 3499 1830 3554 di-
1932 3490 2054 3546 calli
2104 3490 2350 3562 conjuge.
2380 3492 2433 3547 id
2462 3500 2545 3548 εει
2587 3493 2727 3565 ignis
2755 3510 3003 3560 uxorem.
3052 3509 3171 3565 quae
3198 3504 3256 3550 et
3296 3502 3518 3564 ιποριετ

239 3597 416 3655 ctum,
455 3589 510 3643 in
534 3590 800 3656 membro,
822 3591 951 3658 imo,
985 3600 1045 3644 ut
1081 3591 1383 3646 evidentius
1405 3591 1600 3656 dicam,
1631 3590 1687 3645 in
1709 3585 1830 3662 gut-
1931 3598 2243 3656 spumosum
2293 3584 2559 3655 liquorem
2589 3585 2818 3642 Afrodin
2846 3588 2991 3643 dicta
3018 3595 3139 3643 est:
3167 3586 3257 3642 cui
3292 3595 3349 3642 et
3381 3602 3518 3657 opus

241 3689 366 3735 ture
414 3682 551 3752 ejus,
600 3691 756 3737 acute
807 3683 1157 3738 cernentibus
1199 3682 1534 3752 aenigmatice
1563 3682 1751 3748 servit,
1774 3689 1831 3737 et
1931 3690 2222 3731 venereum
2245 3676 2568 3746 assignatur,
2602 3676 2856 3747 alkaufeit
2886 3678 3027 3734 idem
3071 3678 3373 3763 impudicus
3413 3692 3513 3733 n0-

243 3772 393 3827 hunc
422 3772 789 3843 intelligentiae
812 3786 1027 3827 sensum
1052 3771 1184 3827 ﬁdes
1209 3771 1475 3826 catholica
1500 3786 1608 3827 non
1634 3771 1831 3827 abhor-
1932 3767 2179 3822 minavit.
2232 3766 2458 3838 Egregia
2495 3783 2625 3824 sane
2674 3768 2792 3822 laus
2843 3776 2899 3824 et
2948 3769 3179 3824 multum
3221 3769 3515 3823 carnalium

243 3874 349 3922 ret.
392 3863 527 3920 Nam
561 3881 625 3921 ea
649 3880 768 3935 quae
794 3864 850 3919 in
873 3865 978 3920 ﬁne
1008 3864 1294 3921 voluminis
1322 3865 1388 3920 de
1414 3865 1529 3935 ipso
1569 3864 1828 3935 superbo-
1932 3860 2152 3931 elegans
2180 3876 2395 3916 munus.
2429 3861 2527 3916 Cui
2549 3869 2674 3931 apte
2701 3862 2955 3917 convenit
2990 3860 3081 3917 illa
3106 3862 3163 3917 in
3194 3860 3518 3917 Srahelitica

241 3974 371 4013 rum
420 3959 595 4029 capite
642 3957 877 4029 Spiritus
933 3957 1064 4015 dicit
1110 3956 1479 4029 propheticus,
1516 3956 1716 4029 liquide
1775 3966 1834 4011 et
1934 3960 2093 4023 gente
2135 3965 2203 4008 ex
2231 3953 2335 4008 hac
2382 3953 2750 4024 generationis
2777 3954 3032 4021 invectio,
3063 3970 3185 4025 quae
3217 3969 3311 4009 ore
3356 3969 3521 4024 super

242 4050 432 4107 subtili
472 4051 721 4123 indagine
756 4050 1038 4117 ventilata,
1066 4051 1193 4107 huic
1240 4050 1555 4121 nequissimi
1607 4049 1830 4120 spiritus

242 4143 448 4212 hospiti
491 4143 884 4201 disserunturh
935 4144 1219 4199 intentata.
1268 4142 1589 4207 Elevabitur,
1633 4142 1827 4211 inquit,

241 4243 292 4287 et
320 4233 745 4302 magni/imbitur
756 4234 1003 4289 adversus
1025 4251 1231 4289 omnem
1253 4233 1419 4288 Deum
1434 4232 1697 4307 (Dangt,
1715 4232 1826 4303 56),

245 4325 301 4380 id
325 4334 412 4380 est
436 4327 701 4397 gentium,
723 4342 858 4398 quos
883 4330 1036 4398 quasi
1067 4328 1348 4400 religione,
1379 4328 1473 4384 sed
1498 4328 1549 4384 ei
1577 4328 1829 4398 magniﬁ-

242 4431 402 4483 cans,
426 4418 787 4489 despectionis
812 4420 947 4490 pede
972 4420 1261 4477 conteruit.
1291 4419 1361 4474 Et
1383 4419 1630 4475 adversus
1660 4419 1829 4475 Deum

243 4509 466 4564 deorum
493 4508 733 4581 loquetur
756 4511 1037 4582 magniﬁca
1064 4511 1275 4583 (Ibid)
1301 4510 1615 4567 Sanctiﬁcet
1640 4521 1830 4568 contra

1933 4045 2281 4117 Egyption
2308 4044 2455 4101 ﬁuxu
2502 4054 2687 4102 manat
2710 4047 3028 4118 prophetico
3060 4066 3072 4102 :
3106 4046 3387 4113 Insanivit,
3430 4048 3517 4101 in-

1934 4138 2070 4209 quit,
2116 4153 2274 4209 super
2300 4139 2653 4206 concubitum,
2681 4155 2747 4194 ea:
2794 4138 2813 4178 τ
2855 4158 3080 4211 quorum
3107 4156 3289 4195 carnes
3309 4150 3429 4195 sunt
3460 4149 3519 4195 ut

1934 4246 2114 4285 carnes
2131 4232 2425 4297 asinorum,
2441 4240 2489 4287 et
2512 4232 2647 4286 sicut
2674 4233 2851 4304 ﬂuxus
2871 4249 3120 4303 equorum
3138 4234 3315 4302 fluxus
3339 4248 3519 4287 eorum

1934 4323 2153 4395 (Ezech.
2170 4322 2431 4397 xxu,20).
2450 4324 2545 4381 Vel
2561 4324 2721 4382 illud:
2744 4324 2881 4397 Equi
2902 4326 3221 4382 insanientes
3241 4327 3297 4379 in
3310 4326 3518 4395 feminis

1933 4416 2192 4486 factisunt
2207 4434 2226 4483 ;
2247 4416 2601 4489 unusquisque
2620 4418 2690 4472 ad
2715 4433 2933 4473 uxorem
2959 4417 3185 4489 proximi
3206 4418 3288 4471 sui
3314 4416 3520 4470 hinnie~

1935 4513 2020 4568 bat
2043 4514 2176 4585 (Jer.
2199 4529 2255 4580 v,
2280 4513 2358 4585 8).
2384 4512 2537 4581 Quod
2553 4513 2643 4568 hic
2667 4513 3065 4582 impurissimus
3078 4520 3227 4567 vates
3248 4519 3303 4565 et
3328 4508 3520 4564 fecisse

247 4599 537 4713 Dominum
566 4600 908 4713 dominorum
930 4604 1050 4659 οωιί
1080 4612 1133 4659 et
1148 4612 1327 4669 terrae,
1357 4611 1659 4658 creatorem
1674 4611 1830 4658 ceter-
1858 4652 1911 4713 Β
1934 4607 2274 4713 praedicatur,
2308 4615 2364 4662 et
2398 4606 2721 4677 praedicasse
2741 4605 3021 4708 laudatum.
3038 4606 3166 4705 dum
3188 4602 3441 4713 seductus
3466 4609 3521 4656 et

245 4706 401 4757 num,
428 4690 599 4763 legem
632 4692 778 4747 illam
818 4708 979 4763 quam
1004 4695 1265 4749 instinctu
1292 4694 1592 4750 daemonum
1618 4710 1685 4750 ex
1714 4695 1831 4766 ejus

248 4784 472 4840 nomine
496 4800 704 4841 veneno
724 4788 1049 4858 composuit,
1086 4798 1141 4845 et
1170 4788 1519 4856 sequentibus
1549 4802 1609 4843 se
1634 4785 1831 4843 falsum

247 4885 639 4933 testamentum
687 4879 925 4945 tertium,
974 4879 1108 4935 falsa
1137 4878 1484 4951 subreptione
1532 4880 1829 4935 contexuit.

247 4965 318 5019 Et
350 4966 518 5019 Deum
562 4977 772 5037 patrum
800 4985 1014 5022 suorum
1043 4985 1147 5023 non
1188 4971 1445 5039 reputabit
1480 4969 1670 5044 (lbid.,
1719 4968 1833 5039 57),

249 5059 356 5115 hoc
382 5068 484 5125 est,
530 5059 957 5116 lsmahelitarum
1008 5061 1173 5127 idola,
1199 5078 1317 5132 qua:
1351 5078 1520 5133 usque
1569 5063 1623 5117 in
1657 5063 1833 5133 ipsum

247 5159 467 5221 tempus
498 5151 765 5218 colebant,
806 5151 875 5206 Et
913 5154 1010 5207 erit
1041 5154 1095 5207 in
1137 5155 1565 5224 concupiscentiis
1616 5155 1839 5224 femina-

247 5256 370 5294 rum
401 5240 615 5313 (Ibid)
645 5243 777 5311 Quis
806 5258 910 5298 non
937 5242 1115 5298 videat
1145 5244 1249 5298 hoc
1269 5243 1389 5299 loco
1417 5246 1561 5299 hunc
1601 5244 1834 5315 impudi-

249 5345 379 5386 cum
408 5332 716 5404 specialiter
743 5334 845 5389 hac
865 5334 1134 5390 sententia
1146 5334 1523 5405 designatum?
1539 5334 1604 5388 Et
1630 5335 1756 5390 licet
1783 5336 1836 5390 in

248 5417 483 5479 Hebraeo
512 5423 616 5478 hoc
638 5423 803 5479 dubie
833 5424 1067 5495 positum
1118 5424 1410 5495 relegatur,
1458 5424 1600 5495 quod
1630 5425 1840 5483 scilicet

323 5550 355 5580 ι
385 5537 449 5609 F.
480 5539 724 5595 omnia...
750 5538 957 5593 clare...
982 5540 1308 5609 aperiuntur.

324 5608 357 5651 δ
391 5608 520 5675 ΜΒ..
548 5610 843 5665 disseritur.

324 5690 350 5719 ο
384 5673 513 5745 Με.,“
543 5690 610 5735 et.

320 5748 355 5793 ι
381 5751 730 5874 Vhrodisiw,
757 5752 811 5834 id
834 5762 921 5835 est
943 5752 1185 5809 Veneris.

329 5832 357 5863 ο
438 5822 719 5874 oluntatem
756 5825 1013 5874 mtellme.

329 5832 357 5893 ξ
383 5822 719 5893 Ῐοζιιριαιεηι
756 5824 1013 5893 intellige.

327 5888 356 5935 ί
383 5886 615 5965 Vulgata
643 5911 656 5948 :
686 5909 865 5948 eorum
886 5886 1125 5966 quorum.

1936 4712 2031 4752 sua
2067 4695 2343 4767 voluptate
2380 4696 2591 4751 illectus
2613 4710 2838 4752 uxorem
2869 4694 3101 4767 proximi
3129 4693 3212 4749 sui
3242 4691 3367 4747 ﬁdei
3408 4705 3521 4745 sua:

1934 4796 2300 4843 consentaneo
2313 4786 2451 4852 tulit,
2475 4802 2639 4857 quam
2665 4786 2799 4841 adeo
2829 4788 2853 4825 ε
2880 4787 2984 4842 sibi
3009 4801 3105 4855 per
3136 4784 3520 4839 revelationem

1936 4878 2205 4936 Gabrielis
2226 4877 2471 4948 junctam
2511 4880 2775 4934 mentitus
2814 4887 2916 4935 est.
2952 4877 3125 4945 Quam
3166 4874 3520 4946 impurissimi

1935 4980 2173 5039 sectam,
2204 4970 2845 5042 impurissimisequipedi
2875 4968 3263 5040 amplientesh,
3294 4967 3522 5024 amissa-

1937 5063 2005 5118 rii
2028 5064 2043 5103 ί
2065 5071 2120 5118 et
2134 5062 2361 5119 adulteri
2379 5062 2616 5118 universi
2629 5069 2754 5117 sunt
2768 5060 2917 5127 facti,
2936 5061 3060 5117 dum
3075 5054 3524 5130 etpropterjura.

1940 5162 2182 5209 mentum
2197 5154 2450 5209 scindunt
2473 5153 2777 5224 conjugium
2802 5153 2964 5223 quod,
2995 5150 3007 5202 i
3034 5150 3236 5220 majore
3256 5149 3522 5206 dedecore

1942 5246 2137 5302 iterum
2174 5246 2526 5301 adulterando
2550 5245 2879 5315 conjungunt
2908 5261 2923 5298 :
2955 5253 3010 5298 et
3035 5243 3236 5313 pelices
3263 5239 3523 5309 multipli-

1940 5338 2113 5394 cando
2142 5353 2174 5393 a
2206 5337 2449 5409 trigamis
2483 5335 2566 5393 vel
2596 5335 2962 5406 quadrigamis
3002 5334 3287 5391 serviendo
3330 5330 3518 5387 femel-

1940 5426 2081 5505 larii,
2114 5427 2225 5484 imo
2252 5427 2433 5482 verius
2459 5425 2727 5484 amissarii
2774 5426 2896 5497 equi
2932 5425 3271 5490 hinnientes,
3301 5438 3401 5485 seu
3432 5435 3521 5475 ru-

2023 5541 2051 5581 ῑ
2076 5538 2139 5594 F.
2186 5557 2221 5594 α
2250 5540 2381 5598 Deo.

2016 5611 2049 5655 ιι
2073 5610 2136 5682 L.
2160 5611 2545 5682 amplectentes,
2571 5610 2654 5666 vel
2676 5610 3007 5682 ampliantes.

2022 5694 2041 5723 ι
2067 5680 2320 5751 διῳηὶη
2360 5680 2607 5738 Jeremiae
2633 5680 2781 5738 textu
2818 5683 3073 5737 dicuntur
3098 5682 3216 5752 equi
3242 5687 3523 5752 amatores,

1942 5761 1990 5806 et
2016 5748 2409 5807 emisiariidtic
2436 5754 2723 5818 amissarii,
2759 5753 2861 5809 hoc
2885 5762 2971 5808 est
3012 5748 3314 5809 admissarii
3338 5766 3356 5804 :
3379 5748 3523 5819 quod

1942 5822 2132 5896 Latine
2158 5822 2501 5893 loquentibus
2530 5825 2791 5896 probatur
2820 5823 3071 5894 amplius.

2020 5893 2035 5943 ἱ
2070 5892 2195 5961 Ms.,
2224 5892 2396 5965 quem.
