4034 6350
1869 373 2124 431 ΜΝΛΒΙ
2160 372 2639 438 σοίωυθεκειε

3704 396 3784 463 τω

583 493 775 556 dentes
817 491 985 560 asini,
1024 498 1148 546 sunt
1196 489 1453 548 universi.
1495 487 1668 544 Pudet
1696 487 1895 560 quippe
1926 497 2038 546 tota
2073 494 2244 558 re—‘A
2269 507 2392 550 mus
2433 493 2509 560 ei,
2539 494 2684 564 quod
2709 494 3086 566 fortissimum,
3137 499 3196 556 id
3233 508 3321 558 est
3349 500 3532 572 Deum,
3566 512 3786 576 κείωίιιι

582 599 800 646 traxere
831 593 1038 660 quiesta
1057 621 1074 650 ,
1103 581 1251 640 licita
1277 581 1377 640 sibi
1404 581 1463 642 in
1492 581 1828 648 mulieribus,
1865 585 2171 656 usurpando

580 680 883 744 naturalem
920 679 1112 750 legem,
1162 684 1217 733 et
1254 691 1423 732 novas
1473 675 1592 732 vias
1639 675 1928 732 libidinum
1986 677 2170 750 inqui-

582 772 770 837 rendo,
825 785 902 826 vae
949 767 1105 834 mihi,
1147 767 1506 840 plausibiliter
1561 777 1748 840 agunt.
1781 765 1893 824 Nec
1915 767 2048 825 sinit
2072 785 2171 826 nos

577 863 744 920 rubor
779 874 1039 940 genarum
1087 857 1422 920 rhetoricum
1473 866 1660 916 contra
1710 859 1920 916 hostem
1961 857 2169 928 jactare

576 970 880 1015 sermonem
905 971 918 1010 :
947 954 1250 1026 praesertim
1277 953 1403 1024 quia
1423 953 1595 1024 pudor
1615 953 1888 1009 silentium
1917 953 2165 1024 imperat.

574 1050 644 1106 Et
676 1049 803 1104 licet
835 1047 1068 1110 invectio
1121 1055 1377 1102 accurata
1403 1054 1594 1102 exerto
1619 1061 1786 1116 opere
1832 1046 1888 1104 in
1919 1061 2169 1117 campum

575 1152 688 1198 tota
712 1140 1004 1211 producat,
1029 1147 1086 1196 et
1119 1136 1432 1210 impetenda
1467 1135 1665 1207 iaculis
1693 1146 2050 1210 pugnatorum
2083 1137 2166 1194 di-

572 1247 748 1310 gerat,
796 1235 881 1293 vel
929 1243 1204 1307 exponat;
1253 1242 1434 1290 tamen
1478 1231 1866 1289 inconveniens
1896 1233 2060 1299 actio,
2111 1241 2169 1288 et

571 1345 680 1386 non
720 1330 881 1403 digna
922 1329 1042 1400 ipso
1075 1327 1228 1398 operi
1257 1328 1498 1384 membra
1547 1327 1724 1399 magis
1749 1341 1810 1382 se
1838 1326 2031 1384 leviter
2053 1327 2169 1397 pal-

569 1424 689 1496 pari
746 1423 897 1478 tenui
939 1420 1339 1494 signiﬁcatione
1392 1419 1688 1487 desiderat,
1741 1436 1910 1490 quam
1947 1419 2166 1490 procaci

571 1515 936 1574 denudatione
984 1513 1233 1572 vestibuli
1261 1513 1466 1568 intecto
1508 1511 1746 1582 eloquio,
1803 1511 2166 1569 inverecunda

569 1607 773 1681 lingua,
818 1609 1078 1668 modestis
1114 1607 1410 1664 lectoribus
1437 1605 1616 1676 turpia
1641 1605 1926 1671 denudari,
1972 1621 2042 1661 ne
2075 1619 2167 1661 ve-

572 1702 886 1760 recundiam
913 1717 1022 1772 qua
1050 1700 1128 1757 illi
1153 1709 1448 1758 caruerunt
1473 1713 1658 1770 opere,
1691 1713 1793 1755 nos
1814 1699 1979 1756 etiam
2006 1699 2165 1754 aruit-

571 1803 750 1852 tamus
775 1808 1046 1852 sermone.

2275 587 2391 646 haec
2420 586 2608 659 religio
2646 588 2847 646 inloco
2873 605 2974 647 suo
2997 606 3281 651 venerare.
3313 593 3422 653 Sed
3447 598 3546 656 hoc
3573 601 3674 660 ideo
3689 611 3784 681 agit,

2273 693 2330 736 ut
2372 684 2576 738 muniat
2609 683 2840 741 Maozim
2892 703 3012 743 cum
3054 688 3150 743 deo
3204 688 3400 756 alieno,
3431 709 3572 762 quem
3610 707 3787 771 cognouit

2281 772 2472 847 (lbid.,
2522 775 2615 849 39)
2666 787 2714 831 ε.
2755 776 2910 844 Quod
2954 778 3258 836 Teudotion
3298 784 3532 854 apertius
3573 791 3783 860 explicat:

2277 885 2298 920 ι
2330 867 2400 924 Et
2419 869 2558 937 hinc,
2589 870 2783 942 inquit,
2811 872 2888 928 ait
2922 871 2942 912 ί
2982 881 3044 929 ut
3067 875 3280 932 muniat
3315 878 3554 947 pmidia
3598 898 3699 938 cum
3717 887 3788 945 deo

2271 962 2478 1020 alieno:
2509 973 2566 1018 et
2597 981 2722 1021 cum
2746 967 2828 1023 eis
2851 969 3172 1035 ostenderit,
3205 970 3261 1026 id
3307 980 3395 1028 est
3439 974 3562 1040 suis,
3591 978 3789 1050 multipli-

2271 1055 2417 1112 cabit
2438 1056 2720 1123 honorem,
2761 1067 2816 1114 et
2839 1059 3107 1118 dominari
3135 1062 3326 1118 multis
3364 1063 3544 1131 faciet,
3569 1077 3619 1122 et
3639 1079 3788 1128 terer

2270 1148 2476 1206 dividet
2501 1149 2690 1220 gratis.
2743 1149 2870 1206 ideo
2912 1152 3085 1208 Deum
3129 1153 3491 1212 fortissimum
3534 1173 3587 1213 se
3623 1160 3790 1220 simitIat

2269 1241 2519 1308 adorare,
2562 1252 2624 1298 ut
2645 1243 2814 1298 Deum
2841 1243 3074 1301 alienum
3118 1247 3236 1303 suis
3276 1248 3600 1316 vintroducat,
3636 1263 3682 1306 et
3704 1268 3788 1325 per.

2268 1348 2401 1390 vere
2430 1335 2455 1374 ε
2484 1333 2753 1391 rationem
2800 1337 2894 1392 Dei
2941 1339 3204 1394 honorem
3234 1341 3549 1410 multiplieet
3583 1344 3629 1398 in
3662 1351 3789 1417 genti-

2267 1427 2391 1494 bus,
2428 1436 2484 1483 et
2537 1430 2843 1486 accnmulet
2885 1431 3244 1488 dominatum.
3279 1451 3298 1486 ι
3366 1434 3516 1501 Quod
3565 1436 3639 1491 isti
3672 1439 3788 1494 inlu-

2267 1520 2437 1576 mosis
2489 1522 2730 1579 turribus
2784 1524 3032 1594 quotidie
3075 1525 3292 1581 barritu
3336 1525 3547 1592 inermi,
3593 1539 3639 1582 et
3679 1544 3787 1585 mou»

2267 1622 2500 1678 struoso,
2533 1631 2598 1671 ac
2646 1616 2886 1672 ferarum
2936 1618 3043 1672 ritu
3076 1619 3128 1686 ιι,
3158 1619 3442 1676 dissolutis
3478 1619 3620 1676 labiis
3642 1631 3685 1677 et
3706 1621 3788 1677 lau-

2267 1707 2412 1761 cium
2442 1705 2553 1760 latu
2598 1715 2786 1777 aperto
2817 1717 2874 1763 ut
2911 1709 3152 1765 cardiaci
3186 1713 3203 1751 ί
3251 1711 3562 1776 vociferant,
3592 1727 3646 1767 ac
3677 1714 3783 1769 voci-

2266 1797 2494 1854 ferando
2532 1799 2679 1854 velut
2713 1801 2902 1856 furiosi
2950 1811 3288 1871 praecutiunt,
3318 1812 3374 1856 ut
3396 1803 3585 1857 muniat
3613 1802 3786 1857 Martia

641 1889 731 1944 24.
760 1887 944 1944 Nullus
972 1903 1103 1944 vero
1129 1887 1263 1943 adeo
1285 1886 1524 1942 libidinis
1549 1886 1812 1958 perditus,
1847 1894 1900 1942 et
1944 1885 2156 1944 voluta-
2187 1897 2238 1962 Β
2265 1908 2383 1947 cum
2423 1893 2522 1947 deo
2563 1892 2735 1949 alieno
2786 1910 2938 1966 quem
2987 1896 3252 1965 cognovit,
3307 1894 3360 1948 id
3411 1905 3492 1950 est
3520 1903 3572 1950 ut
3613 1893 3784 1950 liaozim

569 1982 654 2040 bri
681 1983 935 2040 sordibus
962 1981 1171 2038 exstitit
1196 1980 1517 2046 feculentus,
1542 1989 1602 2034 ut
1626 1979 1714 2036 hic
1747 1979 1872 2034 leno
1897 1978 2160 2038 fetoribus

571 2077 906 2148 inquinatus.
964 2075 1066 2144 Qui
1087 2075 1256 2130 etiam
1282 2072 1542 2145 coniuges
1565 2073 1888 2140 alienorum,
1937 2081 1996 2128 ut
2024 2074 2161 2130 dixi-

569 2192 713 2241 mus,
744 2174 1111 2231 lenocinanter
1135 2171 1334 2230 inritus
1353 2179 1456 2238 est,
1508 2170 1750 2243 angelica
1771 2170 2016 2242 jussiom
2043 2185 2162 2227 sor-

569 2272 718 2330 dium
749 2287 970 2328 suarum
995 2269 1399 2328 serabredinem
1433 2267 1642 2333 celans,
1691 2282 1755 2322 ac
1784 2266 1887 2322 sibi
1937 2267 2163 2321 creden—

569 2374 654 2422 tes
697 2374 882 2420 scorta
914 2363 1063 2434 passi
1103 2371 1160 2420 et
1205 2360 1352 2418 nullo
1381 2368 1568 2417 saturo
1591 2373 1621 2402 ι
1647 2360 1798 2415 coitu
1843 2358 2082 2414 finienda
2105 2359 2160 2414 in

567 2460 824 2532 paradiso
871 2457 964 2512 Dei
997 2458 1078 2514 sui
1127 2457 1207 2512 ob.
1251 2455 1712 2512 remunerationis
1739 2454 1937 2509 «bourn
1961 2453 2162 2523 jngiter

567 2551 822 2624 potienda
850 2550 1207 2622 promittens,
1245 2548 1319 2603 ita
1349 2556 1406 2602 ut
1431 2555 1708 2602 extremus
1731 2543 1882 2600 calor
1902 2544 2160 2599 instinctu

569 2644 730 2700 unius
758 2644 906 2698 hora
932 2640 1093 2697 solito
1113 2655 1222 2695 non
1245 2639 1570 2694 terminatur
1595 2635 1789 2706 spatio,
1816 2635 1918 2690 sed
1937 2642 2161 2705 proten-

569 2735 730 2791 datur
776 2749 877 2806 per
927 2731 1278 2802 septuaginta
1322 2727 1683 2784 deiectatiene
1731 2726 1996 2791 virorum,
2047 2725 2163 2796 ipsa

569 2825 858 2882 delectatio
913 2822 1221 2894 specialiter
1269 2819 1543 2891 proﬂuens
1591 2819 1889 2874 asinorum.
1943 2815 2164 2873 Habetis

571 2919 817 2991 quisquis
843 2916 930 2972 ille
959 2914 1196 2986 parad-isi
1225 2913 1392 2969 fuerit
1423 2913 1648 2969 colonus
1690 2921 2014 2968 veternosus
2049 2925 2166 2966 am-

569 3011 794 3086 pliatum
850 3008 1074 3074 ﬂumim,
1111 3017 1170 3063 et
1201 3007 1507 3064 desiderum
1558 3006 1882 3078 pinguorum
1918 3005 1946 3045 δ
1975 3012 2164 3060 eaten-

572 3114 686 3161 tum
714 3114 772 3161 et
795 3119 892 3176 per
914 3117 1076 3160 omne
1103 3102 1305 3160 coitum
1333 3101 1620 3172 virginitas
1647 3109 1754 3154 tam
1781 3098 1992 3171 prolixe
2030 3097 2165 3154 facie

570 3213 706 3257 nore
747 3199 955 3272 perdita
980 3239 994 3266 ,
1044 3206 1265 3269 tamque
1295 3194 1576 3252 inﬂexibili
1623 3193 1836 3251 calamo
1863 3193 2160 3264 perforata,

2263 2004 2424 2060 quem
2455 1988 2530 2043 illi
2566 1986 2740 2043 Cobar
2768 1998 2986 2054 vocant,
3029 1991 3135 2046 huc
3169 1997 3254 2044 est
3279 1989 3551 2066 majorem,
3580 2003 3679 2044 cum
3717 1989 3786 2042 deo

2263 2081 2458 2143 alieno,
2493 2080 2546 2136 id
2567 2090 2652 2136 est
2677 2082 2922 2138 daemone
2945 2080 3037 2137 illo
3059 2083 3152 2153 qui
3182 2082 3236 2137 ei
3264 2083 3366 2136 sub
3388 2095 3600 2151 persona
3622 2078 3784 2134 Gabrie

2261 2177 2330 2233 lis
2359 2176 2630 2249 apparuit,
2679 2192 2790 2232 uno
2819 2176 3184 2232 venerationis
3228 2177 3447 2232 nomine
3493 2175 3706 2228 muniat:
3743 2179 3784 2224 ut

2261 2284 2363 2341 per
2394 2270 2498 2324 hoc
2539 2282 2783 2324 errorem
2841 2283 2998 2326 suum
3040 2269 3096 2324 in
3125 2268 3293 2325 corda
3323 2265 3636 2322 credentium
3663 2271 3782 2335 tegat,

2264 2366 2395 2421 dum
2437 2363 2658 2420 nomine
2701 2363 2923 2432 majoris
2961 2365 3056 2420 Dei
3107 2365 3276 2419 ritum
3318 2359 3685 2417 vociferationis
3714 2372 3782 2412 ex-

2263 2457 2441 2528 tollit,
2505 2465 2564 2513 et-
2611 2458 2992 2528 superstitioso
3039 2465 3240 2513 conatu
3270 2498 3285 2524 ,
3350 2453 3571 2512 nefando
3622 2451 3782 2522 spiritu,

2263 2549 2524 2606 nobilium
2576 2550 2787 2605 animas
2828 2549 3020 2605 inlicit.
3077 2549 3189 2606 Sed
3232 2565 3300 2606 ne
3341 2549 3520 2605 videar
3554 2547 3652 2602 hac
3692 2544 3784 2599 triti-

2265 2641 2498 2716 gmatice
2552 2650 2609 2697 et
2663 2657 2769 2697 non
2810 2642 3029 2713 preprie
3077 2641 3264 2698 dicere
3317 2641 3332 2691 i
3370 2683 3385 2708 ,
3443 2647 3495 2696 et
3543 2638 3688 2708 magis
3724 2647 3782 2688 rc-

2262 2744 2422 2808 puter
2470 2735 2689 2806 ingenio
2736 2736 2978 2791 humano
3012 2737 3263 2807 qumsita,
3315 2750 3473 2806 quam
3517 2732 3671 2788 divino
3706 2726 3781 2797 spi-

2266 2829 2374 2884 ritu
2402 2827 2682 2884 enueleata
2730 2826 2976 2899 proferre
2997 2868 3012 2893 ,
3067 2828 3343 2899 apertiora
3394 2822 3663 2880 inducenda
3694 2825 3781 2874 sunt

2264 2922 2639 2992 probamenta.
2671 2919 2811 2978 Ecce
2831 2922 2976 2977 enim
3009 2922 3205 2977 eodem
3234 2920 3363 2975 ritui
3402 2915 3560 2973 dediti
3587 2915 3682 2969 dies
3697 2909 3780 2964 illos

2267 3018 2464 3090 quibus
2494 3017 2762 3072 insaniam
2812 3018 2865 3071 in
2896 3016 3058 3072 domo
3099 3015 3228 3072 idoli
3274 3017 3601 3075 consecrant,
3639 3005 3781 3061 eodem

2265 3111 2531 3169 vocabulo
2585 3111 2850 3167 hactenus
2903 3117 3245 3181 nuncupant,
3296 3117 3353 3163 et
3393 3113 3598 3178 propter
3637 3099 3781 3168 lingua

2268 3205 2518 3261 Arabicae
2541 3203 2938 3269 diversitatem,
2997 3218 3116 3274 qua:
3149 3214 3440 3273 parumper
3481 3197 3533 3252 in
3575 3191 3782 3264 plerisque

570 3293 757 3350 itidem
808 3291 1112 3349 {ruentibus
1155 3290 1362 3346 serviat
1410 3295 1754 3354 restaurata,
1804 3277 2242 3358 erem'ensquec
2276 3296 2589 3352 nominibus
2619 3295 2648 3336 ι
2684 3296 2752 3351 ab
2783 3294 3050 3351 Hem-uico
3101 3293 3393 3363 discrepat,
3446 3287 3678 3344 Almozem
3704 3280 3782 3348 ipse

571 3385 810 3456 disrupta
833 3385 1098 3456 pulticulae
1128 3384 1298 3456 ipsius
1317 3382 1579 3448 ceneisio,
1612 3390 1668 3437 et
1694 3381 1874 3437 tenuis
1900 3379 2164 3454 defrigata

569 3476 740 3550 lappa
764 3477 1037 3538 eontexio.
1074 3492 1182 3532 non
1231 3475 1419 3532 dolere
1454 3473 1752 3530 ﬁnictionis
1778 3474 2044 3544 patientes
2072 3489 2166 3528 ex-

569 3576 799 3634 terreat,
833 3567 932 3624 sed
971 3566 1348 3623 delectationis
1390 3565 1672 3622 dulcedine
1704 3575 1963 3635 utrosque
1983 3565 2168 3622 dulco-

568 3669 674 3726 ret,
701 3660 1031 3716 desiderium
1060 3658 1297 3731 potiendi
1332 3673 1430 3728 per
1456 3657 1559 3713 hoc
1585 3657 1882 3712 avidiorem
1906 3666 1930 3696 ο
1967 3657 2166 3711 menti~

567 3754 669 3812 bus
693 3768 1010 3827 suggerens,
1059 3761 1115 3807 et
1144 3752 1586 3808 ardentissimum
1629 3750 1812 3821 gulam
1858 3750 2167 3805 renovatio-

568 3862 692 3903 nem
725 3862 832 3901 non
879 3845 1096 3912 ﬁniens,
1127 3846 1226 3901 sed
1255 3844 1572 3900 extendens.
1608 3843 1677 3898 Et
1706 3843 2008 3915 ingentiora
2038 3843 2162 3910 alia,

566 3953 689 4012 quae
714 3939 780 3994 de
818 3947 1048 4010 utroque
1080 3953 1232 4004 sexu,
1262 3947 1320 3994 et
1343 3948 1578 4008 utraque
1603 3943 1816 4001 natura,
1849 3937 2168 3993 illecebrosa

568 4034 802 4090 invectio
831 4047 939 4088 non
970 4033 1164 4102 puduit
1189 4032 1388 4102 populo
1403 4032 1612 4102 perdito
1641 4046 1705 4086 ex
1731 4045 1962 4101 persona
1993 4031 2167 4087 omni-

567 4124 928 4197 potentissimi
974 4123 1186 4177 Domini
1240 4123 1468 4194 impuris
1520 4116 1670 4194 genis
1701 4124 1984 4178 coniicere.
2035 4123 2166 4189 Qua:

567 4215 748 4270 omnia
786 4216 841 4270 in
890 4213 996 4270 alio
1037 4227 1203 4284 opere
1230 4212 1567 4270 enucleatius
1617 4223 1672 4269 et
1719 4213 1976 4269 limatiori
2017 4212 2168 4268 inve-

567 4308 766 4370 ctione,
789 4307 834 4362 si
868 4308 1006 4364 Deus
1049 4307 1217 4362 vitam
1250 4307 1600 4375 concesserit,
1632 4309 1962 4364 disseremus
1987 4305 2038 4361 ἀ.

633 4399 730 4455 25.
785 4397 1082 4471 Sequitur:
1132 4399 1246 4456 Nec
1293 4416 1607 4472 quemquam
1661 4401 1879 4455 deorum
1937 4400 2163 4470 curabit,

566 4494 690 4565 quia
747 4492 1024 4548 adversum
1073 4495 1316 4548 universa
1373 4501 1652 4564 consurget
1704 4491 1866 4565 (Dan.
1917 4509 1995 4559 χι,
2047 4493 2160 4566 '57).

567 4583 810 4651 Scilicet,
849 4585 976 4656 quia
1003 4592 1057 4640 et
1085 4582 1377 4640 Gentilium
1423 4593 1477 4638 et
1509 4582 1842 4649 Iudaeorum,
1867 4599 1964 4639 seu
1993 4584 2164 4639 etiam

2271 3389 2372 3444 feri
2412 3387 2432 3427 1
2462 3387 2818 3458 appellantur,
2879 3387 3106 3458 ipsoque
3133 3395 3378 3458 tempore
3421 3395 3520 3452 quo
3561 3376 3657 3448 jam
3682 3374 3783 3427 dicto

2269 3481 2414 3538 idolo
2451 3483 2751 3551 antiquitus
2780 3480 2896 3550 ipsa
2955 3495 3086 3551 gens
3135 3479 3222 3533 vel
3274 3474 3539 3549 gentilitas
3570 3467 3713 3540 posita
3735 3475 3781 3516 ex

2269 3575 2542 3632 universis
2569 3574 2816 3645 partibus
2840 3573 3224 3636 concurrebat,
3256 3585 3398 3627 nunc
3427 3567 3599 3624 eadem
3622 3556 3779 3632 perdita

2271 3668 2434 3723 turba
2465 3679 2646 3720 annue
2700 3663 2924 3720 conlinit
2949 3681 2962 3718 :
3007 3664 3218 3736 ipsique
3248 3658 3471 3717 daemoni
3497 3665 3534 3688 ⁸·
3561 3664 3691 3722 quem
3715 3657 3782 3744 ηπ·

2269 3766 2388 3815 tant
2416 3772 2448 3812 a
2476 3757 2595 3813 loco
2624 3757 2744 3827 ipso
2789 3755 2911 3810 tidei
2963 3754 3206 3824 ipsorum
3261 3745 3614 3823 magnitudine
3633 3744 3780 3794 exsur-

2268 3860 2416 3922 pato,
2459 3849 2774 3920 perenniter
2821 3846 3084 3902 serviunt.
3135 3843 3365 3899 Maozim
3405 3841 3456 3895 in
3501 3836 3602 3890 loco
3625 3844 3716 3922 suo.
3742 3829 3783 3875 υι

2268 3919 2531 4013 propheta
2571 3938 2776 4010 Spiritu
2827 3937 3011 3992 divino
3037 3935 3244 4003 retulit,
3297 3945 3463 4003 usque
3499 3924 3637 3983 ho'lie
3676 3919 3783 3973 ἱηεοο

2269 4031 2406 4097 lunt,
2446 4031 2664 4102 quando
2693 4035 2747 4084 et
2779 4029 2924 4099 ipsos
2969 4037 2997 4065 ιι
3049 4027 3165 4083 dies
3225 4027 3386 4083 solito
3413 4029 3688 4086 nuncupant
3716 4017 3781 4104 nt!-

2269 4122 2434 4186 mine,
2467 4130 2524 4178 et
2552 4133 2792 4176 mensem
2850 4118 3022 4184 illum,
3061 4133 3229 4190 quem
3265 4117 3402 4172 almo
3439 4123 3598 4166 arram
3626 4111 3646 4139 °
3668 4109 3781 4196 70¢}:

2270 4223 2408 4282 tant,
2436 4214 2759 4270 ubeultores
2807 4212 3070 4268 idolatriae
3111 4211 3244 4267 olim
3290 4203 3638 4266 sustollebant,
3665 4194 3720 4248 ita
3743 4189 3780 4241 lii

2267 4307 2434 4364 hodie
2488 4304 2889 4371 abundantiori,
2932 4302 3269 4376 perfectiori,
3322 4308 3381 4355 ut
3427 4294 3522 4353 sibi
3567 4288 3776 4386 videnlur.

2267 4403 2408 4460 coelo
2456 4411 2611 4458 tenus
2662 4397 2966 4472 perferunt.
3022 4398 3196 4454 Pudet
3232 4416 3262 4454 ιι
3302 4402 3524 4462 namque
3573 4384 3778 4472 insaniam

2269 4496 2438 4567 ipsius
2467 4467 3003 4565 domus-singillatim
3033 4506 3323 4563 exponere.
3362 4485 3468 4542 Nec
3487 4472 3665 4549 expetit
3686 4467 3778 4567 bre-

2268 4589 2407 4645 viter
2434 4588 2611 4658 aliqua
2650 4601 2716 4642 ex
2765 4585 2950 4641 multis
2991 4583 3290 4640 deridenda
3335 4573 3523 4652 jaculis
3565 4568 3774 4658 impetus,

566 4655 999 4735 Christianorum
1037 4678 1352 4750 religionem
1401 4677 1682 4746 despexit,
1724 4684 1780 4732 et
1824 4685 2008 4733 contra
2043 4677 2162 4732 uni-
2187 4673 2242 4736 D
2267 4697 2391 4739 cum
2441 4655 2642 4737 nostris
2673 4686 2920 4734 teneatur
2966 4677 3018 4732 in
3059 4676 3331 4732 mentibus
3362 4677 3471 4725 tota
3522 4655 3778 4750 quandoqﬂi

566 4787 722 4828 versa
761 4773 1021 4829 surrexit.
1058 4772 1223 4826 Deum
1253 4781 1427 4824 autem
1471 4769 1703 4824 Maozim
1730 4771 1785 4825 in
1819 4769 1933 4825 loco
1960 4787 2056 4825 suo
2081 4787 2164 4825 re-

566 4864 837 4920 nerabitnr
859 4863 1048 4935 (lbid.,
1093 4861 1206 4933 38).
1240 4861 1467 4916 Moazim
1490 4861 1710 4931 grandis
1756 4870 1811 4916 et
1835 4860 2009 4930 major
2036 4861 2164 4917 dici-

570 4964 678 5020 tur,
710 4971 806 5010 seu
829 4955 987 5012 fortis
1015 4956 1096 5011 vel
1127 4954 1475 5011 fortissimus.
1507 4953 1566 5010 Si
1591 4970 1720 5011 vero
1743 4972 1850 5012 non
1874 4955 2158 5024 majorem,

568 5049 663 5104 sed
688 5047 1044 5104 fortissimum
1071 5048 1270 5104 dixerit
1301 5048 1502 5121 aliquis
1543 5049 1809 5122 ﬁgurare,
1865 5049 2160 5122 responde-

640 5240 666 5270 ι
695 5225 780 5292 F.,
812 5229 1000 5282 saturi.

637 5299 668 5342 ιι
700 5300 761 5356 L.
789 5300 1051 5371 pinguius.

643 5382 670 5416 α
703 5372 763 5428 L.
793 5372 1020 5427 avidius.

637 5440 667 5484 τι
702 5441 837 5499 Vide
864 5441 1140 5507 Notitiam,
1175 5458 1360 5513 supra,
1396 5438 1496 5496 col.
1527 5439 1651 5498 587.

645 5525 670 5557 ο
704 5515 784 5570 Ad
813 5517 1003 5571 harant
1042 5513 1132 5570 hic
1160 5514 1214 5569 in
1256 5514 1444 5571 codice
1491 5523 1774 5571 notatum:
1817 5515 1922 5572 deo
1961 5515 2183 5585 alieno,-

569 5589 806 5644 de’mone
833 5588 980 5643 dicit.

645 5659 672 5700 ί
699 5658 756 5732 ξι.
785 5661 914 5732 agit.

645 5733 674 5775 ⁵
698 5729 758 5788 L.
791 5729 882 5800 per
905 5732 1032 5788 reri.

641 5803 672 5847 ι
699 5801 888 5858 Melius
918 5804 1074 5858 rictu.

645 5886 666 5920 ι
705 5873 765 5930 Id
789 5880 895 5943 est,
917 5873 1008 5950 qui
1039 5873 1293 5931 cardiaco
1318 5872 1565 5931 laborant
1593 5875 1798 5934 morbo.

2269 4775 2515 4832 ﬁdelibus
2537 4774 2834 4845 publicare.
2870 4769 2938 4826 Et
2967 4769 3403 4842 multiplicabitnr
3427 4757 3582 4834 gloria
3611 4749 3720 4820 ejus,
3743 4745 3777 4792 τι
3837 4828 3844 4839 .

2265 4868 2407 4923 dabit
2439 4869 2514 4922 eis
2541 4844 2841 4937 potestatem
2887 4864 2942 4918 in
2994 4862 3196 4929 multis,
3229 4873 3278 4918 et
3305 4855 3487 4914 dividet
3525 4848 3592 4904 eis
3631 4844 3776 4894 terra!"

2263 4965 2494 5036 gratuito
2521 4960 2682 5033 (Dan.
2725 4957 2940 5030 x1,39).
2983 4957 3176 5013 Divisit
3227 4965 3455 5023 namque
3491 4940 3774 5036 eis‘lwflﬂ'

2263 5019 2436 5128 magis
2463 5019 2624 5125 quam
2652 5019 2871 5118 oculum,
2899 5019 2956 5106 et
3000 5050 3228 5122 gloriam
3259 5019 3402 5106 dedit
3427 5031 3658 5114 gratuito,
3681 5019 3772 5076 dum

2343 5237 2360 5289 ἡ
2399 5236 2526 5304 Ms.,
2551 5235 2675 5291 dici.

2341 5309 2370 5350 ιι
2399 5309 2523 5370 Ms...
2549 5308 2602 5362 in
2630 5305 2884 5378 pleraque
2899 5305 3132 5360 nomine.

2344 5379 2363 5421 1
2394 5381 2457 5436 F.
2490 5383 2616 5452 ipsa?
2644 5379 2811 5449 ferite.

2338 5465 2380 5493 m
2410 5450 2534 5520 Ms.’,
2559 5452 2770 5521 ipsoque
2789 5450 3040 5504 dwmone.

2337 5535 2369 5614 ἲ
2634 5522 3228 5614 Ξ2388Ἷ³;.μ-μ.ει---ιε-
3257 5587 3469 5614 -.ι-..έΛο
3533 5577 3641 5614 dum
3665 5563 3770 5614 inid

2344 5603 2369 5631 ο
2396 5576 2606 5650 incuria
2641 5576 2767 5646 hinc
2817 5591 3230 5648 transcribentis
3256 5587 3487 5662 apparet,

2265 5641 2731 5735 iranzaggcas:
2746 5641 3018 5720 huius
3033 5641 3315 5722 una};
3324 5641 3401 5717 (in
3407 5641 3639 5712 concinne
3667 5641 3768 5691 δεῖν

2307 5742 2395 5796 sit.

2267 5757 2395 5812 psrt.

2344 5822 2373 5863 ιι
2391 5808 2516 5878 Ms.,
2545 5805 2770 5864 Putet...
2795 5807 2992 5866 domui.
