4034 6350
292 439 394 502 αι

294 647 494 707 stituit.
525 643 742 704 Hebrmi
767 651 950 698 tamen
975 652 1084 700 non
1106 636 1352 710 gratuita,
1400 635 1495 696 sed
1545 651 1668 694 cum
1714 635 1882 705 pretio

294 750 502 796 terram
523 735 834 794 venundare
855 738 1106 790 asserunt
1125 730 1382 803 positum.
1409 728 1564 798 Quod
1585 725 1882 786 Teodotion

292 832 538 908 apertius
565 829 836 902 explicat:
877 846 897 886 ι
933 827 1002 886 Et
1029 827 1147 884 haec
1167 826 1342 898 inquit
1378 825 1455 882 ait
1487 837 1540 892 ι,
1572 834 1634 882 ut
1675 823 1888 882 muniat

293 925 550 1000 praesidia
587 938 711 982 cum
750 920 862 980 Deo
903 919 1104 986 alieno,
1132 927 1340 975 etcum
1388 917 1469 974 eis
1517 915 1784 982 tenderet,
1829 915 1886 970 id

293 1029 382 1078 est
406 1019 537 1085 suis,
570 1014 955 1088 multiplicabit
985 1014 1273 1078 honorem,
1305 1019 1360 1069 et
1389 1010 1658 1068 dominari
1698 1009 1884 1067 multis

291 1114 481 1180 faciet,
511 1120 566 1168 et
593 1120 792 1166 terram
845 1108 1048 1164 dividet
1085 1107 1277 1179 gratis.
1326 1104 1450 1162 Ideo
1502 1105 1672 1162 Deum
1703 1103 1884 1162 fortis—

292 1206 497 1262 simum
552 1217 611 1260 se
645 1199 864 1262 simulat
907 1200 1157 1264 adorare,
1196 1205 1256 1254 ut
1299 1200 1458 1256 deum
1506 1197 1740 1256 alienum
1771 1196 1886 1254 suis

293 1296 632 1358 introducat,
658 1300 716 1352 ct
736 1306 962 1366 pcrverc
992 1291 1258 1346 rationem
1288 1289 1382 1346 Dei
1413 1289 1675 1347 honorem
1702 1289 1886 1346 multi-

290 1385 463 1458 plicet
492 1386 546 1440 in
573 1383 843 1456 gentibus,
893 1391 948 1439 et
989 1381 1292 1442 accumulct
1342 1382 1696 1440 dominatum.
1725 1403 1745 1436 ι
1780 1381 1885 1438 Per

290 1477 442 1550 quod
468 1476 747 1533 evidenter
785 1475 1006 1546 hujusce
1033 1474 1207 1548 gentis
1254 1473 1338 1530 vel
1386 1475 1536 1547 regni
1581 1475 1887 1547 specialiter

291 1571 442 1625 actio
475 1579 768 1625 reseretur.
800 1566 866 1622 lli
891 1566 1035 1622 enim
1068 1567 1235 1624 etiam
1267 1565 1405 1633 loca,
1435 1581 1554 1638 quae
1594 1568 1884 1624 mercimo-

293 1663 406 1718 nize
438 1662 687 1718 instituta
742 1659 1078 1724 deserviunt,
1110 1660 1166 1714 in
1195 1660 1393 1730 quibus
1438 1659 1594 1716 solite
1630 1660 1885 1718 nundinum

292 1762 624 1810 exercentur
656 1752 684 1792 δ
715 1761 858 1812 tecto
885 1752 1156 1817 carentia,
1184 1750 1285 1806 soli
1312 1758 1369 1808 et
1395 1751 1532 1807 caelo
1563 1751 1804 1822 patentia
1831 1762 1882 1819 ο,

1563 418 1936 488 ωυιαυιυε
1976 417 2395 480 ιωωιοευε.

295 561 474 630 legem
494 566 660 626 quam
683 562 855 622 usque
873 547 944 608 ad
963 545 1137 620 ipsum
1166 553 1380 616 tempus
1409 541 1733 619 ignorabant
1754 555 1880 598 eon-
1909 540 1963 602 Λ
1987 535 2152 630 stitit,
2181 533 2428 630 nihilque
2460 534 2646 630 legere
2679 534 2772 594 vel
2817 547 3073 630 seruere
3100 535 3310 630 nequit.
3356 534 3576 600 Ferrum
3684 553 3692 560 -

3463 421 3574 488 ιω

1986 627 2151 684 etiam
2177 627 2232 684 in
2259 626 2592 694 comestione,
2623 642 2732 684 non
2766 627 3012 686 triticum
3057 625 3190 702 legit
3213 644 3230 686 ξ
3253 643 3423 688 vacua
3453 638 3570 691 tota

1985 721 2302 792 praedicans,
2341 729 2398 780 et
2419 735 2486 780 ex
2511 717 2786 792 religionis
2815 719 3088 782 soliditate
3113 719 3247 780 nihil
3281 719 3567 788 habentia,

1986 814 2084 872 sed
2108 813 2283 876 solum
2313 813 2556 879 insaniae,
2585 823 2640 871 et
2661 814 2900 885 perﬁdiae
2921 813 3128 872 erroris
3149 813 3365 871 vestita.
3386 813 3494 871 Sed
3514 821 3573 870 et

1987 909 2170 968 fenum
2203 907 2346 979 quod
2379 905 2646 972 comedet,
2679 914 2904 979 possunt
2931 906 3088 964 vacui
3124 906 3423 980 intelligere
3473 905 3582 963 hou-

1986 999 2186 1064 mines.
2227 1015 2260 1056 a
2302 999 2440 1072 lege,
2475 997 2620 1071 quod
2648 995 2665 1054 i.
2711 999 2942 1069 decepit.
2995 998 3276 1069 Siquidem
3329 997 3575 1056 universi

1986 1087 2259 1161 gentilicio
2305 1103 2484 1156 emno,
2537 1098 2592 1146 et
2632 1088 2894 1146 idolatria:
2949 1089 3113 1155 malo,
3155 1097 3312 1147 erant
3358 1088 3570 1159 infecti,

1986 1198 2123 1258 quos
2166 1197 2365 1246 vacuos
2409 1181 2690 1243 inveniens
2724 1183 3026 1248 devoravit,
3067 1191 3123 1238 et
3171 1183 3275 1240 sibi
3312 1192 3576 1255 perpetuo

1985 1275 2203 1332 vinculo
2261 1274 2570 1347 conligavit.
2619 1273 3017 1334 Fortitudinem
3067 1274 3125 1329 in
3185 1273 3398 1341 lumbis,
3427 1284 3475 1330 et
3515 1276 3575 1331 in

1985 1366 2230 1422 umbilico
2261 1366 2564 1436 possidens,
2620 1376 2678 1424 ut
2707 1367 2958 1438 superius
3000 1366 3112 1426 sole
3139 1366 3340 1424 clarius
3391 1377 3574 1426 textus

1987 1462 2342 1534 expositionis
2390 1462 2625 1518 edocuit.
2681 1459 2792 1520 Has
2838 1477 3055 1534 quoque
3107 1463 3358 1534 regiones
3409 1477 3574 1533 quam

1987 1556 2228 1614 maxime
2254 1556 2308 1610 in
2342 1565 2570 1627 utroque
2599 1569 2754 1620 sexu,
2788 1554 2999 1614 luxuria
3019 1565 3078 1610 et
3117 1555 3286 1612 libido
3335 1570 3578 1628 praeceps

1985 1651 2205 1708 retinet.
2232 1650 2474 1718 Quarum
2504 1650 2531 1692 ιι
2559 1649 2910 1706 seminarium
2940 1649 3244 1715 licentiose,
3273 1658 3331 1706 et
3351 1664 3486 1721 vaga
3513 1647 3578 1704 li-

1986 1743 2216 1810 bertate,
2245 1742 2380 1814 legis
2408 1742 2740 1799 auctoritate
2780 1742 3116 1810 distendens,
3151 1742 3361 1800 auctori
3391 1758 3450 1799 se
3478 1758 3578 1814 puo

291 1849 540 1918 pretiosa
569 1847 796 1919 pecunia
827 1844 1129 1911 venditant,
1161 1847 1236 1900 ita
1264 1855 1322 1901 ut
1345 1845 1523 1902 nullus
1549 1846 1726 1902 audax
1748 1861 1882 1918 prte-

1990 1838 2125 1894 tavit
2151 1837 2397 1910 potentia
2435 1836 2668 1904 dilatari,
2700 1849 2757 1894 et
2787 1838 3235 1909 propagationum
3265 1836 3586 1893 traducibus

292 1949 564 2011 sumptor,
616 1939 720 1994 nisi
762 1939 937 2009 pretio
982 1937 1158 1994 soluto
1185 1936 1212 1977 ἀ
1253 1936 1562 1996 sessionem
1609 1916 1886 1996 mercandi
1912 1916 2282 1991 Bnutnerose
2332 1942 2528 1992 nactus
2572 1941 2657 1992 est
2707 1933 2962 1992 sarculum
3018 1933 3286 1990 obtinere.
3343 1931 3584 1986 Caudans

290 2047 418 2102 quae
439 2032 656 2104 propria
678 2032 974 2088 necessitas
1005 2031 1206 2104 exegit,
1237 2045 1567 2101 quocunque
1585 2045 1714 2088 casu
1744 2047 1887 2102 prm-

291 2136 499 2182 sumat.
529 2127 653 2182 Haec
675 2127 856 2184 omnia
880 2127 994 2198 ipse
1019 2142 1189 2182 cornu
1233 2125 1578 2182 undecimum
1606 2137 1628 2165 ο
1655 2125 1890 2197 ingentia

292 2217 512 2280 loquens
535 2217 697 2291 (Dan.
721 2234 818 2284 vn,
841 2217 895 2290 8)
935 2218 1190 2284 instituit,
1231 2217 1379 2289 quod
1411 2233 1479 2274 ex
1502 2217 1646 2274 tribu
1673 2217 1890 2274 modica

292 2325 548 2383 surgens,
569 2319 624 2365 et
644 2325 749 2366 non
779 2319 1068 2381 potestate,
1101 2309 1195 2366 sed
1225 2309 1368 2377 dolo,
1405 2318 1460 2366 et
1488 2310 1643 2381 quasi
1668 2309 1890 2366 aemula-

294 2405 446 2460 tione
473 2404 605 2476 legis
630 2405 898 2469 ,auctiori
922 2403 1120 2462 virtute
1163 2417 1436 2468 crescens,
1481 2417 1708 2474 regnum
1748 2415 1888 2472 pau-

292 2492 450 2550 latim
488 2493 704 2558 invasit,
735 2482 1062 2562 brachiaque
1089 2492 1480 2557 Romanorum,
1535 2492 1594 2548 id
1634 2501 1719 2550 est
1745 2506 1888 2564 pra-

295 2585 439 2642 sidia
478 2584 675 2642 Eraclii
709 2585 1080 2656 imperatoris,
1103 2585 1158 2640 in
1179 2584 1500 2655 quibusdam
1535 2584 1669 2641 locis
1693 2585 1890 2656 perdo-

293 2677 457 2732 muit.
483 2675 608 2734 Ideo
639 2690 707 2732 ex
735 2684 888 2746 parte
917 2676 968 2731 ei
1007 2675 1185 2732 omnis
1226 2677 1342 2732 haec
1366 2677 1627 2747 competit
1651 2677 1887 2747 prophe-

295 2771 375 2828 tia
401 2787 413 2825 :
444 2769 500 2825 in
533 2785 642 2840 qua
668 2770 736 2826 de
761 2769 974 2826 modico
999 2769 1196 2840 populo
1221 2769 1437 2839 prodire
1461 2769 1660 2828 dicitur
1688 2768 1884 2825 bestia.

294 2862 458 2924 Unde
489 2864 542 2920 in
567 2881 734 2922 cornu
761 2863 951 2920 bestia:
975 2865 1127 2936 quasi
1153 2861 1333 2919 oculos
1357 2863 1590 2918 homian
1635 2862 1891 2919 dicuntur

294 2955 423 3016 visi.
455 2955 600 3025 Quid
622 2957 768 3012 enim
797 2971 896 3027 per
917 2955 1122 3022 oculos,
1169 2971 1268 3026 per
1292 2969 1431 3024 quos
1450 2953 1701 3023 dirigitur
1724 2953 1886 3018 visio,

295 3049 413 3106 nisi
438 3050 526 3107 lex
575 3051 662 3105 illa
716 3051 979 3122 signatur,
1010 3065 1173 3120 quam
1203 3048 1464 3105 instinctu
1502 3046 1890 3104 doroniornm

295 3145 534 3214 perditis
556 3144 770 3201 occulto
802 3145 896 3200 Dei
919 3143 1124 3213 judicio
1141 3141 1377 3198 detulit?
1400 3138 1728 3210 Promptum
1749 3139 1889 3194 enim

299 3235 516 3292 Domini
561 3238 818 3305 lucidum,
853 3237 1176 3292 inluminans
1232 3235 1410 3290 oculos
1453 3232 1626 3307 (Prol.
1658 3248 1778 3299 vnn,
1805 3231 1884 3302 9).

299 3326 412 3384 Sed
449 3327 574 3398 quia
598 3345 705 3384 non
752 3329 806 3383 in
837 3328 1047 3385 decimo
1078 3342 1322 3393 numero,
1371 3327 1468 3384 sed
1515 3327 1572 3382 in
1597 3324 1888 3382 undecimo

297 3419 547 3485 revelati,
584 3431 640 3478 et
665 3436 772 3476 on
803 3420 964 3484 oculi,
988 3421 1084 3476 sed
1110 3421 1262 3490 quasi
1310 3419 1448 3478 oculi
1475 3427 1604 3475 sunt
1621 3415 1888 3482 tle-ntali,

296 3511 425 3567 ideo
448 3527 554 3567 non
581 3511 668 3568 lex
701 3511 929 3568 dicenda
957 3521 1042 3568 est
1067 3511 1310 3583 proprie,
1350 3510 1444 3566 sed
1471 3510 1628 3581 quasi
1649 3509 1735 3564 les
1764 3523 1889 3564 cre-

294 3607 477 3664 denda
498 3617 582 3664 est
618 3615 896 3679 usurpata.
943 3607 1024 3662 Ac
1061 3622 1158 3678 per
1209 3607 1313 3662 hoc
1358 3604 1668 3660 adversaria
1720 3612 1892 3659 testa-

293 3700 504 3756 mentis
539 3699 740 3756 divinis
778 3699 1016 3755 veridice
1059 3697 1480 3770 comprobanda.
1532 3695 1659 3752 Haec
1684 3703 1768 3750 est
1795 3694 1890 3750 illa

293 3788 502 3847 locutio
556 3802 746 3848 contra
798 3791 968 3847 Deum
1015 3790 1252 3862 ingentia
1285 3806 1300 3843 :
1334 3790 1451 3844 haec
1494 3795 1580 3844 est
1627 3785 1892 3842 fortitudo

295 3899 491 3941 contra
516 3883 854 3940 Altissimum
901 3883 1146 3950 elevata;
1180 3883 1296 3939 hee
1327 3889 1412 3938 est
1454 3879 1736 3948 stellarum
1761 3877 1888 3935 eali

297 3977 393 4034 illa
429 3979 799 4050 praesumptio,
840 3977 1038 4049 partim
1082 3977 1217 4046 pede
1261 3973 1506 4032 victoriae.
1547 3971 1886 4030 conculcata.

295 4070 470 4128 Multa
500 4079 764 4142 prmtereo
785 4070 910 4141 quia
939 4067 1164 4124 multum
1187 4065 1405 4122 festino.

365 4164 460 4221 26.
518 4165 601 4220 Ad
660 4163 1036 4220 beatissimum
1081 4161 1182 4219 Job
1227 4161 1532 4227 veniamus,
1584 4159 1892 4230 raptimque

291 4259 596 4331 potentiam
644 4258 966 4324 Bebemotb,
1015 4271 1082 4312 ex
1136 4256 1255 4328 ejus
1299 4255 1481 4312 verbis
1529 4252 1890 4310 sanctissimis

291 4352 420 4422 μοι
472 4368 565 4417 ιι,
590 4350 660 4406 10
701 4359 750 4405 st
799 4347 964 4421 seqq.)
995 4363 1350 4419 exponamus.
1405 4347 1508 4414 Qui
1541 4361 1664 4402 eum
1700 4353 1762 4400 ut
1793 4359 1888 4399 ve-

291 4456 698 4514 sperum-super
720 4439 860 4495 ﬁlios
883 4449 1040 4495 terra:
1057 4451 1386 4509 consurgere
1406 4436 1565 4502 dixit,
1605 4444 1889 4505 totumque

291 4532 476 4590 lumen
505 4532 622 4601 ejus
653 4530 919 4588 luntosum
947 4540 1239 4586 nocturnas
1271 4527 1523 4585 tenebras
1544 4528 1884 4599 praeedens,

291 4627 538 4682 omnium
568 4626 734 4681 corda
779 4623 1100 4695 oaliginibus
1148 4622 1429 4678 involvens
1458 4620 1505 4688 ί,
1553 4629 1746 4691 aperto
1787 4634 1886 4675 ore

1908 4669 1963 4732 D

1989 2044 2145 2086 suam
2198 2027 2332 2082 sicut
2386 2027 2577 2083 cedrus
2629 2027 2863 2094 strinxit,
2904 2027 3032 2084 dum
3089 2023 3414 2096 sequipedas
3458 2023 3588 2082 ﬁdei.

1990 2139 2110 2182 sua
2130 2125 2422 2182 severitate
2443 2125 2600 2196 legis,
2639 2131 2694 2180 et
2721 2123 3002 2180 diabolicis
3032 2121 3254 2193 regulis,
3291 2121 3352 2176 in
3393 2118 3582 2176 futuro

1989 2218 2292 2290 praevidens
2317 2217 2586 2276 solidavit.
2615 2217 2790 2286 Quam
2840 2216 3068 2272 calidam
3109 2229 3208 2272 nos
3237 2213 3447 2285 experti
3491 2228 3584 2269 su—

1991 2325 2134 2376 mus,
2166 2310 2260 2381 qui
2304 2310 2362 2367 in
2393 2310 2691 2368 novissimo
2740 2317 2982 2380 tempore
3023 2305 3306 2362 constituti
3352 2303 3584 2360 atrocis-

1990 2421 2112 2462 rem
2134 2405 2565 2477 persecutionem
2617 2402 2786 2474 ipsius
2833 2401 3022 2459 bestite
3069 2401 3422 2457 sustinemus.
3463 2397 3586 2468 Ipso

1989 2507 2076 2555 est
2105 2498 2248 2554 enim
2272 2497 2364 2554 ille
2389 2515 2403 2552 :
2434 2495 2548 2551 Rea:
2574 2493 2849 2566 impudens
2869 2493 3257 2558 libidinibus,et
3280 2489 3578 2554 adulteriis,

1991 2591 2148 2662 facie,
2175 2603 2230 2646 ss
2273 2589 2568 2660 intelligam
2595 2586 3012 2658 propositionum
3034 2586 3340 2656 iniquarum
3377 2581 3584 2652 prtuli-

1990 2684 2080 2752 σία
2105 2681 2266 2754 (Dan.
2292 2695 2412 2746 VIII,
2439 2679 2555 2751 ss).

2060 2775 2152 2830 37.
2190 2773 2393 2830 Nervas
2415 2773 2612 2828 habens
2637 2768 2996 2827 testiculorum
3033 2767 3329 2841 perplexas,
3356 2765 3585 2824 libidini-

1991 2871 2094 2925 bus
2113 2867 2368 2940 proﬂuas,
2393 2873 2449 2921 et
2478 2864 2871 2939 germinatione
2896 2873 3136 2928 saturos,
3152 2878 3247 2918 seu
3265 2861 3586 2934 praedicabo

1992 2976 2082 3019 res
2107 2972 2294 3018 contra
2325 2961 2721 3016 humanitatem
2751 2956 2866 3023 Dei,
2907 2967 2963 3013 et
2992 2956 3210 3013 Domini
3237 2956 3414 3012 nostri
3449 2969 3585 3012 acl-

1992 3055 2154 3112 minis
2189 3053 2486 3110 assertione
2516 3053 2789 3109 robustos.
2841 3048 2979 3106 Ossa
3016 3050 3132 3121 ejus
3183 3049 3338 3121 quasi
3386 3045 3584 3118 ﬁstula

1993 3149 2136 3214 teris,
2193 3162 2384 3204 omnes
2423 3145 2630 3202 robusti
2665 3144 2833 3210 illius,
2875 3141 3252 3199 insensibilem
3290 3139 3583 3202 reddente.

1995 3243 2190 3316 lingua:
2217 3241 2449 3296 arabicm
2474 3238 2814 3312 plausibilem
2841 3251 3057 3294 sonum.
3090 3234 3362 3292 Nimirum
3381 3241 3438 3289 ut
3455 3234 3584 3291 bes-

1992 3344 2082 3391 tus
2105 3334 2404 3407 Gregorius
2419 3333 2498 3389 ait
2525 3349 2540 3388 :
2566 3331 2714 3388 More
2753 3329 2966 3388 metalli.
2990 3326 3359 3386 insensibilein
3387 3341 3582 3386 sonum

1991 3429 2132 3484 bene
2166 3426 2422 3498 loquendi
2462 3425 2684 3491 habent,
2740 3423 2836 3480 sed
2883 3437 3104 3478 sensum
3146 3419 3283 3477 bene
3322 3415 3580 3489 loquendi

1991 3536 2100 3578 non
2129 3520 2350 3577 habent.
2370 3519 2642 3591 Cortilogo
2672 3518 2788 3588 ejus
2814 3516 2969 3589 quasi
2996 3514 3199 3569 lamina
3225 3513 3378 3583 ferri.
3401 3511 3583 3568 Curti-

1991 3615 2114 3686 lago
2148 3626 2386 3682 namque
2415 3611 2532 3666 ossi
2572 3611 2734 3665 habet
2761 3607 3022 3679 speciem,
3078 3605 3176 3662 sed
3209 3614 3427 3660 artuum
3471 3615 3584 3658 non

1992 3708 2192 3764 retinet
2239 3705 2604 3768 ﬁrmitatem;
2646 3717 2714 3758 eo
2754 3701 2920 3756 modo
2963 3707 3021 3755 et
3059 3697 3224 3768 hujus
3255 3694 3584 3768 iniquissimi

1992 3798 2148 3856 ducis
2175 3796 2409 3852 ministri
2434 3794 2652 3866 pietatis
2687 3792 2868 3862 specie
2903 3790 3044 3846 facie
3091 3797 3248 3844 tenus
3290 3785 3584 3844 ostendunt

1989 3890 2237 3964 perditis,
2260 3887 2354 3944 sed
2376 3894 2565 3944 carent
2591 3884 2770 3940 fructu
2796 3882 3039 3953 ejusdem
3055 3881 3378 3938 castissimae
3399 3879 3578 3950 pieta-

1993 3985 2082 4051 tis,
2115 3982 2544 4056 hypocritarum,
2596 3994 2704 4034 non
2744 3987 3054 4034 sanctorum
3107 3975 3386 4030 imitantes
3425 3971 3580 4043 vigo-

1990 4091 2107 4133 rem
2143 4089 2160 4130 :
2201 4075 2295 4131 sed
2347 4081 2714 4136 versutorum,
2779 4085 2886 4125 non
2929 4067 3214 4125 humilium
3249 4063 3582 4121 sinceritatis

1990 4167 2308 4224 stimulantes
2357 4165 2649 4230 virtutem;
2725 4161 3074 4218 simulatores
3128 4169 3184 4216 et
3237 4158 3437 4224 callidi,
3485 4155 3580 4228 qui

1992 4260 2128 4315 iram
2167 4272 2381 4329 semper
2402 4265 2702 4328 provocant
2728 4253 2961 4310 Domini.
2999 4253 3128 4308 Post
3148 4267 3380 4322 quorum
3413 4262 3579 4320 expo-

1991 4355 2126 4410 sitos
2174 4351 2328 4408 dolus
2355 4350 2736 4422 inspiratorem
2761 4347 2910 4404 verbi
2937 4345 3120 4417 gladio
3141 4345 3290 4401 ierit.
3330 4344 3452 4416 Ipse
3475 4351 3576 4411 est,

1990 4445 2086 4511 ait,
2117 4444 2432 4516 principium
2456 4443 2660 4497 uiarum
2681 4440 2798 4496 Dei.
2829 4439 2908 4495 Ac
2936 4439 2982 4494 si
3019 4439 3244 4502 diceret,
3277 4436 3482 4490 Idcirco
3509 4432 3577 4490 ad

1992 4548 2106 4596 tam
2147 4537 2520 4608 multipliciter
2567 4549 2761 4606 magna
2821 4543 2880 4589 et
2952 4531 3160 4600 majora
3219 4527 3576 4597 multiplicata

1991 4634 2156 4688 homo
2186 4629 2559 4701 iniquissimus
2578 4625 2791 4691 sullicit,
2819 4625 2946 4695 quia
2975 4624 3273 4694 inspiratur
3294 4619 3412 4689 ejus
3454 4619 3572 4674 dia-

291 4721 571 4778 revclante
620 4720 724 4775 sibi
770 4719 952 4775 divino
991 4717 1185 4789 spiritu
1235 4716 1482 4788 sequenti
1532 4713 1728 4771 steculo
1785 4713 1881 4767 de-

1990 4725 2146 4782 bolus
2171 4725 2222 4778 in
2241 4732 2432 4778 natura
2463 4736 2642 4776 rerum
2668 4719 2820 4790 prior
2845 4716 3145 4773 substantia
3195 4713 3444 4770 conditus
3475 4727 3572 4768 ex-

289 4811 638 4874 monstravit.
666 4809 724 4865 In
755 4825 984 4882 quorum
1032 4811 1322 4866 verborum
1370 4809 1637 4879 principio
1684 4819 1888 4861 nomen

291 4905 430 4962 satis
457 4905 726 4961 concinne
752 4903 1079 4958 videndum:
1132 4910 1187 4956 et
1215 4916 1285 4956 ex
1329 4898 1614 4965 vocabulo,
1653 4912 1884 4969 operum

288 4997 561 5055 stolidi‘tas
621 5005 704 5053 est
762 4995 1104 5067 enponenda.
1171 4993 1379 5048 Dicitur
1454 5006 1690 5062 namque
1763 4989 1883 5044 ani-

289 5091 401 5147 mal
435 5110 452 5146 :
500 5106 627 5147 nam
676 5091 700 5131 3
730 5087 1012 5144 ΒεΙιεηιοιΙι
1040 5102 1106 5143 ex
1132 5085 1378 5151 ﬂebrmo,
1409 5085 1463 5139 in
1493 5082 1740 5138 Latinum
1766 5081 1884 5136 ani-

289 5184 400 5239 mal
425 5193 601 5240 sonat.
630 5181 830 5254 Aperte
853 5181 995 5236 haud
1023 5181 1051 5221 ιι
1079 5179 1320 5244 dubium,
1347 5177 1493 5248 quod
1513 5176 1632 5246 ejus
1654 5173 1882 5230 stultitia

284 5291 388 5348 per
407 5276 510 5332 hoc
531 5289 727 5330 nomen
768 5272 1094 5344 divulgatur.
1137 5269 1414 5340 Siquidem
1447 5269 1503 5324 in
1522 5268 1757 5324 litterisi
1788 5281 1882 5323 ex-

366 5490 395 5520 ε
416 5477 552 5533 Vide
582 5490 745 5548 supra
771 5477 966 5532 eadem
982 5475 1146 5531 verba
1168 5483 1484 5546 praenotata,

363 5548 393 5589 ιι
415 5549 540 5621 bis,
565 5564 793 5621 quam...
823 5549 878 5603 in
903 5564 1074 5619 qua...
1109 5548 1372 5602 nundinas
1399 5555 1685 5602 exercetur.

364 5631 389 5692 ς
422 5619 546 5692 bis,
576 5619 829 5692 potentia.

360 5688 390 5732 τι
419 5690 546 5755 119.,
570 5688 794 5760 pretioso
846 5689 978 5756 luto,
1003 5691 1195 5756 sancio,
1226 5691 1364 5746 idem
1390 5705 1451 5746 ac
1473 5691 1759 5747 sententia.
1790 5690 1865 5747 Ex

1989 4818 2145 4875 stitit.
2181 4815 2288 4872 Sed
2325 4814 2760 4886 sapientissimus
2812 4811 3089 4876 Conditor,
3138 4810 3229 4880 qui
3277 4821 3403 4863 eum
3456 4806 3572 4877 pri-

1987 4925 2133 4967 mum
2160 4918 2532 4963 creaturarum
2570 4905 2812 4962 omnium
2843 4903 2991 4969 fecit,
3015 4902 3161 4972 justo
3192 4900 3426 4974 gladium
3459 4896 3574 4968 ejus

1987 5005 2040 5060 in
2072 5002 2392 5075 quibusdam
2423 5000 2663 5074 plicavit,
2703 5015 2826 5056 cum
2875 5013 2998 5055 eum
3049 4996 3240 5053 saevire
3273 4995 3327 5051 in
3370 4993 3574 5050 electos

1986 5108 2244 5172 quantum
2273 5098 2387 5169 ejus
2415 5097 2661 5153 voluntas
2688 5094 2929 5166 maligna
2949 5092 3211 5165 suggerit,
3245 5103 3350 5145 non
3367 5086 3572 5160 permi-

1985 5193 2076 5247 sit.
2113 5187 2254 5245 Huic
2281 5199 2481 5244 montes
2505 5188 2690 5243 herbas
2730 5186 2926 5257 ferunt.
2973 5181 3118 5239 Elati
3169 5179 3421 5237 videlicet
3471 5191 3572 5234 areo

1983 5285 2106 5351 culi,
2139 5295 2194 5341 et
2241 5283 2452 5357 tyranni
2475 5279 2782 5347 saevissimi,
2814 5277 3187 5348 iniquissimas
3225 5275 3275 5332 ei
3329 5271 3569 5332 offerunt

2055 5479 2076 5519 τ
2104 5479 2228 5551 51s.,
2248 5473 2928 5551 pracedgnle._._involvente.

2053 5553 2080 5590 ⁸
2104 5539 2228 5616 Ms.,
2248 5539 2418 5606 'llam.
2445 5549 2537 5606 Sic
2554 5547 2682 5604 alibi
2708 5561 2815 5603 non
2838 5542 3004 5603 semel
3026 5541 3090 5598 ll.
3117 5556 3220 5616 pro
3245 5539 3310 5596 Di.

2053 5623 2079 5662 h

2059 5623 2079 5662 ιι

2059 5697 2075 5736 i
2107 5621 2468 5758 illisillis,
2510 5690 2561 5747 id
2583 5698 2686 5755 est,
2710 5689 3020 5747 illitteratus
3041 5701 3058 5743 :
3076 5686 3220 5744 infra
3240 5685 3386 5743 mins
3409 5683 3562 5739 ltum.

324 5760 456 5818 loss.
484 5761 815 5817 lsidorianis.
848 5761 948 5817 Hic
969 5772 1148 5818 autem
1178 5762 1444 5818 licentiam
1464 5761 1678 5820 videtur
1711 5763 1879 5842 signi“
1979 5765 2275 5842 28-dicitur
2295 5763 2610 5842 sineliueris
2642 5772 2802 5819 ortus.

331 5848 546 5975 Cirin,
566 5901 782 5961 Come
1200 5903 1309 5978 qui.

2056 5834 2071 5906 ᾗ
2112 5835 2175 5906 Ε.
2199 5852 2324 5906 (μιᾳ,
2347 5835 2432 5890 vel
2466 5850 2613 5906 quos.

2053 5903 2084 5948 ιι
2116 5903 2238 5974 Μεζ,
2270 5903 2551 5974 Quartum.
