4034 6350
467 408 484 428 ⁵
509 409 619 466 545

1721 402 1978 460 ALVARI
2017 399 2493 459 CORDUBENSIS
3643 415 3727 472 5M

507 524 812 596 voluptates
841 536 867 565 α
897 531 956 579 et
982 523 1033 579 ei
1062 531 1208 579 certe
1236 523 1531 590 daemones,
1579 523 1672 593 qui
1719 523 1989 580 tenebrosi
2030 523 2086 578 in
2115 525 2165 586 Α
2191 518 2391 575 sterilis
2437 535 2546 575 non
2591 529 2674 576 est
2718 522 2774 576 in
2818 523 3264 578 eis.'Absorvebit
3299 525 3533 593 ﬂuvium,
3575 539 3614 582 et
3645 547 3730 588 non

510 617 808 688 Scripturis
835 624 1048 672 montes
1083 625 1362 682 vocantur,
1403 631 1494 672 seu
1516 616 1791 688 principes
1814 624 1996 681 terrae,
2032 626 2090 672 et

508 708 833 780 philosophi,
865 708 957 778 qui
990 707 1040 762 ei
1070 707 1370 777 exquisitos
1393 707 1564 776 dolos,
1604 708 1954 779 excultosque
1995 709 2089 765 do-

507 801 804 856 ctrinarum
833 800 1194 866 {diversarum
1252 801 1536 872 porrigunt
1584 801 1853 858 mendacii
1916 803 2084 859 cibos.

510 892 705 947 Omnes
735 892 908 946 bestiw
930 893 1046 963 agri
1070 890 1250 947 ludent
1279 892 1370 960 ibi,
1415 893 1503 949 vel
1550 894 1606 950 in
1655 895 1820 950 corde
1875 895 2089 965 impiis-

509 985 633 1039 simi
661 986 951 1051 daemones,
980 984 1068 1041 vel
1089 986 1142 1041 in
1165 985 1282 1058 lege
1305 987 1474 1057 ipsius
1503 988 1795 1043 multarmn
1820 988 2092 1044 btet-esum

509 1074 801 1140 novitates,
833 1089 900 1129 ex
948 1074 1145 1145 quibus
1173 1077 1336 1132 sectis
1382 1092 1649 1133 venenum
1694 1088 1943 1134 sucatum
1995 1094 2093 1134 ore

507 1165 692 1235 patulo
739 1182 996 1238 suggens,
1036 1167 1429 1224 confectionem
1475 1185 1643 1240 opere
1689 1185 1747 1226 se
1779 1170 1808 1210 ι)
1843 1169 2093 1227 inﬁciens

508 1256 746 1312 eufrasia
803 1273 900 1312 sua
967 1259 1188 1315 milleno
1241 1268 1512 1315 sectarum
1574 1261 1686 1316 ritu
1749 1261 1989 1316 confecit
2039 1273 2091 1328 ο,

508 1363 671 1419 quam
703 1364 772 1404 ex
819 1349 1218 1417 haereticorum,
1250 1349 1712 1422 philosophorum,
1763 1349 2094 1407 Iudaeorum-

508 1441 614 1514 q'ue
644 1443 908 1498 doctrinis
940 1457 1270 1514 componens
1296 1445 1526 1502 diversis
1554 1445 1802 1517 gentibus
1827 1445 2008 1501 colore
2032 1443 2094 1499 ﬁ-

509 1535 592 1591 dei
625 1541 768 1590 tecta
813 1536 1050 1602 vestivit,
1094 1536 1412 1607 cunctisque
1462 1537 1671 1593 levibus
1702 1537 2035 1607 pastinatum
2063 1535 2091 1574 ἀ

509 1628 823 1698 operculum
849 1629 1178 1699 propinavit.
1206 1627 1316 1685 Sub
1332 1629 1519 1684 umbra
1555 1630 1746 1684 dormit
1801 1630 1987 1700 utique
2015 1637 2096 1684 te-

512 1720 805 1776 nebrarum
829 1730 884 1776 et
909 1721 1120 1787 mortis,
1150 1736 1245 1776 seu
1290 1721 1580 1793 caliginum
1603 1732 1658 1778 et
1684 1722 1906 1789 erroris,
1932 1737 2033 1778 nec
2064 1737 2094 1776 a

513 1812 750 1881 Christo,
788 1815 880 1884 qui
917 1829 1081 1870 verus
1102 1824 1158 1871 et
1180 1823 1418 1871 aeternus
1441 1815 1523 1872 sol
1550 1815 1813 1882 creditur,
1839 1815 1924 1872 vel
1949 1814 2097 1870 tenui

2189 610 2468 665 mirabitur
2499 629 2514 666 :
2550 611 2943 668 Multitudinem
2992 613 3243 670 videlicet
3277 619 3514 686 gentium
3558 623 3732 696 absque

2191 701 2321 773 legis
2349 703 2561 771 notitia,
2586 719 2744 774 quem
2774 707 3032 762 radicitus
3053 708 3353 776 devoravit,
3384 721 3431 764 et
3450 712 3590 768 habet
3623 717 3735 784 [ids-

2191 793 2328 849 ciam
2371 797 2511 866 quod
2551 799 2738 866 inﬂuat
2773 798 3026 854 Iordanis
3071 802 3128 855 in
3167 818 3224 856 os
3274 803 3410 872 ejus,
3457 819 3546 860 eos
3571 819 3735 878 putans

2191 885 2356 940 etiam
2403 887 2622 956 vipereo
2668 888 2790 943 dolo
2844 905 3163 947 consumere
3222 908 3361 962 quos
3443 897 3578 951 unda
3621 905 3736 958 sacri

2191 976 2531 1048 baptismatis
2571 981 2738 1048 lavit,
2768 991 2823 1038 et
2849 984 2990 1055 regis
3018 985 3308 1041 character
3346 986 3553 1058 signum
3591 995 3736 1049 crucis

2194 1069 2414 1127 Christo
2444 1073 2554 1128 Deo
2580 1083 2768 1130 nostro
2789 1084 2844 1130 et
2870 1077 2982 1145 regi
3011 1077 3235 1132 dicavit.

2265 1166 2508 1226 28.41am
2553 1187 2616 1228 ea
2664 1189 2785 1244 quae
2833 1187 3134 1247 sequuntur
3164 1179 3191 1219 ιε
3235 1180 3529 1238 habitatori
3568 1189 3737 1242 vasculi

2195 1266 2542 1321 contumeliae
2595 1279 2868 1338 perpetuae
2914 1284 3220 1342 praeparato
3275 1276 3449 1345 magis
3489 1279 3738 1348 pertinent,

2195 1372 2358 1427 quant
2387 1357 2706 1416 Biothenato
2742 1362 2947 1418 homini
2990 1365 3114 1431 illo,
3139 1367 3231 1435 qui
3264 1383 3447 1423 escam
3484 1370 3680 1437 videns,
3701 1386 3743 1428 et

2197 1449 2420 1505 hamum
2477 1451 2768 1522 ignorans,
2827 1471 3065 1511 morsum
3115 1458 3291 1529 ﬁgens
3347 1462 3625 1518 transﬁxus
3661 1476 3742 1530 est,

2196 1547 2407 1609 utpote
2437 1541 2530 1611 qui
2580 1543 2938 1614 inreptioncm
2992 1547 3179 1603 Zabuli
3233 1551 3494 1615 sentiens,
3537 1555 3744 1623 angelum

2198 1633 2334 1688 lucis
2363 1633 2551 1688 leviter
2581 1635 2830 1702 credidit,
2861 1646 3163 1707 captusque
3190 1657 3304 1696 non
3343 1644 3584 1699 nesciens
3615 1645 3700 1701 fuit
3731 1665 3742 1698 :

2198 1720 2270 1776 Et
2321 1722 2611 1792 perforabit
2663 1724 2882 1778 sudibus
2923 1743 3076 1782 nares
3123 1729 3260 1800 ejus.
3308 1729 3414 1785 Per
3455 1747 3604 1788 nares
3641 1734 3746 1789 odor

2199 1814 2454 1880 trahitur,
2484 1824 2539 1870 et
2564 1831 2653 1871 res
2677 1816 2810 1872 foris
2829 1820 3020 1888 positae
3043 1821 3250 1878 olfactu
3274 1825 3516 1894 protinus
3543 1827 3747 1882 indican-

512 1906 734 1964 luminis
761 1907 916 1963 radio
939 1907 1283 1975 inlustratur,
1311 1909 1368 1963 in
1388 1918 1585 1964 secreto
1611 1909 1828 1974 calami,
1874 1916 1923 1963 et
1947 1908 2004 1962 in
2027 1908 2101 1962 Ιο-
2129 1905 2176 1966 B
2204 1913 2312 1960 tur.
2363 1905 2619 1978 Magister
2661 1924 2792 1965 vero
2825 1921 3011 1968 noster
3054 1923 3111 1970 et
3158 1915 3426 1972 Dominus
3471 1933 3618 1972 nares
3657 1919 3747 1989 ejus

513 1997 588 2052 eis
617 1998 971 2066 humentibus,
1000 1998 1091 2054 ubi
1115 1999 1366 2056 voluntas
1403 2013 1756 2072 grammunea
1805 2010 1831 2038 ο
1854 2040 1871 2065 ,
1918 2007 1974 2054 et
2005 1997 2099 2054 ubi

515 2088 654 2146 licor
690 2090 918 2160 ﬁuidus,
953 2101 1010 2147 et
1041 2106 1205 2147 exosa
1227 2091 1481 2159 ludibria,
1511 2092 1603 2147 ubi
1629 2090 1888 2146 effrenata
1912 2091 2102 2148 barba-

515 2182 644 2249 ries,
675 2190 730 2236 et
768 2182 1118 2238 exsecrabilis
1160 2182 1322 2249 furia,
1373 2192 1429 2238 et
1473 2183 1727 2254 perplexa
1771 2183 2008 2247 luxuria,
2046 2190 2104 2238 et

516 2276 857 2348 propagatio,
886 2277 1202 2333 etinritatio
1223 2284 1308 2333 est
1335 2277 1668 2348 nuptiarum,
1691 2284 1750 2331 et
1794 2275 2099 2342 dissolutio,

516 2377 571 2422 et
597 2370 875 2426 enervatio
906 2368 1024 2424 ﬁuit
1045 2369 1372 2437 animarum,
1421 2378 1480 2424 et
1520 2369 1576 2424 in
1624 2383 1733 2439 quo
1761 2367 1839 2423 illi
1868 2368 2104 2423 densan-

517 2469 604 2514 tur
629 2461 721 2531 qui
749 2459 992 2517 exterius
1014 2468 1277 2532 apparent
1303 2460 1482 2527 nitidi,
1532 2467 1587 2516 et
1625 2459 1955 2515 intrinsecus
1984 2473 2103 2513 me-

518 2549 660 2605 dulla
699 2560 825 2607 sunt
872 2551 1050 2607 vacui.
1101 2548 1390 2621 Protegunt
1434 2550 1635 2605 umbrte
1680 2550 1920 2603 umbram
1966 2549 2100 2619 ejus.

519 2639 721 2699 Om’nes
741 2652 892 2698 certe
924 2643 1097 2713 iniqui
1125 2632 1408 2697 mendacio
1449 2656 1547 2697 suo
1593 2640 1933 2697 mendacium
1960 2637 2106 2693 illius

518 2737 740 2807 proprio
775 2735 1072 2792 defendunt
1098 2735 1378 2804 obsequio.
1405 2733 1560 2790 Sicut
1601 2734 1748 2788 enim
1797 2733 1850 2788 in
1877 2744 2106 2802 corpore

521 2831 765 2900 veritas,
822 2832 898 2888 ita
947 2832 1004 2887 in
1055 2829 1249 2886 umbra
1299 2829 1545 2902 corporis
1599 2827 1826 2883 falsitas.
1903 2826 2107 2882 Omnes

519 2925 690 2992 enim,
751 2933 813 2980 ut
861 2925 992 2989 dixi,
1049 2923 1238 2993 iniqui,
1295 2931 1350 2976 et
1398 2920 1617 2976 saevitiae
1660 2919 1881 2975 ftecibus
1932 2916 2103 2988 pleni,

521 3019 858 3076 mendacium
919 3017 1062 3074 illius
1119 3032 1217 3073 suo
1277 3015 1562 3071 mendacio
1627 3017 1919 3083 protegunt
1975 3027 1989 3064 :
2049 3015 2107 3062 et

523 3115 578 3170 in
631 3130 740 3186 quo
793 3112 885 3170 ille
931 3112 1071 3169 forte
1130 3127 1238 3168 non
1270 3117 1474 3166 attente
1527 3114 1751 3162 curante
1803 3103 1963 3159 debili
2014 3115 2106 3156 ve-

523 3207 685 3278 stigio
709 3206 1055 3273 claudicavit,
1083 3213 1139 3261 et
1159 3219 1218 3260 se
1239 3203 1467 3258 veritate
1489 3200 1665 3254 victus
1685 3195 1974 3252 defendere
1997 3208 2106 3248 non

2203 2012 2371 2067 usque
2398 1998 2559 2054 hodie
2587 1999 2812 2056 sudibus
2849 2001 3030 2070 forat',
3053 2021 3174 2059 cum
3200 2023 3300 2076 per
3328 2017 3623 2062 sanctorum
3644 2025 3746 2078 pru-

2203 2087 2439 2142 dentiam
2487 2103 2678 2145 omnes
2721 2105 2910 2146 eorum
2943 2093 3303 2151 calliditatum
3347 2097 3496 2153 dolos
3545 2107 3746 2153 enervat.

2202 2175 2356 2234 Nunc
2399 2181 2466 2235 ad
2497 2180 2660 2236 alium
2693 2185 3010 2240 vocabulum
3053 2202 3239 2244 sermo
3283 2189 3495 2245 divinus
3539 2199 3747 2259 apostra-

2204 2269 2314 2325 fam
2345 2270 2362 2310 ι
2407 2271 2558 2341 facit,
2591 2285 2648 2331 et
2668 2279 2996 2348 expressiori
3019 2282 3244 2336 nomine
3271 2293 3421 2338 artes
3449 2282 3559 2351 ejus
3585 2293 3632 2338 et
3653 2297 3750 2338 con-

2205 2361 2320 2416 silia
2369 2365 2648 2433 patefacit.
2679 2368 2762 2422 An
2791 2372 3082 2436 extrahere,
3113 2373 3313 2443 inquit,
3345 2386 3484 2444 potes
3508 2374 3749 2429 Letviathan

2204 2453 2397 2508 hamo?
2424 2455 2723 2513 Leviathan
2755 2460 3172 2517 additamentum
3193 2481 3380 2520 eorum
3402 2466 3589 2520 dicitur
3613 2484 3624 2520 :
3647 2483 3749 2536 quo.

2207 2558 2325 2598 rum
2354 2545 2606 2602 videlicet
2628 2549 2734 2603 nisi
2753 2549 3035 2606 hominum
3058 2556 3443 2623 superborum,
3468 2557 3554 2626 qui
3579 2571 3751 2626 semper

2207 2637 2326 2706 plus
2359 2648 2641 2709 appetunt,
2669 2657 2830 2711 quam
2859 2653 3003 2712 sunt,
3043 2646 3266 2701 videri?
3302 2647 3453 2715 Quod
3483 2649 3600 2703 huic
3618 2648 3750 2718 aptis-

2206 2728 2344 2783 sime
2374 2732 2646 2801 congruit,
2696 2735 2787 2802 qui
2840 2736 3152 2792 temeritate
3198 2740 3423 2809 propria
3460 2749 3750 2795 commentus

2206 2831 2291 2878 est
2318 2837 2481 2894 supra
2512 2840 2578 2880 ea
2605 2843 2725 2896 quae
2755 2827 2850 2882 Dei
2877 2844 2972 2884 ore
2995 2840 3150 2886 erant
3175 2832 3384 2899 elicita,
3409 2835 3555 2904 quasi
3582 2833 3673 2887 alia
3689 2833 3750 2888 in-

2199 2913 2351 2984 ferre
2387 2916 2619 2983 novitia;
2653 2919 2744 2987 qui
2775 2921 2970 2975 merito
3001 2926 3278 2995 serpentis
3303 2927 3516 2982 nomine
3537 2925 3749 2995 designa-

2209 3013 2300 3060 tur
2326 3007 2453 3078 quia
2484 3011 2753 3080 serpentis
2783 3026 2936 3067 more
2969 3013 3228 3071 incedens
3257 3027 3506 3072 cunctum
3534 3016 3752 3089 generali-

2210 3104 2310 3162 ter,
2344 3097 2532 3153 orbem
2559 3102 2827 3171 serpendo
2858 3104 3115 3173 replevit;
3145 3109 3242 3176 qui
3275 3110 3436 3165 hamo
3455 3125 3575 3164 vere
3603 3109 3753 3164 divini-

2211 3189 2338 3245 tatis
2367 3197 2498 3247 tunc
2528 3201 2718 3262 captus
2737 3204 2822 3250 est
2845 3236 2858 3261 ,
2889 3198 3104 3266 quando
3127 3215 3332 3271 corpus
3359 3211 3630 3273 appetens,
3653 3216 3752 3254 acu.

524 3265 756 3369 curavit,
794 3301 852 3357 hi
878 3314 1152 3373 proceres,
1183 3306 1242 3353 et
1263 3296 1529 3367 sapientia
1564 3293 1584 3334 τ
1627 3291 1872 3348 saeculari
1912 3288 2110 3345 ﬁoren-
2136 3265 2183 3328 (ἶ
2216 3278 2362 3373 mine
2397 3281 2550 3336 verbi
2603 3285 2896 3341 transﬁxus
2930 3296 3032 3342 est.
3065 3286 3442 3364 Circulumque
3478 3293 3530 3346 iu
3579 3291 3751 3345 naribus

526 3403 637 3459 tes,
686 3409 750 3448 ac
796 3393 1032 3448 versutia
1069 3389 1434 3445 assertionum
1482 3384 1781 3458 pollentes,
1829 3381 2110 3454 ingeniosa

524 3493 673 3550 arte,
721 3493 778 3540 et
821 3483 1036 3540 erudita
1071 3485 1097 3524 Β
1133 3481 1403 3547 falsitate,
1461 3477 1749 3548 exquisitis
1798 3472 2108 3538 sententiis,

523 3584 716 3632 ornate
745 3575 775 3616 ιι
815 3573 1138 3639 defendunt,
1189 3581 1245 3628 et
1283 3571 1425 3627 elate
1465 3575 1830 3640 componunt;
1885 3563 2110 3634 ejusque

524 3669 704 3738 operis
730 3675 1006 3737 patentem
1043 3667 1061 3706 ί
1097 3663 1438 3720 mendacium
1476 3660 1657 3717 fucata
1694 3659 1931 3714 falsitate
1961 3657 2110 3712 colo-

530 3768 654 3815 rant
681 3760 992 3816 verborum.
1017 3757 1123 3813 Sed
1145 3765 1200 3812 ct
1220 3756 1419 3811 umbra:
1451 3763 1677 3824 possunt
1704 3753 1875 3822 accipi
1907 3755 2112 3808 daemo-

526 3867 625 3908 nes
648 3850 764 3916 alii,
788 3851 882 3920 qui
914 3851 1057 3904 hunc
1086 3848 1452 3902 habitatorem
1483 3843 1890 3901 sceleratissimi
1917 3858 2110 3914 corpo-

527 3940 605 3994 ris
653 3937 967 4007 obsequiolo
1011 3935 1226 4006 proprio
1269 3948 1328 3989 se
1366 3941 1650 4006 protegere
1692 3933 1920 4004 ﬁngunt.
1974 3931 2110 3985 Tra-

532 4031 668 4086 dunt
690 4028 704 4080 ἱ
743 4031 887 4084 enim
911 4043 1035 4083 eum
1049 4041 1240 4098 pacem
1258 4026 1401 4082 inter
1421 4026 1644 4096 spiritus
1664 4024 2116 4081 sceleratissimus

530 4138 564 4176 a
589 4135 648 4176 se
667 4118 992 4175 dissidentes
1013 4119 1353 4183 rcformasse,
1381 4127 1438 4175 et
1463 4118 1662 4174 multos
1687 4132 1754 4172 ex
1781 4116 2116 4171 dmmonibus

532 4228 645 4270 suae
673 4212 799 4269 fidei
828 4212 1112 4268 inclinasse
1135 4252 1151 4278 ,
1182 4211 1464 4284 legemque
1489 4227 1644 4266 suam
1681 4210 1787 4264 illis
1823 4209 2114 4264 tenendam

531 4308 847 4364 memoriter
868 4306 1170 4362 tradidisse.
1200 4305 1353 4362 Unde
1385 4311 1441 4359 et
1469 4303 1525 4357 in
1553 4302 1670 4372 lege
1702 4303 1819 4373 ipsa
1841 4300 2114 4367 horribili,

533 4401 844 4472 frequenter
865 4415 932 4455 ex
956 4413 1185 4470 persona
1212 4397 1307 4452 Dei
1331 4395 1664 4451 daemonibus
1692 4393 1778 4448 vel
1805 4392 2116 4449 hominibus

534 4504 712 4546 sermo
768 4487 1173 4560 praedicationis
1227 4484 1515 4549 inducitur,
1575 4491 1632 4538 et
1681 4492 1741 4538 ut
1799 4483 2026 4539 credant
2066 4483 2117 4538 ei

532 4590 850 4653 .requenter
877 4579 1164 4653 ingeritur.
1191 4575 1603 4632 Circumdabunt
1633 4591 1751 4628 eum
1780 4575 1966 4629 salices
2009 4584 2120 4628 tor—
2143 4625 2196 4686 Β

636 4675 668 4686 -.
798 4673 847 4686 .-
885 4671 917 4686 .-
990 4679 1002 4686 .
1037 4670 1050 4683 ο
1098 4669 1155 4686 μγ
1195 4678 1231 4686 -.
1432 4675 1473 4686 _.
1515 4666 1597 4686 ---ε
1648 4665 1789 4686 πη--
1830 4665 2109 4686 ..._,J,______

534 4675 719 4740 rentia,
758 4671 1009 4728 videlicet
1035 4667 1382 4734 infructuosi,
1425 4675 1478 4722 et
1507 4666 1601 4736 qui
1645 4665 1791 4720 ﬂuxu
1829 4665 2113 4720 libidinum

535 4766 900 4830 revirescunt;
955 4764 1118 4835 hujus
1181 4761 1324 4817 enim
1377 4758 1590 4814 arboris
1649 4773 1834 4814 semen
1893 4757 1946 4811 in
1995 4755 2118 4812 cibo

536 4865 808 4926 sumptum
836 4854 1049 4911 steriles
1087 4852 1270 4909 eﬁicit.
1315 4848 1473 4908 Tales
1523 4858 1649 4906 sunt
1677 4849 1914 4905 ministri
1945 4849 2119 4904 hostis

537 4950 814 5013 Ecclesiae,
839 4946 1129 5002 sterilitate
1147 4945 1272 5000 ﬁdei
1289 4944 1448 5012 aridi,
1464 4952 1520 5000 et
1535 4952 1837 4999 sementem
1860 4943 2121 4997 doctrina:

538 5043 750 5114 penitus
774 5048 1082 5106 enecantes,
1106 5055 1136 5095 e
1157 5039 1376 5110 regione
1395 5037 1674 5104 Ecclesiae,
1693 5036 1791 5092 filii
1817 5037 1882 5091 de
1904 5035 2121 5092 lavacro

539 5132 964 5190 conscendentes
1004 5143 1194 5188 omnes
1235 5129 1492 5200 gemellos
1521 5129 1664 5186 fetus
1698 5129 2023 5202 producunt,
2068 5138 2123 5184 et

610 5299 637 5328 ι
670 5285 801 5350 Ms...
823 5284 1132 5340 voluntates.

611 5357 640 5397 δ
665 5357 726 5412 L.
759 5373 990 5426 operose.

611 5438 635 5497 ἐ
674 5427 772 5482 Ms.
785 5469 800 5491 ,
825 5429 1093 5497 conticuit.

609 5496 640 5538 δ
666 5498 730 5554 F.
763 5498 1099 5568 fascinatum.

617 5580 642 5640 ξ
670 5569 756 5640 An
785 5575 1111 5640 gramminett
1141 5571 1172 5628 Ι

617 5637 640 5679 ί
675 5637 802 5704 Ms,
829 5641 1120 5709 sapientia.

616 5710 646 5752 ⁸
682 5709 780 5767 Ms.
792 5751 809 5778 ,
836 5717 1095 5768 cruditate

613 5780 647 5824 ι
683 5779 811 5850 Mm,
829 5797 1038 5843 ornare.

607 5853 645 5920 1
684 5851 751 5910 L.
780 5863 984 5925 pateas.

2213 3371 2447 3443 positum
2473 3381 2644 3439 tenet,
2675 3377 2801 3446 quia
2825 3378 2954 3435 licet
2988 3389 3166 3437 astute
3197 3381 3358 3438 fortia
3387 3384 3582 3455 pulset,
3605 3392 3750 3438 tatnen

2215 3462 2354 3518 infra
2385 3476 2426 3504 ω
2450 3466 2716 3523 circulum
2743 3469 2955 3540 opificis
2982 3474 3175 3529 currit.
3207 3475 3324 3532 Nec
3352 3487 3548 3532 tantum
3577 3485 3750 3532 tentans

2213 3565 2475 3626 quantum
2509 3562 2763 3632 .appetit,
2814 3578 2917 3619 nec
2963 3574 3176 3622 tantum
3229 3579 3493 3639 appetens
3537 3575 3749 3638 quantum

2215 3659 2406 3706 tentet.
2435 3653 2600 3725 Cujus
2623 3662 2678 3709 et
2708 3656 2930 3712 maxilla
2967 3659 3240 3728 perforata
3265 3662 3389 3718 ideo
3419 3662 3629 3725 dicitur,
3654 3659 3749 3728 quia

2213 3743 2530 3816 plerumque
2550 3761 2688 3815 quos
2717 3747 2874 3802 avida
2901 3757 3085 3804 mente
3123 3751 3364 3818 invadit,
3401 3750 3661 3822 potentiori
3685 3762 3752 3801 or-

2217 3835 2493 3902 dinatione
2530 3838 2773 3892 dimittit.
2815 3838 2998 3895 Semel
3041 3843 3242 3913 quippe
3290 3852 3494 3913 raptus,
3520 3842 3651 3896 exire
3672 3853 3753 3894 non

2216 3938 2458 3997 poterat,
2507 3930 2552 3984 si
2599 3946 2704 3986 non
2738 3932 2959 3986 maxilla
2985 3933 3238 3990 draconis
3285 3936 3517 3992 foramen
3556 3935 3751 3991 haberet.

2219 4019 2538 4092 Multiplicat
2586 4025 2653 4077 ad
2682 4025 2850 4079 Deum
2879 4042 3076 4096 preces,
3107 4029 3234 4082 dum
3266 4031 3504 4084 membra
3542 4026 3644 4095 ejus
3681 4036 3754 4094 pro

2217 4125 2284 4166 eo
2316 4115 2608 4170 momentis
2660 4115 2887 4186 singulis
2927 4117 3218 4174 Dominum
3271 4120 3752 4192 interpellant:prc-

2219 4219 2312 4260 ces
2336 4206 2664 4276 accipiendae
2699 4218 2823 4262 sunt
2859 4208 3003 4280 leges
3035 4209 3161 4277 illte,
3202 4227 3342 4281 quas
3370 4211 3598 4266 fabuloso
3622 4209 3711 4260 risu
3733 4212 3753 4238 ³

2218 4299 2513 4354 contexuit.
2560 4299 2627 4354 Et
2669 4302 2904 4372 loquitur
2948 4303 3152 4370 mollia,
3201 4319 3324 4374 quae
3360 4319 3454 4375 per
3483 4318 3571 4358 ora
3604 4311 3754 4354 eorum

2221 4388 2390 4446 multo
2414 4389 2734 4460 eloquentiae
2775 4391 3066 4461 Splendore
3102 4394 3441 4450 miserationi
3471 4392 3630 4447 vicina
3653 4400 3755 4456 quo.

2223 4483 2352 4538 tidie
2393 4484 2677 4551 insonant;
2719 4486 2844 4540 dum
2882 4484 3085 4556 iugiter
3112 4487 3342 4542 dicunt:
3372 4484 3599 4548 Domine,
3633 4493 3754 4550 parte

2219 4576 2482 4645 propheta:
2501 4575 2603 4629 illi.
2635 4574 2746 4631 Nec
2777 4577 3048 4631 usitatiori
3077 4593 3188 4648 quo
3215 4594 3317 4649 pro
3345 4577 3461 4632 aliis
3491 4585 3667 4646 genere
3693 4568 3752 4620 lo-

2222 4666 2454 4721 cutionis
2473 4665 2692 4723 solitum
2716 4676 2800 4723 est
2821 4667 3025 4734 dicere,
3057 4669 3150 4724 sed
3175 4670 3402 4740 tropice,
3427 4677 3479 4722 et
3499 4663 3648 4720 multo
3665 4656 3756 4713 aliis

2223 4759 2385 4814 rebus
2424 4761 2834 4816 accommodato
2863 4775 3115 4818 sermone
3154 4777 3168 4814 :
3205 4761 3409 4815 Psallat
3443 4759 3587 4819 Deus,
3618 4752 3754 4811 aiunl.

2222 4866 2377 4920 super
2414 4868 2553 4917 eum,
2610 4861 2660 4906 et
2703 4852 2865 4906 solvet
2903 4861 2950 4906 ο.
2990 4852 3057 4906 Ει
3113 4853 3255 4907 sicut
3301 4866 3398 4908 nos
3443 4844 3755 4905 indesinenter

2224 4958 2324 5012 pro
2374 4945 2522 4999 omni
2571 4954 2724 5014 gestu
2750 4986 2765 5010 ,
2813 4945 3068 5014 omnique
3118 4959 3406 5008 sermone,
3455 4955 3518 4996 ex
3569 4943 3756 4997 evanie‘

2225 5036 2328 5092 lica
2392 5038 2716 5093 auctoritate
2785 5037 3039 5107 procellis
3103 5037 3452 5108 urgentibus,
3511 5021 3755 5100 apostolioe

2231 5127 2374 5183 docti
2413 5127 2640 5193 Christe,
2687 5128 2833 5182 salva
2881 5145 2974 5183 nos
3012 5127 3276 5195 dicimus;
3317 5127 3390 5182 ita
3433 5122 3508 5180 illi
3535 5134 3622 5192 per
3653 5126 3755 5168 cun'

2310 5277 2325 5328 i
2371 5277 2494 5344 Ms.,
2515 5278 2743 5332 tradent.

2309 5349 2337 5388 ιι
2372 5330 2494 5414 In};
2518 5330 2654 5420 quae
2669 5330 2922 5420 sequitur.
2941 5349 3072 5420 Quae
3097 5348 3151 5404 in
3177 5358 3323 5404 textu
3347 5354 3521 5420 autem
3540 5337 3630 5394 Job
3650 5330 3752 5420 stult:

2232 5404 2568 5490 sequuntur',
2603 5404 2832 5490 quaeque
2869 5404 3237 5490 hic~videntur
3269 5414 3633 5490 praztermissa,
3666 5404 3753 5457 hic

2233 5499 2357 5545 sunt
2380 5506 2394 5544 :
2422 5489 2490 5544 In
2511 5489 2676 5544 oculis
2700 5489 2815 5560 ejus
2841 5490 2994 5560 quasi
3015 5489 3170 5543 hamo
3199 5491 3362 5560 capiet
3389 5501 3518 5541 eum.

2305 5561 2323 5599 ι
2366 5560 2424 5632 Id
2462 5570 2546 5632 cst
2574 5561 2943 5632 apostrophen.

2307 5643 2350 5672 ιιι
2384 5630 2538 5756 Ιηῐνα
2561 5622 2649 5687 hic
2669 5622 2808 5686 idem
2826 5647 2891 5686 ac
2911 5632 3076 5697 intra,
3107 5638 3167 5686 ut
3189 5631 3384 5702 passim
3403 5624 3533 5699 apud
3551 5622 3753 5677 auctote!

2307 5702 2434 5756 [imae
2476 5702 2754 5756 atinitatis.

2237 5702 2434 5759 inﬁmae
2455 5702 2754 5758 latinitatis.

2315 5784 2345 5813 ιι
2378 5772 2438 5827 F.
2464 5775 2588 5828 ritu.

2315 5853 2344 5882 ο
2377 5845 2457 5902 ita
2483 5854 2538 5901 et
2565 5844 2722 5903 divus
2745 5845 3006 5926 Eulogius
3031 5848 3126 5907 lib.
3161 5864 3224 5916 ιι,
3253 5857 3368 5916 cap.
3390 5843 3438 5898 1.
