4034 6350
336 451 447 507 545

1512 445 1882 504 lNDlCULUS
1922 443 2227 502 LUMlNOS
2236 445 2338 502 US.

3491 450 3596 508 546

336 581 426 626 cta
493 578 765 626 momenta
836 569 1204 626 indesinenter
1264 569 1491 624 verbum
1547 568 1660 639 jam
1717 568 1918 622 dictum
1945 572 1998 630 Α
2023 579 2184 636 super
2209 561 2351 636 quod
2383 563 2486 637 legi
2517 562 2728 620 Domini
2768 561 3107 621 auctoritatis
3130 565 3399 622 elevatum
3434 581 3598 623 cacu-

337 672 596 734 repetunt
647 681 661 716 :
724 670 781 716 et
830 662 933 717 hoc
981 660 1340 724 familiariter,
1396 659 1740 732 prreconabili
1764 673 1918 725 voce,

338 756 394 810 in
443 754 693 812 domibus
729 761 784 809 et
817 754 1056 810 turribus
1088 754 1345 819 clamant,
1395 752 1658 824 replicant
1692 760 1748 807 et
1783 766 1924 822 prae-

335 856 560 904 conant.
622 845 691 901 Et
753 847 844 918 qui
906 862 1004 917 per
1064 847 1228 902 multa
1281 843 1502 909 deﬂuit,
1561 852 1613 898 et
1671 841 1918 912 deliquit,

335 955 367 994 a
427 938 612 994 multis
664 953 802 1009 quos
864 938 980 1008 ipse
1042 937 1276 1009 perdidit
1345 946 1401 991 et
1465 934 1736 1004 frequenti
1802 948 1923 989 ora-

337 1031 487 1086 tione
511 1029 936 1086 commendatur.
973 1028 1080 1085 Sed
1106 1026 1440 1083 orationibus
1465 1034 1922 1096 transgressorum

335 1123 512 1178 eiueri
538 1137 645 1178 non
673 1119 905 1192 poterit,
933 1121 1027 1190 qui
1066 1128 1317 1188 rogantes
1359 1133 1459 1188 pro
1503 1133 1561 1173 se
1593 1133 1661 1171 ne
1706 1114 1926 1171 exaudi-

339 1223 533 1272 reutur
557 1214 761 1269 erroris
788 1213 872 1268 sui
912 1213 1224 1284 deceptione
1263 1212 1502 1268 caecavit.
1532 1209 1720 1266 Omnis
1746 1219 1923 1265 tamen

337 1305 458 1377 eius
508 1307 631 1363 dolo
682 1305 954 1377 exquisita
1002 1304 1246 1362 doctrina
1272 1346 1287 1371 ,
1337 1303 1504 1359 verba
1547 1309 1675 1357 sunt
1721 1299 1922 1366 mollia,

340 1417 507 1472 quem
533 1402 735 1458 caduca
776 1399 1101 1470 promittens
1126 1411 1152 1440 α
1183 1407 1241 1455 et
1274 1397 1450 1463 ﬂuxa,
1478 1395 1606 1451 labii
1639 1402 1694 1450 et
1729 1393 1926 1450 inlece-

340 1497 507 1551 broso
538 1494 759 1551 dulcore
783 1501 1003 1549 manent
1035 1500 1314 1563 compacta
1339 1509 1354 1546 :
1384 1490 1469 1546 vel
1494 1490 1656 1546 verba
1682 1488 1773 1543 illa
1802 1495 1928 1544 sunt

341 1585 558 1654 mollia,
590 1601 709 1656 qua:
737 1594 1114 1656 argumentose
1161 1593 1216 1639 et
1261 1581 1530 1654 exquisite
1574 1581 1630 1635 in
1677 1579 1794 1650 lege
1836 1577 1927 1634 illa

343 1677 590 1735 horribili
614 1677 890 1732 somnians
915 1676 1195 1732 fabulavit.
1219 1674 1287 1729 Et
1305 1673 1446 1729 sicut
1472 1673 1555 1729 lex
1581 1671 1674 1726 Dei
1700 1669 1927 1742 angelis,

343 1771 795 1841 hominibusque,
837 1785 904 1824 ex
933 1769 1252 1824 auctoritate
1277 1767 1557 1824 Dominica
1579 1766 1824 1833 intonat,
1852 1765 1928 1821 ita

339 1865 464 1918 haec
487 1877 519 1917 e
549 1863 767 1934 regione
794 1861 994 1917 diaboli
1032 1861 1281 1933 dogmata
1308 1859 1668 1925 daemonibus,
1703 1867 1759 1914 et
1801 1873 1930 1928 per-

341 1955 472 2010 ditis
520 1953 866 2021 hominibus,
908 1954 1134 2008 verbum
1177 1953 1302 2008 fidei
1343 1953 1600 2024 porrigit,
1628 1951 1848 2016 crebre,
1874 1959 1930 2006 et

341 2047 564 2102 assidue
590 2046 778 2102 dicens
805 2065 820 2100 :
846 2044 891 2101 Ο
911 2046 1196 2102 multitudo
1219 2045 1542 2112 daemonum,
1565 2054 1620 2101 et
1647 2045 1885 2101 omnium
1911 2060 1926 2098 :

346 2137 496 2206 quod
524 2137 754 2192 Arabico
791 2138 1032 2193 dicitur:
1078 2136 1430 2193 Lemahascar
1475 2138 1645 2209 algen.
1694 2138 1762 2192 Et
1794 2137 1931 2194 bene

342 2238 538 2284 auctor
566 2229 737 2300 ipsius
766 2230 820 2284 in
859 2245 990 2286 usus
1032 2238 1115 2286 est
1142 2231 1169 2271 δ
1199 2231 1353 2301 quasi
1394 2231 1528 2286 avis.
1568 2229 1706 2298 Quia
1748 2245 1930 2286 escam

340 2319 582 2375 durante
611 2329 867 2392 appetens
895 2322 1036 2393 guila
1071 2334 1114 2387 ε,
1147 2322 1326 2394 laquei
1365 2338 1472 2377 non
1511 2323 1758 2394 praevidit
1783 2323 1931 2394 pedi-

342 2426 513 2467 cam:
549 2411 640 2481 qui
691 2411 885 2467 merito
921 2413 1119 2468 dicitur
1157 2413 1302 2480 avis,
1349 2413 1476 2484 quia
1520 2427 1615 2469 rex
1661 2421 1745 2469 est
1774 2413 1931 2470 istius

343 2506 513 2570 aeris,
542 2505 597 2559 in
625 2520 733 2576 quo
761 2505 1008 2562 volucres
1033 2506 1283 2572 volitant,
1307 2515 1363 2562 et
1388 2506 1659 2577 principes
1684 2506 1931 2562 tenebra-

341 2613 468 2652 rum
507 2604 799 2667 potestant.
829 2597 966 2665 Quia
1006 2597 1197 2653 brutus
1224 2613 1292 2653 ex
1319 2597 1348 2637 ά
1386 2599 1504 2653 sine
1545 2597 1742 2654 litteris
1780 2606 1932 2654 ortus

341 2698 455 2753 est,
483 2690 772 2746 behemotb
791 2730 806 2756 ,
836 2690 940 2745 hoc
967 2697 1052 2745 est
1081 2689 1310 2756 animal,
1336 2689 1512 2746 dictus
1536 2697 1638 2745 est.
1671 2689 1808 2757 Quia
1837 2690 1932 2745 do-

341 2779 497 2835 losus
535 2781 817 2850 apparuit,
873 2789 1124 2837 versutus
1171 2791 1229 2837 et
1275 2781 1504 2836 callidus
1551 2796 1810 2851 serpens,
1845 2780 1934 2837 vel

341 2875 543 2938 draco,
575 2884 659 2930 est
684 2882 1042 2945 nuncupatus.
1071 2874 1278 2930 Dicitur
1307 2882 1364 2928 et
1388 2874 1535 2940 avis,
1566 2888 1632 2929 eo
1666 2874 1809 2944 quod
1839 2889 1932 2929 su-

342 2967 577 3038 perbus,
601 2967 774 3022 elatus
803 2974 859 3023 et
883 2981 1050 3038 vagus
1074 2967 1328 3032 incessit,
1343 2966 1594 3036 nulloque
1619 2965 1775 3020 freno
1800 2975 1934 3022 tem,

342 3059 610 3128 perantia:
635 3058 986 3130 semetipsum
1011 3059 1260 3114 munivit.
1288 3057 1572 3114 Concident
1601 3075 1720 3114 eum
1754 3060 1934 3125 amici,

343 3150 538 3218 utique
563 3149 798 3215 Domini,
835 3149 891 3205 bi
911 3149 1184 3217 videlicet,
1211 3149 1304 3220 qui
1331 3149 1481 3206 dolos
1508 3149 1650 3205 illius
1683 3149 1937 3206 universo

347 3244 553 3299 mundo
582 3252 889 3314 exponunt,
932 3260 1164 3314 eumque
1202 3243 1414 3314 publica
1457 3243 1796 3315 professione
1841 3244 1937 3298 bo-

346 3346 492 3392 stem
540 3333 794 3390 Ecclesiae
844 3333 1119 3390 insiluisse
1165 3334 1496 3390 contendunt
1562 3332 1745 3388 Toties
1792 3332 1936 3388 enim

348 3427 686 3493 conciditur,
731 3427 942 3498 quoties
982 3427 1324 3482 anathemate
1361 3427 1663 3482 denotatur.
1694 3425 1936 3481 Divident

347 3536 472 3576 eum
509 3521 884 3592 negotiatores,
914 3521 1088 3575 sancti
1115 3520 1251 3587 viri,
1290 3521 1380 3591 qui
1418 3521 1660 3575 membra
1689 3518 1938 3574 draconis

351 3630 383 3666 a
420 3613 582 3684 capiti
612 3612 818 3683 perfido
853 3612 1184 3679 dividentes,
1212 3613 1316 3668 sibi
1345 3611 1698 3683 conjungunt.
1740 3611 1810 3666 Et
1836 3612 1936 3666 im-

348 3706 515 3776 plebis
554 3721 773 3776 sagenas
801 3705 934 3776 pelle
962 3706 1101 3775 ejus,
1133 3715 1224 3759 aut
1252 3705 1578 3776 gurgustium
1605 3705 1828 3774 piscium
1855 3722 1938 3759 ca-

351 3798 458 3868 pite
498 3796 661 3851 illius.
707 3797 768 3851 lu
813 3796 952 3866 pelle
991 3796 1282 3860 exteriora,
1325 3795 1381 3849 in
1425 3795 1600 3864 capite
1627 3793 1855 3865 majora,
1886 3804 1939 3849 et

351 3891 714 3948 luculentiora
757 3892 1022 3962 designat.
1072 3890 1297 3946 Servato
1342 3890 1529 3944 ordine
1576 3905 1820 3961 sagenas,
1855 3888 1939 3944 vel

353 3985 696 4056 gurgustium
729 3984 978 4054 piscium,
1012 3983 1065 4038 id
1090 3992 1172 4038 est
1201 3982 1501 4038 Ecclesiam
1538 3998 1712 4048 suam,
1740 3991 1794 4036 et
1814 3988 1939 4036 vota

353 4074 631 4141 fidelium,
677 4076 913 4147 primum
955 4091 1013 4131 se
1040 4075 1179 4145 pelle
1215 4075 1364 4146 ejus,
1392 4083 1448 4130 et
1474 4074 1816 4146 postmodum
1851 4089 1940 4128 ca-

354 4168 496 4239 pite,
523 4168 726 4224 asserit
757 4168 1131 4238 impleturum;
1160 4166 1284 4236 quia
1314 4166 1491 4238 primo
1513 4165 1673 4236 elegit
1703 4165 1938 4230 inﬁrma,

353 4268 419 4313 ut
445 4267 567 4330 post
607 4258 962 4315 confunderet
1002 4259 1185 4315 fortia.
1216 4258 1367 4314 Intra
1409 4257 1706 4312 Ecclesiam
1745 4257 1941 4327 quippe

355 4352 595 4407 fidelium
628 4352 780 4422 prius
818 4352 971 4422 quasi
1013 4352 1208 4423 pellem
1238 4350 1436 4406 diaboli
1467 4358 1739 4406 extremos
1781 4357 1943 4419 atque

355 4444 577 4499 intimos
600 4443 825 4515 colligit,
851 4450 906 4498 et
930 4443 1273 4513 postmodum
1303 4441 1477 4512 capite
1513 4439 1629 4510 ejus
1652 4439 1942 4510 prudentes

356 4535 463 4590 sibi
497 4535 837 4591 adversarios
870 4535 1051 4590 subdit
1081 4533 1132 4604 (Ι
1160 4531 1282 4588 Cor.
1311 4517 1482 4604 1,27)
1511 4549 1524 4584 :
1558 4531 1826 4602 Ponetque
1855 4548 1943 4585 su-

2021 656 2167 713 mine
2211 656 2390 721 videt,
2431 671 2531 711 nec
2572 657 2598 697 ⁸
2643 655 3071 713 additamentum
3118 658 3402 716 incurrens
3438 675 3600 733 super

2022 747 2320 818 superbiae;
2355 754 2499 802 recte
2529 746 2823 802 Levialban
2855 747 3010 804 istius
3037 748 3299 820 ﬁguretur
3325 765 3554 823 corpore
3581 766 3600 807 :

2023 841 2150 912 quia
2182 857 2298 912 spes
2327 841 2669 912 frustrabitur
2695 840 2848 896 illum
2873 857 3092 898 manum
3117 843 3326 915 opificis
3349 845 3599 910 evadere,

2023 946 2078 995 et
2101 946 2361 994 aeternum
2390 935 2710 1008 supplicium
2735 936 2911 1007 angeli
2940 937 3212 994 tenebrosi
3239 938 3516 995 delusione
3544 951 3604 994 se

2024 1031 2275 1098 extimat,
2315 1046 2422 1086 non
2459 1029 2635 1085 teneri
2665 1045 2679 1083 :
2712 1043 2808 1085 seu
2834 1046 2923 1100 spe
2957 1028 3052 1084 illa
3102 1030 3461 1100 frustrabitur,
3494 1045 3602 1102 qua

2025 1139 2085 1179 se
2115 1122 2288 1179 credit
2330 1121 2600 1193 passivam
2647 1119 2922 1176 libidinem
2966 1121 3023 1176 in
3066 1121 3248 1177 futuro
3284 1121 3480 1178 saeculo
3505 1138 3606 1192 per

2027 1214 2240 1271 diversa
2267 1223 2448 1271 scorta
2477 1213 2627 1285 largo
2655 1213 2964 1286 dispergere
2987 1212 3154 1270 ﬂuxu.

2095 1307 2186 1362 29.
2233 1306 2539 1362 Videntibus
2577 1307 2807 1372 cunctis,
2843 1305 3062 1372 electis,
3103 1315 3160 1364 et
3204 1309 3484 1380 reprobis,
3524 1309 3608 1365 vel

2026 1413 2164 1468 quos
2183 1396 2417 1468 decepit,
2441 1396 2854 1468 praecipitabitur
2877 1397 2932 1452 in
2958 1406 3208 1470 stagnum
3231 1398 3371 1470 ignis
3416 1400 3610 1455 arden-

2028 1489 2118 1546 tis.
2152 1489 2279 1545 Non
2317 1490 2468 1562 quasi
2508 1489 2734 1544 crudelis
2777 1490 3040 1546 suscitabo
3080 1507 3197 1545 eum
3241 1490 3364 1562 (Job
3403 1506 3524 1557 xu,
3580 1492 3602 1545 l

2027 1589 2078 1635 et
2120 1580 2284 1653 seqq.)
2303 1622 2320 1646 ,
2351 1589 2411 1635 ut
2438 1590 2564 1650 pote
2592 1580 2685 1650 qui
2727 1580 2898 1651 magis
2929 1580 3237 1638 misericors
3261 1595 3360 1651 per
3383 1595 3529 1647 eum,
3558 1589 3612 1635 et

2022 1672 2186 1744 justis
2216 1675 2454 1730 debitum
2481 1674 2763 1744 praemium
2785 1714 2800 1741 ,
2824 1683 2880 1729 et
2909 1673 3122 1744 injustis
3149 1683 3460 1746 competens
3501 1690 3611 1730 me-

2030 1769 2152 1824 ritis
2193 1769 2381 1841 inrogo
2425 1767 2767 1839 supplicium.
2801 1766 2931 1834 Quis
2974 1768 3111 1822 enim
3144 1769 3330 1839 poterit
3375 1769 3613 1823 resistere

2031 1859 2198 1915 vultui
2223 1877 2356 1926 meo,
2383 1875 2416 1916 a
2439 1874 2549 1930 quo
2574 1860 2690 1915 haec
2715 1867 2927 1914 sacrata
2949 1859 3250 1926 ordinatio,
3273 1867 3328 1914 et
3349 1859 3494 1931 justa
3512 1898 3528 1924 ,
3557 1858 3613 1912 iu

1957 1927 2009 1990 Β
2033 1961 2236 2016 mundo
2262 1927 2542 2030 procedit?
2569 1956 2756 2014 Nullus
2786 1965 2953 2024 certe,
2982 1957 3292 2013 misericors
3323 1927 3380 2011 et
3400 1954 3614 2026 patiens

2030 2067 2194 2123 super
2220 2051 2454 2107 malitias
2480 2051 2781 2116 hominum,
2806 2049 3052 2107 Domine.
3079 2051 3148 2106 Et
3173 2048 3290 2122 quis
3319 2057 3438 2104 ante
3472 2048 3615 2103 dedit

2031 2147 2200 2211 mihi,
2248 2153 2306 2200 ut
2362 2145 2577 2200 reddam
2626 2145 2722 2199 ei?
2761 2143 2961 2199 lterum
3006 2143 3289 2198 verissime
3334 2141 3431 2197 tibi
3483 2139 3616 2196 dici-

2031 2254 2154 2294 mus
2178 2278 2192 2304 ,
2228 2237 2529 2308 iustissime
2572 2235 2859 2300 Conditor,
2896 2244 2952 2291 et
2994 2235 3238 2306 piissime
3275 2233 3452 2300 Deus,
3499 2232 3618 2288 nul-

2031 2328 2115 2383 lus
2147 2344 2163 2382 :
2203 2328 2330 2398 quia
2371 2343 2403 2381 a
2437 2335 2489 2382 te
2523 2326 2700 2383 omnis
2738 2333 2984 2382 creatura
3023 2325 3348 2382 subsistendi
3376 2325 3616 2396 vigorem

2031 2420 2259 2490 accepit.
2292 2418 2353 2474 Si
2401 2434 2531 2490 ergo
2580 2417 2834 2474 resistere
2864 2414 3233 2486 Omnipotenti
3277 2414 3464 2471 miseri
3509 2429 3618 2469 non

2031 2513 2294 2579 valemus,
2338 2527 2441 2568 nec
2486 2511 2784 2567 debitorem
2823 2517 3110 2575 aeternum,
3148 2517 3209 2563 ut
3239 2517 3367 2578 pote
3406 2505 3617 2571 caduci,

2032 2623 2101 2665 ex
2137 2615 2322 2663 nostro
2364 2619 2530 2676 opere
2571 2605 2896 2670 retinemus,
2928 2617 3152 2673 operum
3195 2599 3312 2670 ejus
3354 2601 3618 2656 rationem

2035 2700 2305 2756 discutere
2346 2713 2455 2752 nou
2499 2704 2804 2762 tentemus,
2830 2710 2993 2766 quam
3018 2693 3224 2763 justam
3258 2709 3326 2749 ex
3358 2692 3623 2762 supplicio

2034 2799 2381 2861 peccatorum
2403 2829 2418 2855 ,
2456 2797 2513 2844 et
2552 2787 2841 2860 gratuitam
2881 2802 2949 2842 ex
2988 2786 3130 2842 dono
3167 2786 3412 2841 videmus
3447 2784 3625 2854 justo-

2037 2897 2180 2938 rum.
2227 2880 2336 2938 Sed
2367 2894 2433 2937 ne
2475 2879 2781 2951 desperatio
2809 2878 3125 2936 confoderet
3166 2878 3377 2935 animas
3403 2878 3625 2934 audien-

2038 2975 2192 3040 tium,
2220 2988 2344 3029 mox
2382 2973 2616 3028 futuram
2656 2973 2712 3027 in
2737 2986 2860 3028 eum
2891 2971 3058 3028 latam
3088 2969 3412 3027 sententiam
3442 2968 3622 3024 divina

2036 3066 2399 3138 promulgavit
2435 3080 2663 3122 censura
2685 3106 2701 3132 ,
2741 3064 2967 3120 dicens:
3002 3062 3128 3118 Non
3161 3078 3378 3132 parcam
3405 3058 3484 3114 illi
3514 3074 3628 3114 vere

2041 3160 2118 3214 bis
2148 3159 2472 3230 potentibus,
2501 3167 2550 3212 et
2579 3157 2648 3212 ad
2689 3155 3076 3228 deprecandum
3117 3152 3436 3223 compositis.
3468 3150 3626 3206 Com-

1965 3285 2012 3351 C
2040 3251 2362 3322 positionem
2390 3257 2449 3304 ut
2470 3249 2584 3321 jam
2612 3248 2721 3304 dixi
2750 3245 3062 3311 verborum,
3089 3252 3145 3300 et
3168 3259 3359 3314 preces
3383 3242 3625 3298 omnium

2043 3345 2160 3416 ejus
2185 3341 2574 3406 membrorum,
2597 3339 2840 3412 quotidie
2863 3353 2963 3409 pro
2992 3352 3058 3393 eo
3081 3335 3314 3407 eleganti
3344 3333 3620 3398 facundia,

2043 3446 2096 3493 et
2120 3445 2347 3492 venusto
2373 3433 2649 3491 confectas
2673 3434 2703 3473 ιι
2731 3431 2975 3503 eloquio,
3006 3446 3105 3487 nos
3131 3429 3292 3486 hodie
3315 3443 3412 3499 per
3437 3440 3624 3484 eorum

2042 3528 2338 3593 volumina,
2369 3535 2423 3583 et
2448 3526 2621 3583 oculis
2649 3524 2897 3596 legimus,
2921 3531 2976 3578 et
2998 3523 3316 3593 plerumque
3343 3521 3623 3574 mira’mus.

2043 3619 2152 3674 Sed
2183 3634 2290 3673 non
2334 3617 2577 3688 parcitur
2623 3615 2675 3671 ei
2719 3613 2884 3668 tantis
2925 3621 2979 3668 et
3023 3606 3256 3678 talibus,
3291 3610 3417 3681 quia
3453 3607 3628 3664 oratio

2041 3710 2457 3782 praevaricatum
2496 3699 2574 3762 ﬁt~
2602 3707 2659 3762 in
2687 3712 2989 3776 peccatum,
3014 3712 3070 3758 et
3091 3701 3206 3773 jugi
3229 3701 3543 3756 curvatione
3574 3706 3632 3755 et

2042 3800 2328 3871 multiplici
2355 3799 2548 3870 capitis
2573 3797 2854 3868 pressione
2883 3809 3046 3866 quam
3084 3792 3390 3848 ostensione
3415 3790 3632 3860 jactan-

2045 3896 2134 3950 tize
2162 3892 2495 3948 creberrime
2537 3899 2699 3945 terrae
2727 3887 2968 3960 defigunt
2991 3927 3006 3953 ,
3037 3902 3146 3942 non
3186 3885 3266 3941 eis
3295 3883 3593 3939 remedium
3611 3923 3628 3949 ,

2041 3987 2138 4044 sed
2164 3985 2485 4056 supplicium
2513 3983 2749 4054 acquirit
2783 3989 3068 4037 asternum.
3102 3979 3210 4035 Per
3242 3978 3385 4048 quod
3419 3977 3629 4048 perspi-

2043 4094 2141 4134 cue
2188 4077 2350 4134 datur
2393 4073 2620 4146 intelligi
2671 4073 2816 4144 quod
2841 4070 3020 4127 omnis
3064 4069 3272 4135 oratio,
3302 4067 3386 4126 vel
3429 4080 3629 4137 opera,

2043 4184 2164 4239 quae
2189 4167 2244 4223 in
2265 4164 2470 4223 Christi
2497 4164 2601 4220 fide
2630 4177 2738 4218 non
2762 4169 2985 4216 manent
3009 4159 3252 4225 fundata,
3282 4173 3451 4214 vacua
3481 4156 3631 4212 inve-

2044 4260 2263 4314 niantur
2310 4265 2554 4326 tempore
2593 4252 2824 4322 judicii,
2875 4260 2931 4307 et
2979 4252 3190 4308 nociva.
3239 4251 3369 4306 Siue
3414 4249 3632 4306 Christo

2043 4351 2189 4407 enim
2214 4349 2390 4404 omnis
2417 4348 2591 4402 virtus
2627 4345 2682 4400 in
2710 4344 2844 4401 vitio
2866 4351 2986 4399 est:
3013 4343 3225 4400 dicente
3251 4357 3318 4398 eo
3340 4359 3354 4396 :
3377 4339 3492 4411 Ego
3514 4356 3629 4395 sum

2045 4443 2140 4496 tua:
2168 4439 2391 4494 mundi:
2425 4439 2515 4509 qui
2557 4436 2793 4506 sequitur
2831 4451 2912 4488 me
2954 4450 3058 4489 non
3093 4432 3380 4487 ambulabit
3406 4432 3461 4485 in
3487 4440 3631 4484 tene-

2047 4536 2154 4590 bris
2174 4575 2190 4598 ,
2213 4532 2302 4588 sed
2326 4531 2530 4585 habebit
2554 4529 2731 4583 lumen
2766 4527 2882 4581 vitm
2912 4526 3094 4595 (Joan.
3127 4539 3220 4578 vut
3244 4563 3260 4587 ,
3293 4520 3403 4592 12).
3433 4520 3502 4574 Et
3532 4523 3630 4575 ite-

352 4643 450 4698 per
476 4644 595 4682 eum
620 4627 875 4681 Dominus
912 4642 1158 4692 manum,
1188 4625 1313 4695 quia
1343 4623 1467 4680 forti
1516 4622 1666 4678 illum
1703 4623 1940 4693 potentia
1967 4635 2021 4695 Ῑ)
2049 4645 2206 4684 mm:
2238 4627 2352 4698 Ego
2382 4641 2499 4680 sum
2537 4624 2620 4677 ria
2642 4662 2656 4688 ,
2702 4620 2925 4684 veritas,
2974 4627 3023 4672 et
3063 4617 3171 4670 vita
3201 4615 3381 4686 (Joan.
3414 4629 3529 4679 χεν,
3551 4611 3628 4684 6).

355 4718 649 4786 reprimit,
689 4733 789 4772 nec
835 4716 1120 4786 plusquam
1168 4715 1384 4785 expedit
1423 4714 1613 4770 saevire
1659 4713 1940 4783 permittit.

360 4812 572 4867 Dicitur
592 4810 845 4867 Ecclesiae
867 4809 1128 4865 Memento
1154 4808 1295 4874 belli,
1325 4824 1417 4862 nec
1440 4806 1582 4861 ultra
1611 4805 1780 4858 addas
1802 4805 1944 4874 loqui

357 4912 726 4976 praeterquam
757 4904 990 4974 positum
1018 4914 1134 4969 est,
1161 4912 1218 4958 et
1246 4911 1457 4958 sacrate
1487 4909 1784 4970 receptum.
1816 4898 1947 4968 Ejus

358 5006 554 5053 contra
582 5005 638 5053 te
673 4997 886 5052 interna
915 4996 1098 5067 praelia
1141 4995 1208 5050 ad
1237 5002 1474 5050 mentem
1509 5007 1728 5057 revoca,
1754 4998 1809 5046 et
1838 4989 1945 5048 noli

361 5088 650 5144 Dominum
699 5102 958 5145 accusare
1005 5089 1071 5142 de
1118 5087 1417 5152 exteriore,
1449 5101 1614 5155 quam
1657 5083 1944 5155 conspicis,

361 5179 536 5236 multo
568 5181 775 5238 elevata
800 5178 1042 5251 potentia
1071 5197 1082 5232 :
1115 5177 1200 5234 vel
1227 5186 1375 5233 certe
1401 5185 1696 5243 memento,
1726 5176 1855 5247 quia
1880 5175 1947 5230 ad

361 5277 468 5331 hoc
487 5265 806 5346 tibi—pugnae
825 5281 1101 5330 certamen
1126 5271 1434 5343 opponitur,
1463 5279 1522 5325 ut
1539 5271 1631 5340 qui
1655 5268 1894 5341 legitime
1924 5279 1948 5306 θ

359 5367 677 5435 certaverit,
705 5375 1015 5423 coronetur.
1048 5364 1106 5422 Si
1138 5373 1319 5420 tamen
1347 5363 1618 5432 patienter
1645 5361 1664 5400 ί
1699 5361 1950 5416 tentatio-

361 5475 492 5515 num
521 5461 758 5531 impetus
787 5458 1000 5526 ferens,
1020 5459 1089 5516 de
1123 5460 1344 5530 proprio
1370 5456 1504 5514 nihil
1527 5451 1928 5526 praesumpserit

438 5630 465 5690 fl
505 5617 568 5690 Ε.
596 5618 941 5690 (ιιιωγεᾳάαεα
967 5617 1342 5690 prominentia.

437 5687 466 5727 ι’
504 5682 686 5757 Lege:
719 5686 922 5743 inlusus
946 5682 1019 5743 est
1050 5702 1067 5740 :
1097 5689 1228 5746 dicit
1248 5688 1393 5744 enim
1424 5695 1601 5743 textus
1625 5685 1766 5742 Job:
1795 5682 1948 5739 Nun-

365 5759 492 5830 quid
506 5759 722 5830 qilludes'
739 5761 786 5812 ei
811 5759 1098 5830 quasiuoi?

441 5828 739 5902 fle-9m
825 5828 832 5830 “
967 5830 971 5834 ’

428 5897 466 5970 ,⁸
507 5897 613 5968 Bc,
643 5901 680 5956 f.
710 5910 777 5957 et.

2046 4719 2303 4790 Quisquis
2329 4731 2456 4773 vero
2485 4717 2687 4778 lumen,
2719 4711 3025 4775 veritatem,
3054 4708 3243 4772 vitam,
3275 4715 3330 4760 et
3351 4705 3493 4759 viam
3520 4719 3628 4758 non

2049 4819 2218 4876 tenet,
2247 4811 2304 4864 in
2329 4807 2566 4863 tenebris
2591 4803 2891 4866 ambulans,
2920 4809 2976 4857 et
3003 4798 3349 4855 mendacium
3369 4797 3629 4862 retinens,

2049 4918 2146 4974 per
2179 4901 2333 4957 devia
2363 4914 2587 4963 errans,
2627 4903 2854 4952 mortem
2904 4900 3166 4948 aeternam
3209 4887 3458 4944 incurrit.
3501 4886 3630 4952 Quis

2052 4995 2294 5053 reuelabit
2321 4994 2509 5064 [aciem
2538 4990 2831 5047 indumenti
2852 4988 3010 5059 ejus?
3035 4987 3089 5044 id
3118 4994 3202 5044 est
3229 4984 3492 5040 malitiam
3516 4982 3632 5054 ejus

2051 5093 2191 5149 facie
2221 5099 2379 5146 tenus
2406 5089 2661 5160 pietatem
2690 5083 3118 5156 praetendentem
3146 5080 3269 5150 quis
3307 5075 3632 5133 denudabit?

2054 5182 2122 5237 Et
2144 5183 2200 5236 in
2225 5181 2396 5236 medio
2424 5179 2531 5234 oris
2564 5177 2678 5246 ejus
2697 5173 2813 5247 quis
2841 5171 3099 5228 intrabit?
3123 5169 3479 5226 Calliditatem
3499 5166 3632 5249 legis

2056 5276 2251 5345 iniqua:
2301 5273 2422 5344 quis
2469 5266 2811 5343 penetrabit?
2849 5264 3255 5345 involutumque
3301 5273 3540 5316 errorem
3578 5265 3634 5312 et

2055 5342 2342 5422 numerum
2373 5342 2708 5425 litterarum,
2747 5342 2909 5430 quem
2939 5357 2997 5412 in
3036 5354 3356 5428 quibusdam
3395 5351 3634 5408 fabulose

2055 5472 2167 5514 suae
2200 5456 2334 5527 legis
2372 5455 2504 5512 locis
2533 5450 2793 5517 intexuit,
2838 5447 2961 5521 quis
2997 5446 3332 5530 discussione
3367 5442 3632 5501 acerrima

2132 5632 2155 5662 ο
2189 5618 2315 5686 Ms.,
2345 5618 2446 5690 legi
2472 5633 2616 5672 ntere.

2131 5690 2155 5732 ί
2191 5691 2315 5764 bitu,
2345 5691 2598 5764 patientes

2132 5765 2158 5804 ⁸
2191 5760 2316 5828 Ms.,
2347 5760 2437 5816 ne.

2105 5832 2316 5918 31‘qu
2346 5831 2591 5905 conferte.
