4034 6350
531 411 694 472 ηπ.

1745 413 2006 474 ΑινΑιιι
2041 413 2517 476 οοιωυεΕΝειε

533 528 854 590 ventilabit?
881 527 1075 586 Partes
1107 529 1223 601 ejus
1253 529 1370 602 quis
1399 529 1626 600 aperiet,
1657 544 1793 602 quas
1821 531 2034 590 clausas
2066 541 2120 589 et
2147 535 2201 598 Δ
2221 534 2337 606 ejus
2361 533 2630 607 lampades
2652 536 2961 607 procedunt,
2988 551 3097 594 non
3122 537 3337 612 fulgore
3359 539 3477 598 ﬁdei
3501 541 3757 618 laminam,

535 627 782 686 obtectas
805 637 1016 684 veneno
1042 623 1336 682 conclusit?
1357 623 1690 681 Subauditur
1713 642 1726 679 :
1753 626 1858 683 nisi
1877 642 1998 699 ego,
2027 626 2120 699 qui

533 718 726 776 electis
755 719 922 787 meis,
951 726 1007 774 et
1033 716 1229 790 pusillo
1255 717 1441 790 gregi,
1471 717 1581 774 imo
1608 719 1815 776 malitia
1844 720 2120 792 parvulis,

535 813 860 884 sapientiam
903 811 1188 870 doctorum
1236 811 1407 882 ipsius
1446 811 1766 881 subdolam,
1791 822 1848 870 et
1873 813 2120 870 fraudem

535 903 821 971 subtilem,
871 911 1211 975 tectumque,
1244 903 1579 976 prastigium
1621 905 1908 977 perspicua
1937 905 2124 979 cogni-

537 999 685 1057 tione
713 995 916 1053 diaboli
942 1006 1287 1067 compactam
1313 1011 1542 1062 veneno,
1573 996 1710 1052 meis
1738 997 1994 1054 omnibus
2029 1013 2124 1068 pa-

534 1095 649 1152 tule
695 1091 1007 1150 manifesto.
1063 1090 1164 1146 Per
1202 1107 1386 1163 gyrum
1425 1090 1661 1146 dentium
1703 1091 1820 1162 ejus
1861 1071 2127 1162 formido:

537 1195 717 1244 terror
742 1185 1031 1257 potestatis
1059 1183 1404 1242 evidentibus
1441 1183 1612 1258 signis
1650 1184 1905 1252 edicitur,
1931 1185 2029 1257 qui
2067 1185 2124 1241 in

535 1282 654 1354 ejus
705 1279 1057 1336 muniendum
1099 1277 1479 1342 mendacium,
1521 1288 1578 1334 et
1622 1277 1738 1335 oris
1783 1276 2123 1334 fallacissimi

535 1375 761 1433 verbum
791 1389 983 1430 severa
1010 1373 1144 1447 legis
1167 1372 1375 1429 ultione
1407 1372 1708 1446 consurgit.
1740 1368 1945 1443 Corpus
1975 1371 2123 1428 illius

535 1481 686 1528 scuta
715 1467 918 1542 fusilia.
941 1468 1111 1525 Scuta
1135 1466 1317 1523 fusilis
1335 1467 1568 1522 telorum
1590 1474 1718 1522 sunt
1745 1465 1942 1522 ictibus
1968 1479 2125 1537 repu-

535 1566 778 1641 gnantia,
805 1566 900 1620 sed
928 1572 1152 1620 manent
1175 1577 1311 1619 casu
1345 1561 1574 1633 fragilia.
1605 1560 1684 1616 ita
1712 1568 1770 1616 et
1796 1560 2122 1632 praedicato-

538 1673 628 1717 res
653 1655 1049 1716 crudelissima
1076 1655 1264 1712 bestia
1289 1670 1388 1726 per
1413 1654 1832 1710 obstinationem
1861 1653 2122 1710 mentium

533 1752 796 1818 existunt,
825 1766 955 1808 vera
984 1750 1406 1823 praedicantibus
1435 1750 1555 1806 duri
1581 1789 1598 1818 ,
1625 1759 1682 1806 et
1708 1765 1806 1822 per
1835 1762 2123 1806 conversa-

533 1846 733 1902 tionem
761 1858 987 1916 operum
1013 1841 1212 1897 mereri
1240 1853 1266 1882 ι
1299 1849 1356 1896 et
1385 1840 1575 1896 caduci
1599 1879 1614 1906 ,
1645 1841 1739 1912 qui
1775 1849 1833 1896 et
1862 1839 2121 1895 Ecclesia

2217 629 2318 685 sed
2346 628 2642 701 nigredinis
2671 627 2821 687 fumo
2843 629 3152 689 videntibus
3172 633 3444 706 caligosa.
3469 633 3591 692 Nam
3615 643 3758 711 sequi.

2223 729 2348 776 tur:
2380 721 2529 776 Sicut
2559 722 2712 778 tacta:
2732 723 2868 795 ignis
2890 739 3145 780 accensa.
3169 722 3335 782 Tada
3372 740 3490 782 cum
3520 733 3757 789 δικαηῶ-

2225 823 2333 882 tur,
2359 815 2536 888 ignem
2565 818 2708 889 gerit
2746 818 3062 886 obscurum,
3112 829 3168 876 et
3207 821 3399 891 globus
3435 823 3640 879 nubium
3669 827 3758 882 iun-

2223 907 2358 963 dens
2385 924 2483 980 per
2507 910 2690 966 inania
2716 914 2965 980 tendens,
2990 913 3156 970 mittit
3173 914 3246 968 ad
3277 913 3490 970 calum.
3518 915 3601 972 Sic
3623 926 3671 973 et
3693 918 3760 978 lex

2226 996 2408 1070 hujus,
2441 1016 2548 1057 non
2588 1004 2826 1070 domini,
2854 1005 3107 1061 vindicta
3143 1006 3256 1078 igni
3304 1008 3661 1064 succenditur:
3687 1013 3759 1068 sed

2226 1090 2586 1152 simulationis
2605 1096 2903 1154 calliditate
2925 1097 3046 1156 loco
3065 1097 3374 1168 splendoris
3403 1099 3666 1173 uliginem
3690 1119 3762 1176 ge-

2225 1185 2302 1241 rit
2327 1188 2556 1244 erroris.

2295 1277 2385 1333 50.
2441 1277 2520 1334 De
2557 1280 2772 1337 naribus
2810 1282 2928 1353 ejus
2969 1284 3202 1355 procedit
3250 1283 3450 1355 fultus.
3503 1281 3604 1340 Per
3634 1299 3760 1343 nates

2226 1386 2461 1442 namque
2493 1373 2630 1431 odor
2665 1377 2936 1444 trahitur;
2973 1387 3028 1434 et
3060 1378 3188 1450 quid
3225 1394 3330 1450 per
3360 1393 3517 1435 nares
3547 1379 3639 1435 nisi
3668 1381 3760 1451 eius

2225 1466 2474 1524 odorilici
2503 1469 2809 1526 indicantur
2833 1489 2847 1525 ε
2877 1471 2932 1528 id
2957 1481 3071 1538 est,
3107 1473 3405 1544 sapientes,
3436 1481 3492 1528 et
3506 1472 3660 1538 clari,
3687 1474 3760 1545 qui

2223 1574 2333 1614 non
2375 1557 2599 1616 olfatum
2646 1570 2958 1618 nectareum
2977 1601 2994 1629 ,
3043 1562 3484 1633 erebi-eumqueII
3511 1561 3760 1634 tliymiasta

2224 1649 2616 1719 odorantibus,
2651 1654 2746 1709 sed
2779 1661 3029 1726 putorem
3063 1653 3395 1710 cadaverum
3430 1652 3680 1724 proferet,
3715 1669 3761 1710 se

2222 1759 2440 1816 semper
2461 1745 2856 1804 sufficientibus
2882 1749 2926 1803 ι.
2978 1747 3046 1803 Et
3080 1748 3282 1804 merito
3308 1745 3442 1820 fumi
3467 1746 3666 1802 nomine
3686 1748 3759 1802 de-

2228 1838 2496 1911 signatur,
2538 1847 2597 1894 ut
2641 1840 2994 1912 hypocriseos
3033 1841 3265 1896 materia
3311 1841 3507 1912 aptiori
3543 1839 3762 1896 vocabulo

533 1937 915 1995 contradicunt
940 1934 1110 1990 inﬂati
1137 1943 1302 1990 vento
1325 1932 1598 2003 superbia
1622 1972 1640 2000 ,
1677 1941 1733 1988 et
1757 1933 1912 2004 lapsu
1941 1934 2124 1989 carnis
2151 1925 2202 1991 Β
2227 1932 2549 1990 denudetur.
2583 1932 2800 1990 Halitus
2826 1934 2942 2006 ejus
2967 1950 3165 2006 prunas
3193 1934 3386 1990 ardere
3413 1934 3536 2005 facit
3557 1949 3576 1988 :
3599 1933 3760 1990 halitus

532 2044 591 2087 se
619 2029 836 2102 propria
864 2025 1200 2083 interﬁciunt
1233 2023 1536 2081 voluntate.
1579 2023 1920 2096 Conspectum
1957 2041 2120 2098 aqua-

529 2123 632 2178 mis
657 2137 712 2178 se
737 2121 1089 2193 prementibus
1115 2133 1133 2172 :
1167 2131 1369 2190 corpus
1397 2118 1652 2175 draconis
1680 2119 1884 2176 scamis
1912 2133 2124 2189 compa-

531 2225 680 2274 ctum
711 2225 820 2283 est,
839 2231 910 2272 ne
926 2213 1123 2288 iaculis
1148 2223 1334 2285 pateat
1360 2213 1770 2286 pradicantum,
1791 2213 1884 2285 qui
1909 2228 2122 2270 acamas

531 2309 788 2367 Ecclesia
816 2307 1024 2378 objicit,
1045 2321 1116 2364 ne
1136 2307 1383 2363 veritatis
1409 2307 1603 2378 sagitta
1631 2307 1804 2379 possit
1832 2304 2116 2377 transfigi:

527 2406 624 2463 sed
650 2421 710 2462 se
737 2404 933 2478 premit
967 2418 1075 2459 non
1106 2402 1268 2468 alios,
1295 2401 1423 2456 dum
1453 2409 1608 2472 putat
1649 2415 1709 2458 se
1748 2398 2118 2457 defensionem

527 2495 729 2569 clypeis
752 2497 778 2536 δ
803 2495 932 2568 tegi.
967 2492 1089 2549 Una
1128 2493 1221 2549 uni
1260 2492 1620 2564 conjungitur,
1649 2501 1698 2549 et
1735 2509 1800 2547 ne
1832 2493 2120 2564 respiras:-

527 2590 638 2646 lum
677 2590 887 2664 quidem
924 2587 1155 2660 procedit
1191 2603 1288 2660 per
1321 2603 1431 2642 eas.
1465 2587 1688 2643 Scilicet
1727 2586 2118 2658 respiraculum

523 2684 652 2741 vita
678 2701 693 2739 :
723 2683 1007 2739 obdurata
1035 2682 1185 2738 enim
1217 2689 1344 2736 sunt
1373 2688 1429 2737 et
1451 2680 1759 2751 conjuncta
1781 2681 2121 2736 obstinanter

529 2777 595 2834 ad
636 2777 876 2843 malum,
920 2775 1053 2831 nulli
1094 2774 1387 2831 retinentes
1433 2774 1564 2832 boui
1592 2775 1778 2832 odoris
1813 2773 2040 2830 olfatum
2067 2785 2115 2829 ο.

529 2867 648 2928 Una
673 2869 827 2924 alteri
855 2867 1221 2934 adluerebunt,
1251 2876 1300 2922 et
1330 2876 1561 2923 tenentes
1583 2884 1639 2923 se
1672 2883 2002 2940 nequaquam
2038 2883 2120 2922 se-

524 2962 875 3036 parabantur.
897 2959 1047 3016 Forti
1078 2961 1275 3032 quippe
1296 2959 1698 3029 conjunctione,
1724 2969 1779 3016 et
1803 2959 1980 3015 tenaci
2004 2960 2119 3031 glu-

526 3053 642 3110 tino
688 3053 988 3124 iniquitatis
1026 3044 1290 3117 connexi,
1322 3053 1615 3108 unanimes
1656 3061 1712 3108 et
1759 3052 1951 3122 aquali
1991 3059 2119 3108 sunt

524 3144 732 3215 majore
773 3144 907 3201 vitio
950 3143 979 3184 ιι
1023 3144 1294 3216 glutinati.
1336 3143 1660 3200 Sternutatio
1710 3144 1824 3215 ejus
1872 3143 2120 3215 splendor

523 3237 681 3310 ignis.
715 3237 852 3307 Quid
881 3252 982 3309 per
1008 3237 1452 3294 sturnitationem
1480 3248 1527 3304 ο,
1553 3237 1656 3293 nisi
1684 3237 1889 3294 inﬂatio
1923 3254 2118 3310 corpo-

526 3299 636 3396 ris,
685 3299 762 3386 etw
787 3299 1080 3386 commotio
1109 3328 1302 3400 capitis
1351 3299 1702 3400 designatur?
1741 3339 1797 3386 et
1840 3299 2192 3402 quidperC

528 3423 950 3480 commotionem
988 3422 1218 3493 capitis,
1240 3430 1298 3477 et
1333 3421 1668 3478 irritationem
1710 3424 1981 3494 pectoris,
2012 3423 2116 3479 nisi

525 3517 812 3590 superbia,
867 3515 1039 3584 furor,
1089 3517 1171 3572 ira
1209 3525 1265 3572 et
1306 3517 1608 3574 constantia
1645 3519 1882 3575 mentis?
1925 3517 2116 3590 Splen-

525 3609 626 3666 dor
653 3610 798 3666 dicta
828 3617 913 3666 est
939 3609 1024 3666 vis
1054 3608 1148 3664 illa
1176 3607 1399 3678 furoris,
1426 3625 1492 3666 eo
1526 3611 1668 3682 quod
1711 3612 1865 3683 quasi
1910 3611 2118 3669 ultione

523 3702 664 3776 legis
699 3703 883 3760 rabies
907 3718 1108 3759 vesana
1137 3703 1188 3758 in
1225 3701 1426 3758 Christi
1461 3705 1697 3760 cultores
1726 3704 1978 3772 desavit,
2011 3705 2115 3761 lin-

525 3809 660 3870 gens
690 3811 751 3853 se
795 3795 1142 3867 splendorem
1187 3794 1324 3867 legis
1351 3796 1588 3861 habere,
1622 3813 1743 3869 qua
1766 3814 1872 3854 non
1896 3797 2119 3857 luminis

527 3881 764 3942 faculam
786 3925 803 3952 ,
833 3885 929 3941 sed
955 3885 1311 3958 nigerrimam
1341 3885 1570 3942 ustionis
1593 3888 1792 3944 retinet
1818 3887 2114 3946 ﬂammam.

529 3973 639 4032 Sed
673 3984 734 4030 ut
761 3975 870 4031 dixi
900 3974 1133 4030 colorem
1170 3975 1418 4033 veritatis
1450 3975 1714 4046 induens,
1753 3977 2022 4050 justitiam
2061 3981 2117 4036 in

528 4066 702 4125 oculis
741 4067 1069 4124 intuentium
1119 4067 1407 4129 defendere
1452 4070 1606 4145 ﬁngit
1647 4090 1661 4127 :
1703 4073 1800 4128 sed
1850 4087 1980 4128 vere
2027 4089 2120 4146 ge-

527 4161 721 4216 henna
743 4161 1068 4219 tenebrosus
1088 4174 1172 4220 est
1196 4163 1356 4237 ignis,
1379 4166 1503 4250 quia
1527 4181 1632 4222 non
1660 4165 1946 4222 inluminat
1966 4182 2120 4223 crea-

529 4259 738 4320 turam,
783 4253 876 4308 sed
917 4253 1043 4309 urit.
1075 4252 1230 4310 Oculi
1275 4257 1390 4326 ejus
1431 4266 1490 4311 ut
1530 4257 1792 4328 palpebra:
1825 4257 1842 4297 ί
1873 4256 2115 4315 diluculi.

530 4341 637 4400 Per
659 4343 844 4401 oculos
863 4344 1147 4403 haurimus
1172 4347 1385 4415 lumen;
1411 4358 1464 4404 et
1483 4349 1611 4419 quid
1633 4347 1928 4406 Behemoth
1953 4352 2116 4419 oculi,

528 4434 636 4491 nisi
663 4445 758 4492 aut
786 4446 1055 4508 praecepta
1080 4434 1220 4507 ejus,
1248 4454 1346 4511 per
1373 4454 1492 4510 qua
1530 4454 1589 4496 se
1627 4440 1808 4498 lumen
1839 4442 2122 4501 infundere

529 4526 690 4595 fallit,
723 4538 817 4585 aut
847 4530 1145 4601 sapientes,
1171 4545 1269 4602 per
1296 4545 1433 4602 quos
1465 4533 1701 4589 versutia
1725 4534 1925 4600 latinus
1964 4543 2117 4592 tensa

528 4619 819 4677 discurrit?
847 4619 1133 4694 Spondent
1157 4639 1216 4680 se
1245 4625 1497 4682 tenebras
1526 4627 1807 4698 repellere,
1832 4637 1888 4684 et
1919 4630 2119 4687 verita-

531 4710 600 4768 tis
629 4711 810 4768 lumen
841 4714 1010 4786 signis
1037 4714 1366 4771 clarentibus
1390 4697 1641 4772 nuntiare
1667 4759 1682 4786 ,
1713 4717 1876 4775 fidem
1912 4719 2116 4778 Christi
2145 4697 2198 4758 D

530 4805 786 4860 tenebras
815 4812 1142 4873 asserentes,
1174 4813 1230 4862 et
1258 4819 1317 4862 se
1338 4820 1528 4862 verum
1560 4821 1719 4865 mane
1746 4809 2114 4881 credentibus,

534 4894 856 4966 quibusdam
896 4896 1249 4969 prastigiosis
1298 4896 1517 4954 indiciis
1553 4899 1855 4972 designare.
1881 4901 2120 4961 Possunt

533 4994 590 5042 et
615 4986 768 5058 quasi
810 4986 1086 5059 palpebras
1128 4985 1350 5045 diluculi
1383 4991 1508 5048 ideo
1536 4993 1739 5050 dictum
1769 4995 2018 5070 intelligi,
2049 5011 2117 5056 eo

535 5074 679 5147 quod
705 5074 1028 5132 simulanter
1050 5077 1292 5148 priorem
1325 5077 1502 5152 legem
1529 5094 1787 5152 veterem,
1815 5087 1972 5156 quasi
1996 5088 2117 5162 qui-

534 5169 762 5227 busdam
787 5167 1108 5225 indiciorum
1133 5171 1386 5242 decretis,
1414 5174 1502 5232 vel
1532 5185 1925 5251 praceptorum
1947 5182 2111 5252 'ri‘go-

532 5261 709 5329 ribus,
738 5259 793 5317 in
825 5259 1002 5332 aliqua
1033 5262 1212 5319 tenuia
1235 5262 1457 5324 imitare
1479 5268 1699 5325 conavit
1722 5271 1769 5325 8.
1798 5269 1910 5327 Sed
1929 5271 1995 5327 de
2024 5287 2114 5326 ore

603 5430 634 5468 ι
668 5418 733 5474 F.
755 5419 958 5475 miseri.

604 5489 634 5530 δ
671 5490 795 5560 Ms.,
825 5489 1071 5560 clippeus.
1319 5509 1324 5514 ’
1609 5539 1612 5544 .

609 5570 637 5600 α
668 5559 763 5618 Sic
785 5559 992 5644 vulgari
1023 5563 1226 5636 lingua,
1274 5581 1301 5619 ε
1345 5581 1655 5640 suppressa,
1701 5567 1928 5643 Hispani
1975 5569 2112 5629 olfa-

533 5640 705 5706 ctunL
708 5631 1028 5706 proferimus
1055 5637 1240 5706 olfato.

548 5674 642 5745 ma.
755 5674 1353 5779 aqualis,:uln'tuin’ajori
1379 5711 1505 5766 vitio
1535 5709 1802 5782 glutinati.

609 5785 634 5816 ο
718 5790 810 5831 um
836 5783 945 5830 tam
970 5793 1139 5832 nrone
1165 5782 1477 5832 sternutatio
1509 5784 1799 5832 nranedat-

609 5785 634 5816 ο
672 5782 810 5832 Cum
834 5783 957 5853 _tam_
970 5793 1139 5848 prope
1165 5782 1477 5853 sternutatio
1507 5784 1801 5853 pracedat,
1829 5801 1936 5844 non

532 5847 610 5908 ris
642 5861 749 5903 non
773 5847 960 5902 mirari
976 5847 1399 5910 ’transcribentis
1417 5847 1816 5913 oscitationem.

609 5915 630 5959 ί
675 5915 798 5984 Ms.,
825 5917 1092 5987 palfebrw.

1959 5795 2112 5859 pote-

2226 2028 2424 2100 quippe
2458 2028 2849 2099 respiraculum
2876 2030 3000 2086 vita
3025 2038 3143 2096 est,
3179 2038 3240 2086 et
3267 2029 3378 2084 vita
3413 2028 3668 2084 hominum
3692 2026 3760 2082 lex

2224 2122 2321 2178 Dei
2365 2131 2478 2190 est,
2523 2137 2647 2195 qua
2689 2137 2868 2179 mores
2897 2122 3179 2180 hominum
3209 2122 3470 2194 corrigit,
3514 2129 3567 2175 et
3601 2127 3760 2175 statum

2221 2213 2473 2269 humana
2500 2213 2696 2270 salutis
2720 2223 2905 2286 optata
2932 2213 3173 2286 dirigens
3202 2229 3342 2284 pace
3369 2211 3642 2282 componit.
3679 2206 3760 2263 Sed

2222 2305 2384 2378 hujus
2410 2306 2635 2380 legifera
2665 2308 2877 2366 sanctio
2904 2325 3103 2381 prunas
3131 2308 3326 2362 ardere
3357 2306 3501 2378 facit,
3529 2303 3638 2376 quia
3664 2316 3758 2356 car-

2221 2400 2331 2456 nali
2361 2401 2649 2467 desiderio,
2693 2410 2752 2458 et
2795 2417 2977 2457 amore
3013 2401 3239 2464 caduco,
3287 2398 3524 2456 cultores
3561 2394 3761 2468 propria!

2222 2491 2423 2564 replet,
2468 2499 2524 2548 et
2557 2491 2674 2564 jugi
2715 2493 3043 2559 ambitione,
3079 2501 3138 2547 ut
3173 2492 3436 2555 ardeant,
3485 2487 3759 2560 quibusdam

2221 2584 2484 2655 exemplis
2509 2593 2565 2638 et
2595 2584 2795 2656 regulis
2822 2584 2997 2640 docet.
3050 2584 3239 2640 Potest
3275 2593 3331 2640 et
3380 2582 3570 2638 halitus
3609 2591 3760 2635 eorum

2222 2676 2419 2731 ardens
2447 2673 2726 2746 gladiusi,
2775 2691 2938 2747 quem
2971 2674 3258 2747 fulgurans
3302 2674 3546 2736 minitat,
3590 2667 3757 2739 accipi,

2220 2782 2380 2839 quem
2410 2769 2610 2823 mundo
2636 2782 2775 2840 pace
2795 2775 2853 2823 et
2879 2769 3134 2840 patientia
3161 2766 3465 2838 composito
3492 2761 3696 2824 Domini,
3714 2766 3758 2813 ut

2221 2874 2350 2916 vere
2388 2860 2753 2916 Antichristus
2797 2860 3077 2915 contrario
3119 2858 3506 2929 Redemptoris
3547 2851 3757 2909 incedens

2223 2950 2693 3017 calle,~universali
2718 2953 3067 3008 exsecutione
3095 2960 3231 3018 toto,
3261 2961 3321 3008 ut
3346 2951 3593 3012 diximus,
3612 2942 3761 3015 injecit

2222 3044 2628 3102 crudelissimus
2665 3044 2816 3101 orbe.
2867 3045 3019 3113 Quod
3060 3046 3308 3117 apertius
3345 3040 3636 3116 prosecutis
3668 3037 3757 3106 ipsa

2221 3134 2456 3206 explicat
2487 3135 2609 3191 libri
2645 3137 2832 3192 dicens
2861 3153 2875 3190 :
2915 3136 2983 3191 Et
3007 3138 3224 3208 flamma
3255 3136 3323 3192 de
3349 3152 3438 3190 ore
3458 3133 3571 3204 ejus
3597 3126 3759 3200 egredio

2222 3238 2310 3284 tur
2327 3245 2346 3284 :
2372 3245 2493 3299 qua
2511 3229 2867 3286 Christicolas
2891 3240 2945 3286 et
2967 3231 3365 3303 omnipotentis
3386 3226 3586 3284 Domini
3607 3235 3758 3280 servos

2223 3339 2475 3403 satagens
2504 3331 2734 3386 adurere
2766 3329 3062 3386 carnalium
3095 3331 3263 3386 corda
3303 3328 3541 3392 libidine,
3573 3319 3755 3380 commi-

2220 3423 2504 3492 stioneqne
2527 3421 2818 3478 multarum
2843 3423 3054 3479 facium
3079 3422 3208 3478 facit
3229 3424 3444 3479 ardere.
3473 3419 3535 3474 In
3555 3417 3652 3471 loco
3669 3412 3755 3481 eius

2221 3514 2514 3569 morabitur
2534 3514 2788 3586 fortitudo
2809 3529 2830 3570 :
2859 3525 3097 3588 potestas
3120 3525 3177 3572 et
3193 3517 3356 3589 vigor
3379 3512 3586 3584 regalis,
3607 3516 3654 3564 et
3675 3505 3755 3559 late

2223 3607 2533 3663 discurrens
2571 3607 2871 3679 principale
2907 3609 3183 3665 decretum
3205 3651 3220 3677 ,
3269 3607 3585 3664 auctoritate
3618 3601 3754 3670 impc-

2219 3699 2420 3755 ratoria
2469 3699 2609 3756 forte
2627 3701 2677 3755 ι.
2738 3699 2845 3756 Sed
2883 3700 3073 3772 faciem
3120 3699 3236 3770 ejus
3285 3696 3534 3771 prandet
3576 3700 3752 3762 egestas.

2221 3792 2446 3864 Egestas
2473 3809 2600 3849 vere
2641 3794 2844 3865 aliquid
2885 3794 3238 3866 promittendi
3259 3836 3274 3861 ,
3307 3793 3391 3848 vel
3417 3801 3557 3848 certe
3584 3792 3756 3854 egestas

2221 3906 2364 3946 vera
2395 3890 2681 3955 doctrina,
2723 3905 2842 3961 qua
2872 3907 2903 3945 a
2935 3891 3019 3946 die
3050 3889 3381 3962 egressionis
3411 3884 3585 3942 bestia
3611 3876 3754 3935 itumi-

2221 3994 2352 4040 nuta
2380 3992 2484 4051 est,
2508 3993 2564 4040 et
2586 3983 2892 4051 confracta;
2924 3999 3017 4039 seu
3043 3984 3306 4038 virtutum
3336 3989 3388 4037 et
3419 3973 3754 4036 miraculorum

2222 4076 2442 4150 signal,
2469 4093 2590 4149 qua
2616 4078 2915 4144 moderate,
2942 4093 3040 4134 nec
3063 4087 3123 4133 ut
3150 4078 3204 4133 in
3229 4076 3496 4149 principio
3520 4061 3754 4138 multiplici

2219 4169 2381 4236 ﬂore,
2415 4179 2719 4227 coruscant.
2761 4167 2996 4225 Membra
3027 4171 3266 4225 carnium
3295 4169 3408 4241 ejus
3436 4157 3755 4220 cohtrrenlium

2221 4261 2363 4318 sibi:
2397 4263 2585 4319 eadem
2612 4263 2805 4318 crebro
2833 4261 3048 4318 divinus
3076 4261 3278 4334 repetit
3313 4271 3507 4316 sermo.
3556 4251 3615 4308 Et
3647 4247 3757 4303 sicut

2223 4355 2394 4411 fortes
2426 4355 2665 4426 ipsorum
2695 4355 3033 4410 coharentes
3062 4369 3160 4424 per
3187 4367 3248 4408 os
3278 4367 3434 4408 suum
3463 4343 3659 4404 nomine
3679 4335 3753 4390 de.

2223 4447 2486 4521 signavit;
2529 4447 2600 4503 ita
2636 4446 2823 4503 molles
2851 4454 2904 4502 et
2933 4446 3137 4501 debiles
3163 4457 3262 4516 per
3287 4444 3527 4501 carnium
3555 4430 3754 4526 membra

2222 4520 2491 4594 distinxit.
2534 4537 2604 4594 Ut
2634 4553 2848 4594 omnem
2878 4537 3212 4608 perditorum
3244 4549 3477 4592 massam
3507 4540 3552 4586 et
3584 4525 3657 4581 hic
3677 4520 3755 4573 ini-

2223 4632 2448 4704 quitatis
2477 4632 2627 4686 unite
2653 4645 2808 4686 cano
2837 4629 3079 4685 ﬁrmaret
3108 4636 3419 4693 ostensam,
3450 4632 3500 4680 et
3528 4622 3577 4676 in
3608 4615 3752 4710 futuro

2225 4739 2254 4779 a
2284 4723 2460 4795 panis
2489 4720 2636 4777 nullo
2671 4721 2830 4777 modo
2861 4721 3083 4776 doceret
3115 4719 3364 4789 divisam.
3417 4713 3611 4780 Ubique
3640 4711 3754 4800 enirn

2225 4817 2328 4874 sibi
2353 4817 2646 4881 haerentes,
2675 4821 2862 4871 etnon
2892 4812 3145 4884 disiuncti
3173 4800 3490 4872 consistunt,
3513 4800 3623 4892 quia
3648 4801 3752 4892 δίδη

2225 4907 2424 4966 saculo
2459 4922 2557 4980 per
2581 4905 2913 4962 voluntatem
2939 4919 3165 4975 pravam
3197 4913 3324 4959 sunt
3353 4899 3451 4957 sibi
3489 4889 3752 4986 waiting“:

2224 5007 2280 5058 et
2303 5002 2357 5056 in
2379 4975 2727 5056 damnatione
2754 4995 2934 5052 futura
2959 4993 3428 5067 periustissimam
3443 4983 3565 5059 justi
3585 4975 3752 5036 Iudicis

2223 5090 2534 5162 aequitatem
2565 5091 2633 5146 ab
2663 5088 2895 5144 invicem
2927 5102 3034 5142 non
3067 5087 3247 5142 divisi.
3289 5084 3446 5141 Mittit
3473 5085 3636 5134 contra
3661 5076 3751 5122 cum

2226 5171 2472 5256 fulmina,
2504 5191 2552 5239 et
2580 5182 2648 5236 ad
2679 5181 2849 5237 locum
2879 5179 3042 5234 alium
3072 5193 3176 5234 non
3203 5177 3457 5249 feruntur.
3487 5167 3612 5237 Quia
3637 5169 3752 5216 com-

2225 5276 2550 5332 minationes
2575 5273 2769 5331 divina
2797 5272 2924 5330 dum
2951 5285 3099 5340 eum,
3121 5275 3515 5337 memoremque
3539 5258 3658 5330 eius,
3681 5261 3752 5317 at"

2297 5437 2325 5478 ι
2360 5433 2484 5501 ilic,
2514 5433 2604 5490 ubi
2633 5433 2702 5491 de
2728 5448 2788 5488 re
2810 5433 2930 5505 agit
2948 5431 3248 5504 praeterita,
3271 5443 3369 5505 per
3397 5427 3426 5482 lt
3457 5420 3751 5505 sepositi?

2225 5482 2408 5572 nubit-3
2415 5482 2700 5577 unita:
2706 5482 2897 5560 ειύἰέιῗί
2907 5482 3600 5577 mittimitti-equam;
3608 5482 3749 5577 [[Ἢῂ

2294 5558 2693 5646 sitiam,
2710 5558 3046 5644 senatuin;
3067 5558 3214 5646 quod
3232 5558 3451 5636 Graecis,
3472 5573 3524 5623 et
3543 5558 3753 5626 Hispan"

2223 5648 2412 5706 selber
2437 5649 2651 5705 dicitur.

2302 5721 2320 5792 Ῠ
2351 5719 2413 5792 εί·
2445 5720 2782 5792 δυπῖεῖιιίθαεν
2814 5716 3049 5792 #80150.
3077 5715 3368 5792 Βὶερειιιίεθ
3391 5709 3635 5770 subnatat-

2301 5787 2315 5839 i
2352 5791 2477 5861 Ms,
2505 5787 2774 5861 ardentem
2802 5788 3057 5861 gladium.

2298 5861 2326 5933 If
2353 5860 2476 5933 bis,
2503 5859 2818 5933 principalis
2833 5861 3134 5919 decretus...
3166 5860 3335 5933 fortis.

2306 5930 2323 5970 ι
2353 5931 2452 5988 Is.
2465 5971 2480 5998 ,
2509 5930 2700 6001 signia.
