4034 6350
232 376 347 437 349

1406 364 1772 438 ωιωιῠδ
1810 358 2237 439 Lauinosus.

231 492 658 571 prebeMerint;
698 476 767 551 ad
796 490 1021 550 aliorum
1052 491 1312 567 supplicia
1342 511 1451 553 non
1480 495 1816 565 transibunt,
1846 494 1899 561 Α
1923 495 2147 567 fundum
2176 510 2321 552 mare
2344 497 2498 569 quasi
2536 492 2699 551 etiam
2736 493 2973 566 fervescit
2992 477 3056 565 (ξ
3092 494 3221 553 dum
3248 496 3515 557 munitm

232 585 365 660 quia
386 585 533 658 quod
560 585 616 643 in
639 584 719 645 eis
743 594 868 642 urat
893 586 1229 644 abundanter
1248 588 1544 646 habebunt.
1577 589 1682 653 Cor
1705 589 1819 664 ejus

211 679 580 739 'iudurabitur
604 679 759 753 quasi
793 677 964 755 lapis,
1006 696 1071 738 eo
1100 682 1241 752 quod
1282 682 1493 753 nullus,
1539 693 1634 739 aut
1674 690 1824 741 certe

210 773 414 847 parvi,
446 774 514 829 ad
544 775 792 832 veritatis
822 775 981 851 fidem
1010 793 1077 834 ex
1106 777 1351 837 membro
1381 777 1499 851 ejus
1527 785 1818 836 revertent.

201 944 205 946 ν
233 865 310 929 Et
339 869 628 941 stringetur
652 870 805 942 quasi
833 869 1156 937 malleatoris
1187 874 1356 941 incus.
1384 873 1665 932 Funiculis
1693 889 1819 945 pec-

233 968 485 1023 catorum
514 962 833 1023 eonstrincti
859 963 1014 1036 quasi
1045 956 1379 1035 malleatoris
1406 974 1565 1037 erunt
1598 965 1821 1023 incudes

233 1052 498 1119 indurati.
538 1055 1059 1137 locusmalleatoris
1088 1057 1294 1115 idcirco
1322 1058 1729 1130 constringitur,
1760 1065 1822 1112 ut

231 1144 473 1205 uesiduis
502 1144 700 1207 ictibus
723 1145 969 1203 feriatur.
1016 1146 1083 1203 Et
1110 1148 1165 1204 hi
1198 1147 1319 1207 ideo
1346 1149 1642 1225 pertinaci,
1663 1146 1820 1220 juxta

230 1239 435 1303 merita
480 1239 885 1312 prazcedcntia,
920 1253 945 1282 ιι
970 1241 1197 1314 perﬁdia
1245 1244 1710 1316 constringuntur,
1761 1249 1821 1299 ut

231 1332 497 1391 continua
529 1332 880 1405 percussione
917 1333 972 1390 in
1008 1333 1297 1393 infernalia
1342 1337 1459 1394 loca
1503 1337 1815 1394 ttmdantnr.

226 1420 364 1480 Cum
410 1423 652 1483 sublatus
697 1425 883 1497 fuerit,
932 1427 1185 1484 timebunt
1235 1429 1436 1503 angeli,
1488 1440 1535 1486 et
1584 1427 1820 1486 exterriti

221 1515 615 1587 purgabantur.
648 1515 1043 1575 Praedicatores
1069 1518 1327 1576 Ecclesiae
1350 1537 1381 1577 a
1402 1519 1621 1577 Christo
1643 1520 1814 1590 missi,

221 1607 319 1682 qui
348 1610 579 1667 terroris
607 1610 753 1667 illius
776 1612 987 1669 visione
1015 1629 1044 1668 a
1070 1612 1368 1673 levioribus
1391 1615 1632 1687 peccatis
1660 1631 1817 1671 mun-

220 1699 426 1759 dantur
452 1702 510 1761 in
546 1702 675 1763 line.
728 1701 861 1760 Cum
891 1706 1287 1779 apprehenderit
1313 1707 1342 1748 ιι
1371 1707 1602 1780 gladius,
1646 1706 1817 1764 subsi-

1926 591 2082 650 bellis
2106 592 2347 661 lacessit,
2378 592 2460 650 vei
2483 594 2609 649 dum
2631 593 2797 650 corda
2826 592 3166 650 saecularium
3195 595 3515 669 cupiditate,

1926 684 2168 754 libidine,
2193 686 2277 745 vel
2304 687 2463 761 legali
2493 687 2774 755 instinctu,
2805 697 2862 746 et
2889 688 3008 746 zelo
3037 689 3132 747 Dei
3164 698 3224 747 ut
3246 690 3510 761 ostendit,

1926 779 2184 837 incendit.
2236 779 2406 836 Ponet
2451 783 2603 855 quasi
2646 791 2915 855 unguenta
2954 796 3072 839 cum
3116 784 3404 853 atullisset:
3447 791 3511 842 ut

1925 875 2043 932 haec
2084 875 2338 933 universa
2369 892 2488 948 quae
2535 877 2785 949 nequiter
2826 876 2937 949 agit
2965 879 2991 918 ε
3020 876 3139 933 ‘zelo
3170 876 3512 937 rectitudinis

1926 976 1982 1024 et
2023 968 2147 1025 fidei
2177 969 2491 1039 intorquere
2534 967 2589 1025 in
2622 969 2881 1026 adversos
2905 979 2960 1026 et
2983 969 3285 1026 (δοκείτω-ἰαῦ
3312 968 3510 1042 glorie-

1926 1062 2016 1115 tur
2040 1077 2053 1114 :
2087 1060 2214 1115 illud
2243 1059 2592 1133 Evangelium
2620 1059 2973 1132 adimplentes
2992 1078 3010 1117 :
3028 1058 3213 1117 Omnis
3233 1061 3322 1132 qui
3346 1061 3513 1116 intes-

1922 1148 2101 1222 fecerit
2132 1167 2249 1218 vos,
2298 1150 2646 1206 arbitrabitur
2687 1167 2743 1207 se
2787 1151 3087 1223 obsequium
3127 1158 3379 1224 pra’stare
3398 1150 3510 1207 Deo

1924 1240 2110 1314 (Joan.
2129 1260 2217 1298 xv:
2236 1285 2252 1311 ,
2282 1243 2363 1315 2).
2394 1244 2548 1313 Quod
2577 1252 2766 1301 nostro
2796 1250 3037 1317 tempore
3068 1243 3332 1301 occidisse
3358 1244 3511 1301 vide-

1922 1348 2065 1403 mus,
2094 1334 2219 1390 dum
2241 1350 2489 1391 cruorem
2516 1334 2751 1391 fidelium
2781 1335 2935 1407 quasi
2957 1333 3013 1391 in
3036 1333 3349 1392 defensione
3376 1336 3516 1406 tegis

1920 1421 2143 1479 libatum
2190 1425 2417 1481 Domino
2445 1425 2740 1495 volvimus,
2782 1434 2838 1482 et
2878 1434 3111 1497 camara
3153 1434 3451 1500 martyrum
3478 1440 3512 1483 ι

1919 1515 2210 1588 gentilibus
2244 1532 2368 1574 arsa
2397 1516 2567 1574 oculis
2593 1520 2794 1575 nostris
2823 1518 3204 1590 conspeximus
3230 1534 3246 1575 :
3279 1527 3337 1575 et
3363 1518 3510 1591 quod

1918 1607 2299 1667 abundantiori
2322 1619 2406 1668 est
2443 1610 2570 1677 fietu
2607 1611 2969 1685 plorandum,
3006 1612 3294 1686 plerosque
3319 1611 3512 1670 Patres

1918 1704 2442 1761 anathematizantes
2494 1704 2621 1761 talia
2670 1705 2938 1778 patientes
2987 1706 3324 1762 miravimus.
3379 1704 3510 1762 Post

218 1785 355 1851 stsrs
387 1812 493 1853 non
517 1797 707 1868 poterit
740 1814 904 1870 neque
930 1798 1115 1868 basta,
1162 1817 1325 1873 neque
1358 1801 1572 1857 thorax.
1621 1800 1814 1858 Gladio
1915 1809 2037 1848 eum
2066 1792 2257 1850 lucebit
2283 1797 2491 1852 semita.
2537 1791 2832 1868 Perspicua
2858 1794 3197 1868 expositione
3232 1812 3337 1853 non
3366 1795 3508 1852 indi-

216 1887 644 1960 apprebenditur
668 1931 684 1957 ,
746 1890 873 1961 quia
926 1891 1022 1947 ira:
1072 1907 1185 1950 suae
1235 1909 1343 1950 non
1395 1894 1767 1952 dominabitur
1789 1935 1805 1961 ,
1837 1876 1885 1940 Β
1914 1893 2037 1958 sel.
2069 1895 2125 1942 et
2162 1887 2268 1942 hoc
2294 1894 2402 1941 tam
2429 1896 2674 1959 apertum
2707 1896 2762 1944 et
2789 1887 2994 1944 clarum
3026 1895 3131 1953 est,
3173 1897 3253 1956 ut,
3286 1898 3347 1943 re
3390 1887 3506 1957 ipsa

216 1991 398 2048 neque
427 1980 616 2047 hasta,
648 1994 822 2051 neque
855 1981 1047 2038 thorax
1078 1981 1129 2039 ei
1158 1983 1430 2053 subsistit,
1462 1984 1588 2056 quia
1615 1984 1810 2057 praedi-

213 2079 410 2127 cantes
458 2071 564 2128 sibi
615 2088 743 2128 vera
796 2074 1014 2130 necavit
1063 2076 1385 2143 crudeliter,
1437 2086 1494 2133 et
1539 2077 1810 2150 patientes

214 2167 603 2224 condemnavit
632 2168 919 2226 instanter.
965 2169 1096 2229 Sive
1124 2173 1279 2232 hasta
1308 2182 1364 2232 et
1394 2175 1590 2233 thorax
1620 2192 1725 2235 non
1756 2175 1808 2234 ei

211 2259 267 2316 iu
299 2262 703 2333 tennporevbelli
735 2263 1065 2333 subsistent,
1106 2265 1235 2322 dum
1263 2274 1318 2324 et
1343 2268 1599 2343 praesules
1631 2268 1809 2326 officio

211 2353 618 2426 praedicationis
654 2355 939 2427 pollentes,
976 2367 1156 2415 metus
1186 2367 1355 2416 terret
1385 2359 1713 2426 formidinis,
1753 2369 1809 2418 et

208 2441 471 2504 Ecclesia:
496 2455 700 2503 sancte
731 2447 941 2505 robusti
968 2451 1318 2508 consentiunt
1345 2450 1621 2510 labefacti.
1652 2451 1808 2521 Quod

209 2536 556 2595 mniifestius
583 2542 863 2611 sequentia
891 2543 1187 2615 explicant.
1239 2545 1546 2618 Reputabit,
1574 2546 1669 2615 ait,
1700 2547 1808 2617 [er-

209 2643 330 2684 rnm
378 2627 715 2686 fortitudinis
765 2632 1068 2702 Ecclesiae,
1133 2644 1183 2691 et
1232 2652 1344 2704 aes,
1400 2634 1594 2709 jugisc
1644 2636 1805 2694 oflicii

210 2737 309 2794 per
350 2722 541 2780 mundi
589 2724 882 2781 carminad
916 2726 1231 2797 tinnientes,
1279 2737 1338 2784 ut
1384 2729 1587 2800 paleas,
1624 2739 1671 2786 et
1701 2747 1804 2802 pu-

211 2812 414 2869 tridum
439 2812 665 2886 lignum,
692 2816 819 2871 dum
850 2815 1022 2881 fortes
1049 2819 1205 2888 terit,
1241 2828 1295 2877 et
1317 2836 1572 2893 proceres
1601 2821 1806 2880 infusos

211 2902 421 2960 inridit.
473 2904 601 2963 Non
627 2906 830 2979 fugabit
859 2924 977 2983 eum
1007 2910 1089 2966 uir
1114 2912 1440 2984 sagittarius,
1470 2912 1804 2970 ecclesiasti-

207 3009 307 3052 cus
331 2997 521 3067 utique
550 3000 903 3069 prredicator;
937 3004 1080 3073 quod
1112 3005 1282 3062 multo
1310 3005 1652 3064 luminositer
1677 3009 1803 3066 huic

206 3100 398 3148 nostro
442 3094 672 3163 tempori
718 3097 987 3169 congruit,
1032 3106 1089 3155 et
1129 3108 1319 3157 contra
1360 3101 1804 3174 reprehensionis

207 3180 571 3240 invectionern
618 3186 903 3256 stolidam,
951 3189 1275 3248 adorearum
1302 3193 1586 3252 catholicis
1628 3195 1801 3253 victo-

1910 1975 2171 2049 fulgente,
2196 1978 2418 2037 doctore
2441 1994 2548 2034 non
2572 1988 2747 2051 egeat.
2778 1978 2913 2034 Nam
2935 1986 3058 2050 post
3084 1979 3260 2050 ipsius
3282 1975 3505 2034 nefandi

1907 2071 2233 2142 probrosum
2268 2073 2585 2140 discessum,
2619 2075 2785 2130 tantis
2812 2072 3078 2129 doctrinis
3104 2079 3159 2128 et
3191 2071 3511 2144 suppetitio-

1909 2164 2069 2223 nibus
2093 2165 2285 2222 semita
2317 2164 2505 2237 fulget,
2533 2171 2594 2222 ut
2628 2166 2730 2223 nisi
2757 2181 2987 2237 superna
3016 2165 3311 2237 spiratione
3334 2164 3503 2221 corda

1908 2273 2265 2329 supernorum
2306 2261 2505 2317 civium
2536 2259 2994 2317 clementissimus
3018 2261 3225 2318 arbiter
3251 2264 3466 2333 regeret
3483 2297 3501 2326 ,

1867 2359 1871 2361 “
1908 2352 2086 2409 omnis
2104 2353 2136 2394 ιι
2167 2353 2443 2409 smeuiaris
2472 2352 2618 2410 illius
2644 2352 2820 2426 fulgor
2848 2353 3141 2426 deciperet.
3193 2351 3304 2410 Nec
3330 2364 3500 2423 expo-

1907 2444 2104 2500 sitione
2126 2445 2336 2518 prolixa
2361 2461 2498 2519 Opus
2514 2458 2598 2503 est
2618 2447 2673 2502 in
2690 2460 2751 2503 re
2764 2462 2887 2518 quae
2905 2446 3026 2503 luce
3039 2445 3237 2502 clarior
3255 2452 3436 2501 exstat
3454 2444 3501 2511 ί,

1907 2552 2027 2609 quae
2049 2537 2104 2593 in
2140 2539 2403 2595 munditia
2433 2550 2487 2595 et
2515 2539 2570 2594 in
2599 2539 2802 2595 lavacri
2838 2538 3108 2611 superflua
3138 2545 3194 2593 et
3223 2534 3490 2609 exquisita

1907 2644 2008 2700 per
2028 2631 2269 2685 omnium
2295 2631 2746 2704 supplicationum
2774 2631 3011 2687 elutione
3033 2630 3310 2694 disseruit,
3340 2636 3504 2700 atque

1905 2719 1961 2777 in
1993 2720 2283 2779 multarum
2310 2723 2510 2779 artium
2540 2722 2949 2779 subtilissimum
2980 2721 3352 2794 disciplinam,
3377 2732 3500 2792 quc

1905 2812 2182 2883 corporeis
2211 2820 2422 2871 tantum
2470 2812 2715 2885 iniuncta
2738 2823 2821 2871 est
2863 2813 3117 2879 artubus,
3160 2822 3267 2884 qua
3303 2810 3503 2883 poterit

1904 2912 2180 2961 oratorem
2230 2906 2481 2964 facundia
2527 2907 2771 2964 enodari.
2822 2906 3014 2966 Omnis
3052 2924 3288 2980 namque
3313 2920 3501 2963 eorum

1904 3000 2094 3056 lucens
2121 3001 2315 3058 semita
2346 3001 2399 3058 in
2425 3002 2505 3058 eis
2533 3018 2696 3074 quam
2725 3004 2960 3059 maxime
2991 3002 3179 3077 fulget,
3206 3015 3327 3074 quae
3348 2999 3503 3057 carni

1903 3089 2202 3148 fomentum
2232 3090 2541 3151 luxuriandi
2560 3135 2576 3163 ,
2610 3104 2666 3152 et
2690 3093 3041 3168 delinquendi
3068 3087 3350 3150 materiam
3374 3092 3503 3149 sub-

1902 3182 2251 3239 ministrant:
2281 3201 2390 3241 non
2423 3200 2545 3261 quae
2576 3185 2815 3242 animum
2846 3200 2879 3242 a
2914 3185 3035 3243 labe
3062 3185 3418 3257 deceptionis,
3448 3191 3506 3242 et

204 3275 345 3332 riam
380 3277 586 3337 tribuit.
632 3278 702 3337 In
722 3282 973 3352 stipulam
995 3287 1129 3341 versi
1151 3296 1273 3343 sunt
1294 3288 1345 3342 ei
1367 3287 1566 3361 lapides
1588 3289 1791 3361 fundae,

1904 3291 1933 3330 a
1978 3273 2124 3332 fluxu
2173 3276 2395 3348 deliquii
2448 3279 2789 3335 correctione
2847 3294 3061 3335 morum
3104 3278 3498 3350 constringant.

206 3364 413 3437 lapides
439 3368 653 3427 scilicet
694 3375 1010 3439 sanctuarii.
1040 3377 1135 3447 qui
1178 3377 1417 3449 lapidum
1449 3396 1601 3439 more
1629 3384 1794 3439 corda

203 3458 550 3529 percutiunt,
595 3462 680 3519 vel
705 3473 855 3521 certe
885 3482 917 3521 a
945 3468 1140 3538 quibus
1167 3470 1359 3528 domus
1394 3473 1641 3543 Domini,
1691 3475 1797 3533 hoc

199 3564 285 3611 est
300 3553 636 3614 Hierusalem
660 3559 751 3615 illa
776 3561 1034 3628 ctelestis,
1051 3567 1278 3635 perenni
1294 3568 1593 3625 munimine
1610 3568 1782 3627 fabri-

200 3644 283 3701 cis
307 3645 713 3717 pulcherrimus
732 3651 1040 3710 decoratur.
1094 3654 1202 3711 Sed
1226 3666 1287 3713 ut
1310 3658 1508 3730 stipula
1534 3669 1795 3732 reputan-

201 3742 308 3799 tur,
340 3737 466 3808 quia
490 3748 586 3795 aut
608 3757 705 3812 per
728 3741 967 3817 gladium
1006 3744 1061 3801 in
1090 3745 1261 3801 nihilo
1284 3747 1667 3817 dissolvantur,
1699 3763 1795 3809 aut

200 3842 299 3899 per
337 3828 644 3899 injectionis
693 3834 939 3906 decipula
963 3851 984 3879 ο
1030 3839 1433 3898 consentientes
1476 3842 1687 3911 errori,
1736 3845 1793 3901 in

200 3919 309 3977 feni
354 3922 740 3982 mollendinem
791 3928 1125 4001 redigentur.
1172 3930 1280 3988 Sed
1325 3933 1457 4004 quid
1503 3933 1701 3991 mirum
1745 3936 1792 3993 si

198 4010 406 4082 lapides
426 4014 628 4083 deiicit,
642 4018 736 4089 qui
760 4018 1012 4077 malleum
1027 4037 1086 4079 se
1115 4024 1427 4080 tundentem
1451 4026 1794 4083 contemnit?

201 4103 373 4172 Quasi
406 4108 661 4180 stipulam
707 4113 986 4170 (estimabit
1018 4117 1301 4188 malleum,
1350 4127 1407 4177 et
1452 4120 1793 4181 humanitate

197 4210 451 4273 suscepta
477 4218 855 4274 percussorem
881 4224 1041 4268 suum
1069 4227 1249 4269 rerum
1286 4213 1575 4271 Dominum
1600 4215 1790 4275 Jesum

196 4291 496 4352 Christum.
526 4298 609 4353 An
629 4313 737 4356 non
763 4300 990 4360 malleus
1017 4312 1102 4361 est
1127 4303 1202 4359 illi
1236 4305 1392 4375 quasi
1413 4306 1609 4377 stipula
1636 4324 1791 4380 repu-

198 4391 315 4441 tare
352 4385 555 4460 Regem
583 4393 825 4449 omnium
860 4393 1182 4453 saeculorum
1209 4398 1548 4471 protoplasto
1582 4401 1789 4459 homini

194 4476 459 4547 aequalem
495 4479 580 4535 vel
603 4480 837 4541 similem
862 4488 1173 4545 somniare?

1897 3369 2211 3427 xEstintabit
2252 3372 2499 3444 abyssum
2529 3374 2680 3446 quasi
2705 3385 3079 3457 senescentem.
3127 3368 3280 3429 Licet
3309 3372 3504 3430 beatus

1896 3463 2000 3518 hoc
2046 3471 2235 3518 contra
2290 3462 2726 3539 Origenianistas
2777 3478 2931 3522 ntere
2980 3478 3080 3520 suo
3134 3462 3225 3520 illo
3273 3476 3503 3520 comsco

1894 3553 2190 3629 Gregorius
2219 3554 2486 3626 disserat,
2532 3567 2714 3616 tamen
2748 3560 2876 3631 quia
2913 3559 3197 3615 catholica
3238 3557 3501 3629 doctrina

1894 3647 2175 3719 multiplex
2221 3664 2414 3705 sensus
2443 3665 2551 3705 non
2579 3649 2840 3717 obviati,
2892 3659 2946 3706 et
2988 3649 3311 3720 plerumque
3338 3646 3497 3704 Scri-

1891 3726 2052 3811 ptura
2080 3755 2232 3797 sacra
2260 3756 2370 3797 uno
2396 3756 2668 3810 sermone,
2692 3741 2780 3797 vel
2805 3741 3001 3814 figura,
3033 3739 3201 3795 multa
3228 3739 3495 3815 designat,

1894 3842 2093 3891 nostra:
2122 3835 2478 3906 expositionis
2511 3835 2755 3892 ordinem
2788 3849 3200 3909 prosequamur.
3248 3832 3496 3905 Abyssus

1894 3927 1951 3983 in
1986 3927 2171 3983 multis
2201 3928 2500 4000 Scriptura:
2529 3928 2664 3985 locis
2692 3928 2779 3984 lex
2810 3927 2906 3984 Dei
2954 3926 3240 3999 accipitur.
3295 3924 3364 3980 Et
3408 3924 3498 3980 hic

1893 4029 2267 4081 senescentem
2298 4024 2573 4095 reputavit
2599 4022 2879 4097 abyssum,
2908 4023 3033 4079 dum
3061 4022 3115 4077 in
3142 4019 3494 4093 derogatione

1892 4114 2168 4188 Evangelii
2199 4115 2354 4187 quasi
2399 4113 2547 4173 aliud
2586 4131 2786 4172 novum
2835 4114 2909 4172 illi
2940 4115 3274 4175 contrarium
3318 4116 3497 4185 (Μερο-

1892 4208 2001 4271 suit
2048 4217 2455 4267 testamentum.
2510 4206 2635 4265 Non
2679 4219 2753 4266 est
2799 4219 3028 4282 potestas
3070 4218 3227 4282 super
3261 4198 3492 4275 terram,

1891 4316 2010 4373 qua:
2051 4312 2385 4371 comparetur
2406 4299 2494 4356 ei:
2524 4318 2645 4375 quae
2685 4301 2760 4358 ita
2794 4310 2849 4357 et
2885 4299 3234 4361 simulatione
3278 4298 3495 4357 szeviret

1891 4392 2049 4469 legis,
2076 4403 2133 4453 et
2166 4401 2372 4451 terrore
2400 4402 2674 4466 premeret
2717 4395 3024 4468 potestatis.
3077 4390 3254 4469 Super
3291 4400 3491 4446 terram

1890 4485 1941 4542 ci
1970 4502 2079 4553 non
2110 4487 2380 4558 reperitur
2403 4487 2618 4555 similis,
2656 4488 2783 4559 quia
2808 4504 2914 4544 non
2959 4503 3025 4544 ex
3054 4484 3362 4556 terrigenis,
3396 4482 3492 4539 sed

264 4567 357 4625 5L
398 4569 469 4626 Et
493 4573 748 4631 deridebit
781 4577 1069 4636 vibrantem
1093 4581 1331 4650 hastam,
1381 4580 1543 4655 hujus
1585 4593 1787 4643 sancta;
1813 4632 1864 4657 ἢ
1893 4578 2189 4650 inspirator
2228 4580 2346 4652 ejus
2390 4596 2530 4637 unus
2570 4579 2674 4636 fuit
2718 4596 2788 4636 ex
2834 4579 3151 4657 apostaticis
3180 4577 3402 4651 angelis,
3435 4584 3491 4632 et

192 4660 331 4735 legis
399 4666 877 4726 comminationem
921 4669 1123 4743 iugiter
1185 4673 1264 4733 illi
1320 4675 1601 4737 interitum
1650 4694 1784 4735 con-

194 4765 546 4827 crepantem,
589 4759 718 4817 dum
761 4763 986 4834 sagittas
1015 4765 1146 4833 Dei,
1172 4766 1229 4824 id
1256 4776 1344 4825 est
1371 4769 1783 4841 praedicatores,

191 4848 417 4917 inridet,
432 4859 490 4908 et
501 4855 667 4911 verba
686 4870 877 4913 eorum
890 4874 1011 4930 qua:
1032 4860 1140 4917 illis
1161 4861 1440 4920 interitum
1456 4875 1781 4938 praesagum,

189 4948 254 4997 ut
279 4942 552 5002 insaniam
580 4948 937 5007 deliramenta
956 4955 1275 5012 contemnit.
1320 4954 1520 5014 Sternit
1563 4957 1663 5015 sibi
1690 4975 1787 5016 au-

191 5047 314 5087 ram
356 5037 513 5106 quasi
555 5037 749 5109 lutum,
790 5041 938 5098 velut
978 5057 1199 5101 sensum
1245 5046 1584 5118 spiritualem
1623 5051 1781 5122 quasi

190 5124 371 5218 lutum
406 5139 779 5205 contemnens,
817 5136 907 5194 vel
932 5138 1191 5209 populum
1235 5138 1610 5200 Christianum
1645 5146 1784 5218 pede

189 5217 441 5277 victoriae
480 5223 733 5305 calcans,
756 5227 843 5284 vel
880 5238 1067 5285 sancta
1095 5228 1191 5285 Dei
1220 5230 1543 5302 profanans,
1587 5217 1785 5294 etiDei

189 5309 372 5384 legem
399 5313 660 5377 inrisione
696 5320 882 5377 sedula
909 5320 1202 5382 detrahens
1227 5332 1285 5382 et
1314 5325 1614 5386 inculcans.
1647 5328 1785 5388 Pro-

260 5462 295 5527 ξ
320 5451 446 5527 με»,
480 5458 819 5527 precidentia.

263 5521 296 5636 ξ
322 5521 808 5671 admissam;
831 5546 957 5591 eum
984 5533 1227 5608 gladius;
1254 5544 1317 5594 ut
1340 5536 1399 5595 in
1426 5545 1576 5597 testu
1599 5538 1716 5602 Job.

261 5664 292 5708 ἀ
318 5664 384 5722 L.
413 5664 652 5727 cerdilio.

264 5749 293 5821 ξ
426 5740 756 5821 injectionem
776 5747 1048 5821 decipula.

269 5809 294 5895 ί
325 5809 485 5895 ‘A-pud
508 5810 648 5895 Job:
681 5809 961 5887 fervescere
981 5821 1158 5891 faciet.

268 5882 294 5922 ⁶
329 5880 456 5952 κέ..
492 5880 688 5957 agitur.

1810 4632 1866 4695 D

1888 4670 2180 4743 prudentio
2203 4671 2230 4711 ιι
2257 4670 2397 4727 caelo
2416 4687 2599 4728 secum
2628 4671 2910 4745 dilapsam,
2936 4671 2989 4726 in
3015 4670 3347 4727 contrarium
3370 4680 3489 4722 ver-

1891 4765 2049 4827 sutize
2081 4764 2383 4822 recedendo
2410 4764 2650 4822 retorsit.
2703 4764 2808 4833 Qui
2852 4765 3025 4838 factus
3050 4772 3146 4831 est,
3189 4772 3245 4817 ut
3282 4761 3488 4818 nullum

1889 4861 2116 4928 timeret,
2139 4869 2339 4932 praeter
2366 4860 2538 4917 Deum
2568 4860 2663 4933 qui
2701 4874 2828 4916 eum
2858 4867 3007 4916 tanto
3031 4855 3367 4915 excellentiae
3397 4856 3487 4912 de-

1887 4970 2016 5013 core
2044 4955 2368 5027 repleverat.
2399 4954 2510 5012 Sed
2536 4954 2627 5012 ille
2653 4970 2762 5012 non
2787 4956 3483 5011 contentus'creaturarum

1887 5050 2163 5119 omnium,
2208 5051 2403 5126 quibus
2444 5049 2699 5123 praelatus
2739 5047 2920 5107 fuerat
2946 5043 3214 5125 honore‘,
3248 5042 3482 5116 superbe

1890 5142 2321 5203 additamentum
2354 5160 2569 5217 semper
2590 5144 2794 5205 habere
2818 5141 3156 5216 desiderans,
3188 5156 3289 5215 nec
3314 5139 3483 5197 facto-

1891 5254 2008 5297 rem
2034 5238 2246 5297 timoris
2266 5239 2569 5298 reverentia
2592 5239 2782 5310 coluit,
2808 5254 2911 5297 nec
2936 5247 3222 5305 contentus
3251 5232 3483 5318 beatitu-

1890 5333 2016 5392 dine
2027 5351 2134 5408 qua
2143 5336 2403 5409 praeditus
2416 5335 2627 5394 caeteris
2635 5335 2926 5404 eminebat,
2943 5335 3188 5394 ordinem
3202 5332 3481 5407 proprium

1963 5496 1992 5536 ιι
2030 5492 2093 5551 F.
2121 5496 2321 5563 omnia,
2346 5495 2400 5552 id
2428 5504 2516 5554 est
2543 5495 2707 5554 corda
2732 5496 2996 5555 omnium.

1968 5567 1986 5647 ᾗ
2033 5564 2133 5647 Hie
2162 5565 2301 5647 forte
2329 5569 2584 5647 periodus
2611 5568 2965 5647 claudendas,
2991 5569 3079 5629 cui
3103 5584 3277 5631 novus
3300 5580 3487 5647 sacco;

1894 5635 2010 5703 dat,
2028 5645 2167 5713 _n_ota
2199 5635 2587 5713 interrogantis
2617 5635 3011 5702 terminandum

1971 5719 1987 5760 ι
2028 5707 2087 5763 ld
2115 5717 2201 5766 est
2223 5707 2561 5771 adversatur.

1967 5778 2001 5852 ξ
2024 5778 2464 5852 ξίφηάεηιὶαηι.

1972 5847 1994 5891 ι
2028 5847 2153 5920 Μελ,
2176 5852 2444 5911 honorem.
