4034 6350
629 335 733 406 551

1842 345 2093 403 ALVARI
2130 347 2609 408 CORDUBENSIS
2737 403 2740 406 .
3730 356 3805 412 552

631 465 951 533 custodivit;
983 463 1109 521 inde
1129 464 1196 518 ad
1225 463 1332 517 ima
1349 459 1610 528 deﬂuens,
1632 460 1797 518 etiam
1824 464 1926 520 sub
1951 465 2217 521 creaturis
2240 471 2294 532 Α
2317 481 2424 537 que
2465 465 2611 521 aliud
2638 463 3028 532 Antichristus,
3063 478 3225 535 quam
3251 459 3444 520 Christi
3469 467 3728 523 contrarius
3747 470 3804 525 di-

633 560 803 618 Deum
824 559 1128 616 timentium
1172 556 1298 612 ruit.
1340 555 1506 611 Omne
1525 555 1746 612 sublime
1783 557 1938 613 videt.
1981 558 2098 614 Non
2130 560 2212 615 in-

633 661 716 708 tra
740 665 765 694 ι
788 652 970 709 omnia
991 649 1302 706 desiderans
1323 663 1460 712 esse,
1491 648 1584 703 sed
1608 663 1770 720 super
1791 648 1970 705 omnia
1996 641 2216 707 tumens

632 754 792 802 vento
807 743 1080 818 jactantiaa
1096 743 1279 799 extolli
1303 741 1618 798 desiderans
1640 742 1938 800 sublimiori
1959 742 2210 799 omnibus

631 845 917 910 potestate.
950 833 1058 892 Sed
1091 842 1148 890 et
1179 834 1245 890 de
1271 833 1515 890 membro
1557 835 1676 906 ejus
1707 842 1886 905 potest
1913 835 2029 890 haec
2065 832 2213 888 clau-

632 926 746 983 sula
777 941 883 983 non
925 925 1304 996 incongrueter
1333 925 1574 981 tractari.
1601 925 1774 982 Omne
1810 941 2043 996 namque
2067 925 2210 998 quod

627 1017 916 1090 pretiosior
945 1017 1000 1072 in
1023 1019 1189 1074 rebus
1213 1019 1502 1074 mundanis
1530 1019 1783 1085 habetur,
1807 1033 1993 1074 eorum
2021 1017 2212 1074 ditioni

557 1157 567 1172 .
630 1109 897 1176 subditur,
934 1117 992 1164 et
1036 1108 1280 1167 oﬂ‘ertur.
1328 1109 1450 1181 Ipse
1493 1121 1568 1166 est
1613 1128 1705 1167 rex
1745 1127 1902 1182 super
1946 1112 2211 1168 universos

627 1200 769 1270 ﬁlios
797 1199 1074 1271 superbire.
1104 1199 1252 1257 More
1281 1215 1380 1256 suo
1411 1199 1692 1270 Scriptura
1737 1217 1893 1258 sacra
1937 1200 2213 1257 multoties

628 1293 797 1350 semel
825 1294 972 1352 dicta
1000 1293 1224 1365 replicat
1250 1302 1305 1348 et
1335 1293 1568 1350 intentat
1595 1309 1609 1347 :
1647 1302 1703 1349 et
1735 1293 2044 1365 superbiam
2072 1291 2208 1363 ejus,

626 1393 682 1443 et
709 1395 979 1444 tumorem
1022 1386 1178 1442 elatae
1226 1385 1444 1450 mentis,
1475 1386 1642 1443 semel
1684 1387 1913 1444 infirmis
1941 1386 2214 1442 mentibus

626 1493 735 1534 non
779 1477 975 1535 suﬂicit
1015 1478 1346 1549 designasse.
1392 1477 1503 1534 Nec
1527 1493 1653 1534 eum
1685 1478 1974 1549 superbum
2006 1479 2212 1549 simpli-

624 1569 764 1625 citer
790 1569 1127 1626 solummodo
1148 1577 1326 1638 vocat,
1351 1569 1447 1625 sed
1474 1585 1599 1626 eum
1628 1585 1792 1640 super
1819 1585 2006 1626 omnes
2030 1586 2215 1642 super-

2312 559 2489 615 citur?
2514 557 2581 612 Et
2605 556 2736 629 quid
2770 556 2890 622 iste,
2925 555 3030 611 nisi
3064 555 3404 613 adversarius
3422 556 3601 614 Christi
3625 561 3805 634 esthui

2312 661 2502 709 contra
2535 651 2681 708 illius
2720 650 3066 708 sanctissima
3104 649 3350 720 dogmata
3386 651 3572 706 exertis
3596 650 3807 710 lacertist

2313 745 2595 816 praeliavit.
2643 743 2995 815 Inspiciamus
3041 742 3144 798 hoc
3182 741 3324 808 loco,
3364 741 3411 797 si
3453 742 3662 813 expedit,
3697 761 3808 804 suum

2316 839 2730 896 machinationis
2751 854 2822 896 ex
2850 838 3028 910 aliqua
3051 845 3205 908 parte
3227 847 3592 895 commentum.

2383 932 2471 987 33.
2497 933 2972 990 Resurrectioncm
2997 931 3212 988 Domini
3241 931 3380 987 diem
3405 931 3637 987 feriarum
3657 935 3811 1006 gaudiis

2315 1022 2538 1094 respuit,
2567 1030 2626 1079 et
2655 1030 2864 1080 sextam
2887 1021 3078 1078 feriam
3105 1021 3370 1093 passionis
3391 1021 3590 1077 Domini
3607 1025 3811 1081 mmstitia

2313 1115 2398 1171 vel
2424 1113 2630 1184 jejunio
2667 1115 2940 1181 deditum,
2970 1115 3144 1172 ventri
3165 1122 3224 1170 et
3247 1113 3453 1170 libidini
3479 1114 3722 1171 dedicavit.
3742 1116 3810 1174 Pa-

2313 1222 2432 1264 cem
2457 1207 2730 1274 Christus,
2761 1216 2818 1263 et
2857 1205 3176 1278 patientiam
3227 1205 3408 1273 docuit
3437 1223 3450 1260 :
3485 1205 3569 1262 ille
3601 1206 3757 1265 bellum
3775 1219 3810 1263 et

2314 1299 2550 1370 gladium
2589 1299 2940 1355 innocentum
2982 1297 3288 1354 cervicibus
3313 1298 3545 1354 acuendo
3567 1298 3751 1366 limavit,
3772 1312 3810 1356 ut

2314 1389 2380 1444 de
2427 1405 2485 1446 se
2530 1390 2730 1446 dictum
2753 1432 2768 1457 ,
2811 1389 2895 1445 vel
2925 1389 2991 1444 de
3019 1388 3165 1454 suis,
3211 1403 3334 1445 esse
3370 1390 3634 1445 ﬁrmaret:
3661 1389 3810 1460 Disripa

2313 1490 2486 1552 gentes
2545 1497 2662 1553 qua:
2693 1479 2830 1535 bella
2857 1479 3036 1536 uolunt
3059 1476 3244 1550 (Psal.
3283 1495 3458 1545 van,
3494 1479 3588 1550 51)
3613 1494 3626 1532 :
3647 1480 3692 1535 hi
3713 1481 3809 1535 enim

2314 1572 2369 1627 in
2422 1582 2630 1628 tantum
2676 1572 2815 1629 bella
2859 1571 3201 1637 desiderant,
3243 1580 3304 1627 ut
3347 1571 3460 1627 haec
3500 1571 3578 1628 vel
3615 1571 3738 1643 quasi
3767 1587 3810 1628 ex

625 1659 725 1716 bos
753 1661 1006 1716 ducatum
1051 1661 1256 1717 habere
1296 1661 1602 1718 confirmat.
1643 1661 1938 1718 Universos
1976 1677 2212 1733 namque
2307 1662 2549 1732 jussione
2594 1662 2692 1719 Dei
2749 1664 2804 1718 in
2866 1662 3078 1719 cunctis
3117 1663 3369 1732 gentibus
3416 1670 3584 1733 agant.
3631 1660 3810 1717 Christus

625 1750 929 1819 haereticos,
953 1758 1010 1806 et
1029 1751 1364 1808 diversorum
1384 1760 1637 1808 auctores
1657 1767 1904 1808 errorum
1931 1752 2143 1823 iniquos
2157 1753 2207 1819 ιι,

2313 1755 2636 1826 virginitatis
2669 1753 2813 1810 dono
2857 1762 2914 1810 et
2957 1753 3225 1809 castitatis
3271 1754 3444 1818 bono,
3491 1751 3708 1824 populum
3741 1753 3807 1807 sibi

623 1840 728 1896 iste
753 1849 944 1897 auctor
967 1841 1188 1898 sceleris
1218 1841 1385 1909 rexit;
1417 1851 1472 1898 et
1503 1841 1596 1914 qui
1625 1857 1722 1912 per
1753 1839 1909 1910 hujus
1931 1858 1993 1898 os
2021 1851 2210 1914 paten-
2237 1833 2284 1894 Β
2312 1848 2551 1903 deditum
2580 1846 2888 1904 candidavit
2927 1861 2944 1900 :
2988 1846 3078 1902 ille
3119 1845 3468 1918 pinguissima
3507 1844 3807 1907 oblectatione,

622 1941 709 1990 ter
739 1944 763 1974 ε
790 1949 849 1991 se
871 1935 1127 2004 prodidit,
1152 1950 1248 2006 per
1270 1934 1648 1990 haereticorum
1676 1934 1878 1990 dudum
1901 1942 2205 1990 commenta

621 2023 760 2081 clam
791 2040 1086 2098 suggerens
1117 2027 1355 2099 ingentia
1393 2027 1626 2082 sibilavit
1651 2025 1701 2081 ἀ.
1740 2026 1798 2081 1η
1835 2026 1941 2082 illis
1979 2026 2210 2082 latenter

621 2119 723 2174 sub
749 2118 930 2189 specie
953 2117 1174 2174 latitans
1206 2136 1220 2172 :
1246 2119 1335 2173 isti
1365 2128 1552 2189 aperta
1583 2125 1695 2174 tota
1736 2118 1874 2174 bella
1907 2119 2206 2174 denudans.

617 2211 836 2272 Illorum
871 2227 969 2284 per
1010 2212 1222 2282 linguas
1259 2212 1428 2284 legem
1474 2221 1719 2269 sanctam
1757 2214 2010 2269 malivole
2041 2215 2211 2270 disse-

619 2319 748 2362 rens
776 2322 789 2358 :
820 2320 917 2376 per
965 2306 1120 2362 istius
1145 2321 1408 2378 organum
1437 2322 1605 2364 novas
1645 2323 1991 2378 componens.
2026 2309 2132 2365 Sed
2155 2316 2211 2364 et

617 2415 715 2458 rex
767 2414 929 2470 super
977 2414 1167 2455 omnes
1221 2399 1363 2456 ﬁlios
1407 2402 1673 2472 superbiae
1713 2403 1892 2473 aptius
1919 2404 2211 2458 conﬁrma-

617 2491 786 2559 bitur,
815 2493 862 2549 si
891 2493 1073 2550 cuncti
1108 2505 1131 2534 ο
1159 2495 1252 2564 qui
1281 2494 1381 2550 sub
1408 2493 1522 2563 ejus
1549 2496 1815 2567 regimine
1841 2497 2204 2563 continentur,

613 2582 818 2656 liquide
844 2594 1262 2655 pertractentur.
1299 2585 1438 2640 Sunt
1464 2587 1666 2641 etenim
1698 2587 1751 2642 in
1772 2587 2024 2658 superbia
2054 2586 2213 2640 tumi-

616 2674 691 2741 di,
716 2674 773 2729 in
803 2682 1014 2730 tumore
1045 2675 1222 2732 cordis
1256 2675 1415 2741 elati,
1442 2676 1495 2730 in
1524 2676 1883 2732 delectatione
1910 2675 2208 2733 carnalium

615 2780 841 2836 Operum
867 2765 1038 2833 ﬂuidi,
1073 2767 1130 2822 in
1157 2767 1487 2854 comestione
1522 2766 1777 2838 superﬂui
1799 2809 1812 2834 ,
1841 2769 1894 2823 in
1931 2767 2208 2838 conquisi-

617 2859 766 2916 tione
809 2876 994 2943 regnm
1041 2869 1096 2917 et
1145 2861 1448 2932 direptione
1493 2874 1793 2932 pauperum
1841 2862 2122 2917 invasores
2155 2871 2212 2916 et

615 2951 830 3023 cupidi,
872 2952 1078 3022 absque
1123 2952 1322 3022 pietate
1351 2961 1588 3018 tenaces,
1619 2953 1736 3008 sine
1764 2952 1960 3008 rubore
1990 2951 2211 3007 menda-

617 3057 730 3110 ces,
759 3041 877 3098 sine
909 3041 1237 3098 discretione
1266 3042 1508 3110 fallaces,
1537 3045 1743 3114 absque
1772 3045 2036 3100 modestia
2060 3059 2212 3100 men-

618 3132 690 3190 tis
723 3148 1004 3205 procaces,
1028 3135 1145 3192 sine
1168 3135 1545 3192 misericordia
1567 3135 1838 3202 crudeles,
1861 3135 1978 3192 sine
1995 3134 2209 3204 justitia

2310 1948 2369 1994 ut
2399 1939 2530 2004 dixi,
2563 1947 2620 1995 et
2659 1954 2842 1996 crasso
2878 1937 3170 2010 voluptatis
3212 1937 3452 2009 liquore,
3485 1937 3809 2006 incestuosoquc

2309 2032 2628 2098 concubitu,
2673 2033 3088 2104 obsequentium
3146 2041 3362 2088 mentes
3399 2039 3452 2086 et
3493 2045 3688 2100 corpora
3729 2043 3808 2082 sor-

2308 2126 2533 2183 didavit.
2568 2125 2819 2180 Christus
2855 2123 3164 2196 conjugium
3189 2163 3204 2190 ,
3250 2123 3352 2179 iste
3385 2121 3648 2178 divortium
3673 2117 3808 2176 :Chri-

2309 2227 2425 2274 stus
2466 2216 2858 2289 parcimoniam
2904 2223 2958 2270 et
2986 2212 3258 2284 jejunium
3297 2213 3500 2278 docuit,
3527 2211 3604 2266 ille
3636 2208 3808 2264 convivia

2309 2316 2364 2366 et
2407 2307 2690 2379 epularum
2738 2305 3081 2371 inlecebras;
3141 2303 3470 2374 protendens
3522 2300 3742 2357 luxuriam
3777 2306 3811 2352 et

2311 2403 2545 2460 dilatans
2572 2399 2954 2464 oblectamina,
3000 2397 3262 2453 indecora
3294 2395 3446 2451 freno
3474 2393 3606 2449 nullo
3630 2392 3811 2463 legisce

2311 2495 2506 2551 bibuit.
2553 2493 2801 2549 Christus
2842 2493 2892 2547 in
2942 2490 3154 2546 cunctis
3193 2488 3538 2546 continentia:
3580 2486 3759 2556 legibus,
3777 2492 3812 2536 et

2312 2586 2683 2659 temperantiae
2721 2585 2976 2650 termino,
3019 2583 3329 2639 naturalem
3370 2592 3580 2646 motum,
3624 2579 3716 2635 sine
3743 2591 3811 2644 quo

2312 2682 2552 2736 humana
2590 2677 2804 2734 dillicile
2842 2684 3036 2732 natura
3083 2675 3383 2740 invenitur,
3409 2669 3696 2728 constrinxit
3720 2686 3731 2721 :
3754 2665 3812 2720 hic

2312 2770 2514 2842 passim
2551 2768 2980 2833 lascivientibus,
3009 2765 3178 2821 frenis
3207 2763 3468 2835 disruptis
3495 2759 3734 2833 pellicandi
3754 2757 3808 2810 in-

2313 2861 2734 2918 numerositates
2781 2859 3059 2915 licentiam
3104 2857 3320 2913 tribuit.
3365 2856 3599 2912 Christus
3640 2862 3810 2920 tempore

2308 2950 2500 3022 jejunii
2532 2966 2562 3004 a
2590 2949 2813 3022 proprio
2857 2948 3116 3018 licitoque
3155 2947 3432 3002 connubio
3456 2945 3692 3000 abstinere
3713 2939 3808 2995 ordi-

2313 3051 2409 3097 nat
2437 3061 2450 3096 :
2482 3041 2571 3096 ille
2592 3057 2756 3111 quam
2784 3040 3022 3094 maxime
3060 3039 3115 3094 in
3144 3038 3262 3093 illis
3291 3038 3478 3094 diebus
3513 3051 3599 3092 seu
3624 3041 3722 3088 vota
3737 3029 3810 3100 pin-

2315 3139 2439 3210 guia
2494 3137 2794 3193 cultoribus
2841 3135 2897 3190 in
2950 3134 3242 3205 praunium
3291 3132 3546 3188 Venerem
3587 3131 3808 3184 consecrat.

617 3224 918 3292 invasores,
939 3226 1058 3283 sine
1083 3226 1288 3282 honore
1314 3227 1519 3296 absque
1538 3227 1790 3293 veritate,
1816 3225 2205 3298 benignitatisf
2239 3205 2286 3267 (ἶ
2318 3205 2565 3287 Christus
2597 3229 2770 3286 servis
2799 3228 2913 3284 suis
2935 3227 3242 3299 angelicum
3275 3225 3654 3298 spiritalemque
3670 3226 3808 3274 statum

616 3319 922 3376 nescientes
950 3318 1224 3375 allectum.
1255 3318 1575 3390 lgnorantes
1619 3319 1839 3390 pietatis
1882 3317 2208 3384 connexum,

617 3409 854 3481 troposi,
879 3411 1094 3476 ornati,
1121 3410 1335 3477 callidi,
1363 3413 1603 3478 versuti,
1631 3410 1719 3468 vel
1762 3419 2083 3467 cunctarum
2114 3411 2216 3466 im-

614 3501 879 3574 pietatum
911 3501 1136 3559 fascibus
1167 3519 1275 3558 non
1307 3503 1500 3568 medie,
1538 3503 1635 3560 sed
1674 3503 2064 3575 principaliter,
2098 3519 2215 3559 sor-

615 3595 804 3652 didati.
828 3594 1202 3651 Humilitatem
1226 3595 1373 3651 velut
1398 3596 1666 3652 insaniam
1695 3595 2027 3661 deridentes,
2055 3594 2215 3650 casti-

615 3697 784 3744 tatem
809 3689 964 3758 quasi
992 3688 1312 3760 Spurcitiam
1342 3698 1690 3760 respuentes,
1723 3687 2087 3758 virginitatem
2117 3700 2214 3740 seu

613 3779 805 3835 sordes
833 3780 1214 3837 scrabedinum
1245 3783 1270 3821 ⁸
1295 3781 1668 3846 detrahentes,
1692 3788 1748 3834 et
1769 3781 2018 3844 virtutes,
2043 3775 2212 3832 animi

613 3872 861 3943 corporis
887 3873 1020 3929 vitio
1045 3873 1418 3944 perealcautes
1438 3913 1454 3940 ,
1483 3882 1638 3944 gestu
1683 3872 1980 3942 habituque
2030 3886 2212 3927 mores

613 3965 863 4036 proprios
889 3964 1215 4020 indicantes.

685 4055 777 4111 32.
807 4055 935 4112 Haec
959 4070 1080 4126 qua:
1107 4056 1177 4112 de
1203 4056 1344 4112 libro
1371 4056 1518 4112 beati
1545 4055 1646 4113 Job
1684 4056 1994 4113 summatim
2033 4057 2209 4129 tetigi,

615 4146 1004 4204 imbecillatum
1031 4150 1061 4190 h
1091 4148 1290 4203 virium
1329 4164 1572 4205 mearum
1602 4150 1843 4206 sentiens
1861 4191 1876 4216 ,
1900 4151 2046 4206 beati
2075 4149 2212 4206 Gre-

615 4239 753 4310 gorii
775 4240 1199 4295 commentarios
1220 4255 1341 4295 sum
1368 4249 1606 4296 secutus.
1623 4239 1694 4296 Et
1713 4242 1854 4310 quod
1881 4240 1971 4295 ille
1993 4241 2212 4310 copiose

615 4331 901 4404 eloquens,
930 4339 986 4387 et
1013 4332 1331 4403 eloquenter
1357 4333 1661 4399 inveniens,
1692 4333 1749 4388 in
1771 4332 2011 4388 membra
2039 4332 2210 4404 ipsius

615 4423 866 4480 draconis
891 4421 1213 4494 quibusdam
1241 4423 1612 4479 schematibus
1639 4421 1970 4495 generaliter
1993 4430 2051 4478 et
2082 4437 2210 4493 spe-

614 4518 824 4576 cialiter
849 4518 905 4574 in
931 4520 1103 4591 ipsum
1132 4519 1375 4592 regulum
1401 4519 1677 4584 diribavit,
1702 4535 1804 4592 ego
1825 4519 2078 4592 contigue
2105 4521 2121 4560 ί
2152 4519 2208 4574 in

613 4613 756 4670 hanc
783 4613 1012 4670 bestiam
1054 4613 1256 4671 nostris
1285 4614 1618 4684 temporibus
1651 4622 1828 4670 ortam
1861 4623 2055 4671 nactus
2083 4631 2204 4672 sum

614 4705 908 4778 explicare,
935 4706 1260 4762 auctoritate
1289 4705 1378 4760 illa
1407 4721 1514 4776 qua
1539 4705 1663 4761 novi
1693 4707 1762 4760 ab
1793 4707 2204 4777 explanatorum

614 4798 814 4871 regulis
853 4814 962 4854 non
1008 4799 1348 4869 aliquatenus
1375 4799 1637 4853 deviare:
1669 4799 1796 4869 quia
1841 4813 1941 4856 nec
1983 4801 2202 4872 pr0pria

614 4891 922 4947 temeritate
956 4907 1105 4959 usus,
1132 4907 1300 4947 novas
1327 4891 1489 4947 rebus
1515 4890 1898 4962 intelligentias
1921 4892 2076 4960 ﬁnxi,
2107 4895 2200 4952 sed

615 4980 847 5050 majores
872 4994 1104 5050 sequens
1138 4981 1244 5037 illis
1271 4980 1756 5052 signiﬁcationibus
1795 4983 2056 5048 serviens,
2083 4984 2200 5055 qui-

615 5071 717 5127 bus
742 5071 981 5126 imbutus
1020 5088 1140 5128 sum
1183 5071 1500 5144 disciplinis.
1530 5071 1641 5129 Nec
1684 5073 1739 5129 in
1785 5091 1946 5131 sensu
1992 5092 2198 5139 eorum,

617 5177 716 5218 nec
743 5163 795 5218 in
823 5177 1008 5218 rerum
1040 5163 1478 5236 pmﬁguratione
1509 5165 1846 5232 discordans,
1881 5167 2202 5223 Antichristi

617 5261 785 5310 totam
825 5254 880 5309 in
909 5251 1088 5309 hanci
1122 5255 1412 5324 imaginem
1445 5256 1857 5326 transplautavi.
1884 5255 2026 5324 Quid
2052 5272 2202 5312 nam-

689 5424 713 5485 ξι
748 5413 802 5485 !d
816 5421 902 5470 est
929 5411 1053 5485 intr.
1082 5412 1239 5485 Num.
1264 5421 1443 5468 autem
1465 5413 1555 5478 28,
1574 5415 1670 5485 inf.
1689 5430 1787 5485 pro
1808 5415 1944 5470 intra
1960 5417 2200 5484 scripsit.

690 5482 719 5524 δ
749 5483 875 5557 bis,
905 5484 1504 5557 universi...iheretici...
1530 5482 1716 5557 iniqui.

689 5565 715 5627 f
742 5555 876 5627 ΜΒ..
905 5555 1176 5627 per_hujus
1202 5556 1328 5610 hare
1352 5567 1612 5622 parentes.

686 5624 716 5666 ά
741 5625 870 5696 Ms.,
896 5624 1138 5683 sivilavit.

695 5709 718 5774 ξ
743 5697 868 5774 με,
896 5699 943 5774 si
965 5709 1178 5774 cunctos
1200 5698 1290 5770 qui
1311 5699 1408 5754 sub
1435 5699 1550 5770 ejus
1577 5700 1842 5774 regimine.

679 5768 719 5855 οξ
746 5768 1290 5855 μδ.,.όεςιίρηᾷςαιε“ηι.

692 5843 719 5884 s
748 5841 823 5900 ι,
843 5841 1130 5905 uirginitati
1154 5859 1246 5900 seu
1270 5841 1512 5898 sordibus
1540 5847 1922 5904 scabredinuut.

2317 3322 2523 3394 pollicit
2546 3335 2560 3375 :
2584 3321 2671 3376 ille
2705 3321 2820 3376 suis
2851 3320 3075 3392 perditis
3104 3318 3468 3389 corporalem,
3497 3317 3594 3372 imo
3619 3311 3805 3382 equinu

2317 3413 2522 3469 ﬂuxum
2552 3412 2778 3468 inducit.
2829 3411 2936 3468 Sed
2978 3422 3035 3467 et
3061 3425 3256 3466 omnes
3283 3411 3534 3466 hactenus
3551 3407 3756 3462 hareses,
3776 3406 3809 3451 et

2316 3505 2558 3562 universi
2587 3514 2738 3560 retro
2761 3518 2979 3560 errores
3011 3519 3042 3557 a
3070 3512 3320 3573 tempore
3348 3499 3624 3558 nativitatis
3661 3488 3809 3551 Domini

2315 3599 2488 3654 nostri
2519 3607 2575 3653 et
2613 3597 2710 3652 Dei
2759 3596 2882 3652 Filii
2914 3594 3320 3665 Redemptoris,
3353 3610 3384 3648 a
3419 3591 3589 3648 Judrea
3612 3597 3658 3642 et
3679 3581 3808 3640 Eccle-

2317 3691 2396 3746 sia
2428 3703 2736 3755 manavere,
2765 3689 2871 3744 hoc
2914 3695 3001 3742 est
3043 3687 3112 3741 ab
3140 3686 3222 3741 eis
3255 3701 3393 3757 quos
3417 3683 3511 3740 sub
3539 3671 3810 3742 ditionelegis

2315 3798 2466 3838 mera
2518 3781 2721 3837 veritas
2772 3779 3061 3836 retinebat.
3115 3776 3415 3847 Nullusque
3463 3773 3588 3829 alius
3650 3775 3808 3835 regnum

2313 3881 2504 3927 contra
2540 3869 2746 3927 Christi
2791 3878 2906 3927 toto
2951 3867 3154 3923 mundo
3207 3866 3417 3922 clarum
3467 3858 3660 3918 advexit
3696 3854 3810 3921 impe-

2312 3967 2478 4031 rium,
2521 3965 2623 4020 nisi
2670 3963 2761 4020 hic
2806 3961 3183 4032 iniquissimus
3215 3958 3513 4016 somniatur
3533 3951 3731 4010 inanium
3750 3957 3810 3995 ta-

2312 4060 2568 4125 nitatum,
2622 4059 2766 4114 hunc
2813 4056 3210 4112 Antichristum
3255 4053 3498 4110 dolosum
3535 4043 3738 4104 tendens,
3775 4047 3811 4088 α

2311 4151 2566 4207 callidum
2591 4151 2899 4220 inreptione
2927 4147 3158 4204 nefanda
3188 4161 3290 4217 per
3321 4152 3486 4200 totum
3505 4131 3807 4223 mundi

2311 4240 2424 4296 lum
2450 4241 2591 4296 male
2639 4218 2974 4312 porrectum.
3021 4237 3090 4293 Et
3133 4236 3258 4291 ideo
3308 4234 3436 4306 quia
3459 4218 3808 4286 adversusChti-

2312 4340 2455 4389 stum
2511 4330 2836 4389 humilitatis
2880 4328 3198 4400 magistrum
3251 4333 3467 4383 erectus
3491 4329 3586 4385 est,
3607 4324 3654 4372 et
3676 4313 3808 4405 conti"a

2311 4423 2457 4479 illius
2491 4422 2766 4479 lenissima
2815 4433 2872 4478 et
2897 4419 3138 4491 jucunda
3183 4424 3470 4490 praecepta,
3526 4410 3806 4467 contumacia.

2315 4517 2564 4583 verbere,
2585 4524 2642 4570 et
2667 4515 2866 4588 gladio,
2894 4529 3026 4569 usus
3073 4520 3189 4577 est;
3221 4519 3372 4566 recte
3401 4500 3724 4562 Antichristus
3745 4502 3806 4592 ξο-

2314 4620 2468 4668 catus
2488 4618 2596 4677 est,
2623 4609 2717 4680 qui
2743 4607 3068 4664 Christiana:
3099 4603 3379 4675 religionis
3409 4593 3805 4680 apertissimus-I-ﬂ'

2313 4703 2569 4766 famator,
2594 4708 2650 4756 et
2693 4697 3079 4754 subtilissimus
3101 4709 3324 4750 eversor
3364 4693 3600 4748 inventus
3634 4688 3716 4769 est.
3739 4672 3807 4769 Ha"

2311 4792 2429 4848 buit
2451 4789 2703 4846 Christus
2746 4787 3006 4844 Dominus
3053 4785 3145 4856 qui
3197 4800 3322 4841 eum
3353 4776 3653 4853 quibusdam
3677 4768 3807 4856 66"?“

2311 4893 2438 4938 ante
2464 4881 2802 4937 nativitatem
2857 4853 3174 4951 corpoream
3231 4885 3407 4948 gestu,
3449 4870 3721 4936 habituqne.
3751 4853 3809 4935 θτῖ

2311 4987 2490 5034 maret
2533 4984 2819 5032 venturum
2855 4993 2869 5029 :
2902 4975 3068 5031 habet
3090 4983 3146 5030 et
3180 4972 3269 5029 ille
3315 4968 3560 5040 nequitiae
3602 4972 3694 5018 sua
3715 4964 3804 5024 illa“

2309 5083 2584 5134 cursores,
2611 5069 2702 5139 qui
2737 5085 2861 5123 eum
2913 5065 3105 5139 integri
3154 5061 3475 5121 versationis
3508 5057 3525 5097 ι
3561 5053 3667 5111 dolo
3689 5053 3806 5103 ιοωιη

2309 5169 2660 5231 praesentem.
2698 5157 2852 5227 Quod
2882 5159 3118 5216 lectores
3145 5158 3250 5212 mei
3291 5155 3338 5211 si
3363 5143 3721 5223 reprehendere

2308 5221 2526 5317 iuerint,
2554 5221 3017 5322 prius-doctorum
3055 5247 3330 5304 volumina
3356 5221 3590 5302 currunt,
3613 5241 3660 5288 et
3685 5221 3805 5283 medi-

2376 5408 2409 5449 ιι
2437 5408 2822 5475 Imbecillatus,
2847 5423 2952 5464 vox
2979 5407 3223 5464 addenda
3247 5399 3518 5461 Glossario
3540 5393 3708 5454 intima:
3726 5382 3808 5436 lati-

2306 5479 2493 5535 nitatis
2519 5496 2533 5532 :
2564 5479 2704 5536 idem
2731 5496 2795 5536 ac
2816 5478 3165 5534 imbecillitas.

2382 5552 2400 5592 ί
2435 5550 2558 5614 Ms.,
2587 5552 2843 5606 conticue.
3571 5608 3583 5614 _
3641 5584 3803 5614 ..μης

2379 5619 2393 5670 i
2434 5597 2942 5679 biclius'tmivnwlt'unc
2964 5662 2980 5688 ,
3026 5619 3078 5678 id
3116 5629 3201 5678 est
3241 5618 3533 5678 Mahomet,
3559 5597 3806 5666 Αυιὶὼτῑιιι

2307 5707 2722 5764 praecursorem.

2381 5765 2409 5846 [ι
2433 5761 2557 5846 115.,
2587 5765 2886 5846 lacertibus.

2383 5833 2405 5874 ι
2445 5833 2507 5888 F.
2538 5835 2588 5889 in
2614 5838 3073 5908 tergiversationis.
