4034 6350
251 411 360 468 5.55

1407 375 1412 382 ’
1473 409 1840 468 lNDlCULUS
1895 411 2314 470 LUMINOSUS.

3429 417 3529 473 554

252 532 466 585 latione
497 527 746 585 lectionis
764 527 819 582 in
855 526 1086 598 amplius
1122 535 1394 592 crescant,
1417 537 1475 581 et
1499 542 1620 598 qua:
1648 536 1833 599 aperte
1860 546 1913 610 Α
1939 543 2232 585 renovasse
2245 528 2675 586 circumcisionis
2692 530 2923 586 cultrum
2950 528 3305 599 plausibiliter
3324 545 3530 590 acuens

245 625 432 698 posita
455 631 602 688 sunt,
635 637 745 678 non
779 619 1054 692 sugillcnt.

317 727 414 783 δι.
458 724 796 794 Expeditius,
827 732 888 777 ut
932 735 1077 787 reor,
1105 721 1394 792 exponitur
1431 720 1575 791 quod
1603 720 1838 787 videtur,

247 833 418 890 quam
472 815 619 887 quod
666 813 991 885 quibusdam
1044 813 1400 870 velaminibus
1445 812 1840 882 problematum

245 914 596 974 obscuratur,
623 917 679 964 et
707 922 810 964 nos
839 907 1015 979 tuagis
1041 907 1327 976 sequimur
1347 907 1702 976 praesentium
1729 920 1843 960 ma-

249 1005 429 1058 lorum
455 1002 702 1067 storiam,
730 1016 892 1072 quam
913 1008 1348 1070 exspectaturum
1368 1015 1550 1054 rerum
1574 996 1838 1066 futuram,

245 1097 381 1149 dum
440 1095 588 1164 quod
629 1091 760 1148 olim
797 1093 1109 1147 nuntiatum
1138 1092 1436 1162 prophetiae
1488 1090 1696 1162 legibus
1743 1105 1842 1162 per

242 1184 535 1239 servitutis
576 1181 765 1254 iugum
817 1195 924 1250 quo
969 1181 1265 1252 premimur
1314 1180 1644 1236 dillloramus
1673 1193 1722 1234 ιι.
1773 1180 1840 1235 Et

242 1285 382 1346 puto
412 1276 555 1346 quod
597 1290 696 1345 per
737 1275 1100 1340 Antiochum,
1144 1283 1201 1328 et
1251 1274 1541 1338 Neronem,
1596 1282 1651 1327 et
1704 1273 1840 1328 alios

241 1386 388 1440 quos
429 1369 576 1426 beati
623 1369 876 1423 doctores
923 1366 1206 1436 replicant,
1253 1366 1575 1421 Antichristi
1603 1365 1838 1434 przevios

242 1463 559 1516 ﬁrmavere.
601 1457 756 1512 Hunc
805 1455 1142 1512 Antichristo
1178 1473 1442 1526 organum
1498 1456 1762 1522 dicerent,
1790 1456 1839 1512 si

238 1556 299 1608 in
335 1553 453 1607 haec
482 1558 668 1606 nostra
700 1558 942 1618 tempora
975 1548 1312 1604 devenirent.
1341 1547 1475 1608 Nam
1505 1557 1559 1600 et
1595 1546 1836 1602 admira-

239 1644 371 1700 bilis
402 1643 596 1698 doctor
639 1649 827 1696 rioster
855 1640 1242 1712 Hieronymus,
1269 1639 1398 1694 licet
1442 1638 1745 1712 Porphyrio
1781 1639 1837 1694 in

238 1735 513 1790 Antiocho
562 1733 835 1796 adverset,
881 1742 938 1786 et
986 1734 1038 1787 in
1091 1733 1456 1787 Domitianum
1499 1733 1528 1773 ιι
1564 1732 1834 1788 Neronem

237 1827 366 1881 aliis
396 1823 729 1880 doctissimis
781 1823 1146 1888 contradicat;
1183 1832 1363 1878 tamen
1406 1839 1513 1878 non
1564 1839 1627 1879 ex
1681 1832 1836 1894 parte

234 1936 338 1976 eos
389 1917 715 1974 Antichristi
770 1925 1125 1987 pmsentasse
1172 1917 1400 1987 ﬁguram
1441 1917 1676 1988 negavit,
1737 1917 1831 1972 sed
1863 1953 1909 2015 Β

233 2023 337 2065 eos
385 2006 696 2077 specialiter
747 2002 1108 2061 Antichristos
1162 2021 1282 2062 esse
1329 2017 1592 2076 quantum
1650 2009 1828 2080 potuit

231 2097 616 2156 conl'utatione
643 2096 911 2167 probabili
945 2096 1266 2162 confutavit,
1300 2107 1355 2152 et
1383 2097 1710 2152 Antiochum
1751 2097 1833 2169 ip-

232 2202 458 2245 sum-ex
483 2197 636 2258 parte
668 2187 954 2257 imaginari
992 2186 1250 2253 ﬁrmavit,
1282 2187 1506 2243 dicens:
1543 2188 1697 2244 Sicut
1730 2189 1830 2257 igi-

229 2288 332 2332 tur
359 2275 610 2332 Salvator
655 2277 818 2331 habet
864 2276 1231 2342 Salomonem,
1262 2287 1318 2332 et
1347 2278 1489 2333 alios
1524 2287 1744 2335 sanctos
1773 2268 1830 2335 in

234 2378 426 2437 typum
470 2380 627 2422 suum
670 2366 925 2421 habuisse
965 2367 1265 2423 credendus
1293 2377 1398 2433 est,
1423 2376 1477 2422 et
1507 2385 1626 2438 qua:
1651 2369 1704 2423 in
1739 2369 1829 2424 illo

229 2473 301 2512 ex
335 2466 489 2528 parte
536 2457 832 2526 praecessit,
870 2458 924 2512 in
970 2457 1307 2514 Antichristo
1345 2460 1631 2532 explenda.
1691 2463 1831 2517 Dicit

232 2551 382 2604 idem
415 2549 751 2603 admirabilis
774 2549 962 2604 doctor
991 2551 1042 2604 in
1063 2550 1204 2605 libro
1233 2560 1354 2606 cata
1379 2562 1400 2590 ε
1428 2551 1739 2607 Mattliaeum
1761 2554 1827 2609 de

231 2639 493 2694 omnibus
545 2639 812 2695 haereticis
860 2649 1053 2709 quarto
1104 2659 1117 2694 :
1182 2659 1201 2692 ι
1248 2641 1391 2713 Ego,
1446 2642 1658 2712 inquit,
1706 2659 1829 2698 reor

225 2743 432 2783 omnes
467 2727 859 2783 haeresiarchas
903 2729 1270 2786 Antichristos
1316 2747 1459 2796 esse,
1492 2741 1547 2787 et
1587 2733 1688 2788 sub
1725 2747 1824 2787 no-

234 2821 389 2875 mine
415 2819 616 2874 Christi
659 2835 721 2874 ea
762 2821 960 2876 docere
989 2837 1109 2890 qum
1139 2824 1414 2876 contraria
1436 2823 1656 2878 Christo
1676 2831 1824 2878 sunt.

235 2914 349 2970 Nec
375 2913 574 2968 mirum
595 2914 639 2968 si
670 2914 871 2984 aliquid
895 2930 1031 2984 quos
1052 2914 1079 2954 ἀ
1105 2915 1174 2970 ab
1200 2915 1285 2969 his
1311 2915 1591 2970 videamus
1616 2915 1821 2982 seduci,

225 3022 362 3061 cum
389 3007 649 3062 Dominus
687 3007 884 3062 dixerit
935 3025 948 3060 :
997 3006 1065 3061 Et
1103 3011 1293 3062 multos
1324 3009 1570 3064 reducent
1601 3009 1818 3080 (Matth.

237 3115 392 3164 xstv,
422 3098 500 3170 5).
532 3119 550 3150 ι
586 3098 737 3166 Quod
777 3107 834 3153 et
862 3101 1052 3155 beatus
1090 3099 1328 3156 Joannes
1361 3100 1415 3154 in
1458 3116 1554 3156 sua
1581 3101 1819 3171 Epistola

235 3189 584 3244 luminositcr
602 3189 732 3245 dicit
779 3209 792 3244 :
833 3191 1066 3246 Audistis
1097 3193 1221 3262 quia
1249 3193 1602 3248 Anticlrristus
1641 3204 1819 3248 ventu-

1945 632 2003 678 et
2032 638 2063 678 a
2090 638 2254 679 carne
2292 623 2446 679 suilla
2470 625 2503 665 ⁸
2525 624 2820 693 prohibens
2847 624 3082 691 cultores
3123 633 3289 678 seclze
3326 624 3526 695 impiae,

1945 713 2030 769 vel
2052 728 2328 770 coercens.
2355 713 2511 780 Quod
2531 724 2711 769 autem
2730 712 2798 768 de
2826 713 3146 784 Apocalypsi
3179 715 3528 785 promisimus

1943 803 2262 874 exponenda
2283 812 2470 860 nostro
2497 803 2624 858 huic
2650 804 2898 874 pertenui
2919 803 3068 873 operi
3100 817 3359 874 congrua,
3375 802 3525 872 licet,

1945 903 2006 950 ut
2024 894 2216 950 crebro
2247 895 2380 960 dixi,
2406 893 2772 951 Antichristus
2802 896 2856 949 in
2895 910 2952 949 se
2987 895 3402 966 praesentialiter
3429 911 3526 954 ex-

1943 987 2132 1043 hibeat
2152 993 2298 1053 tota;
2333 996 2512 1041 tamen
2534 986 2580 1041 si
2601 985 2796 1056 spiritu
2825 987 3081 1050 ducante,
3105 995 3163 1041 ut
3193 987 3528 1044 consuetudo

1941 1077 2310 1134 ecclesiastica
2341 1075 2698 1134 celeberrime
2736 1076 2956 1141 retinet,
3002 1078 3116 1132 luce
3159 1077 3272 1146 ipsa
3320 1087 3527 1135 tracte-

1941 1183 2083 1233 mus,
2114 1183 2181 1224 ex
2221 1175 2378 1240 parte
2425 1167 2648 1239 impleta,
2690 1181 2854 1238 super
2895 1165 3006 1235 iam
3059 1166 3280 1230 dictum,
3312 1167 3526 1225 hostem

1940 1259 2347 1314 evidentissirne
2373 1259 2724 1324 disseremus,
2747 1267 2804 1315 et
2844 1274 2943 1328 pro
2966 1259 3070 1314 hoc
3099 1257 3304 1314 nullum
3330 1259 3526 1331 loqua-

1939 1367 2060 1408 cem
2083 1351 2389 1407 malivolum
2411 1351 2740 1406 dubitamus.
2763 1350 2952 1407 Nullus
2978 1351 3123 1407 enim
3150 1361 3392 1409 nostrum
3421 1354 3528 1410 hoc

1941 1453 2186 1515 tempore
2230 1445 2330 1500 sub
2357 1458 2546 1500 eorum
2575 1445 2846 1514 reperitur
2888 1458 3074 1515 regno,
3113 1445 3206 1514 qui
3234 1454 3400 1513 emat,
3430 1456 3528 1501 aut

1937 1538 2140 1591 vendat
2167 1536 2424 1591 immunis
2467 1536 2648 1591 omine
2675 1536 2706 1576 ιι
2746 1535 3095 1593 ferocissime
3119 1536 3306 1592 bestiae
3337 1537 3523 1608 (Apoc.

1938 1645 2059 1694 xm,
2085 1629 2198 1701 l7).
2237 1628 2426 1685 Omnis
2465 1629 2610 1684 enim
2649 1629 3044 1699 receptaculum
3073 1630 3122 1686 ei
3164 1629 3221 1685 in
3261 1630 3440 1686 fronte
3467 1631 3527 1688 in

1935 1720 2222 1792 principali
2253 1736 2418 1792 opere
2443 1723 2488 1789 ί,
2522 1721 2605 1776 vel
2652 1721 2707 1776 in
2747 1738 2932 1786 manu,
2957 1722 3013 1777 id
3049 1730 3156 1786 est,
3185 1722 3240 1777 in
3271 1723 3529 1793 operibus

1938 1813 2182 1882 segniter
2227 1813 2515 1879 inhiando,
2567 1811 3005 1882 frequentissime
3051 1815 3278 1884 prabet.
3325 1814 3527 1870 Notam

1937 1901 2054 1971 eius
2077 1904 2362 1971 habentes,
2387 1905 2513 1960 dum
2549 1907 2965 1962 consuetudines
2995 1921 3184 1962 eorum
3225 1905 3524 1978 neglectas,

1931 1997 2348 2067 probatissimas
2395 2007 2607 2068 patrum
2661 1999 2948 2069 pestiferas
2999 2007 3176 2055 sectas
3238 2000 3521 2071 gentilium

1932 2097 2306 2144 consectamus
2337 2106 2350 2142 :
2381 2097 2437 2144 et
2467 2103 2662 2145 nomen
2682 2090 2738 2148 in
2765 2089 3057 2155 frontibus,
3081 2091 3207 2145 dum
3233 2085 3531 2148 obliterato

1932 2178 2111 2234 crucis
2165 2178 2394 2243 vexillo,
2441 2179 2613 2248 ipsius
2663 2177 2880 2234 nefandi
2926 2180 3132 2234 utimur
3177 2191 3522 2252 argumento.

1931 2270 2068 2326 Dum
2088 2270 2230 2326 enim
2255 2271 2725 2327 circumcisionem
2753 2273 2823 2328 ob
2855 2272 3342 2346 improperantium
3369 2275 3526 2346 igno-

1932 2362 2152 2416 miniam
2186 2363 2550 2429 devitandum,
2585 2364 2840 2434 despecta
2877 2365 3060 2421 cordis
3097 2381 3217 2438 qua:
3250 2367 3527 2439 principa-

1929 2454 2054 2509 liter
2078 2453 2230 2523 iussa
2259 2465 2362 2520 est,
2394 2470 2518 2510 cum
2549 2455 2734 2511 dolore
2755 2457 2919 2511 etiam
2948 2474 3054 2514 non
3077 2458 3258 2514 medio
3285 2457 3301 2509 ἱ
3335 2473 3526 2529 corpo-

1929 2546 2005 2601 ris
2023 2560 2341 2601 exercemus
2357 2586 2371 2610 ,
2402 2547 2533 2616 quid
2555 2546 2698 2601 aliud
2715 2562 2886 2617 quam
2909 2549 3028 2619 eius
3046 2559 3242 2616 notam
3257 2549 3313 2604 in
3336 2559 3522 2608 mente

1925 2649 1980 2693 et
2009 2639 2256 2693 membro
2313 2640 2626 2709 portamus?
2654 2638 2721 2693 Et
2760 2638 2886 2693 dum
2930 2655 3118 2694 eorum
3161 2641 3432 2708 versibus,
3463 2648 3525 2698 et

1927 2729 2135 2783 fabellis
2167 2730 2313 2785 mille
2338 2730 2453 2784 suis
2477 2729 2830 2796 delectamus,
2871 2732 3059 2802 eisque
3099 2731 3386 2801 inservire,
3429 2733 3520 2790 vel

1925 2821 2058 2890 ipsis
2108 2820 2456 2891 nequissimis
2485 2822 2858 2878 obsecundare
2906 2823 3071 2878 etiam
3117 2825 3342 2893 praemio
3385 2825 3523 2882 emi.

1927 2927 2062 2976 nus;
2111 2919 2168 2966 ct
2206 2926 2279 2968 ex
2318 2913 2422 2968 hoc
2449 2912 2616 2968 vitam
2662 2913 2717 2968 in
2749 2913 2948 2970 mulo
2972 2915 3238 2982 ducimus,
3270 2915 3357 2971 vel
3393 2931 3521 2972 cor-

1923 3021 2056 3078 pora
2093 3007 2430 3077 saginamus,
2456 3021 2522 3062 ex
2571 3006 2780 3064 inlicito
2816 3007 3041 3063 servitio
3087 3010 3519 3065 et‘exsecrando

1926 3098 2229 3155 ministerio
2259 3099 2682 3155 abundantiores
2719 3113 2851 3170 opes
2897 3108 3312 3171 congregantes,
3345 3099 3520 3172 fulgo—

1925 3205 2034 3256 res,
2063 3189 2278 3255 odores,
2309 3189 2893 3260 vestimentorumque,
2920 3190 3035 3245 sive
3059 3204 3227 3261 opum
3273 3189 3518 3246 diversa-

228 3299 332 3336 rus
362 3291 441 3336 est
477 3296 495 3333 :
524 3299 662 3336 mmc
703 3293 875 3336 autem
915 3284 1222 3338 Antichristi
1247 3284 1400 3339 multi
1421 3294 1541 3340 sunt
1578 3284 1631 3355 tl
1653 3284 1816 3341 Joan.
1848 3313 1895 3380 Ο
1926 3295 2047 3336 rum
2085 3279 2446 3380 ppulentiam,
2501 3280 2556 3335 in
2608 3277 2771 3352 longa
2813 3289 3064 3380 tempora
3094 3280 3252 3337 nobis
3280 3279 3519 3352 ﬁliisque

233 3390 301 3438 ll,
325 3373 440 3444 18).
467 3373 636 3428 Erant
675 3373 837 3428 etiam
864 3374 968 3428 alia
1007 3391 1128 3446 quae
1154 3377 1278 3432 huic
1310 3386 1511 3433 nostra:
1531 3379 1819 3436 assertioni

228 3463 611 3519 fulcimentum
642 3465 957 3520 edoctorum
993 3477 1016 3506 ο
1047 3467 1365 3524 exhiberem
1391 3485 1556 3540 opera
1589 3487 1603 3525 :
1637 3470 1733 3526 sed
1764 3471 1819 3526 in

227 3573 294 3613 re
324 3557 448 3612 luce
473 3558 652 3627 potius
680 3557 929 3614 claritate
965 3559 1223 3631 fulgente,
1249 3577 1458 3616 moram
1487 3563 1818 3633 superfluam

229 3648 495 3702 tle-vitavi.
527 3647 631 3702 Sed
654 3665 723 3705 ne
747 3650 922 3705 solum
960 3659 1170 3708 tantum
1211 3661 1398 3708 nostro
1424 3653 1646 3709 doctore
1690 3654 1818 3709 Hie-

230 3753 466 3810 ronymo
495 3739 769 3796 conﬁdere
794 3742 1062 3807 dicamur,
1109 3750 1165 3796 et
1193 3743 1419 3800 alterius
1444 3744 1625 3800 fulciri
1653 3746 1815 3801 testi-

223 3831 421 3886 monio
449 3848 553 3886 non
584 3841 914 3902 rcputemur.
955 3832 1068 3890 Non
1100 3850 1230 3888 num
1263 3835 1284 3873 τ
1314 3835 1576 3890 llilarium
1602 3835 1814 3892 confes-

224 3937 414 3978 sorem
444 3925 719 3996 egregium
759 3925 811 3978 in
843 3925 1014 3980 aciem
1043 3925 1240 3980 iterum
1263 3925 1644 3997 producamus,
1689 3942 1814 3984 nos-

220 4027 338 4082 que
367 4013 596 4067 duorum
631 4012 968 4083 professione
997 4015 1271 4070 veracium
1311 4016 1714 4073 conﬁrmemus.

297 4104 392 4160 35.
432 4104 796 4161 Antichristos
839 4106 1022 4176 plures
1068 4123 1209 4172 esse,
1241 4107 1437 4178 inquit,
1476 4109 1646 4164 etiam
1679 4124 1812 4180 apoo

223 4195 372 4251 stolo
395 4193 599 4251 Joanne
619 4197 946 4267 praedicante
983 4199 1354 4269 cognovimus.
1384 4198 1640 4270 Quisquis
1665 4201 1809 4254 enim

221 4287 508 4343 Christum
541 4289 718 4358 qualis
745 4289 815 4344 ab
843 4290 1099 4358 apostolis
1119 4297 1203 4344 est
1222 4291 1542 4357 praedicatus
1571 4292 1809 4361 negavit,

219 4379 597 4433 Antichristus
636 4388 744 4435 est.
791 4379 1037 4435 Nominis
1060 4380 1376 4435 Antichristi
1407 4382 1706 4452 proprietas
1727 4391 1811 4438 est

218 4469 449 4526 Christo
491 4485 611 4526 esse
658 4471 991 4527 contrarius.
1025 4471 1081 4525 In
1125 4473 1414 4526 transitum
1459 4487 1586 4526 vero
1627 4474 1812 4543 operis

216 4562 465 4634 positum
507 4563 614 4618 hoc
653 4562 1106 4618 considerandum
1140 4563 1389 4634 prudenti
1424 4563 1614 4620 lectori
1653 4576 1812 4622 nota-

1926 3370 2149 3436 nostris,
2174 3379 2336 3442 atque
2365 3372 2655 3442 nepotibus
2681 3362 3060 3442 praeﬁdentes,
3091 3387 3397 3444 nomenque
3419 3387 3518 3429 ne-

1925 3461 2104 3518 fanda:
2132 3463 2321 3518 bestiae
2341 3479 2465 3518 cum
2491 3464 2696 3520 honore
2721 3472 2776 3520 et
2798 3465 3111 3535 precamine
3153 3465 3260 3522 illis
3293 3467 3461 3522 solito
3483 3467 3513 3508 ιι

1924 3553 2043 3609 vice
2069 3567 2266 3608 eorum
2304 3555 2507 3609 nostris
2541 3556 2791 3611 manibus
2829 3564 3222 3626 praenotantes;
3267 3557 3514 3630 nunquid

1924 3659 2031 3700 non
2080 3645 2264 3716 patule
2310 3660 2505 3702 nomen
2551 3647 2738 3703 bestiae
2786 3645 2872 3703 his
2924 3647 3206 3704 affectibus
3254 3649 3310 3704 in
3343 3665 3510 3705 manu

1921 3737 2111 3792 dextra
2159 3736 2601 3806 portamus?'Sic
2645 3747 2699 3793 et
2747 3738 2873 3793 dum
2916 3739 2985 3795 ob
3034 3740 3270 3797 honores
3322 3741 3512 3798 saeculi

1920 3826 2120 3885 fratres
2149 3843 2276 3884 cum
2309 3829 2538 3885 crimine
2573 3829 2790 3901 regibus
2835 3829 3017 3902 impiis
3061 3845 3401 3900 accusamus,
3452 3841 3511 3890 et

1919 3929 2157 3986 inimicis
2201 3929 2395 3985 summi
2424 3929 2521 3985 Dei
2555 3931 2622 3984 ad
2655 3929 3007 4001 occidendum
3037 3945 3255 4003 gregem
3289 3933 3510 3990 Domini

1917 4032 2156 4104 gladium
2187 4032 2532 4089 revelationis
2553 4031 2902 4105 porrigimus,
2927 4033 3290 4105 ducatumque
3313 4048 3506 4092 eorum

1916 4142 1972 4188 et
1999 4132 2364 4188 ministerium
2393 4134 2460 4188 ad
2492 4134 2667 4204 ipsum
2698 4132 2908 4189 facinus
2933 4133 3295 4190 exercendum
3339 4148 3507 4205 pecu-

1914 4235 2024 4290 niis
2063 4235 2319 4300 emimus,
2366 4234 2497 4306 quid
2520 4235 2668 4291 aliud
2692 4250 2858 4306 quam
2883 4251 3008 4291 cum
3037 4235 3224 4293 bestiae
3262 4237 3506 4304 nomine,

1915 4344 1970 4390 et
1999 4336 2314 4391 charactere
2337 4337 2725 4393 crudelissimae
2755 4336 2884 4394 ferte
2911 4335 3250 4404 1,-nundinas
3281 4317 3504 4396 exerce-

1915 4453 2056 4503 mus,
2079 4447 2134 4493 et
2171 4453 2304 4493 oves
2333 4439 2544 4494 Domini
2582 4440 2828 4512 luporum
2858 4440 3110 4497 dentibus
3130 4448 3332 4498 nostrae
3359 4455 3505 4498 mer-

1906 4544 2161 4599 cimoniae
2172 4544 2314 4600 malo
2340 4547 2659 4614 exponendo
2685 4545 3011 4616 peccamus?
3037 4545 3128 4601 Sic
3148 4553 3206 4600 et
3227 4546 3356 4601 dum
3383 4545 3504 4601 illo-

217 4671 370 4718 nius,
418 4656 563 4726 quod
625 4671 688 4711 ea
735 4671 856 4727 qua:
909 4655 977 4711 de
1029 4655 1365 4712 Antichristo
1415 4655 1570 4711 multi
1622 4657 1809 4714 dixere

1928 4657 2034 4698 rum
2063 4650 2407 4699 sacramenta
2433 4643 2783 4714 inquirimus,
2815 4651 2872 4699 et
2901 4643 3365 4713 philosophorum,
3394 4643 3504 4700 imo

216 4747 501 4810 doctores,
515 4762 582 4800 eo
595 4747 740 4816 quod
764 4746 986 4802 veniens
1000 4745 1290 4802 Mosaicam
1307 4746 1479 4816 legem
1507 4747 1811 4817 repriorere

217 4842 455 4905 sataget,
499 4836 626 4891 dum
655 4835 1090 4892 circumcisionis
1126 4835 1380 4908 iniuriam
1402 4826 1473 4893 ob
1493 4838 1812 4896 ﬁrmitatem

216 4923 349 4980 ﬁdei
402 4926 762 4982 exercendam
791 4926 1065 4991 instituat;
1099 4927 1188 4982 hic
1231 4941 1297 4982 ex
1346 4939 1500 4997 parte
1545 4929 1696 4985 visus
1731 4937 1818 4986 est

293 5117 322 5187 εξ
362 5101 426 5159 F.
451 5105 806 5191 deplorentur.
832 5104 1030 5190 Supra,
1075 5123 1130 5191 n.
1160 5105 1252 5173 21,
1295 5108 1564 5191 tliﬂIorataA
1591 5111 1811 5170 oracula

214 5176 487 5246 legimus;
519 5176 617 5231 'sed
642 5193 706 5232 ea
735 5194 878 5232 nunc
909 5176 1216 5247 importuna
1246 5176 1394 5234 notio
1423 5179 1659 5236 videtur.

297 5248 324 5285 δ
365 5245 656 5320 Domitium
685 5248 828 5320 lege,
865 5257 928 5302 ut
956 5263 1142 5320 supra,
1173 5264 1228 5302 n.
1257 5247 1348 5302 21.

294 5326 320 5355 ε
366 5316 424 5370 ld
451 5324 536 5371 est
563 5316 880 5372 secundum.
1022 5316 1040 5320 ’

291 5384 322 5424 ⁴
365 5386 409 5442 l.
440 5388 486 5442 si
509 5387 712 5458 aliquos
742 5403 806 5442 ex
836 5386 1082 5453 llieron.,
1113 5387 1205 5443 lib.
1246 5403 1318 5454 tv,
1351 5388 1403 5444 in
1430 5388 1648 5460 Matth.,
1685 5408 1810 5465 cap.

213 5455 314 5511 ΩΔ.
596 5455 604 5458 ’

297 5537 323 5567 0
365 5525 428 5581 F.
462 5526 756 5583 doctorum.

358 5596 488 5680 με..
539 5615 649 5682 non
671 5601 1145 5682 nuin:_legendttm
1173 5613 1352 5660 autem
1397 5601 1648 5661 Nonnum
1679 5623 1698 5663 :
1735 5622 1804 5664 ex

211 5667 405 5724 dicitis
441 5683 590 5723 num.
619 5670 671 5735 9,
703 5687 754 5741 p.
785 5667 943 5725 255.‘

294 5740 322 5778 σ
351 5737 473 5798 Με..
500 5757 532 5791 η
555 5757 738 5794 carnes
764 5741 968 5797 suillas.

291 5808 322 5850 ιι
349 5807 432 5862 Ad
479 5810 607 5864 illud
665 5812 856 5866 alludit
901 5813 1267 5888 Apocalypsis,
1321 5820 1409 5875 ubi
1453 5822 1689 5882 dicitur:
1721 5826 1802 5882 Ne

628 5907 898 5968 Ριτκοι.
945 5907 1174 5973 CXXI.

1915 4742 2378 4814 philocomporum
2393 4754 2456 4811 ω,
2481 4751 2658 4802 sectas
2678 4744 2820 4800 scire
2846 4758 2954 4799 non
2977 4757 3074 4814 pro
3103 4745 3343 4815 ipsorum
3368 4759 3503 4803 con-

1917 4843 2200 4900 vincendis
2227 4843 2522 4912 erroribus,
2554 4845 2648 4902 sed
2671 4861 2770 4919 pro
2791 4846 3055 4917 elegantia
3093 4845 3312 4918 leporis,
3339 4854 3396 4902 et
3422 4846 3503 4903 lo-

1917 4946 2136 5002 cutione
2162 4943 2462 5004 luculenter
2488 4949 2713 5018 diserta,
2738 4949 2993 5022 neglectis
3021 4950 3223 5007 sanctis
3259 4950 3504 5009 lectioni-

1917 5125 2034 5196 quis
2067 5124 2228 5196 possit
2251 5142 2437 5192 emere,
2472 5135 2563 5181 aut
2591 5127 2827 5188 vendere,
2876 5125 2978 5179 nisi
3006 5124 3096 5196 qui
3127 5121 3502 5196 habetrelrara-

1913 5195 2129 5268 etet-errr,
2155 5205 2448 5268 autnnmen
2465 5197 2664 5268 bestia},
2680 5206 2777 5268 aut
2805 5195 3078 5268 numerum
3107 5195 3337 5268 nominis
3359 5196 3499 5268 ejus,

1913 5281 2034 5336 cap.
2070 5266 2159 5321 15.
2195 5266 2334 5320 Hinc
2374 5267 2515 5323 forte
2541 5267 2632 5322 ubi
2679 5266 2779 5322 Ms.
2807 5267 3072 5322 inmunem
3102 5267 3292 5335 cuine,
3323 5266 3501 5338 legen-

1913 5337 2039 5390 dum
2076 5335 2360 5390 :immunis
2389 5339 2617 5390 nomine.

1949 5348 2039 5391 um
2076 5354 2089 5390 ε
2113 5352 2360 5391 immunis
2389 5348 2617 5392 nomine.

1990 5408 2006 5479 ξ
2041 5406 2170 5479 _Ms.,
2200 5407 2256 5460 in
2279 5407 2567 5478 principale
2597 5407 2833 5479 operis...
2861 5408 2914 5460 in
2944 5423 3121 5479 opera.

1988 5474 2003 5547 i
2041 5476 2118 5547 ita
2148 5474 2397 5547 tunc'pro
2425 5474 2531 5532 non
2557 5474 2782 5534 modico.

1989 5546 2015 5586 ι
2043 5546 2169 5612 Ms.,
2195 5545 2428 5604 solitum.

1996 5615 2014 5656 ι
2042 5616 2168 5690 his,
2191 5617 2553 5674 crudelissime
2574 5619 2732 5690 ferre.

1982 5697 2022 5727 ιη
2049 5687 2106 5765 Id
2126 5696 2228 5753 est,
2243 5703 2351 5765 non
2373 5687 2674 5765 amatorum
2696 5693 2936 5748 scientiae
2957 5692 3122 5765 (qyod
3148 5690 3500 5765 philosophus

1910 5757 2120 5828 sonat),
2154 5759 2254 5836 sed
2302 5769 2604 5836 amatorum
2652 5757 3082 5830 iactantiarfEx
3130 5757 3324 5834 graeco,
3357 5757 3497 5836 ὶριλόο

1909 5851 2120 5902 κομπος,
2153 5831 2204 5887 id
2235 5839 2318 5886 est
2342 5831 2616 5904 iactantia:
2643 5845 2870 5890 amator.

2983 5930 3056 5989 18
