4034 6350
567 407 677 466 555

1812 412 2067 471 ALVARI
2105 414 2579 474 CORDUBENSIS
3722 430 3806 485 556

567 527 672 582 bus
696 538 1109 597 congregamns,
1139 524 1271 580 nihil
1296 524 1440 580 aliud
1478 539 1645 596 quam
1673 541 1958 582 numerum
1984 538 2011 569 α
2056 542 2152 582 no-
2175 534 2228 593 Α
2254 530 2437 597 stiani,
2478 541 2533 587 et
2575 531 2811 602 linguam
2840 534 3111 603 propriam
3158 550 3262 591 non
3311 538 3599 595 advertunt
3631 542 3805 611 l.atini,

570 617 733 673 minis
748 615 866 686 ejus
885 618 939 671 in
964 614 1213 671 cubiculo
1233 624 1418 672 nostro
1437 617 1593 687 quasi
1617 616 1758 671 idola
1783 618 2147 674 conlocamus.

567 706 725 775 Quis,
758 721 909 777 rogo,
937 706 1096 761 hodie
1117 706 1288 761 solers
1314 707 1367 761 in
1386 708 1592 763 nostris
1622 708 1867 764 ﬁdelibus
1894 710 2045 765 laicis
2070 711 2153 764 in-

566 797 785 853 venitur
804 795 854 861 ι»,
886 797 978 865 qui
1006 795 1300 866 Scripturis
1329 799 1533 853 sanctis
1581 799 1835 853 inventus
1879 797 2149 854 volumina

568 899 1015 958 quorumcunque
1063 886 1343 941 doctorum
1391 887 1583 942 Latine
1627 888 1933 959 conscripta
1976 890 2150 959 respi-

565 978 677 1034 ciat
699 978 763 1031 e2
789 976 920 1044 Quis
963 978 1296 1048 evangelica,
1328 980 1452 1050 quis
1498 981 1835 1051 prophetico,
1866 981 1988 1051 quis
2023 996 2151 1052 apo-

562 1066 756 1123 stolico
782 1076 937 1124 ustus
964 1077 1181 1125 tenetur
1203 1071 1426 1126 amore?
1452 1071 1643 1127 Nonne
1666 1087 1856 1127 omnes
1875 1072 1902 1112 ιι
1925 1073 2153 1144 juvenes

560 1157 858 1214 Christiani
891 1159 1042 1214 vultu
1069 1160 1274 1227 decori,
1300 1161 1496 1234 linguae
1529 1174 1553 1203 ε
1579 1162 1790 1229 diserti,
1820 1164 2009 1218 habitu
2059 1179 2152 1235 ge-

564 1257 761 1319 stuque
807 1250 1107 1319 conspicui,
1153 1251 1426 1322 gentilicia
1480 1252 1784 1309 eruditione
1827 1252 2073 1323 praeclari
2100 1254 2150 1321 τ,

560 1338 803 1398 Arabico
852 1342 1070 1412 eloquio
1118 1343 1415 1411 sublimati,
1458 1344 1730 1400 volumina
1777 1346 2149 1404 Chaldaeorum

555 1429 870 1488 avidissime
901 1441 1141 1491 tractant
1167 1437 1217 1502 ⁸,
1253 1434 1612 1491 intentissime
1639 1434 1847 1506 legunt,
1875 1437 2149 1493 ardentis»

555 1521 695 1579 sime
715 1522 1011 1591 disserunt,
1040 1533 1098 1581 et
1134 1525 1340 1597 ingenti
1367 1526 1549 1582 studio
1579 1534 1991 1599 congregantes,
2013 1527 2142 1595 lata,

554 1614 966 1684 eonstrictaque
993 1616 1178 1687 lingua
1210 1616 1477 1672 laudando
1502 1615 1797 1687 divulgant,
1821 1617 2148 1674 ecclesiasti-

554 1715 679 1759 cam
716 1702 1174 1774 pulchritudinem
1202 1704 1533 1777 ignorantes,
1555 1712 1613 1760 et
1635 1703 1890 1761 Ecclesiae
1925 1704 2147 1763 ﬂumina

556 1793 628 1851 de
648 1796 903 1867 paradiso
927 1796 1226 1862 manantia,
1251 1796 1407 1866 quasi
1429 1795 1690 1851 vilissima
1711 1804 2143 1854 contemnentes.

2254 619 2326 673 ita
2347 627 2408 672 ut
2431 620 2576 673 omni
2616 623 2633 661 ί
2665 620 2867 677 Christi
2898 624 3122 695 collegio
3147 628 3570 684 vixinveniatur
3608 649 3742 688 unus
3764 637 3807 690 in

2252 708 2471 764 milleno
2528 709 2808 767 hominum
2857 729 3105 781 numero,
3147 718 3237 787 qui
3286 719 3633 777 salutatorias
3679 724 3806 781 fratri

2250 800 2423 868 possit
2470 801 2869 859 rationabiliter
2895 807 3127 876 dirigere
3156 808 3383 865 litteras.
3427 812 3492 866 Et
3522 816 3800 884 reperituri

2250 890 2453 961 absque
2477 909 2705 948 numero
2726 896 3003 967 multiplex
3046 900 3204 955 turba
3230 901 3281 967 ll,
3312 902 3403 972 qui
3431 905 3647 961 erudite
3675 907 3810 961 Chal-

2250 979 2433 1036 daicas
2467 984 2756 1039 verborum
2801 986 3035 1056 explicet
3079 1004 3324 1061 pompas.
3369 993 3447 1048 lla
3496 1004 3557 1049 ut
3607 999 3811 1054 metriae

2248 1072 2531 1129 eruditiori
2560 1075 2628 1130 ab
2658 1076 2791 1145 ipsis
2819 1079 3070 1149 gentibus
3120 1083 3383 1148 carmine,
3424 1094 3479 1139 et
3530 1086 3810 1143 sublimiori

2247 1166 2671 1237 pulchritudine,
2703 1168 2894 1226 ﬁnales
2922 1171 3193 1230 clausulas
3224 1177 3386 1230 unius
3434 1177 3635 1233 littera
3679 1195 3812 1236 coar-

2248 1261 2486 1316 ctatione
2513 1262 2790 1330 decorent,
2820 1273 2875 1321 et
2914 1265 3070 1334 juxta
3113 1270 3258 1338 quod
3287 1270 3483 1341 lingua:
3538 1273 3707 1343 ipsius
3746 1291 3812 1331 re-

2249 1349 2417 1420 quirit
2446 1351 2667 1419 idioma,
2691 1368 2813 1423 qua:
2840 1372 3030 1412 omnes
3072 1358 3285 1415 vocales
3334 1361 3519 1430 apices
3564 1376 3809 1421 commata

2246 1447 2448 1503 claudit
2496 1457 2552 1504 et
2596 1448 2735 1516 cola,
2764 1453 3052 1521 rythmice,
3108 1454 3218 1509 imo
3270 1455 3348 1510 uti
3392 1456 3523 1525 ipsis
3548 1462 3809 1528 competit.

2246 1538 2473 1594 metrice
2492 1539 2735 1602 universi
2773 1541 3047 1613 alphabeti
3085 1542 3281 1599 litterae
3314 1560 3409 1616 per
3437 1547 3617 1602 varias
3642 1548 3810 1604 dictio-

2246 1646 2346 1687 nes
2368 1630 2633 1701 plurimas
2658 1633 2934 1690 variantes
2963 1650 3071 1691 uno
3110 1635 3215 1691 line
3244 1637 3712 1708 constringuntur,
3736 1641 3808 1694 vel

2245 1721 2411 1779 simili
2436 1722 2609 1793 apice.
2657 1721 2819 1778 Multa
2850 1735 2906 1781 et
2950 1724 3059 1781 alia
3109 1734 3268 1781 erant
3310 1742 3431 1796 quae
3477 1740 3680 1784 nostra:
3703 1729 3809 1787 huic

2244 1816 2569 1888 expositioni
2596 1816 2918 1874 exhiberem
2957 1817 3312 1874 ﬁrmitatem:
3356 1819 3466 1874 imo
3503 1835 3628 1890 quae
3658 1820 3807 1891 ipsam

551 1882 695 1956 Ben,
726 1888 864 1958 proh
918 1887 1111 1944 dolori
1170 1887 1410 1958 linguam
1441 1886 1467 1927 ιι
1522 1900 1677 1942 suam
1710 1886 1961 1943 nesciunt
1987 1887 2136 1945 Chri-

2247 1882 2429 1982 patule
2450 1906 2507 1965 in
2528 1905 2711 1965 lucem
2741 1908 3104 1981 producerent
3131 1923 3296 1981 quam
3322 1882 3650 1979 exponimus
3677 1882 3719 1967 ἶ.

588 2052 652 2124 ,ι
685 2040 981 2124 Numqum
1014 2042 1419 2124 nominismejus,
1467 2040 1521 2096 id
1566 2048 1671 2107 est,
1698 2039 1940 2096 sexcenti
1980 2055 2134 2097 sexa-

552 2112 700 2183 ginta
732 2127 826 2167 sex
853 2112 1038 2182 (Apoc.
1063 2129 1181 2175 xm,
1208 2112 1318 2183 18).

593 2181 901 2265 ﬁAldrete
941 2183 1037 2238 lib.
1079 2198 1119 2238 ι.
1164 2184 1312 2255 Orig.
1340 2181 1472 2253 ling.
1497 2178 1716 2237 Castell.
1747 2194 1797 2237 c.
1840 2180 1915 2235 22
1942 2197 1957 2237 :
1986 2180 2132 2236 inre-

550 2261 751 2306 utatur.

622 2333 646 2394 ιξ
674 2321 820 2394 idem
847 2339 861 2377 :
889 2321 1130 2394 recipiat.

618 2391 645 2430 δ
679 2391 823 2447 Idem
851 2410 864 2447 :
889 2391 1144 2448 homines.

625 2473 651 2533 ξ
674 2462 820 2533 idem
844 2476 861 2516 :
886 2463 1087 2533 lingua.

625 2530 648 2572 ί
676 2530 802 2598 Ms.,
833 2530 1069 2604 gentilici
1095 2532 1397 2590 eruditioni.

2318 2068 2345 2108 ⁸
2376 2065 2608 2131 AldreL,
2644 2074 2904 2121 eructant.

2314 2139 2337 2176 ιι
2370 2136 2517 2192 Idem
2549 2155 2563 2189 :
2591 2137 2773 2208 legem.

2320 2209 2334 2248 ί
2373 2210 2516 2263 Idem
2544 2223 2559 2262 ε
2587 2226 2652 2263 ea:
2676 2208 2837 2262 omni.

2316 2278 2330 2326 ἱ
2372 2280 2555 2333 Idem:
2592 2280 2655 2332 Et
2693 2278 2942 2347 reperias.

2313 2349 2340 2388 ι
2369 2350 2491 2414 Ms.,
2519 2349 2830 2419 multiplices
2857 2349 3055 2402 turbas.

2319 2418 2857 2489 ³Ηιιθιιείιιιε⁷οοιίρκ
2900 2420 3283 2474 Cordubensis.
3332 2418 3617 2486 Secundus

2243 2490 2495 2564 promisit
2524 2490 2661 2545 liber
2681 2491 2855 2563 (num.
2881 2489 2935 2553 1,
2967 2491 3023 2544 ll
3052 2500 3107 2545 et
3133 2490 3225 2560 21)
3253 2492 3615 2546 desideratur.

3663 2434 3804 2490 quem

555 2690 3795 2719 W

1061 3250 1272 3292 CARIEN
1301 3248 1615 3290 PHILOAIELE
1624 3274 1637 3287 .

550 3332 687 3397 “tu,
708 3326 1026 3392 Philomela,
1054 3334 1147 3382 tua
1172 3334 1468 3381 metrorum
1490 3322 1732 3378 carmina
1760 3323 1945 3388 vincit,

620 3424 931 3492 Etsuperat
949 3418 1105 3475 miris
1126 3416 1346 3471 flamina
1387 3431 1581 3486 magna
1618 3416 1814 3470 modis.

548 3514 682 3580 Vox,
722 3510 1047 3576 Philomela,
1074 3516 1167 3563 tua
1190 3506 1364 3564 dulcis
1393 3521 1556 3575 super
1580 3521 1782 3577 organa
1816 3506 2012 3578 pergit,

613 3609 838 3665 Cantica
870 3620 994 3660 nam
1018 3616 1184 3659 suave
1213 3600 1414 3671 l'nlgide
1455 3615 1647 3669 magna
1678 3614 1809 3654 ca...

541 3701 683 3765 Vox,
708 3697 1032 3763 Philomela,
1068 3707 1158 3750 tua
1182 3702 1406 3764 superat
1429 3694 1507 3748 sic
1528 3703 1745 3763 gutture
1767 3708 1974 3758 musas,

621 3792 695 3849 Ut
723 3792 963 3847 citharas
990 3789 1020 3828 ιι
1042 3788 1226 3842 vincat
1252 3784 1409 3842 sibila
1440 3795 1464 3823 ο
1497 3793 1668 3839 ter....

544 3886 747 3954 Sicque
775 3883 923 3953 lyras
953 3880 1139 3936 dulces
1163 3877 1492 3935 chordarum
1520 3877 1713 3945 pollice
1739 3876 1933 3931 ductus
1963 3875 1989 3914 ἀ

617 3974 853 4028 Excellis
878 3971 1119 4025 mulcens
1142 3968 1308 4024 corda
1339 3964 1526 4022 l‘ov‘ens
1550 3968 1826 4022 hominum
1864 3985 1903 4021 ο.

546 4060 719 4115 Cedat
742 4057 988 4112 omni....
1018 4054 1115 4108 tibi
1159 4068 1265 4107 vox
1302 4067 1519 4120 quoque
1541 4051 1756 4121 garrula
1782 4053 1939 4107 cedat
1965 4070 1979 4106 :

617 4149 807 4205 Iudice
839 4163 926 4202 me
955 4160 1183 4201 carmen
1206 4144 1409 4215 fulgeat
1442 4158 1601 4197 omne
1630 4153 1800 4199 tuum.

546 4240 705 4303 Nulla
734 4249 886 4294 certe
911 4238 1006 4293 tibi
1028 4236 1255 4306 aequiter
1282 4250 1426 4290 nunc
1466 4235 1719 4289 cantibus
1745 4234 1858 4290 ales

731 4332 1010 4387 hominum
1032 4342 1167 4384 voce
1189 4328 1473 4385 feras......

1124 4419 1510 4477 hlande........

854 4512 1020 4568 funde
1040 4512 1200 4568 solite
1217 4520 1435 4583 gutture
1457 4525 1601 4581 saepe
1628 4510 1819 4566 melos.

542 4608 791 4663 l’orri....
815 4606 1000 4662 dulces
1028 4620 1219 4661 sonum
1250 4604 1501 4675 gaudenti
1525 4614 1744 4674 pectore
1793 4604 2063 4677 plectrunt

616 4699 684 4754 Et
704 4699 1237 4754 dulce................
1272 4696 1460 4767 clange
1495 4711 1714 4750 sonans.

544 4790 1156 4845 Cloria..................
1183 4803 1280 4857 per
1317 4787 1511 4843 saecula
1534 4788 1773 4843 Christo.

626 4881 727 4949 Qui
754 4881 1466 4937 nobis.......................
1501 4887 1649 4934 tanta
1682 4880 1851 4935 dedit.

623 5048 650 5076 ι
678 5035 1005 5090 Constanter
1039 5036 1175 5088 versi
1202 5033 1254 5088 in
1293 5034 1391 5089 Ms.

621 5105 650 5145 ιι
677 5105 944 5160 Morales:
975 5104 1184 5158 cicadas
1218 5106 1395 5159 vincit.

621 5186 645 5214 ε
682 5174 806 5240 Ms.,
828 5175 1003 5229 sivila.

616 5245 645 5285 τι
670 5245 831 5311 Mor.,
850 5246 1069 5298 ducunt.

623 5328 647 5355 ι·
682 5316 888 5372 Desunt
915 5324 1202 5387 sequentes
1224 5330 1413 5387 versus
1458 5316 1520 5387 in
1553 5313 1764 5378 Morali,
1813 5330 1973 5385 supra
2002 5331 2125 5387 pag.

549 5388 620 5443 32
642 5387 833 5452 ci'taro,
875 5385 965 5441 ubi
1005 5395 1191 5443 monet
1224 5403 1237 5438 :
1270 5384 1400 5455 Ha’c
1439 5385 1610 5454 prima
1658 5384 2127 5455 pagina,’praiter-

548 5458 854 5530 quaqutod
872 5456 1047 5510 lacera
1059 5455 1165 5530 fuit
1178 5465 1227 5510 et
1242 5454 1484 5530 mutilata
1509 5495 1522 5517 ,
1552 5464 1819 5524 tantopere
1831 5456 1929 5530 [uit
1958 5468 2126 5511 cetus-

549 5526 655 5583 tttte
695 5526 882 5594 deleta,
921 5536 979 5580 ut
1020 5528 1107 5581 via:
1164 5541 1377 5595 paucas
1395 5526 1583 5595 littera:
1638 5527 1851 5595 agnosci
1892 5534 2119 5595 possent.

552 5597 763 5670 Agnitaa
782 5613 923 5670 vero
954 5606 1083 5653 sunt
1123 5594 1310 5651 solerti
1356 5594 1422 5649 Ι).
1452 5594 1747 5651 FranciSco
1779 5596 2016 5665 Delgado
2042 5596 2097 5650 in

548 5668 923 5741 vestigatione.

626 5739 642 5819 ξ
671 5734 716 5819 ’ἱ
729 5738 877 5819 Bona
903 5736 1201 5819 pars_folii,
1224 5736 1399 5819 inquit
1423 5734 1915 5819 hlorales,_inferne
1934 5734 2132 5819 defuit.

552 5809 645 5867 ubi
670 5810 882 5865 initium
905 5804 1019 5865 'l'uit
1049 5804 1209 5874 hujus
1232 5804 1657 5878 epigrammatis.
1682 5810 1854 5863 Vcrso
1877 5806 2003 5878 folio
2039 5822 2131 5860 se-

554 5879 772 5952 quentia
803 5881 1016 5936 inerant
1046 5900 1059 5933 :
1093 5875 1347 5933 Carmina
1381 5877 1496 5934 (tete
1523 5887 1636 5946 tua,
1666 5887 1772 5933 etc.
1800 5908 1865 5917 -—-
1897 5875 2003 5933 Sed
2037 5891 2133 5930 no-

2155 4518 2209 4576 D

1138 2938 1141 2943 .
1358 2833 2157 2962 INCIPIUNT
2270 2832 2890 2967 VERSUS
2947 2829 3025 2957 ³.

2375 3156 2501 3194 1ΤΕΜ
2535 3157 2693 3195 ALIUD
2716 3156 3145 3199 Ριιιιοιιειλιεωι
3175 3158 3386 3199 GABII-IN
3414 3160 3660 3202 ωιτευειι.

2238 3269 2335 3324 Dic
2825 3272 2957 3326 mihi
2985 3281 3203 3343 gutture
3220 3289 3441 3330 can.....
3473 3274 3491 3313 ί

2240 3360 2496 3415 Carmina
2524 3361 2647 3417 laete
2675 3372 2764 3416 tua
2790 3364 2907 3418 rudi
2936 3365 3176 3435 criSpare
3202 3381 3452 3431 susurro,

2309 3452 2582 3509 Etlaudes
2617 3456 2875 3511 mctrieas
2905 3458 3326 3527 excita,qu:rso,
3354 3458 3447 3513 tibi
3486 3461 3533 3513 ⁸.

2236 3544 2499 3600 Cantibus
2523 3560 2650 3600 ecce
2684 3547 2788 3601 tuis
2812 3561 3070 3616 responsa
3099 3550 3309 3618 poetica
3333 3561 3584 3617 currunt,

2309 3637 2376 3691 Et
2401 3646 2616 3692 certant
2643 3640 2792 3694 vario
2815 3655 2875 3695 se
2900 3641 2925 3680 ιι
2951 3655 3212 3711 superare
3242 3644 3399 3712 pede.

2238 3728 2442 3783 Excute
2467 3711 2778 3801 pennigera,
2810 3732 2985 3786 exalta
3026 3734 3042 3774 ί
3082 3733 3162 3789 sic
3194 3736 3435 3790 carmina
3469 3750 3599 3790 voce
3629 3752 3646 3791 :

2311 3820 2443 3876 Nolo
2467 3823 2661 3877 timere
2691 3823 2845 3889 velis,
2871 3824 2996 3879 uolo
3024 3832 3207 3881 tacere
3230 3826 3385 3881 velis.

2238 3911 2406 3967 Cedat
2434 3914 2741 3985 omnigena,
2758 3918 2916 3970 cedat
2935 3930 3038 3970 vox
3075 3917 3289 3988 garrula
3324 3918 3497 3984 cedat,

2313 4004 2496 4060 Iudice
2520 4020 2606 4060 me
2629 4007 2825 4062 cedant
2851 4008 3039 4063 omnia
3060 4008 3227 4063 ﬂabra
3251 4010 3346 4063 tibi
3377 4021 3441 4079 t._

2237 4088 2526 4165 Perstrepe
2554 4095 2850 4168 plumigera
2874 4098 3096 4154 vincens
3117 4100 3197 4154 sic
3223 4098 3368 4155 facta
3400 4101 3426 4139 ι
3454 4100 3712 4171 priorum,

2313 4186 2381 4242 Ut
2408 4197 2591 4243 nostra
2619 4189 2824 4259 pariter
2853 4199 3018 4260 tuque
3046 4206 3184 4246 nova
3213 4207 3457 4262 superes.

2238 4275 2421 4332 Gloria
2452 4294 2646 4349 magna
2676 4279 2788 4334 Deo
2810 4290 3018 4346 nostro,
3049 4284 3141 4352 qui
3168 4284 3295 4338 sede
3317 4285 3565 4353 perenni.

2311 4369 2521 4441 Regnat
2548 4378 2828 4442 perpetue,
2849 4386 2950 4427 nos
2994 4372 3102 4441 pie,
3123 4372 3271 4441 juste
3298 4373 3505 4429 fovens.

2717 4666 2966 4708 DISTICHA
2998 4653 3017 4693 ι
3052 4668 3118 4707 ns
3143 4668 3332 4711 GALLO.

2239 4782 2425 4837 Callus
2452 4797 2509 4838 se
2537 4783 2822 4838 excutiens
2854 4784 3065 4852 pennis.
3097 4794 3151 4836 ct
3178 4799 3305 4837 voce
3337 4783 3591 4849 resultat,

2313 4874 2599 4930 Dulcisoue
2622 4885 2661 4913 ω
2684 4875 2930 4945 crispans
2956 4885 3172 4946 gutture
3202 4876 3427 4946 pulchre
3457 4891 3675 4928 sonans.

2243 5034 2464 5089 vissime
2497 5033 2724 5089 duorum
2767 5034 3185 5103 pra'cedeutium
3216 5046 3471 5086 versuum
3510 5039 3685 5101 partes
3710 5026 3800 5095 legi

2240 5114 2535 5174 potuerunt
2558 5121 2573 5160 :

2699 5223 2751 5266 tu
2778 5218 3033 5267 desinente
3056 5220 3279 5271 canendo

2697 5283 2806 5329 dies
2831 5289 2970 5328 nocte
2994 5282 3228 5330 tenebras
3252 5282 3394 5329 solas.

2574 5345 2793 5393 Carmina
2816 5342 2929 5392 laetu
2953 5349 3031 5391 tua
3047 5377 3061 5403 ,
3086 5352 3183 5393 etc.
3202 5358 3227 5388 ν

2305 5454 2330 5491 ε
2358 5448 2515 5513 Μοι·.,
2553 5452 2650 5505 tui.

2300 5518 2328 5559 ³
2356 5521 2477 5587 Ms.,
2502 5530 2571 5574 te.

2314 5595 2331 5634 ί
2366 5592 2524 5653 Mor.,
2544 5590 2742 5655 exalto,
2773 5601 2818 5645 et
2841 5590 3178 5654 Ms.,extulta
3207 5592 3302 5647 sic.

2312 5661 2326 5713 i
2364 5662 2456 5718 Sic
2484 5662 2617 5718 Mor.
2653 5661 2779 5728 Ms.,
2804 5663 2955 5715 cedat
2982 5678 3151 5717 omne.

2310 5735 2337 5774 Ιί
2362 5733 2518 5788 Mor..
2549 5734 2682 5802 fata.

2314 5804 2331 5843 ι
2369 5804 2490 5869 Ms.,
2514 5803 2737 5858 Distica.

2310 5890 2349 5916 ω
2376 5874 2467 5930 Sic
2495 5873 2627 5930 Mor.
2662 5874 2786 5943 Ms.,
2817 5873 2959 5928 dulci
2978 5891 3127 5931 sono.
