4034 6350
211 394 311 449 557

210 501 508 568 llicrepetit
533 509 669 554 artas
690 510 952 556 nocturno
982 498 1221 572 tempore
1252 518 1432 568 voces,

275 593 340 647 Et
373 592 489 647 luce
524 593 723 664 praevia
763 596 1004 648 carmina
1048 594 1199 665 plura
1237 596 1401 650 canit.

213 683 304 737 llic
332 682 515 737 laudes
551 682 779 737 Domino
809 685 993 753 pandit
1026 700 1123 753 per
1149 685 1279 738 liora
1312 684 1522 738 dierum
1555 700 1570 738 :

276 772 493 827 Excitat
520 783 572 827 et
603 773 787 844 pigros
826 774 1022 844 swpius
1053 775 1141 830 hic
1172 776 1437 830 recinens.

963 886 1049 942 Ill.

822 993 1025 1033 νειιευδ
1063 995 1193 1033 Αιιι.

210 1065 341 1138 (Illa
360 1066 476 1136 folii
506 1083 657 1140 pars,
679 1085 834 1138 quam
850 1069 1151 1140 _disruptam
1175 1070 1425 1135 diximus,
1459 1078 1572 1124 octo
1600 1069 1794 1140 primos

278 1154 458 1210 genus
487 1137 795 1193 abstulerat.
838 1137 1113 1210 Sequentis
1140 1139 1257 1210 folii
1281 1142 1379 1195 hoc
1419 1142 1520 1210 fuit
1564 1137 1793 1195 initium.

280 1205 455 1276 Mos.)

214 1299 417 1370 Sicque
447 1315 618 1370 pavus
650 1312 675 1340 α
706 1300 859 1356 varie
893 1316 1189 1372 pavescens
1220 1319 1352 1360 voce
1383 1304 1607 1361 resultat

214 1389 314 1458 Qui
344 1391 538 1459 pennis
565 1391 750 1445 rutilat
774 1391 935 1447 fulvis
958 1401 1014 1448 et
1042 1395 1247 1450 murice
1275 1396 1415 1451 sicli.

216 1480 409 1550 Specie
437 1480 675 1537 formosa
701 1483 843 1553 viget
869 1483 961 1553 qui
995 1485 1219 1554 pulchre
1244 1496 1501 1545 venustus

216 1573 477 1663 Cantibus
505 1574 778 1646 applaudit
802 1585 1074 1647 gemmato
1102 1578 1282 1634 sidere
1314 1579 1547 1651 pinclus,

216 1664 350 1719 Cum
390 1674 587 1720 teretes
614 1667 811 1733 vibrat,
840 1668 975 1723 mire
1003 1671 1129 1724 dum
1160 1672 1393 1741 explicat
1424 1672 1556 1739 alas,

217 1757 293 1811 Ac
322 1758 454 1813 solis
487 1758 659 1812 instar
684 1760 855 1814 cauda
888 1759 1013 1815 dum
1038 1777 1207 1831 pansa
1240 1762 1487 1835 refulget,

220 1847 283 1900 Et
311 1848 485 1918 pelles
516 1848 725 1904 clarent
755 1849 940 1905 lunato
971 1852 1145 1908 sidere
1171 1853 1344 1909 densi.

222 1937 357 1989 Dum
390 1938 552 1992 vertit
584 1948 727 1993 terra
760 1940 988 2009 pulcher
1015 1942 1327 2013 placideque
1352 1945 1601 2013 decorus,

220 2027 326 2082 Aut
356 2029 563 2099 crispas
599 2031 801 2087 relevat
828 2035 1070 2101 pandens
1104 2050 1200 2104 per
1226 2037 1413 2092 ordine
1441 2048 1610 2105 rotas,

220 2117 452 2174 Lumine
481 2120 699 2176 milleno
726 2121 1012 2191 splendunt
1040 2125 1169 2179 hinc
1195 2127 1320 2182 inde
1349 2143 1560 2194 serene,

224 2209 363 2263 Dnm
392 2211 622 2267 reboans
652 2213 923 2270 melodum
952 2225 1221 2272 concentu
1250 2219 1430 2289 plume
1458 2222 1702 2279 volucres

224 2301 485 2371 Despicit,
514 2313 570 2359 et
597 2305 822 2375 replicat
851 2309 1043 2364 crebro
1070 2310 1315 2365 iterando
1344 2327 1637 2370 camoenas.

225 2390 370 2463 Ergo
397 2408 491 2447 vos
519 2396 697 2465 cygni,
732 2396 969 2466 lautique
998 2400 1192 2454 decore
1219 2416 1455 2470 pavones

224 2481 361 2537 Cum
392 2488 541 2540 suavi
569 2503 687 2542 mea
719 2504 841 2543 cum
873 2488 901 2528 δ
929 2489 1224 2547 Philomela
1254 2494 1433 2547 ducite
1460 2508 1700 2558 carmen,

224 2571 287 2623 Et
321 2575 552 2642 pedibus
580 2577 819 2632 metricis
854 2578 1037 2634 rithmi
1064 2586 1395 2637 contemnite
1427 2590 1669 2637 monstra

226 2660 360 2726 Quae
386 2667 565 2735 segnis
587 2682 779 2722 errans
807 2667 982 2725 ﬂuxus
1008 2682 1032 2708 π
1061 2671 1139 2726 sic
1168 2673 1385 2727 rancide
1414 2687 1609 2728 sanans
1638 2671 1665 2712 ἀ

227 2753 398 2809 Devio
424 2759 631 2828 mugitu
659 2761 846 2830 pangit
875 2770 932 2814 ut
958 2762 1167 2817 cantica
1201 2772 1380 2831 turpet

228 2845 511 2913 Ecclesiae,
537 2850 782 2919 plebibus
806 2867 926 2923 quae
959 2869 1174 2925 semper
1197 2854 1400 2926 fulgida
1426 2855 1593 2910 claret
1624 2868 1670 2910 θ.

613 3070 809 3111 VERSUS
843 3073 1064 3123 LAUDIS,
1104 3074 1204 3113 νει,
1243 3075 1445 3115 PRECIS.

229 3163 274 3217 0
304 3165 509 3233 pietate
542 3166 713 3221 bonus
747 3168 949 3238 opifex,
979 3170 1186 3242 fulgore
1215 3173 1465 3241 decorus,

232 3252 349 3305 Rex
382 3254 699 3310 saeculorum
731 3256 908 3324 fortis,
935 3261 1027 3331 qui
1062 3262 1207 3318 clare
1231 3278 1477 3332 serenus,

232 3344 464 3400 Eterne
490 3361 724 3415 regnans
753 3365 946 3421 magna
986 3352 1189 3409 ditione
1213 3363 1452 3425 potestas

230 3434 561 3491 Pulchriﬁce
592 3439 805 3494 radians
837 3449 948 3496 toto
976 3457 1075 3511 per
1104 3446 1303 3500 mundo
1332 3445 1576 3517 refulgis,
1609 3460 1615 3469 ‘

231 3528 336 3595 Qui
377 3545 544 3594 mare,
576 3532 665 3600 qui
698 3542 902 3599 terras,
937 3535 1275 3606 coelumque,
1302 3546 1360 3592 et
1392 3548 1594 3594 tartara
1624 3540 1821 3607 tendis,

233 3618 302 3671 Et
329 3618 533 3673 virtute
564 3621 746 3690 vigens
777 3622 959 3693 signas
983 3632 1037 3679 et
1064 3623 1237 3680 cludis
1267 3626 1509 3697 abyssos,

234 3707 412 3773 Quem
441 3718 684 3776 respecta
716 3712 918 3776 tremit,
943 3727 1167 3783 qua:un
1190 3714 1390 3784 pietate
1416 3716 1685 3785 gubernas

235 3796 556 3865 Temperas,
585 3810 639 3853 et
675 3801 889 3857 rabidas
918 3802 1137 3859 frenans
1165 3805 1364 3860 viriute
1388 3807 1672 3877 procellas.

236 3889 341 3944 Tu.
371 3928 385 3941 .
420 3927 435 3942 .
464 3931 478 3944 .
506 3931 518 3944 .
549 3932 561 3944 .
591 3932 604 3945 .
636 3892 893 3949 Dominus
922 3896 1045 3951 οωιί
1080 3897 1171 3967 qui
1202 3913 1364 3969 regna
1394 3908 1655 3968 potestas.

234 3983 304 4037 Et
334 3983 482 4037 vultu
514 3983 721 4055 placido
756 3996 1209 4060 tempestatesque
1241 4006 1485 4057 serenas,

237 4075 536 4130 Tartareas
563 4084 738 4133 terras
772 4079 1020 4135 dissolvis
1049 4081 1169 4137 luce
1200 4084 1475 4147 tenebras,

236 4162 513 4218 lnl‘antum
544 4165 753 4237 linguas
786 4167 968 4223 reddis
998 4170 1087 4241 qui
1122 4170 1343 4241 pulchre
1376 4172 1602 4239 solutas,

240 4255 308 4310 Et
338 4254 487 4324 juste
521 4258 665 4328 regis
699 4258 904 4327 pariter
927 4275 1150 4331 quaeque
1181 4278 1345 4333 regna
1381 4264 1624 4319 decoras.

240 4346 323 4399 Tu
355 4354 569 4400 nostras
601 4356 781 4402 rector
808 4356 959 4420 terge
988 4351 1326 4407 sanctissime
1353 4353 1558 4423 culpas,

240 4441 308 4495 Et
338 4439 579 4497 clemens
603 4457 765 4500 voces
791 4443 892 4499 has
921 4460 1064 4500 nunc
1094 4445 1189 4500 tibi
1216 4448 1426 4502 reddito
1457 4448 1669 4518 dignas.

1013 4557 1077 4610 ν.

857 4660 988 4699 ΙΤΕΙ
1026 4660 1244 4701 VERSUS.

240 4762 480 4818 Lumine
506 4761 755 4817 candoris
790 4762 996 4817 clarent
1024 4763 1111 4818 hic
1139 4763 1246 4818 lilia
1273 4764 1417 4829 cmli,

245 4852 413 4905 l-‘nlve
444 4866 580 4906 rosa:
607 4848 808 4907 ﬂorens
838 4853 1051 4907 inuitant
1078 4854 1167 4909 hic
1198 4870 1437 4925 purpura
1468 4862 1654 4921 teme,

243 4942 313 4995 Et
340 4942 498 4995 violae
525 4942 729 5010 pariter
754 4942 1029 4997 stellarum
1055 4944 1172 5000 vice
1194 4952 1503 5012 coruscant,

245 5032 387 5086 Dum
414 5034 566 5089 vario
590 5033 835 5090 redolent
855 5034 1059 5104 pariter
1087 5037 1249 5092 unita:
1277 5038 1457 5093 colore

242 5121 487 5176 Albeolae
515 5123 749 5179 retinent
772 5139 871 5178 ceu
902 5123 1028 5179 unio
1055 5123 1167 5179 lilia
1193 5126 1415 5181 conchis
1445 5126 1493 5192 ί,

243 5214 428 5275 lnstar
452 5223 507 5269 et
538 5230 719 5286 gypsa:
746 5216 1107 5285 complectens
1132 5218 1268 5273 colla
1294 5220 1481 5288 puellae
1661 5263 1671 5279 .

242 5304 474 5370 Lactea,
505 5306 632 5360 dum
664 5306 892 5377 pingunt
918 5306 1125 5364 bilbant
1148 5307 1438 5382 fulgentem
1467 5310 1669 5368 selenci
1702 5314 1727 5352 ⁸

321 5455 351 5515 ξι
387 5441 543 5515 μοι,
572 5444 730 5515 fores.
762 5442 887 5515 31s..
917 5460 1101 5515 pavus.

324 5513 353 5552 δ
393 5512 520 5577 Ms.,
541 5512 771 5569 uicatim.
802 5512 962 5580 Μοιί..
987 5532 1103 5570 mea
1129 5532 1269 5571 cum.

325 5595 349 5658 οξ
396 5581 488 5658 _S_ic
510 5582 642 5638 Mor.
671 5583 1044 5658 Ms.._harrans
1068 5587 1260 5655 flexas,
1293 5586 1331 5641 f.
1361 5587 1548 5658 ﬂexus.

323 5654 351 5691 ἀ
396 5652 522 5719 Ms.,
546 5670 761 5718 manus,
790 5654 829 5709 f.
856 5652 1071 5710 sonam.

331 5735 357 5762 ο
397 5721 519 5790 Ms.,
556 5722 818 5794 plebisque
848 5741 1048 5796 semper
1076 5727 1273 5801 fulgida
1308 5728 1488 5785 claret.
1527 5726 1657 5784 Mor.
1688 5736 1746 5783 ut
1782 5730 1836 5784 in

1672 389 2000 446 CAIlMlNA.

1816 512 1867 570 Α
1894 499 2085 570 lgneus
2112 498 2341 554 ﬂammis
2368 501 2522 557 miris
2552 499 2914 556 carbunculus
2939 502 3157 568 ardens,

1833 1880 1882 1941 B

1857 4575 1908 4635 Ι)

3373 388 3477 445 [’58

1893 594 2069 661 Atque
2101 592 2280 647 colore
2310 592 2413 661 poli
2442 592 2759 662 pollensque
2785 592 2999 662 lapillus
3025 607 3377 663 aeque-scene,

1895 680 1987 736 Sic
2011 682 2247 750 pretiose
2273 682 2459 751 vigens
2488 682 2666 737 adstat
2692 682 2933 751 aliosque
2958 683 3233 739 virescens

1891 769 1995 836 Qui
2024 769 2165 825 celse
2192 769 2477 839 pulchrum
2509 771 2739 826 reddunt
2763 787 2860 842 per
2885 772 3022 828 colla
3046 771 3306 828 celidrum
3333 773 3383 838 ll,

1893 863 2070 931 Atque
2094 862 2289 917 decora
2315 878 2435 917 rosa
2475 862 2717 918 ﬂabescit
2738 878 2888 920 more
2912 874 3163 936 topazon,

1893 951 1961 1007 Et
1985 953 2220 1008 theretes
2248 953 2462 1007 vibrant
2488 969 2621 1008 auro
2642 954 2883 1025 crispose
2908 958 3064 1012 viola:

1892 1045 2187 1102 Gemmatae
2210 1046 2448 1117 lapidum
2485 1046 2643 1113 colla,
2671 1048 2752 1104 sic
2789 1046 2952 1105 ﬂorea
2980 1050 3154 1119 campi

1897 1138 2264 1208 Resplendunt
2287 1138 2448 1195 rutilo
2473 1154 2701 1209 gemmae
2718 1155 2840 1209 quae
2863 1149 3071 1210 quaestu
3097 1141 3331 1212 superbo

1895 1229 2101 1298 Empta:
2123 1238 2343 1284 manent
2376 1230 2616 1298 pretioso
2653 1229 2817 1285 nimis
2838 1230 2917 1285 sic
2939 1246 3164 1286 munere
3192 1241 3387 1295 macte.

1899 1318 2006 1375 Sed
2031 1319 2195 1374 simili
2224 1319 2430 1389 pollent
2461 1320 2631 1390 gratis
2652 1320 2883 1374 vibranti
2906 1319 3121 1376 decore.

1900 1409 2035 1465 Dum
2061 1410 2228 1466 mixte
2249 1408 2469 1475 ﬂorent,
2500 1410 2763 1477 redolent,
2791 1411 3153 1483 candentque,
3182 1413 3485 1485 tabentque

1860 1524 1865 1527 τ
1899 1502 2234 1571 Quadratum
2261 1504 2415 1574 apice
2442 1505 2703 1562 mundum
2734 1503 2953 1560 millene
2974 1513 3245 1561 venustat.

2656 1635 2745 1692 Vl.

1901 1767 2173 1808 INCH'IUNT
2192 1767 2391 1809 VERSUS
2410 1769 2778 1811 ειηιελιειιιῡεε
2804 1758 2819 1795 ί
2846 1771 3203 1813 ΛΕΕΒΙΤυθΙΝιε
3226 1770 3468 1813 ΡΒΟΡΒΙΒ

2466 1862 2725 1933 Praefatio
2754 1868 2942 1935 procis.

1908 1972 2011 2037 Tu,
2041 1972 2256 2030 Christe
2287 1976 2513 2032 Domine
2535 1992 2739 2041 rerum,
2770 1994 2929 2049 quem
2958 1979 3134 2050 lingua
3164 1981 3422 2046 celebrat,

1908 2066 2189 2137 Quemque
2210 2074 2408 2122 tremet
2441 2068 2696 2132 mundus,
2730 2084 2892 2137 quem
2925 2071 3071 2125 clare
3100 2086 3262 2147 regna
3297 2086 3499 2141 prtecoc

3270 2170 3424 2224 nant,

3270 2176 3288 2212 1η

1907 2240 2006 2296 Cui
2034 2242 2255 2309 caelum,
2288 2243 2468 2310 tellus,
2501 2246 2697 2310 maria,
2725 2245 2809 2299 vel
2837 2255 3042 2303 tartara
3082 2158 3288 2303 servit[:

1910 2331 2007 2387 Cui
2033 2335 2137 2397 sol,
2167 2334 2316 2400 luna,
2348 2337 2483 2401 dies,
2517 2335 2795 2401 famulant,
2824 2340 2911 2393 cui
2943 2353 3132 2394 omnes
3155 2340 3354 2411 abyssi,

1909 2432 2166 2502 Angelica
2196 2433 2281 2487 cui
2325 2434 2482 2488 turba
2509 2435 2707 2489 virtute
2741 2434 2898 2490 beata

1910 2522 2184 2577 Laudibus
2205 2525 2524 2593 obsequium
2548 2524 2711 2578 solvit
2734 2523 2955 2594 fulgenti
2979 2525 3196 2591 decore,

1914 2613 2084 2679 Quem
2115 2612 2282 2668 virtus
2304 2614 2481 2668 omnis
2510 2624 2803 2669 concentus
2831 2615 3032 2680 laudat,
3058 2625 3113 2670 et
3135 2618 3312 2673 omnis

1916 2702 2129 2764 Sidera,
2153 2703 2237 2756 vel
2262 2702 2520 2772 quidquid
2544 2704 2716 2759 centri
2752 2720 2990 2760 convexa
3027 2716 3262 2773 tenetur,

1912 2792 2086 2861 Quem
2115 2793 2226 2860 lux,
2260 2809 2414 2861 aura,
2442 2794 2578 2860 dies,
2610 2796 2837 2861 recinet,
2869 2796 2950 2853 vel
2970 2808 3139 2854 aestus
3168 2807 3222 2854 et
3250 2802 3407 2871 ignis,

1915 2883 2190 2950 Flumina,
2222 2885 2335 2951 nix,
2370 2887 2590 2958 glacies,
2623 2901 2838 2955 ventus,
2870 2899 2923 2946 et
2953 2893 3093 2946 unda
3126 2904 3360 2958 resonat,

1919 2975 2214 3046 Omnigena
2243 2991 2423 3032 rerum
2449 2977 2733 3035 Dominum
2761 2997 2893 3052 prex
2922 2983 3079 3054 digna
3102 2995 3348 3039 venerat.

1921 3067 2002 3121 Tu
2031 3070 2230 3123 misero
2251 3070 2488 3125 clemens
2519 3072 2774 3127 metricas
2797 3073 3005 3128 resolve
3027 3090 3299 3139 camenas,

1921 3158 2173 3213 Carmine
2203 3168 2262 3214 ut
2288 3161 2515 3231 pulchro
2543 3163 2720 3218 valeat
2748 3165 3037 3220 concinere
3062 3164 3274 3227 laudes.

1848 3229 1895 3292 (ἶ
1927 3251 1995 3306 Et
2009 3252 2258 3322 proprias
2288 3229 2446 3307 versu
2481 3253 2663 3309 clades
2690 3254 2775 3309 bis
2805 3262 2953 3310 levat
2977 3270 3214 3310 amaras.

1925 3344 2070 3409 Quas
2091 3343 2284 3400 merito
2306 3345 2517 3413 patiens
2546 3344 2844 3416 subjectum
2878 3354 3053 3401 morte
3083 3346 3315 3418 sepulcri

1925 3434 2007 3489 Tu
2036 3435 2236 3505 pietate
2256 3435 2399 3490 Deus
2438 3451 2661 3493 revocas
2684 3421 2752 3492 ad
2779 3437 2966 3491 limina
2993 3438 3133 3491 vitze.

1925 3524 2080 3580 Nunc
2107 3525 2308 3580 famulo
2336 3526 2543 3597 largum
2568 3527 2854 3596 plangendi
2874 3527 3117 3581 carmine
3140 3526 3326 3581 ﬂetum

1924 3614 2144 3680 Confer,
2173 3624 2230 3669 et
2255 3615 2470 3670 Christe
2499 3607 2712 3671 nostras
2746 3617 2979 3673 dissolve
3008 3617 3281 3682 tenebras,

1926 3706 1993 3761 Et
2013 3705 2191 3761 lucide
2227 3707 2407 3778 rigida
2447 3707 2589 3763 servi
2632 3709 2711 3763 sic
2737 3716 2960 3778 pectora
2992 3707 3182 3770 forma,

1929 3796 1999 3851 Ut
2026 3797 2186 3869 digne
2211 3806 2433 3852 cantum
2477 3799 2669 3852 reddat
2695 3799 2996 3869 hymnifere
3030 3801 3337 3870 pulchrum,

1925 3892 2045 3957 Quo
2074 3891 2255 3947 deleas
2291 3902 2478 3947 sancte
2508 3892 2716 3960 placide
2754 3908 2890 3961 quas
2918 3893 3120 3963 perﬁde
3145 3894 3333 3965 culpas

1929 3984 2215 4038 Traximus
2253 3995 2500 4039 errantes
2526 4000 2620 4055 per
2649 3985 2857 4041 deviam
2900 4001 3073 4056 neque
3099 3988 3325 4042 viantes.

1928 4075 2020 4131 Sic
2049 4090 2149 4144 ego
2175 4074 2471 4145 primorum
2496 4085 2671 4131 sectas
2695 4076 2940 4133 iterando
2969 4076 3258 4145 malorum,

1932 4165 2083 4221 Nunc
2107 4183 2244 4221 nexu
2265 4166 2412 4233 justo
2438 4168 2652 4223 vinctus
2687 4170 2788 4224 sub
2814 4166 2966 4225 clade
2996 4185 3232 4226 reorum.

1934 4259 2039 4315 Sed
2070 4259 2268 4315 misero
2294 4261 2505 4315 veniam
2551 4261 2689 4316 tollit
2712 4262 2797 4316 cui
2839 4261 3016 4333 culpa,
3045 4278 3301 4319 coronam

1931 4352 2117 4407 Gratia
2148 4352 2363 4408 Clu-iste
2395 4362 2482 4407 tua
2515 4354 2731 4413 tribuat.
2758 4369 2916 4424 quem
2949 4355 3109 4410 restis
3143 4357 3279 4411 reati

1933 4443 1974 4495 Λ
2007 4444 2250 4512 patribus
2289 4452 2447 4499 tcnxa
2487 4446 2657 4499 vinxit
2686 4460 2788 4499 nec
2815 4443 2941 4499 ﬂetu
2975 4444 3195 4500 resulta.

2675 4574 2784 4628 VII.

2188 4728 2319 4768 ITEI
2350 4728 2635 4766 LAIENTUI
2668 4727 2943 4806 ΙΕΤέὶῙϐυη
2972 4728 3257 4768 ΡΒΟΡΙΠΠΜ.

1935 4848 2185 4911 Alvarus,
2226 4860 2260 4901 ο
2288 4846 2477 4912 lector,
2503 4845 2659 4917 longe
2684 4860 2781 4916 per
2820 4841 3061 4913 tempore
3091 4846 3298 4915 pangit,

1937 4944 2004 4998 Et
2028 4942 2209 5013 lingua
2237 4956 2498 4997 resonans
2522 4950 2698 4997 tecum
2726 4949 2848 5011 post
2873 4941 3013 4995 facta
3043 4940 3280 5011 resurgit

1937 5036 1994 5091 In
2020 5050 2179 5090 auras
2203 5034 2409 5090 solutus
2431 5033 2515 5089 vel
2540 5041 2690 5089 certe
2710 5033 2930 5103 pulvere
2955 5046 3190 5098 mersus,

1942 5126 2141 5183 Versus
2170 5126 2222 5181 in
2264 5126 2468 5189 cinere,
2498 5124 2721 5180 metrice
2741 5126 2835 5180 sed
2864 5137 2990 5178 ecce
3016 5122 3223 5179 reboat.

1939 5220 2043 5286 Tu,
2067 5220 2255 5285 lector,
2286 5218 2528 5289 relegens
2548 5219 2713 5274 redde
2737 5233 2882 5275 nunc
2909 5216 3130 5289 praemia
3154 5218 3325 5284 vocis.

1940 5310 2007 5364 Et
2032 5309 2297 5381 lacrymas
2324 5310 2550 5365 Domino
2578 5308 2808 5366 fundens
2828 5308 2943 5365 haec
2967 5318 3127 5366 cantu
3156 5311 3381 5368 resulta.

1940 5450 2113 5498 textu.
2148 5443 2337 5516 Ibique
2365 5441 2483 5513 ejus
2509 5442 2898 5516 transcriptum
2922 5442 3154 5511 desinit;
3181 5446 3535 5516 sequentium

1940 5526 2193 5585 versuum
2223 5514 2405 5568 titulos
2431 5521 2637 5569 tantum
2664 5515 3053 5585 perstringens.

2021 5583 2040 5622 ί
2084 5583 2208 5647 Ms.,
2240 5584 2453 5639 conclis.

2018 5655 2045 5726 β
2152 5653 2370 5726 eleae/ti,
2401 5654 2452 5709 id
2480 5662 2565 5709 est
2594 5656 2921 5726 margaritae.

2014 5724 2041 5763 h
2082 5725 2120 5777 Ι.
2150 5724 2448 5793 chelydrum
2476 5742 2494 5784 :
2521 5724 2899 5781 ornamentum
2932 5728 3207 5785 muliebre.
3298 5732 3311 5739 '

2026 5798 2043 5835 ί
2078 5794 2197 5860 Ms.,
2225 5794 2404 5863 incipit
2437 5797 2567 5850 versi
2604 5795 2953 5865 Epimenides.
