4034 6350
603 391 710 447 3'59

606 505 993 576 Cunctipotens
1020 504 1246 564 Genitor
1287 522 1469 564 rerum
1497 510 1596 566 leui
1623 509 1790 582 gloria
1821 516 1994 584 cedet,

607 596 886 665 Quemque
923 597 1028 667 poli
1061 598 1299 665 laudant,
1337 599 1713 658 fanmlant'cui
1751 621 1943 662 otnnes
1982 609 2186 681 abyssi,

608 689 707 745 Cui
732 691 835 756 sol,
862 691 1011 756 luna,
1039 691 1174 758 dies,
1207 693 1392 760 tellus,
1423 704 1479 750 et
1505 704 1709 752 tartara
1747 709 1966 754 servent
1995 713 2042 764 ε,

1864 402 2115 461 ΜΝΑηί
2153 407 2632 472 CORDUBENSIS

3711 450 3787 504 5ύο

2206 522 2556 590 A-Ezechiel,
2591 536 2765 585 tectus
2786 534 2968 603 capite
3009 537 3088 590 rei
3121 537 3223 595 line
3247 541 3482 602 seclusus

2291 611 2454 681 Hose,
2483 615 2657 685 Johel,
2680 620 2865 688 Amos,
2891 624 3110 692 Abdias,
3146 630 3432 706 naufragus
3458 635 3624 706 Jonas,

2290 701 2668 776 Michazasque,
2703 709 2899 778 Naum,
2929 717 3223 784 Ambaeuc,
3257 701 3627 799 Sofl‘oniasque,

2886 777 2891 778 ⁷
3211 777 3221 784 ’
3410 777 3627 799 ⁷“““⁷“Ι“”“Ἲ

606 780 778 846 Quem
813 781 994 836 dulces
1021 781 1265 838 volucres
1287 784 1524 850 laudant,
1565 802 1688 842 cum
1709 777 1953 846 carmina
1981 792 2186 862 pipaut,
2287 792 2516 865 Aggazus
2541 797 2910 873 hinc‘clangit,
2953 804 3247 868 Zacharias
3297 831 3519 888 namque
3547 837 3741 895 resonat,

607 871 774 895 Δὶ.--...-
800 887 1042 895 ..κ-....-.,.-...
1071 882 1280 895 -Α,,.....ι
1311 891 1376 895 ___.
1394 875 1512 895 Δ..Δ
1547 877 1711 895 Α---μ-.⁶
1763 893 1774 895 -
1805 886 1818 895 Α
2290 883 2338 895 --
2381 885 2391 895 ι
2463 889 2477 895 -
2505 890 2515 895 -
2625 890 2649 895 Α

607 871 778 936 Quem
800 887 1042 927 murmur
1071 882 1287 928 resonat
1311 875 1517 931 undose
1544 877 1785 948 margine
1804 886 2041 950 turgens,

604 958 673 1013 Et
695 959 862 1013 maris
888 961 1257 1031 altaprocella
1286 971 1482 1019 tonans
1504 981 1664 1034 quem
1690 983 1827 1023 cana
1848 969 2104 1039 celebrat,

603 1048 899 1118 Omnigena
928 1065 1109 1105 rerum
1138 1067 1302 1107 sensu
1331 1069 1492 1124 quem
1519 1063 1635 1111 rota
1656 1066 1946 1126 prmeonat,

601 1139 859 1194 Alvarum
880 1140 1038 1195 solita
1066 1157 1283 1212 semper
1306 1145 1508 1214 pietate
1536 1147 1774 1218 guberna
1799 1166 1812 1202 :

603 1230 758 1286 llunc
801 1233 974 1301 gratia
999 1232 1201 1289 relevet
1223 1251 1383 1304 quem
1407 1238 1563 1306 nugis
1592 1239 1753 1293 noxia
1785 1243 1973 1296 cnrbat
2000 1259 2014 1295 :

602 1319 696 1374 Sic
722 1331 773 1375 te
800 1329 922 1391 post
945 1320 1055 1376 fata
1077 1330 1388 1379 sanctorum
1421 1341 1546 1380 vere
1569 1342 1760 1382 serena

600 1408 740 1465 Prex
767 1411 962 1466 merito
983 1410 1144 1479 digna
1171 1427 1490 1483 magnorum
1515 1425 1662 1471 sorte
1685 1429 1929 1474 coronet.

600 1499 681 1554 En
703 1515 803 1571 ego
832 1515 973 1566 sum,
1002 1501 1195 1568 fateor,
1223 1506 1314 1574 qui
1338 1505 1538 1560 dudum
1570 1507 1710 1562 forte
1739 1510 1987 1579 vigebam

599 1592 830 1648 Vitalem
867 1594 1090 1657 ducens,
1116 1596 1349 1653 reddens
1377 1614 1442 1654 ex
1467 1615 1693 1671 corpore
1716 1599 1900 1656 flatum
1929 1620 1946 1659 :

601 1683 708 1738 Sed
737 1685 874 1740 cinis
897 1687 950 1740 in
976 1687 1215 1743 cinerem
1243 1690 1410 1746 veloci
1436 1693 1544 1746 [inc
1576 1694 1824 1760 recessit,

600 1775 887 1834 vermibus
916 1789 1073 1850 pastu
1103 1783 1319 1851 cedens,
1348 1785 1433 1840 vel
1465 1796 1626 1842 vento
1650 1789 1883 1860 rejectus

595 1867 657 1922 In
697 1870 921 1926 nihilum
950 1875 1164 1931 rediens
1186 1877 1383 1932 iterum
1414 1894 1500 1934 tne
1525 1897 1683 1951 posse
1712 1885 1910 1939 reverti

597 1956 679 2013 Ex
713 1959 884 2015 nihilo
909 1962 1107 2018 virtute
1129 1963 1222 2020 Dei
1249 1968 1572 2038 quandoque
1610 1970 1822 2043 rellngi.

599 2049 677 2106 Te
709 2067 836 2123 rogo
865 2070 1007 2109 nunc
1029 2058 1219 2111 recole
1265 2057 1472 2129 fragilis
1493 2062 1572 2115 sic
1609 2074 1755 2117 sorte
1785 2066 2102 2134 revinctum,

597 2143 666 2197 Et
687 2144 857 2200 nostri
887 2160 1108 2201 consors
1128 2148 1308 2203 anima
1339 2149 1575 2222 fugiente
1600 2152 1813 2210 dolores

596 2230 706 2288 Has
726 2236 946 2289 umbras
970 2235 1210 2291 locorum
1235 2241 1556 2311 quandoque
1583 2246 1744 2299 corde
1777 2245 1957 2303 fruere
1983 2265 1996 2301 :

592 2324 729 2378 Nam
758 2323 834 2380 fui
860 2325 1004 2394 quod
1032 2335 1089 2381 tu
1108 2327 1293 2398 vigens
1319 2331 1479 2386 hodie
1499 2348 1642 2388 nunc
1671 2349 1766 2390 ore
1793 2335 2014 2409 refulgis

588 2417 863 2473 Audacter
889 2417 1068 2488 fragili
1089 2421 1365 2478 conlidens
1393 2435 1545 2494 gestu
1575 2427 1775 2483 virenti

587 2506 783 2562 Erecta
813 2509 1027 2564 cervice
1051 2520 1267 2578 tonans,
1290 2521 1344 2570 et
1371 2529 1504 2570 voce
1532 2517 1766 2587 superba

591 2597 867 2669 Usurpans
887 2602 1050 2656 vetita
1082 2619 1275 2675 magno
1299 2620 1424 2661 cum
1446 2608 1675 2666 crimine
1701 2611 1894 2668 vivens

587 2688 697 2744 Sed
733 2691 934 2760 pietate
957 2693 1052 2748 Dei
1082 2709 1358 2766 nunquam
1388 2713 1486 2769 per
1507 2699 1662 2756 devia
1695 2710 1916 2758 tractus.

586 2781 632 2834 A
656 2791 844 2836 saneta
869 2783 994 2838 fidei
1017 2799 1208 2839 norma
1241 2786 1324 2841 vel
1351 2798 1528 2844 mente
1561 2793 1780 2847 recessi.

586 2869 758 2941 Ipsius
784 2871 908 2927 fidei
947 2875 1142 2930 merito
1169 2877 1342 2931 credo.
1359 2893 1447 2934 me
1472 2878 1614 2934 forte
1639 2882 1814 2949 beari,

590 2962 646 3016 Si
676 2964 877 3033 pietate
906 2973 994 3019 tua
1017 2981 1380 3024 mereancum
1401 2969 1527 3025 fletu
1548 2972 1751 3042 juvari,

590 3054 725 3108 Nam
766 3057 908 3124 quod
929 3072 1029 3129 ego
1058 3068 1112 3114 tu
1151 3061 1262 3116 eris
1288 3072 1410 3131 post
1441 3071 1562 3118 atra
1590 3065 1783 3121 funera
1810 3069 2023 3124 mortis.

592 3147 730 3218 Ergo
753 3162 872 3219 age,
901 3164 1091 3220 rumpe
1114 3167 1317 3219 moras,
1343 3162 1398 3208 et
1418 3163 1617 3210 nostro.
1627 3155 1734 3213 line
1753 3160 1988 3228 quiesce.

1316 3243 1448 3298 VIII.

585 3346 786 3388 VERSUS
834 3348 886 3387 IN
912 3347 1259 3389 BIBLXOTHECA
1297 3349 1634 3405 ιεονεαιιυι,
1660 3355 1895 3397 ειυεῡιῑιι
1947 3361 2164 3404 ΑινΑιιι.

588 3425 727 3478 Sunt
753 3426 841 3481 hic
874 3425 1029 3495 plura
1060 3441 1238 3492 sacra,
1277 3437 1403 3482 sunt
1427 3445 1555 3486 vero
1579 3432 1830 3505 dogmate
1856 3436 2022 3503 clara,

584 3513 716 3580 Quae
745 3514 969 3571 Deitatis
1000 3530 1104 3586 ope
1127 3515 1334 3588 fulgent
1362 3533 1460 3588 per
1491 3522 1713 3578 cardina
1739 3529 1945 3582 mundi.

583 3603 690 3660 llic'
713 3621 850 3660 nova
881 3621 1004 3661 cum
1038 3616 1221 3662 vetera
1249 3608 1454 3677 pariter
1495 3621 1620 3668 sunt
1650 3613 1796 3670 clare
1825 3619 2018 3674 decora

579 3700 758 3752 Aurea
784 3698 930 3752 dicta
960 3697 1056 3753 Dei
1089 3700 1291 3754 summi
1318 3690 1602 3770 prudentia
1630 3703 1828 3774 Patris,

581 3788 712 3855 Quae
743 3797 886 3844 totus
907 3789 1147 3845 celebrat
1181 3791 1449 3860 quadrato
1479 3797 1686 3853 vertice
1712 3801 1964 3860 mundus.

581 3879 914 3948 Principium
945 3878 1069 3934 libri
1095 3879 1326 3937 Genesis
1349 3883 1645 3952 primordia
1672 3890 1864 3957 pandit

581 3967 782 4032 Mundi,
807 3969 900 4039 qui
922 3983 1103 4024 rerum
1134 3979 1356 4028 naturas
1379 3983 1529 4032 certe
1550 3979 1776 4034 revelat.

578 4059 800 4143 Esodus
830 4058 1068 4131 Egypto
1089 4061 1349 4133 pepulum
1376 4081 1474 4134 per
1507 4067 1734 4125 brachio
1762 4071 1931 4128 ducit.

579 4149 797 4205 Tertius
824 4149 1095 4208 Leviticus
1133 4163 1291 4209 ornat
1313 4155 1524 4225 insigne
1551 4160 1792 4218 camillas
1821 4163 1870 4218 δ.

578 4239 816 4307 Quartus
828 4229 1004 4307 habet
1025 4239 1292 4299 Numerus
1312 4259 1662 4302 numerorum
1678 4252 1895 4308 nomine
1917 4255 2157 4324 pollens:

575 4331 646 4385 Et
671 4330 846 4402 legem
867 4335 1064 4404 repetit
1085 4335 1417 4392 concludens
1438 4338 1714 4396 schemata
1735 4341 1946 4403 Pentus
1968 4360 2016 4403 ο.

574 4423 747 4481 Heres
782 4425 1052 4498 Navegius
1083 4426 1368 4497 d.flgurata
1402 4443 1426 4471 ο
1455 4435 1674 4491 nomine
1696 4436 1912 4496 Hiesus.

571 4516 702 4573 Inde
728 4517 864 4572 liber
886 4518 1136 4588 sequitur
1153 4517 1585 4594 Judicumgesta
1615 4537 1863 4599 retegens
1891 4549 1904 4587 :

574 4607 719 4663 lluth
739 4621 974 4678 quoque,
1013 4623 1175 4679 quem
1206 4609 1414 4682 Regum
1452 4618 1724 4686 sequitant
1763 4622 2157 4697 Samuelquef,

1730 4711 1997 4785 [Malaoim
2031 4721 2081 4787 ⁸,

571 4786 817 4854 Quatuor
836 4789 1263 4863 panduntgesta
1291 4780 1414 4850 dum
1453 4797 1644 4854 ordine
1666 4780 1868 4860 rerum.

570 4876 826 4950 Jungitur
851 4881 936 4937 his
959 4892 1143 4940 vatum
1177 4887 1434 4955 praecelsa
1466 4888 1669 4946 famina
1699 4897 1848 4951 verbi

571 4966 764 5022 Esaias
792 4981 948 5039 proto
977 4983 1187 5042 revoat,
1217 4989 1547 5049 consorsque
1576 4986 1843 5041 secundus

569 5057 842 5116 Jeremias
864 5064 1036 5142 surgit
1052 5064 1385 5136 'laerymose,
1422 5071 1648 5143 piusque
1671 5078 1936 5147 propheta

644 5212 824 5302 τηε..
848 5215 1112 5302 .urlmst,
1155 5218 1293 5276 forte
1340 5221 1482 5277 idem
1524 5238 1587 5280 ac
1625 5223 1912 5295 llispanice
1958 5231 2152 5302 sit-ven,

572 5285 694 5340 Lat.
724 5285 975 5339 serviunt.

645 5355 688 5434 b_
703 5355 931 5434 A_aronis
952 5355 1164 5414 videtur
1181 5370 1357 5434 vestes
1379 5363 1626 5434 signare:
1651 5375 1733 5422 est
1755 5369 1898 5424 enim
1923 5371 2149 5431 Camilla

2287 883 2582 944 Malachias
2615 890 2776 948 finem
2804 899 3114 966 complectit
3136 905 3366 961 termine
3395 883 3553 966 verbi.

2285 975 2442 1036 Esais
2465 990 2648 1036 vatum
2675 984 2884 1052 primus
2911 1004 3074 1058 quam
3098 995 3333 1051 maxime
3361 998 3546 1070 celsus,

2290 1066 2519 1126 Uberius
2539 1080 2750 1129 retenat
2774 1072 2874 1146 Xpi
2905 1083 3157 1151 mysteria
3185 1085 3385 1143 clarus.

2285 1155 2388 1214 Hic
2407 1160 2547 1216 alter
2577 1162 2830 1236 laerymis
2859 1180 3046 1226 sancta
3075 1175 3155 1230 sic
3173 1176 3293 1233 zelo
3319 1177 3439 1236 fidei

2283 1248 2547 1306 Jeremias
2592 1255 2773 1320 deflet,
2813 1259 2956 1314 aliud
2985 1278 3093 1331 quo
3118 1280 3273 1320 versu
3305 1268 3492 1340 figuret

2283 1342 2533 1399 Ezechiel
2561 1349 2701 1402 nube
2728 1351 2932 1416 clusus,
2965 1357 3046 1410 vel
3075 1375 3237 1414 sensu
3265 1375 3513 1431 remotus,

2284 1433 2399 1490 Non
2429 1441 2610 1506 patule
2633 1456 2798 1509 parva
2829 1449 3072 1516 propria,
3111 1455 3204 1506 scd
3236 1471 3428 1527 magna
3447 1468 3650 1517 revelat.

2230 1520 2233 1523 ’
2283 1525 2420 1583 Hinc
2447 1530 2632 1586 Daniel
2657 1533 2888 1603 lapidem
2918 1555 3197 1609 praecellat
3221 1549 3310 1615 qui
3329 1520 3495 1622 regna
3523 1557 3742 1621 retundit,

2279 1619 2581 1677 Adventum
2604 1624 2803 1682 Christi
2835 1635 3074 1689 numeris
3111 1640 3376 1710 annisque
3403 1645 3631 1701 revolvnt.
3674 1639 3692 1656 “

2279 1708 2526 1766 Conticui
2551 1718 2733 1772 verbis
2759 1720 2871 1784 alii,
2896 1726 2990 1779 sed
3019 1741 3211 1784 sensus
3239 1731 3428 1790 honori

2279 1799 2379 1856 Job
2411 1819 2626 1876 quoque
2655 1810 2778 1865 hinc
2818 1830 2981 1884 opere
3018 1819 3206 1885 claret,
3263 1833 3319 1879 et
3365 1829 3469 1881 vita
3515 1842 3741 1888 coruscat.

2207 1881 2255 1941 B
2283 1889 2350 1944 Et
2379 1892 2548 1948 dulcis
2577 1897 2785 1954 dulcem
2813 1881 3066 1962 nietricat
3092 1911 3170 1965 sic
3193 1881 3424 1971 dulciter
3451 1917 3626 1974 David.

2277 1978 2425 2035 ldida
2453 1985 2544 2053 qui
2581 1985 2609 2025 ιι
2637 1990 2813 2059 signat
2842 1994 3114 2053 Christum
3139 2018 3283 2058 nunc
3312 2005 3426 2075 ipse
3459 2008 3700 2074 Salomon,

2277 2071 2442 2141 Cujus
2469 2085 2579 2133 tres
2608 2079 2730 2136 libri
2761 2086 2896 2139 mire
2925 2089 3002 2142 sic
3033 2095 3264 2162 mystice
3293 2071 3514 2167 fulgent,

2278 2163 2351 2220 Ut
2379 2167 2572 2238 logice,
2607 2173 2800 2241 fistice,
2833 2180 2845 2218 ί
2876 2183 3136 2251 ret'elent,
3166 2187 3250 2240 vel
3273 2190 3470 2256 ethice,
3499 2211 3683 2250 causas.

2276 2257 2477 2317 Ordine
2501 2264 2586 2318 hic
2618 2264 2800 2322 Daniel
2830 2283 2980 2327 recto
3003 2287 3124 2346 post
3149 2282 3370 2336 tramite
3399 2285 3560 2349 venit,

2275 2351 2444 2418 Quem
2471 2355 2584 2410 bini
2612 2358 2820 2414 dierum
2846 2366 3012 2419 verba
3046 2365 3094 2432 ι,
3136 2369 3379 2442 biblique
3400 2378 3595 2431 corusci

2274 2444 2660 2514 Consequitant
2692 2449 2930 2508 Hesdras
2953 2457 3177 2528 pulchre
3203 2460 3488 2534 legemque
3524 2466 3786 2524 reformatis.

2276 2529 2413 2587 Hinc
2449 2533 2609 2590 Ester
2636 2539 2861 2607 pulchra
2896 2562 2909 2596 :
2938 2557 3060 2616 post
3088 2529 3556 2624 quam'Sapientia
3579 2556 3737 2624 ﬂoret;

2273 2621 2684 2684 Ecelesiasticus
2707 2631 2892 2689 laudes
2918 2649 3242 2711 patrumque
3269 2621 3526 2703 celebrat.

2272 2711 2400 2768 Post
2428 2730 2562 2784 quos
2590 2717 2787 2778 Tobias
2815 2725 3005 2794 claret;
3037 2729 3312 2803 Judidque
3341 2739 3561 2796 subinde

2271 2804 2539 2862 Armifera
2569 2813 2768 2880 gemini
2802 2827 2950 2886 gesta
2977 2821 3058 2876 sic
3079 2823 3532 2885 Machabaaorutn.

2271 2893 2398 2950 Haec
2426 2908 2552 2953 sunt
2577 2904 2799 2973 antiqua
2825 2922 3004 2977 sacra,
3035 2929 3179 2970 nunc
3206 2920 3438 2988 mystica
3464 2923 3565 2976 divi

2271 2988 2421 3044 Dona
2457 2991 2549 3046 Dei
2577 2997 2775 3064 populo
2802 3000 2981 3068 prisco
3010 3006 3112 3060 sub
3141 3006 3302 3076 signo
3331 3011 3555 3077 reclusa.

2198 3107 2201 3110 -
2271 3080 2401 3146 Qua:
2428 3095 2665 3140 reserata
2693 3097 2878 3146 tenent
2907 3108 3100 3165 magno
3125 3115 3224 3168 per
3246 3099 3453 3160 lumine
3477 3109 3607 3162 servi

2273 3173 2485 3232 Excelsi
2511 3180 2724 3237 Domini
2756 3183 2961 3243 thisti
2996 3192 3088 3259 qui
3118 3196 3342 3252 nomine
3365 3201 3605 3270 gaudent.

2514 3232 2538 3233 κ
2567 3232 2724 3237 -____---
2757 3232 2861 3240 --.--
2875 3232 2961 3243 ..ιν-
2997 3232 3088 3259 ιιι-ι
3118 3232 3341 3252 ιινιυιιιυ
3365 3232 3542 3270 acuum

2197 3232 2245 3297 ο
2275 3263 2598 3326 Sanctorum
2629 3285 2815 3332 sancta
2846 3280 2994 3335 nitar
3017 3298 3161 3339 nunc
3182 3301 3349 3344 versu
3380 3293 3542 3347 retexi

2271 3354 2440 3422 Quem
2467 3365 2842 3437 paradisigeno
2873 3370 2899 3409 ιι
2922 3385 3147 3430 currunt
3172 3392 3242 3432 ex
3267 3383 3482 3453 gurgite
3501 3385 3682 3453 quadro

2271 3442 2575 3516 Matthazus,
2604 3452 2839 3523 Marcus,
2872 3459 3068 3528 Lucas,
3097 3442 3438 3540 quartusque
3461 3442 3685 3529 Joannes.

2268 3538 2369 3606 Qui
2398 3542 2654 3612 hominis,
2685 3548 2876 3617 leonis,
2909 3555 3188 3626 vitulique,
3213 3538 3516 3635 aquilaeque
3541 3567 3699 3638 figure

2268 3631 2578 3696 Quadritido
2602 3641 2801 3696 mundo
2821 3656 3135 3712 praeconum
3149 3631 3533 3725 Christumque
3545 3631 3782 3726 Deumque.

2268 3721 2550 3780 Matthaeus
2579 3727 2814 3786 hominis
2841 3732 2978 3790 facie
3001 3739 3289 3810 specieque
3320 3721 3564 3816 refulgit:

2265 3811 2332 3865 Et
2363 3814 2632 3872 fremitum
2665 3821 2852 3877 reddet
2872 3823 3084 3884 Marcus
3113 3831 3191 3885 sic
3211 3846 3313 3887 ore
3341 3835 3509 3892 leonis
3536 3856 3548 3891 :

2265 3903 2440 3961 Lucas
2469 3915 2528 3961 ut
2557 3916 2745 3966 taurus
2773 3929 2967 3985 magno
2989 3932 3111 3974 cum
3143 3937 3426 3981 murmure
3449 3927 3664 3988 bombal.

2263 3994 2332 4050 Et
2355 3998 2546 4065 pernix
2576 4001 2754 4070 aquila
2786 4008 3012 4063 scandet
3038 4024 3202 4081 super
3219 4017 3430 4071 aethera
3450 4017 3680 4074 Joannes.

2264 4084 2361 4142 Est
2387 4088 2549 4144 homo
2578 4107 2703 4148 nam
2729 4093 2980 4154 Christus
3004 4110 3164 4158 natus
3193 4119 3261 4160 ex
3290 4107 3507 4180 Virgine
3525 4110 3748 4182 pulcher:

2263 4174 2364 4229 Est
2387 4177 2586 4236 vitulus
2612 4196 2807 4252 passus
2834 4197 3048 4244 sacrata
3074 4192 3292 4250 victima
3317 4174 3495 4255 Patris

2262 4260 2360 4321 Est
2379 4266 2483 4333 leo,
2509 4271 2634 4326 dum
2655 4271 2811 4330 fortis
2839 4293 3002 4351 regna
3022 4279 3243 4355 frangit,
3269 4303 3529 4362 regesque
3547 4300 3780 4363 potentes:

2260 4354 2360 4411 Est
2384 4360 2563 4430 aquila
2591 4363 2786 4420 celum
2809 4371 3076 4428 scandens
3103 4354 3467 4453 tltronuinque
3494 4354 3710 4438 tonantis.

2262 4448 2389 4507 Post
2415 4470 2552 4524 quos
2577 4457 2663 4513 bis
2691 4469 2893 4530 septem
2916 4464 3068 4521 Pauli
3095 4470 3175 4526 sic
3193 4472 3326 4529 bibli
3357 4448 3646 4543 coruscant.

2182 4585 2238 4647 Β
2262 4541 2408 4608 Quos
2437 4545 2630 4601 iterum
2657 4552 2932 4620 sequitant
2955 4572 3180 4614 numero
3207 4565 3458 4623 catholici
3479 4541 3684 4639 septem.

2263 4631 2364 4689 Hic
2390 4635 2563 4706 lepide
2587 4638 2823 4698 Jacobus
2853 4657 3091 4717 resonat,
3124 4652 3430 4728 Petrusque
3453 4631 3710 4731 gemellos;

2262 4723 2397 4780 Tres
2424 4727 2598 4786 celsos
2620 4730 2856 4790 Joannes
2878 4737 3058 4806 habet,
3086 4743 3211 4800 hinc
3228 4723 3439 4819 pagina-
3449 4723 3614 4816 indas,

2260 4815 2400 4872 llinc
2425 4830 2479 4874 et
2503 4825 2831 4892 apostolicus
2858 4830 3047 4898 Actus,
3074 4815 3358 4910 textosque
3383 4844 3621 4910 decoros,

2259 4906 2360 4973 Qui
2395 4920 2607 4968 retonat
2630 4919 2826 4975 merito
2846 4924 3120 4982 concludit
3145 4906 3318 5001 altere
3338 4932 3534 4991 ﬂorens

2258 4998 2437 5056 Vissio
2461 5002 2684 5064 Joannis
2703 5024 2896 5078 parva,
2923 5018 3019 5072 sed
3047 5026 3198 5076 tensa
3225 5000 3434 5095 ﬁguris.

2254 5089 2358 5148 llic
2381 5093 2540 5165 alpha
2575 5100 2826 5174 recinens
2852 5107 3085 5173 primum
3111 5089 3396 5188 signatque
3419 5133 3700 5190 supremum

2323 5257 2350 5286 ε
2387 5245 2448 5301 F.
2478 5249 2727 5321 ﬁgurato.

2328 5326 2351 5366 ί
2379 5326 2436 5383 Id
2452 5339 2545 5385 est
2569 5334 2798 5403 primus,
2823 5347 2879 5394 et
2901 5345 3171 5400 secundus
3198 5348 3353 5405 liber.

573 5406 778 5494 capit—isi
791 5406 799 5408 ‘
812 5406 1203 5498 egeamus;
1215 5406 1625 5504 νῐῐεςῑξιοιςιβῑῖδ·
1924 5406 2149 5516 Tritia”:

573 5511 745 5540 mann-
772 5495 861 5540 48-
893 5497 960 5540 de
986 5495 1239 5540 Vnetihnc
1263 5503 1639 5540 ρηίερηηηιιιιηι
1671 5524 1685 5538 .
2159 5531 2162 5536 .

2327 5407 2355 5445 ⁸
2381 5406 2525 5474 Quos
2569 5427 2668 5467 nos
2705 5418 2915 5472 tertium
2963 5431 3012 5474 et
3040 5438 3298 5494 quartum
3341 5429 3551 5503 Regum,
3604 5428 3776 5487 Hebraei

2265 5481 2538 5540 uelacltt'm
2561 5493 2790 5540 urimum
2811 5505 3164 5540 armaarma“...
3190 5509 3449 5540 unm".-.

573 5511 745 5550 carm.
772 5495 960 5564 l8,'de
986 5495 1240 5557 Vestibus
1263 5495 1641 5573 episcoporum
1667 5524 1685 5562 :

662 5607 819 5662 Fluxa
839 5614 1024 5666 camilla
1047 5623 1212 5680 caput,
1235 5624 1452 5668 mentem
1475 5623 1602 5682 tegit
1624 5626 1727 5673 atra
1749 5625 1987 5680 voluntas.

637 5713 666 5772 ἐ
700 5703 765 5758 Id
792 5718 864 5761 est
893 5704 1118 5771 Quintus
1139 5721 1162 5759 .°
1197 5707 1592 5767 Deuteronomii
1618 5713 1774 5772 liber.

633 5771 664 5812 ά
692 5774 796 5855 Qui
822 5775 986 5833 Eccli.
1015 5792 1064 5833 c.
1090 5793 1218 5837 xcv:
1245 5778 1442 5836 dicitur
1484 5779 1640 5838 Iesus
1671 5771 1838 5858 Nave,
1867 5805 2149 5850 successor

565 5841 756 5915 Moysi.

2314 5482 2538 5578 curehius
2560 5493 2790 5578 primum
2811 5507 2858 5578 et
2871 5482 3164 5558 secundum
3181 5482 3470 5578 appellabat:

2319 5563 2352 5658 ξ
2383 5563 2509 5658 ξε..
2533 5587 2706 5658 quem.
2737 5574 2817 5658 De
2840 5576 2984 5635 ldida
3009 5583 3130 5641 vide
3160 5563 3328 5656 Epist.
3354 5563 3500 5658 κως,
3538 5607 3587 5645 n.
3620 5589 3691 5644 ιιι.

2329 5645 2350 5731 ξ
2493 5651 2721 5719 physice,
2745 5656 2888 5712 sicut
2917 5659 3104 5731 logice,
3133 5645 3330 5724 ethice.

2323 5721 2346 5778 ι
2379 5724 2446 5814 nt
2464 5737 2566 5794 est,
2593 5732 2697 5786 duo
2718 5733 2840 5790 libri
2868 5721 3330 5814 Ρηῇιιδμὸιηεηοιὶζ

2326 5813 2354 5846 ι
2395 5806 2519 5874 Ms.,
2548 5815 2787 5880 paradisi
2809 5835 2960 5888 gena.
