4034 6350
202 5590 229 5611 1

246 378 349 435 56!

1703 366 2025 425 CARMINA.

3415 370 3527 430 562

248 519 292 550 υ
317 507 481 565 quem
506 490 692 548 Graece
715 497 873 547 vocat
904 488 1186 544 Dominum
1217 486 1527 559 Regemque
1553 484 1833 553 Deumque
1860 483 1909 545 Α
1940 482 2183 554 Dumque
2212 484 2351 541 viret
2378 486 2551 551 tellus,
2582 487 2739 545 floret
2764 486 2891 545 dum
2919 486 3069 545 silvis
3092 488 3291 561 opacis.

247 584 426 655 Alpba
455 591 513 639 et
538 605 583 640 ω
612 582 760 639 clare
788 580 957 637 Deum
987 577 1261 635 hominem
1292 590 1567 646 unumque
1590 587 1805 637 serene

248 676 543 748 Explleans
567 675 751 731 vivum
782 658 998 742 semper
1020 687 1112 741 per
1134 667 1332 725 secula
1358 666 1524 723 szecli.

248 771 379 827 Haec
406 779 535 826 sunt
562 783 717 825 sacra
746 766 842 823 Dei
873 761 1280 833 donaquellore
1306 759 1533 832 perenni

246 862 591 934 Fulgentque
618 868 823 915 aeterno
853 870 1070 927 semper
1096 863 1155 910 ut
1176 854 1381 908 lumina
1408 850 1552 907 caeli.

248 952 378 1009 Haec
406 952 632 1023 pulchre
660 965 887 1023 gemma:
908 948 1094 1003 rutilat
1118 946 1238 1017 plus
1260 946 1373 1001 sole
1403 957 1628 1000 corusce

248 1044 480 1100 Lumine
504 1044 633 1099 dum
658 1051 868 1098 mentes
894 1048 1182 1103 renovant,
1210 1037 1292 1092 vel
1324 1045 1461 1091 tetra
1492 1034 1801 1089 revincunt.

247 1134 377 1191 Haec
403 1135 638 1189 retinent
662 1133 841 1189 claves
862 1130 1059 1196 centri,
1088 1129 1175 1185 vel
1200 1128 1422 1199 praemia
1447 1125 1689 1197 pandunt
1715 1140 1728 1177 :

247 1226 377 1281 Haec
406 1225 782 1297 paradisigena
812 1232 1061 1279 recreant
1086 1220 1336 1291 ﬂorigera
1358 1218 1521 1288 prati.

246 1315 475 1388 Mystice
498 1317 587 1373 hic
614 1316 785 1371 claret
812 1313 1074 1384 quidquid
1098 1313 1199 1368 sub
1230 1311 1409 1366 littera
1437 1308 1643 1379 pallet,.

242 1410 430 1464 Storia
452 1408 680 1479 simplex
704 1408 873 1464 comit
897 1421 1035 1477 quos
1054 1406 1235 1462 ethica
1259 1403 1477 1459 format.

243 1497 346 1554 Hie
374 1509 563 1569 potum
590 1498 805 1555 dulcem
828 1497 966 1554 bibit
991 1494 1294 1567 qui'suavia
1321 1493 1487 1550 sumit
1516 1507 1554 1547 :.

245 1589 347 1645 Hie
373 1590 531 1675 cibus
555 1590 717 1647 satiat
738 1590 906 1647 corda
932 1598 1200 1660 pastuque
1222 1586 1470 1644 refovet:

242 1681 374 1738 Haec
403 1693 530 1739 sunt
555 1683 704 1739 clara
728 1683 823 1739 Dei
855 1681 1041 1737 mundi
1074 1680 1168 1750 qui
1193 1687 1354 1735 certe
1368 1678 1647 1735 tenebras.

248 1773 495 1831 Vibranti
526 1776 681 1831 radio
703 1776 912 1840 vicunt,
938 1785 996 1831 et
1020 1773 1167 1829 fulva
1192 1781 1475 1830 serenant.

242 1866 355 1920 Lex
383 1866 619 1935 pretiosa
642 1866 777 1921 nitet
802 1864 1207 1920 mirocandore
1236 1864 1523 1917 nivescens

244 1956 504 2012 Lucidior
532 1955 645 2011 sole
666 1953 894 2025 fulgenti
918 1954 1126 2009 murice
1153 1951 1297 2009 cicli.

240 2047 453 2102 Cuncta
482 2046 642 2103 simul
666 2046 931 2117 quidquid
950 2045 1221 2101 mundana
1251 2043 1471 2114 fingitur
1497 2048 1617 2096 arte

242 2135 375 2192 Haec
396 2145 658 2208 superant
685 2136 891 2192 merito
907 2150 1015 2206 quo
1042 2134 1184 2190 caelo
1207 2132 1443 2189 culmine
1463 2131 1633 2197 venit,

238 2226 500 2282 lnlustrat
523 2227 726 2296 pietate
747 2227 843 2282 Dei
870 2241 1006 2296 quos
1026 2224 1176 2280 fusca
1205 2224 1474 2280 tenebrat.

241 2316 346 2373 llic
376 2327 552 2373 textus
572 2334 680 2373 uno
704 2318 923 2374 milleno
953 2318 1171 2373 tramite
1199 2315 1387 2387 pollet,

242 2409 491 2478 Explicat
514 2418 570 2465 et
602 2411 782 2466 verbis
802 2411 977 2481 planis
1000 2424 1300 2480 magnaque
1326 2408 1549 2465 revelat.

243 2499 340 2553 Sic
370 2498 576 2569 placide
603 2502 776 2555 currit
802 2501 966 2565 unda,
998 2508 1055 2555 ut
1084 2500 1191 2554 alta
1223 2498 1419 2569 ﬁguret
1444 2517 1459 2552 :

244 2590 340 2644 Sic
360 2590 468 2645 alte
494 2600 714 2646 resonat
741 2591 999 2657 breviter,
1027 2599 1085 2645 ut
1108 2605 1273 2661 parva
1300 2591 1505 2645 revisat
1533 2604 1547 2643 :

244 2680 493 2736 Obscura
520 2683 736 2753 sapiens
763 2691 991 2738 centena
1016 2698 1175 2738 sensu
1208 2682 1457 2752 requirit,

246 2773 450 2841 Aperta
479 2773 704 2844 simplex
731 2774 903 2829 ambit
929 2774 1207 2842 mentique
1233 2772 1496 2827 recondit.

247 2860 378 2916 Haec
408 2862 654 2917 doctrina
680 2871 872 2933 potens
899 2863 1083 2918 ceneri
1110 2875 1136 2903 ι
1168 2861 1453 2931 splendore
1480 2868 1731 2916 coruscat

248 2951 496 3023 Turgens
516 2954 602 3008 cui
626 2954 769 3009 cedit
798 2953 888 3008 illa
914 2970 1035 3024 qua:
1061 2964 1251 3024 torque
1276 2953 1527 3009 tumescit

246 3042 468 3098 Milleno
494 3043 657 3113 pollet
676 3044 817 3101 dono
838 3045 930 3114 qui
959 3044 1074 3099 zelo
1106 3043 1230 3098 fidei

244 3135 407 3189 Clara
434 3136 543 3205 poli
573 3136 774 3208 releget
803 3145 1006 3202 castus,
1027 3136 1337 3207 justusque,
1359 3136 1609 3209 piusque.

243 3224 319 3278 At
344 3225 590 3295 quisquis
618 3216 800 3283 b'irsus
830 3242 1005 3282 cacus
1030 3228 1147 3282 haec
1171 3235 1352 3283 mente
1379 3227 1623 3295 resolvit,

248 3317 467 3373 Milleno
490 3327 627 3374 tetro
654 3318 900 3375 fuscatur
926 3334 1086 3375 sensu
1112 3329 1369 3376 retortus.

245 3410 359 3466 Lex
391 3410 512 3466 fidei
543 3410 682 3466 ﬁdeli
709 3412 881 3467 currit
901 3427 1221 3485 semperque
1244 3412 1418 3471 fulelis

244 3503 421 3570 Quam
446 3520 703 3574 perverse
728 3506 842 3561 viat
868 3506 896 3545 ι)
923 3522 1211 3576 perversus
1244 3508 1407 3561 corde
1433 3506 1669 3564 rebellis.

249 3594 393 3651 Unio
422 3606 482 3650 ut
511 3596 717 3653 conclia
740 3597 931 3663 claret,
963 3597 1288 3667 candetque,
1319 3597 1593 3668 niveique,

243 3684 451 3756 Sicque
472 3687 612 3741 Deus
636 3687 895 3743 Christus
916 3688 1080 3757 pollet
1100 3689 1200 3743 sub
1222 3689 1399 3742 littera
1425 3697 1598 3746 tectus

240 3775 365 3846 Ipse
389 3774 630 3831 Jacintus
655 3778 808 3833 adest
834 3778 1041 3833 undose
1068 3778 1222 3832 nobis
1252 3792 1601 3848 aqueseens,

239 3866 513 3929 Obscmna
545 3876 783 3940 tergens,
807 3885 1083 3926 renavans
1108 3868 1291 3926 albore
1321 3870 1646 3939 redemptos.

240 3957 442 4028 lgneus
469 3958 557 4013 hic
584 3958 844 4013 Dominus
872 3958 1474 4032 fulgenscarbunculus
1499 3970 1519 3998 ε
1557 3959 1749 4025 ardet,

240 4045 381 4101 Dum
402 4056 601 4118 purgat
620 4049 824 4116 probra
842 4048 1074 4103 ﬂammis
1093 4057 1148 4103 et
1172 4048 1375 4103 lumine
1398 4048 1424 4088 ά
1453 4050 1650 4116 vibrat,

240 4135 581 4207 AEternoque
610 4138 789 4193 virore
813 4138 1003 4209 vigens
1027 4147 1085 4192 ut
1113 4146 1260 4193 certa
1285 4139 1629 4209 zmaragdus,

239 4229 416 4295 Quem
437 4228 715 4284 duodenus
737 4229 873 4285 ordo
899 4229 1135 4298 lapidum
1160 4244 1258 4298 per
1282 4230 1438 4285 szecla
1469 4230 1735 4297 decorat,“

239 4320 525 4389 Quemque
544 4329 844 4389 quaterque
869 4319 983 4375 seni
1009 4320 1250 4375 seniores
1277 4319 1419 4375 flexu
1441 4330 1666 4377 venerat

1943 574 2175 631 Dumosa
2208 578 2548 649 retinentque
2576 579 2720 636 feras
2748 596 2847 651 per
2871 580 3041 637 lustra
3071 580 3325 649 reclines,

1942 664 2079 719 Dum
2108 681 2305 723 cervus
2334 668 2527 725 leviter
2552 670 2691 725 saltu
2718 670 2803 727 vel
2833 686 3002 727 cornu
3031 670 3281 736 resultat,

1942 754 2009 810 Et
2037 765 2219 813 torvus
2246 759 2405 814 dente
2429 770 2631 831 pugnat
2658 776 2852 833 porcus
2886 771 2969 817 ter
2995 761 3212 827 obesus,

1941 848 2010 905 Et
2034 859 2253 920 reptans
2266 850 2438 907 .fluida
2463 854 2730 922 percurrit
2766 854 2986 910 flumina
3016 856 3203 927 piscis,

1941 940 2355 997 Dumvolucres
2382 943 2573 1012 pennis
2597 944 2737 999 saltu
2767 961 2864 1015 per
2894 947 3073 1002 inania
3111 930 3357 1014 tendunt,

1940 1033 2010 1089 Et
2036 1043 2215 1090 rostro
2248 1034 2265 1073 ί
2293 1035 2483 1106 pipant
2505 1036 2687 1091 dulces
2715 1053 2811 1107 per
2839 1046 3056 1109 gutture
3084 1047 3276 1094 cantus
3310 1040 3370 1104 ⁸,

1941 1125 2077 1180 Dum
2107 1126 2577 1182 hominesvivunt
2604 1129 2824 1193 mundo,
2858 1130 2985 1184 dum
3030 1138 3204 1184 morte
3256 1128 3521 1193 recidunt,

1941 1214 2078 1270 Dum
2102 1216 2337 1286 sequitat
2363 1232 2557 1284 corpus
2582 1219 2793 1282 umbra,
2821 1233 2983 1287 quam
3006 1218 3249 1273 membra
3272 1218 3523 1289 refingit:

1939 1306 2130 1378 Angeli
2160 1308 2289 1362 dum
2323 1309 3073 1381 cmlo,elangunt,ovirtusque
3115 1310 3436 1382 populorum

1940 1400 2169 1458 Eterna
2203 1402 2401 1472 pietate
2431 1403 2525 1458 Dei
2553 1404 2844 1473 pangitque
2872 1405 3148 1475 perennis,

1940 1493 2053 1550 Lex
2081 1495 2285 1551 Christi
2310 1496 2441 1551 vivit
2468 1511 2682 1567 semper
2710 1512 2874 1569 super
2896 1498 3099 1554 aethera
3128 1497 3273 1553 felix.

1941 1588 2068 1646 Haec
2091 1590 2203 1647 sola
2231 1592 2394 1647 verba
2419 1591 2597 1647 nescit
2618 1607 2741 1647 cum
2778 1591 2980 1648 mundo
3007 1592 3219 1649 senesci

1941 1680 2079 1736 Dum
2108 1690 2329 1738 resonat
2354 1682 2560 1739 sanctis
2587 1682 2728 1738 caelo
2758 1692 2881 1753 post
2909 1684 3139 1739 termino
3164 1683 3353 1739 vivens

1940 1768 2215 1842 Corporea
2245 1771 2415 1829 moles
2442 1772 2569 1828 tabo
2598 1773 3000 1839 resoluta......,
3034 1774 3212 1829 ruebit

1844 1848 1915 1909 -Β
1944 1862 2178 1933 Spiritus
2202 1881 2327 1920 nam
2361 1866 2493 1920 vivit
2518 1867 2711 1921 merito
2738 1882 2901 1937 super
2922 1866 3129 1923 aethera
3157 1873 3341 1922 vectus
3372 1867 3400 1906 δ

1938 1958 2229 2015 Sermones
2264 1959 2370 2014 vivi
2391 1959 2539 2014 vitali
2570 1958 2700 2015 ﬂatu
2728 1960 2996 2026 revivunt,

1937 2049 2006 2104 Et
2029 2060 2149 2120 post
2174 2064 2427 2105 occasum
2457 2051 2640 2105 mundi
2663 2065 2826 2121 super
2848 2059 2993 2107 astra
3026 2056 3316 2119 resurgunt

1938 2138 2032 2195 Sic
2059 2139 2318 2210 quidquid
2347 2138 2456 2193 divi
2480 2146 2565 2193 est
2596 2154 2870 2208 nunquam
2898 2154 2995 2209 per
3025 2137 3133 2192 fine
3158 2137 3433 2207 putrescit.

1939 2230 2047 2287 Sed
2072 2231 2271 2287 missus
2308 2231 2474 2286 terris
2498 2246 2714 2302 semper
2742 2216 2944 2286 virtute
2974 2229 3216 2286 virescit.

1937 2319 2091 2375 Nunc
2114 2329 2284 2376 restat
2311 2320 2486 2391 promi
2514 2335 2623 2390 quo
2651 2320 2761 2376 sint
2788 2320 3093 2391 conscripta
3115 2320 3387 2399 jubente,

1940 2414 2035 2470 Vel
2057 2413 2212 2484 cujus
2233 2429 2393 2485 opere
2420 2423 2548 2470 sunt
2572 2424 2887 2487 aggregata,
2913 2399 3103 2470 videri.

1938 2505 2064 2561 Haec
2089 2505 2395 2577 Leovegildi
2426 2506 2578 2577 vigor
2601 2506 2778 2561 obiter
2807 2506 2861 2560 in
2890 2519 2997 2560 uno
3034 2503 3243 2576 redegit

1940 2596 2291 2668 Septuaginta
2316 2599 2449 2652 duos
2478 2598 2672 2653 mitens
2702 2598 2801 2654 sub
2825 2596 3046 2667 vargina
3081 2599 3093 2638 ἱ
3131 2596 3304 2653 biblos
3329 2615 3342 2651 :

1937 2691 2039 2758 Qui
2063 2691 2250 2747 Getica
2280 2692 2397 2748 luce
2424 2692 2611 2763 fulget,
2639 2692 2724 2748 vel
2746 2693 2900 2761 copia
2929 2691 3079 2747 fandi

1937 2781 2191 2839 Germina
2223 2782 2237 2833 i
2276 2784 2359 2837 vel
2387 2783 2565 2855 lingua
2590 2783 2760 2839 claret
2789 2798 2890 2855 per
2913 2793 3153 2853 tempora
3179 2781 3345 2839 sreeli.

1938 2872 2066 2929 Post
2094 2884 2279 2930 sancta
2308 2874 2664 2945 Dominijure
2690 2875 2906 2929 laudata
2939 2874 3065 2929 fidei

1937 2963 2167 3034 Expedit
2197 2974 2256 3022 ut
2282 2966 2497 3021 cunctis
2527 2974 2711 3020 nostra
2752 2966 2866 3020 haec
2896 2966 3120 3020 buccina
3148 2972 3341 3021 sonet:

1936 3058 2175 3115 Alvarus
2194 3059 2307 3113 brec
2334 3057 2557 3113 metrice
2582 3057 2738 3130 longa
2763 3073 2861 3128 per
2889 3056 3046 3112 saecla
3077 3057 3286 3121 reboat,

1939 3151 2006 3207 Et
2041 3150 2261 3209 cinisin
2285 3150 2530 3208 cinerem
2559 3166 2766 3216 versus,
2793 3151 2887 3206 sed
2911 3150 3092 3221 lingua
3119 3159 3357 3223 resonat.

1864 3228 1909 3291 C
1942 3241 2022 3297 Tu
2052 3243 2143 3312 qui
2174 3242 2306 3315 legis
2333 3252 2517 3299 nostra
2543 3258 2864 3313 quocunque
2902 3252 3166 3314 tempore,
3190 3243 3384 3308 lector,

1939 3334 2015 3389 Te
2046 3334 2221 3390 recole
2248 3335 2404 3390 nobis
2432 3335 2639 3391 socium
2677 3346 2776 3406 per
2798 3344 2973 3391 morte
2994 3334 3257 3391 futurum.

1934 3427 2145 3496 Rumpe
2174 3442 2355 3481 moras
2382 3428 2526 3491 vitaz,
2555 3442 2762 3497 quaeso,
2791 3428 3083 3497 tumbaque
3112 3438 3378 3484 retrosus.

1934 3518 2146 3584 Quanta
2174 3516 2320 3571 salus
2342 3517 2546 3571 nostris
2573 3526 2788 3572 maneat
2813 3533 3035 3574 narrare
3060 3518 3158 3573 sub
3191 3518 3409 3576 umbras
3434 3557 3475 3575 ..

1935 3606 2192 3662 Nuntium
2220 3616 2280 3662 ut
2305 3608 2491 3663 mundi
2518 3606 2723 3662 referas
2748 3622 2844 3679 per
2871 3609 3029 3664 sedes
3074 3625 3271 3681 Opacas

1934 3698 2067 3766 Quis
2093 3698 2249 3764 bene,
2273 3699 2397 3770 quis
2420 3697 2583 3764 male,
2606 3698 2729 3769 quis
2762 3700 2941 3755 medie
2996 3701 3298 3772 gaudetque
3320 3712 3519 3770 gemeta

3282 3793 3409 3867 [que
3433 3814 3450 3852 :

1932 3880 2071 3949 Quid
2098 3882 2330 3940 mundus
2358 3897 2517 3939 sceva
2550 3883 2721 3940 falens
2749 3900 2890 3941 nunc
2915 3895 3032 3942 arte
3058 3886 3291 3959 refingit,

1932 3974 2033 4039 Qui
2072 3984 2288 4028 maneat
2313 3975 2448 4030 vivis
2473 3990 2629 4030 error
2652 3985 2962 4046 quantaque
2998 3979 3234 4041 rebellis.

1931 4064 2060 4122 Haec
2092 4081 2218 4121 vera
2248 4066 2487 4122 refutans
2514 4083 2693 4139 pugna
2728 4078 3017 4140 consurgat
3045 4071 3250 4138 inanis;

1931 4157 2116 4225 Qualis
2144 4157 2422 4227 honorque
2449 4174 2613 4215 cavus
2641 4159 2786 4231 regia
2815 4176 2957 4215 nunc
2986 4162 3147 4217 corda
3177 4161 3380 4218 deleret
3438 4232 3444 4237 ο

1931 4250 2061 4317 Qua:
2085 4251 2189 4306 sint
2218 4251 2439 4307 delicias
2462 4250 2606 4307 fluxe
2630 4252 2938 4324 liquideque
2971 4256 3174 4312 caduee

1931 4341 2062 4410 Qua:
2096 4344 2222 4396 dum
2251 4342 2595 4412 stringuntur
2622 4345 2805 4415 digitis
2833 4355 2891 4400 ut
2920 4346 3065 4402 limfa
3099 4348 3376 4419 refugunt.

241 4411 454 4481 Replite
485 4422 509 4450 ε
532 4412 611 4467 sic
638 4411 1247 4482 curboDominumque,
1278 4411 1615 4483 Agnumque.
1636 4412 1800 4470 Deum

1930 4422 2170 4488 Pronsﬁ
2195 4433 2221 4471 ιι
2252 4449 2421 4488 noxas
2452 4432 2717 4506 lacrymas
2754 4443 2808 4488 tu
2838 4434 3062 4492 fundere
3094 4436 3282 4502 lector,

1666 4519 1774 4563 00-.

240 4594 370 4651 llaec
400 4595 495 4651 lex
512 4605 715 4652 aeterna
741 4611 955 4666 semper
982 4596 1108 4652 dum
1136 4596 1295 4652 smcla
1326 4598 1561 4653 recurrit
1603 4503 1663 4579 [q

238 4686 468 4743 Naviter
494 4703 696 4743 sonans
724 4689 869 4745 nullo
898 4689 998 4744 sub
1023 4690 1253 4744 termino
1295 4690 1478 4745 clausa

238 4778 379 4832 Dum
406 4778 487 4833 sol
514 4778 635 4834 luce
657 4794 755 4833 sua
786 4779 986 4836 cmlum
1009 4778 1095 4834 vel
1133 4790 1275 4833 terra
1302 4788 1539 4845 serenat,

234 4866 421 4923 Cintia
451 4870 579 4924 dum
604 4878 790 4925 noctes
822 4870 989 4925 comit
1018 4878 1074 4924 et
1110 4878 1255 4925 terra
1281 4870 1521 4941 refugat,

234 4960 526 5033 Stelligera
554 4963 727 5018 centri
757 4962 906 5018 varia
937 4963 1062 5018 dum
1105 4963 1282 5018 sidera
1310 4963 1549 5024 vibrant,

233 5053 377 5108 Dum
399 5062 593 5123 ventus
623 5054 791 5109 nubes
820 5053 1038 5119 format,
1070 5053 1197 5107 dum
1224 5053 1365 5108 unda
1395 5062 1653 5119 resonat,

233 5145 486 5215 Dumque
510 5144 617 5214 poli
645 5154 797 5215 porta
834 5160 1026 5215 magna
1061 5145 1260 5199 virtute
1292 5146 1544 5199 retondat

230 5233 488 5290 Fulmina
522 5234 649 5289 dum
681 5234 904 5290 rutilant
926 5232 1054 5289 forti
1083 5230 1322 5302 jaculata
1352 5232 1597 5298 lacertu,_

308 5423 335 5449 ι
379 5408 441 5464 F.
474 5408 651 5464 celeri.

308 5480 339 5520 δ
381 5480 441 5534 F.
466 5482 617 5534 vitat.

306 5562 330 5588 ι
379 5551 478 5607 Ms.
490 5591 505 5616 ,
533 5550 921 5605 canbunculus.

302 5620 333 5660 ⁸
380 5621 505 5687 Ms.,
528 5622 760 5675 frumine.

310 5705 335 5762 ξ
381 5692 504 5762 his,
539 5691 728 5762 Populi
753 5700 819 5745 te.

310 5760 340 5801 ί
381 5761 502 5828 515.,
533 5760 725 5817 rustra.

1933 4524 2026 4580 Sic
2055 4526 2240 4596 culpas
2261 4527 2509 4596 proprias
2548 4541 2735 4582 careas
2760 4527 2862 4581 sub
2884 4528 3066 4597 judice
3090 4528 3305 4584 Christo

1934 4618 2003 4673 Et
2028 4618 2198 4673 centri
2237 4618 2418 4673 valeas
2444 4618 2647 4673 celsum
2681 4618 2941 4673 scandere
2968 4619 3200 4673 tribunal

1936 4707 2164 4763 Praestet
2193 4707 2279 4762 ille
2309 4708 2451 4762 Deus
2475 4708 2616 4763 trino
2641 4708 2733 4777 qui
2763 4708 2981 4763 nomine
3006 4709 3172 4778 pollet

1934 4797 2269 4855 Christicolis
2303 4798 2458 4853 nobis
2480 4799 2720 4869 requiem
2747 4814 2845 4870 per
2868 4800 3079 4857 sazculis
3102 4815 3278 4856 amen.

2257 5039 2388 5079 IT!!!
2416 5038 2614 5079 VERSUS
2655 5040 2706 5078 IN
2735 5037 2922 5079 CRUCIS
2957 5039 3192 5080 LAUDEI.

1934 5142 1978 5196 Ε
2003 5140 2158 5206 cmlo,
2195 5140 2440 5207 Domine,
2468 5141 2613 5196 clara
2652 5140 2849 5194 virtute
2876 5155 3124 5206 corusca,

1934 5234 2079 5290 Crux
2108 5234 2315 5304 insigne
2348 5234 2532 5300 micat,
2562 5231 2771 5304 fulgens
2799 5246 2960 5301 super
2987 5233 3189 5289 aethera
3226 5231 3393 5289 felix-

2011 5412 2037 5450 ⁸
2076 5409 2199 5474 Με..
2229 5420 2428 5464 cantas.

2004 5482 2032 5520 δ
2076 5480 2197 5542 Ms.,
2234 5492 2481 5535 revectus.

2010 5552 2025 5591 ί
2068 5552 2149 5605 An
2180 5551 2408 5620 vagina?

2000 5625 2014 5670 Ι
2065 5621 2123 5675 F.
2155 5622 2382 5690 gemina.

2009 5694 2030 5731 ¹ι
2072 5692 2157 5757 F.,
2192 5708 2282 5759 prro
2321 5702 2545 5746 noslros.
