4034 6350
609 369 716 425 555
1658 364 1916 424 ALVAltl
1955 355 2436 420 connuosrzsrs
2474 359 2802 417 CARMINA.
2990 318 3046 324 ﬂ
3117 359 3124 362 ·
3735 364 3810 423 an

611 484 741 540 Haac
771 483 928 540 fortis
949 481 1124 554 palma
1151 481 1388 538 credenti
1428 488 1644 552 pectore
1672 479 1950 535 Christum

612 573 778 633 Teste
803 575 926 646 polo
953 573 1148 630 Christi
1177 573 1358 627 firmat
1380 571 1580 627 virtute
1612 579 1830 641 tropaea.

612 667 824 722 Cedant
847 665 1128 737 gentilium
1158 677 1407 722 errorum
1436 663 1644 734 perfida
1677 670 1846 727 secta,

613 757 757 813 Ecce
782 757 982 813 Christi
1015 757 1170 826 signo
1194 754 1364 811 centri
1390 769 1632 810 convexa
1661 753 1951 823 refulgent.

613 851 731 908 Non
760 851 876 906 haec
903 851 1135 905 humana
1157 849 1363 905 cmlesti
1388 849 1610 904 cardine
1639 847 1832 918 pinxit,

614 943 722 997 Sed
748 957 940 996 manus
969 942 1201 998 aetherea
1235 940 1492 994 mundum
1520 938 1718 995 virtute
1743 937 1984 1009 regentis
2011 952 2027 992 :

615 1034 794 1088 Aurea
828 1048 1063 1103 namque
1090 1031 1374 1097 dieforma
1412 1030 1775 1103 pulcherrima
1807 1029 1948 1085 lunae

611 1122 904 1180 Inlustrata
928 1138 1092 1179 cruce
1127 1122 1291 1194 pollet
1314 1137 1422 1192 quo
1447 1122 1652 1177 lumine
1679 1122 1844 1191 pleno

615 1213 967 1271 Hebraaorum
989 1215 1218 1286 populus
1248 1215 1404 1270 solite
1431 1214 1698 1270 deducere
1727 1213 1929 1284 pascha

619 1306 871 1377 Respice,
895 1301 1029 1377 gens
1058 1307 1278 1372 misera,
1309 1307 1522 1377 signum
1547 1303 1753 1375 fulgere
1776 1303 2069 1374 redemptis

616 1399 683 1454 Et
718 1408 909 1469 quarta
939 1398 1151 1456 decima
1180 1397 1388 1452 farsum
1418 1409 1446 1438 ι
1472 1397 1551 1452 sic
1577 1395 1780 1450 lumine
1807 1393 2011 1450 Christi

614 1490 792 1546 Cintia
820 1505 928 1560 quo
955 1489 1156 1560 pandat
1181 1491 1391 1560 signum
1423 1487 1565 1559 quod
1603 1486 1781 1541 fronte
1819 1493 2103 1552 coruscat,

619 1581 988 1652 Resplendens
1027 1581 1228 1637 mundo
1253 1573 1466 1650 semper
1494 1579 1701 1650 fulgore
1728 1579 1982 1634 decorum
2005 1629 2008 1631 Α

620 1673 779 1729 Nunc
804 1673 1010 1730 recoles
1039 1673 1327 1728 Dominum
1353 1685 1537 1741 quaeso
1575 1670 1839 1725 mansisse
1867 1676 2087 1724 tonante

619 1766 722 1833 Qui
747 1776 938 1837 quarta
977 1765 1185 1821 decima
1211 1765 1357 1836 ligno
1383 1765 1638 1835 suspendi
1663 1763 1857 1818 salutis

623 1857 738 1913 lloc
764 1857 933 1913 voluit
955 1857 1110 1929 signo
1136 1873 1296 1928 quem
1327 1857 1449 1912 cteli
1479 1857 1657 1910 sidera
1684 1856 1910 1910 mittunt

620 1948 740 2018 Ipsa
764 1948 851 2002 die
881 1948 1022 2004 ctelo
1044 1942 1185 2004 lunae
1215 1946 1412 2018 refugit
1433 1947 1611 2017 imago

619 2039 944 2095 Pulchritlce
978 2041 1197 2095 radians
1223 2055 1330 2109 quo
1358 2055 1490 2109 gens
1517 2037 1727 2107 perfida
1760 2037 2002 2106 gaudens

589 2154 594 2159 δ
619 2132 765 2202 Ergo
795 2130 1088 2202 pestiferos
1103 2130 1328 2186 damnat
1351 2130 1468 2186 haec
1490 2129 1663 2184 forma
1690 2128 1890 2182 decora

618 2223 818 2293 Aspice
839 2238 1022 2294 qumso
1051 2223 1217 2278 miser
1245 2223 1490 2292 quisquis
1509 2237 1567 2275 es
1593 2231 1774 2275 mente
1804 2220 2043 2291 maligna

620 2315 689 2370 Et
719 2331 936 2371 rursum
959 2316 1145 2372 oculos
1177 2317 1243 2370 ad
1273 2316 1299 2356 δ
1329 2315 1452 2371 coeli
1488 2315 1663 2370 sidera
1696 2312 1843 2369 tolle.

618 2408 892 2479 Conspice
915 2409 1128 2465 sidereo
1154 2425 1254 2464 cur
1280 2408 1503 2464 brachia
1531 2408 1733 2463 lumine
1758 2407 1964 2478 pollent

618 2499 930 2566 Quadrifide
962 2501 1222 2555 mundutn
1286 2501 1540 2569 quoniam
1586 2499 1703 2554 haec
1754 2498 1938 2554 omnia
1986 2495 2214 2554 mundat

619 2591 750 2657 Qua:
781 2591 902 2645 creti
933 2591 1094 2647 tellus
1127 2591 1325 2647 retinet
1351 2591 1454 2646 sub
1482 2591 1605 2661 jure
1634 2600 1816 2647 creata

616 2681 825 2738 Cuncta
853 2683 1043 2739 Crucis
1066 2684 1222 2754 signo
1246 2684 1576 2738 mundantur
1594 2683 1803 2756 perfide
1829 2682 1993 2739 crede

615 2769 806 2829 Infelix
837 2789 992 2831 error
1015 2792 1150 2846 quas
1179 2791 1320 2831 nunc
1351 2784 1405 2830 tu
1441 2775 1643 2846 lingere
1665 2791 1866 2831 sannas
1894 2787 1919 2816 υ

618 2863 723 2920 llic
751 2865 900 2920 vales
930 2877 1122 2937 argute
1150 2865 1305 2921 nobis
1324 2865 1412 2921 vel
1434 2881 1711 2920 murmura
1749 2866 1924 2935 pande

619 2954 732 3010 Cur
755 2956 851 3011 tibi
875 2957 1206 3012 contrarium
1234 2957 1445 3027 signum
1474 2972 1619 3012 nunc
1644 2957 1771 3010 luna
1807 2957 2022 3028 vigurat
2044 2955 2102 3024 ⁸,

623 3045 737 3100 Cur
764 3047 1014 3115 despecta
1048 3047 1141 3102 diu
1175 3048 1314 3102 cmlo
1340 3046 1568 3117 refulget
1606 3048 1802 3117 imago,

623 3139 734 3195 Cur
763 3137 958 3195 frontis
977 3149 1176 3197 nostrae
1201 3140 1397 3196 victrix
1427 3140 1504 3195 sic
1526 3155 1690 3195 aurea
1718 3140 1920 3209 palma,

623 3229 767 3287 Crux
794 3231 1024 3288 adversa
1053 3231 1146 3288 tibi
1169 3232 1289 3287 εαξιὶ
1314 3246 1556 3288 convexa
1579 3239 1837 3285 meretur.

623 3321 752 3379 Haec
777 3335 962 3379 nostra
994 3323 1117 3378 fidei
1149 3322 1453 3392 resplendet
1477 3322 1600 3377 luce
1615 3335 1815 3376 corona

621 3413 794 3481 Quam
823 3413 1025 3470 Christi
1051 3413 1235 3468 famuli
1260 3428 1474 3482 semper
1501 3413 1567 3466 de
1605 3411 1744 3466 cmlo
1775 3411 2097 3482 triumphat.

623 3509 729 3563 Sed
759 3507 900 3565 caelo
930 3516 1112 3579 posset
1139 3523 1299 3579 quam
1334 3517 1388 3561 tn
1417 3505 1763 3576 persequeris
1789 3504 1962 3560 armis

619 3599 789 3671 lmpie
815 3600 1054 3657 crudelis
1084 3599 1260 3655 oculis
1285 3597 1373 3652 vcl
1398 3597 1577 3652 sidere
1599 3595 1781 3651 crede.

619 3691 763 3749 Ecce
782 3692 926 3748 Deus
950 3702 1139 3748 noster
1158 3689 1407 3748 Christus
1430 3704 1498 3745 ex
1531 3689 1742 3744 aethere
1770 3687 1947 3753 ﬂoret,

619 3785 764 3840 Ecce
789 3785 1223 3853 venerandaeque
1253 3781 1431 3838 crucis
1460 3795 1624 3850 super
1645 3780 1850 3835 aethera
1885 3779 2101 3848 signum

623 3873 888 3932 Asti-fdere
907 3875 1092 3931 lucens
1121 3874 1344 3931 damnat
1369 3887 1526 3930 nunc
1538 3921 1546 3948 ,δ
1557 3871 1688 3928 orbe
1717 3869 1994 3942 profanos.

627 3962 841 4021 Perfida
863 3967 1103 4021 discedat
1131 3967 1287 4021 turba
1310 3964 1520 4020 fuscata
1548 3963 1733 4019 dolore
1760 3981 1777 4016 :

627 4057 858 4128 Agmina
887 4057 1123 4113 exsultet
1149 4056 1353 4112 Christi
1382 4055 1592 4112 ﬂorenti
1619 4056 1837 4120 decore,

621 4152 692 4206 Et
714 4164 988 4221 synagoga
1013 4163 1112 4204 suo
1145 4149 1361 4204 recedat
1394 4161 1539 4203 nunc
1573 4145 1727 4201 furva
1763 4146 1967 4212 colore,

620 4241 864 4297 Ecclesia
882 4241 1076 4312 jnbilet
1101 4239 1330 4296 clarenti
1351 4239 1499 4296 fulva
1529 4237 1714 4296 colore
1729 4280 1744 4305 ,

622 4333 794 4402 Quam
827 4331 1081 4390 Christus
1104 4331 1334 4405 pulchro
1353 4320 1569 4404 semper
1597 4333 1698 4389 sibi
1720 4332 1901 4404 jungit
1925 4344 2134 4388 amore.

1380 4467 1448 4522 Χ.

725 4601 926 4642 VERSUS
959 4599 1174 4641 BEROICI
1209 4599 1264 4639 IN
1310 4596 1523 4639 LAUDEI
1572 4595 1734 4636 BBA'I'I
1781 4592 2094 4636 ΠΙΒΙΙΟΝῚΙΙ.

621 4697 984 4770 Hieronymus
1004 4695 1172 4767 fulget
1193 4694 1336 4751 celsa
1361 4693 1563 4748 virtute
1591 4691 1851 4754 reboans,

619 4791 692 4846 Et
713 4789 930 4847 celeber
949 4789 1104 4844 libris
1126 4787 1282 4843 ﬂoret
1310 4800 1407 4856 per
1443 4782 1664 4840 cardina
1709 4780 1918 4838 mundi.

618 4882 722 4939 llic
748 4883 1125 4953 paradisigena
1148 4891 1174 4921 ⁸
1203 4877 1416 4936 Domini
1444 4878 1524 4933 sic
1545 4876 1713 4933 ﬂorea
1734 4875 1936 4946 pinxit,

621 4975 695 5031 Ut
719 4975 884 5030 rutilo
909 4973 1108 5031 celebri
1137 4980 1250 5028 toto
1275 4985 1372 5042 per
1388 4969 1610 5026 cardine
1629 4968 1825 5023 vibret.

619 5065 718 5120 llic
745 5074 933 5120 sancta
961 5062 1173 5118 Domini
1195 5077 1376 5116 rerum
1415 5061 1614 5114 virtute
1639 5057 1876 5112 tenentis

520 5201 540 5226 ,
616 5155 881 5211 Λῖιιιθιόο
903 5153 1044 5210 dulci
1066 5152 1396 5224 praestrinxit
1417 5149 1656 5206 carmina
1688 5147 1846 5218 legis.

689 5343 715 5369 ει
757 5330 817 5384 F.
848 5328 1050 5398 {assum
1069 5340 1168 5397 pro
1187 5326 1403 5396 phasen.

691 5399 718 5438 δ
761 5399 882 5460 Ms.,
907 5414 988 5451 ac.

693 5480 714 5508 ι
756 5471 814 5525 ld
839 5477 922 5521 est
951 5463 1422 5521 snbsannationcs.

689 5539 715 5578 ἀ
757 5541 818 5595 L.
843 5537 1060 5608 ﬁgurat.

693 5623 717 5650 ο
755 5606 850 5664 Ms.
864 5606 1160 5677 {paradisii
1175 5622 1323 5677 gena.

697 5683 714 5719 ί
759 5681 857 5735 Ms.
869 5719 883 5741 ,
912 5677 1209 5746 resplendit.

693 5753 716 5789 ⁸
759 5751 884 5818 315.,
915 5747 1024 5801 llos
1047 5750 1232 5804 tendit.

2225 458 2276 534 Α
2305 469 2406 530 llic
2436 487 2575 529 nova
2613 489 2739 530 cum
2763 481 2950 529 vetera
2982 471 3217 544 prolusit
3245 483 3461 544 pectore
3485 477 3627 534 mella

2311 842 2441 910 Quae
2465 843 2679 914 gemina
2706 842 2826 901 luce
2850 843 3195 923 resplendent
3225 843 3244 884 ί
3278 844 3498 916 mystice
3518 858 3657 900 sacra

2310 937 2662 1006 Conscripsit,
2702 937 2852 990 suavi
2885 953 3078 1006 magno
3102 937 3348 994 confecta
3374 939 3570 1011 vigore.

2309 1027 2488 1083 Aurea
2521 1029 2662 1086 dicta
2693 1028 2786 1084 Dei
2826 1039 3073 1085 centrum
3101 1031 3186 1087 vel
3219 1041 3413 1088 cuncta
3445 1037 3661 1106 regentis

2313 1121 2563 1177 Ostendit
2593 1122 2642 1188 ⁸,
2669 1136 2864 1192 magno
2891 1123 3062 1193 possit
3090 1123 3219 1194 quid
3247 1141 3469 1182 munere
3494 1127 3683 1199 lingua,

2243 1203 2249 1208 ’
2311 1214 2450 1268 Dum
2477 1223 2782 1285 prapotens
2805 1213 3017 1270 calamo
3039 1215 3254 1272 diverso
3285 1217 3399 1272 sole
3427 1218 3638 1287 refulsit,

2311 1293 2512 1370 Attica,
2538 1305 2785 1372 Hebraea,
2819 1305 3090 1377 fulgenter
3114 1323 3242 1364 orsu
3279 1307 3580 1376 refundens,

2313 1396 2493 1468 Atque
2517 1399 2708 1456 Latine
2737 1398 2884 1454 dedit
2911 1399 3171 1470 quidquid
3199 1399 3463 1457 Hebraice
3483 1411 3696 1469 constat,

2314 1488 2533 1546 Necnon
2559 1499 2614 1545 et
2643 1491 2925 1562 Argolicos
2963 1491 3228 1546 reseravit
3247 1492 3438 1548 ordine
3460 1491 3624 1550 fontes

2313 1578 2575 1659 Facunde
2601 1581 2822 1636 meatim
2856 1591 3083 1636 currunt
3109 1597 3206 1652 per
3243 1583 3485 1655 margine
3511 1584 3621 1638 rivi.
3677 1639 3696 1660 δ

2316 1671 2442 1728 llaec
2492 1682 2715 1742 propter
2759 1672 2972 1745 Domini
3023 1687 3239 1743 semper
3283 1675 3581 1729 veneranda
3625 1689 3706 1745 per
3737 1692 3817 1730 aro

2317 1765 2604 1820 Doctorem
2637 1772 2892 1820 resonant
2922 1764 3126 1820 Christi
3154 1767 3255 1821 sub
3279 1765 3462 1823 limine
3485 1767 3635 1833 servi,

2237 1835 2287 1896 Β
2314 1856 2512 1928 Fulgor
2537 1857 2816 1922 Ecclesiae,
2845 1857 3108 1912 doctrinae
3133 1867 3338 1912 sanctae
3373 1857 3602 1922 lucerna,

2311 1950 2562 2006 Caelestis
2585 1950 2763 2005 cultor
2790 1949 2962 2004 multo
3005 1951 3336 2022 praepinguis
3361 1951 3509 2016 olivi,

2312 2042 2563 2114 Eﬂugans
2589 2043 3003 2108 haereses'vastg
3023 2044 3115 2114 qui
3145 2045 3365 2098 nomine
3392 2045 3552 2113 pestis

2313 2133 2651 2204 Depopulant
2675 2133 2878 2190 Christi
2907 2134 3140 2188 famulos
3170 2135 3272 2189 sub
3291 2136 3452 2190 dente
3474 2134 3720 2190 latrantes.

2312 2226 2413 2281 llic
2438 2225 2607 2283 dulcis
2636 2227 2787 2281 vario
2827 2225 3134 2297 resplendet
3171 2227 3392 2281 tramite
3417 2235 3585 2290 vates,

2312 2317 2381 2371 Et
2404 2322 2616 2371 truncat
2639 2317 2777 2371 falce
2805 2315 3025 2370 frondes
3050 2316 3261 2370 hirsute
3287 2323 3559 2370 comantes
3583 2333 3596 2369 :

2312 2407 2572 2478 Egregios
2595 2409 2796 2463 imbres
2831 2407 3010 2476 signat
3040 2422 3234 2461 aurora
3266 2407 3573 2470 rubescens,

2313 2498 2413 2554 llic
2442 2500 2648 2554 vitreus
2678 2498 2878 2564 amnis,
2904 2497 3167 2568 placidus,
3197 2496 3408 2567 fulgore
3433 2497 3661 2560 decorus,

2312 2591 2409 2648 Est
2437 2591 2659 2660 rapidus
2692 2601 2909 2645 torrens
2938 2589 3046 2645 illis
3076 2606 3213 2659 quos
3239 2589 3526 2659 complicat
3550 2604 3700 2644 error.

2308 2683 2580 2753 Quidquid
2606 2682 2918 2753 Hieronymi
2950 2697 3055 2735 non
3085 2688 3210 2736 sunt
3233 2695 3484 2750 respersa
3511 2692 3681 2749 sapore

2308 2775 2617 2846 improbata
2645 2783 2889 2838 manent,
2916 2780 3131 2837 nutant,
3156 2781 3212 2827 et
3241 2770 3466 2826 flaccide
3489 2777 3720 2831 marcent,

2311 2869 2551 2924 Pendent
2576 2866 2794 2922 oracula
2823 2881 2944 2935 qua:
2968 2880 3071 2919 non
3097 2873 3224 2919 sunt
3251 2865 3380 2934 igne
3404 2870 3604 2918 recocta

2310 2956 2644 3013 Flamntiferi
2669 2957 2864 3021 sancti,
2894 2957 3080 3010 rutilat
3101 2956 3126 2995 ιι
3159 2956 3248 3026 qui
3282 2956 3401 3011 luce
3424 2954 3541 3009 fidei

2311 3052 2520 3108 Clarior
2549 3051 2604 3105 in
2631 3051 2848 3106 cunctis
2871 3049 3034 3118 pollet
3059 3063 3165 3119 quo
3191 3049 3369 3118 gratia
3395 3046 3580 3119 linguae

2234 3171 2280 3234 ρ
2310 3143 2533 3200 Ortatur
2555 3140 2735 3212 potuis
2762 3143 2778 3182 ἱ
2810 3139 3028 3195 milleno
3051 3141 3306 3212 dogmate
3329 3139 3542 3200 ﬂorens,

2313 3237 2450 3292 Dum
2477 3237 2554 3292 sol
2584 3236 2708 3291 luna
2737 3233 2861 3304 polo
2888 3242 3144 3289 serenant
3168 3233 3274 3288 sub
3303 3232 3415 3287 sole
3443 3230 3688 3291 tenebras,

2311 3331 2449 3386 Dum
2473 3330 2641 3387 stella:
2665 3328 2826 3385 rutilo
2850 3336 3080 3382 currunt
3101 3325 3270 3381 lustra
3284 3340 3342 3380 re
3369 3323 3612 3385 latebras,

2310 3423 2487 3480 invisa
2509 3421 2779 3478 somnium
2805 3419 3044 3484 volvent,
3069 3416 3155 3472 vel
3183 3425 3338 3472 certe
3367 3412 3610 3473 revelant,

2308 3514 2387 3570 Ac
2415 3528 2581 3570 cursu
2610 3511 2764 3567 vario
2795 3520 2974 3566 turres
2999 3508 3196 3563 librare
3227 3510 3574 3566 rectractant,

2308 3609 2447 3664 Dum
2472 3613 2666 3660 ventus
2688 3605 2859 3659 nubes
2885 3603 3169 3674 glomerat,
3195 3599 3327 3656 dum
3351 3608 3512 3655 aestus
3532 3595 3702 3658 adurit,

2308 3697 2447 3753 Dum
2475 3698 2666 3752 bruma
2696 3695 2867 3766 gelide
2897 3709 3032 3749 cana
3061 3706 3223 3761 super
3246 3692 3422 3746 herba
3447 3686 3667 3750 virescit,

2309 3789 2446 3843 Dum
2475 3786 2630 3857 fulgit
2659 3785 2821 3854 ignis,
2852 3783 3012 3839 ﬂuide
3040 3783 3167 3838 dum
3194 3782 3401 3852 limplta
3432 3777 3664 3840 recurrit,

2303 3877 2445 3943 Dum
2459 3877 2639 3935 manis
2659 3875 2802 3933 unda
2826 3874 3391 3947 sonatgurgensdum
3416 3884 3591 3945 spuma
3605 3858 3816 3937 liquede

2310 3973 2446 4027 Dum
2473 3973 2698 4025 dumosa
2728 3970 2854 4023 lene
2886 3969 3143 4033 retinent,
3171 3968 3300 4022 dum
3331 3980 3540 4036 :equora
3567 3958 3725 4034 piscis.

2310 4061 2446 4117 Dum
2479 4076 2672 4116 cervus
2697 4060 2848 4116 velox
2878 4058 3050 4130 palma
3061 4066 3114 4112 to
3138 4073 3310 4112 cornu
3336 4055 3572 4118 resultat,

2309 4156 2556 4226 Dumque
2581 4169 2714 4225 aper
2736 4161 2920 4208 torvus
2952 4151 3134 4206 lunato
3155 4151 3323 4206 dente
3347 4154 3620 4220 repugnat,

2308 4248 2447 4304 Dum
2478 4246 2726 4302 volucres
2756 4243 3016 4300 tremulas
3044 4256 3208 4298 voces
3231 4256 3302 4298 ex
3329 4249 3543 4313 gutture
3565 4235 3740 4307 pipamv

2309 4340 2444 4396 Dum
2470 4339 2720 4395 homines
2749 4344 2974 4409 pereunt
2997 4335 3217 4401 mundo,
3245 4334 3335 4390 vel
3361 4340 3509 4389 certe
3531 4324 3788 4384 renascunt.

2308 4431 2446 4486 Dum
2473 4431 2711 4500 sequitat
2735 4429 2924 4484 umbra
2945 4442 3165 4497 corpus,
3190 4441 3356 4496 quam
3382 4423 3562 4480 limina
3584 4416 3598 4468 i
3625 4414 3816 4472 formant.

2227 4531 2284 4593 Ῑ)
2310 4521 2465 4577 Hunc
2485 4522 2610 4577 fidei
2641 4520 2783 4577 servi
2808 4533 3022 4588 semper
3045 4517 3145 4572 sub
3166 4532 3268 4572 axe
3289 4517 3543 4578 beabunt,

2309 4611 2478 4682 Cujus
2502 4627 2647 4667 nunc
2672 4612 2853 4681 lingua
2885 4609 3049 4681 fulget
3074 4623 3170 4679 per
3199 4617 3445 4678 tempora
3472 4600 3626 4665 saecli,

2309 4705 2447 4761 Dum
2471 4719 2610 4760 nova
2633 4713 2685 4759 et
2709 4712 2891 4758 vetera
2915 4702 3132 4772 proprio
3159 4699 3389 4754 formata
3415 4713 3511 4768 per
3527 4708 3616 4751 ore

2308 4797 2549 4854 Ecclesia
2576 4797 2771 4852 retinet
2791 4803 3018 4851 cantans
3040 4793 3157 4848 sine
3178 4791 3283 4847 fine
3305 4791 3532 4853 dierum,

2311 4888 2385 4944 Ut
2407 4889 2539 4943 mihi
2570 4901 2762 4957 magne
2787 4900 2914 4956 rogo
2941 4884 3130 4940 doctor
3154 4882 3211 4935 in
3238 4880 3366 4936 sede
3389 4887 3612 4949 superna

2309 4981 2449 5035 Prex
2476 4989 2565 5035 tua
2592 4980 2749 5049 digna
2773 4977 2947 5032 locum
2974 4975 3178 5030 tribuat
3198 4981 3321 5043 post
3344 4972 3452 5026 vita
3480 4968 3712 5039 quietum.

2309 5071 2594 5142 Splenduit
2622 5069 2838 5125 lucerna
2872 5077 2962 5122 tua
2991 5065 3217 5121 Domine
3242 5064 3268 5103 ιι
3295 5101 3308 5117 .
3351 5101 3368 5117 .
3410 5101 3423 5116 .
3464 5099 3477 5115 .
3520 5099 3534 5113 .
3574 5095 3589 5111 .
3625 5095 3638 5109 .

2312 5204 2330 5220 .
2371 5205 2386 5219 .
2429 5205 2444 5218 .
2482 5203 2498 5218 .
2542 5202 2558 5218 .
2601 5204 2615 5217 .
2655 5203 2670 5217 .
2712 5160 2940 5232 insignis
2965 5158 3209 5227 lucisque
3231 5171 3328 5227 per
3351 5151 3528 5210 omnia
3553 5145 3716 5219 signis.

2375 5340 2403 5381 ιι
2446 5339 2545 5394 Ms.
2558 5381 2572 5404 ,
2607 5338 2844 5392 rutilant.

2383 5412 2399 5451 ί
2445 5411 2507 5464 F.
2539 5420 2774 5471 ornatur,
2805 5407 2996 5474 potius.

2379 5492 2394 5531 ι
2443 5481 2567 5546 Ms.,
2593 5495 2743 5549 quem
2770 5473 3081 5549 liminajf.
3110 5473 3331 5549 lumina.

2378 5519 2405 5592 ί
2443 5519 2568 5606 ἵὶεἶὲ
2589 5519 3443 5621 istisistiserogata...
3477 5537 3719 5621 videntur.
3743 5519 3810 5621 ﬁt

2304 5627 2370 5681 de
2396 5605 2639 5692 apostata
2666 5617 2860 5692 angelo
2894 5617 3022 5685 (alio
3049 5605 3424 5692 subintellecto
3455 5605 3641 5677 titulo),
3675 5609 3722 5653 nt
3742 5607 3808 5664 po-

2302 5684 2491 5751 stremi
2519 5684 2786 5761 praecipue
2812 5684 3001 5744 versus
3029 5684 3336 5743 ostendunt.
