4034 6350
303 405 3560 468 m

1530 576 1702 620 ANNO
1747 577 1977 624 DOMINI
2019 578 2332 624 DCCCLXI.

809 752 2813 1032 “BEBNABDUS

1531 1052 1912 1119 MONACHUS
1975 1061 2316 1120 FRANCUS.

1741 1215 2116 1236 μ

699 1258 1863 1475 ΒΕΒΝΑΒΒΙῆ

1797 1350 2477 1479 ITINER
2534 1351 3156 1486 ABIUM

1238 1573 1500 1634 Factum
1532 1571 1603 1634 in
1635 1568 1774 1632 loca
1805 1576 2024 1630 sancta
2078 1589 2240 1633 anno
2287 1591 2694 1698 ncccnxxy

502 1737 682 1801 (Apud
707 1733 912 1797 Habiti,
933 1735 1048 1786 Act.
1068 1747 1138 1787 ss.
1161 1735 1266 1786 0rd.
1288 1733 1344 1784 S.
1380 1733 1567 1786 Bened.
1593 1739 1712 1787 tom.
1736 1731 1824 1797 ιν,
1850 1744 1917 1784 ex
1941 1746 2030 1786 ms.
2053 1735 2230 1788 codice
2250 1736 2562 1790 bibliotheca
2583 1735 2894 1802 Remigius
2932 1722 3060 1806 apud
3085 1740 3340 1805 llbemos.)

354 2016 409 2070 l.
446 2014 505 2069 ιιι
535 2013 751 2070 nomine
775 2011 990 2068 Domini
1023 2011 1233 2068 visendi
1260 2011 1464 2084 [supple
1505 2011 1694 2086 causa]
1739 2012 1860 2070 loca
1886 2017 2079 2078 Acam
2107 2024 2372 2084 petentes,
2420 2029 2581 2074 erant
2609 2037 2669 2075 ιιι
2713 2035 2740 2064 ει
2781 2026 3026 2094 captivi;
3055 2027 3175 2082 aliae
3221 2029 3336 2083 duae
3377 2028 3556 2100 primo

280 2114 600 2160 sanctorum
631 2103 837 2158 duobus
861 2109 1060 2158 memet
1084 2101 1288 2158 sociavi
1315 2100 1576 2157 fratribus
1623 2102 1676 2156 in
1701 2101 1866 2158 devor-

281 2199 434 2252 tione
455 2193 772 2250 cbaritatis:
796 2208 863 2248 ex
885 2192 1080 2262 quibus
1116 2208 1254 2248 unus
1280 2201 1400 2263 erat
1422 2207 1488 2247 ex
1533 2194 1866 2248 monasterio

279 2289 428 2344 beati
458 2286 754 2342 Innocentii
776 2285 1163 2351 Beneventani,
1191 2285 1329 2341 alter
1353 2285 1655 2355 Hispanus:
1694 2285 1866 2340 Fran-

279 2380 365 2434 cia
395 2394 528 2435 vero
552 2387 638 2434 est
661 2377 963 2432 nativitatis
1008 2392 1143 2432 mea:
1173 2377 1360 2432 locus.
1409 2375 1575 2444 Igitur
1607 2377 1865 2432 adeuntes

278 2470 334 2524 in
364 2468 586 2529 Urbem.
613 2469 791 2522 domni
824 2465 1092 2536 pontificis
1114 2466 1316 2521 Nicolai
1358 2466 1698 2536 praesentiam
1725 2465 1867 2521 obti-

279 2559 500 2615 nuimus
521 2575 644 2614 cum
673 2575 770 2613 sua
799 2557 1196 2621 benedictione,
1236 2571 1445 2613 necnon
1499 2556 1616 2626 ejus
1665 2557 1865 2610 auxilio

277 2651 577 2723 peragendi
602 2648 966 2704 desideratam
1000 2647 1293 2702 licentiam.

347 2745 405 2798 2.
434 2741 563 2797 inde
587 2741 855 2812 progressi
890 2736 1136 2794 venimus
1159 2739 1227 2792 ad
1250 2746 1488 2794 montem
1533 2735 1863 2808 Garganum,

280 2833 334 2887 in
366 2847 478 2902 quo
503 2841 588 2886 est
611 2829 838 2886 ecclesia
864 2828 1036 2883 sancti
1065 2826 1340 2882 Michaelis
1382 2826 1482 2882 sub
1511 2841 1616 2879 uno
1664 2825 1867 2896 lapide,

278 2941 447 2996 super
471 2940 630 2994 quem
660 2932 785 2978 sunt
807 2937 1039 2992 quercus
1065 2918 1394 2990 glandiferas,
1429 2934 1588 2989 quam
1619 2918 1866 2973 videlicet

277 3017 396 3085 ipse
421 3014 620 3070 dicitur
659 3013 973 3068 dedicasse:
1005 3011 1158 3080 cujus
1200 3009 1448 3064 introitus
1486 3017 1570 3064 est
1603 3008 1671 3062 ab
1712 3009 1866 3077 aqui-

277 3103 428 3168 lone,
456 3110 512 3158 et
536 3103 650 3173 ipsa
676 3102 1064 3172 quinquaginta
1108 3101 1355 3156 homines
1390 3107 1571 3171 potest
1622 3099 1865 3168 recipere

277 3195 334 3249 in
363 3209 443 3249 se.
495 3193 828 3250 intrinsecus
871 3207 1002 3264 ergo
1054 3192 1122 3246 ad
1174 3191 1440 3246 orientem
1471 3191 1640 3262 ipsius
1686 3191 1862 3262 angeli

276 3285 446 3350 habet
463 3285 752 3356 imaginem
778 3301 793 3351 ;
822 3284 888 3338 ad
921 3283 1200 3339 meridiem
1223 3298 1353 3338 vero
1380 3292 1464 3339 est
1488 3282 1678 3348 altare,
1701 3297 1866 3352 super

1967 2116 2228 2162 exeuntes
2259 2108 2310 2161 in
2336 2109 2594 2178 Tripolim
2618 2113 2955 2168 deduxerunt
2979 2116 3229 2172 similiter
3255 2134 3339 2172 ut.

2034 2196 2088 2250 5.
2112 2196 2170 2250 In
2198 2197 2420 2269 reliquis
2438 2199 2651 2255 demum
2676 2202 2885 2259 duabus
2905 2205 3267 2272 introeuntes,
3286 2209 3342 2263 in
3359 2208 3556 2278 quibus

1964 2301 2176 2356 quoque
2199 2289 2490 2358 praedictus
2517 2300 2637 2346 erat
2686 2309 2945 2351 numerus
2993 2299 3351 2368 captivorum,
3384 2300 3552 2354 delati

1965 2391 2151 2432 sumus
2177 2377 2232 2430 in
2254 2387 2467 2448 portum
2492 2379 2852 2448 Alexandria,
2870 2385 3184 2456 navigantes
3205 2387 3396 2442 diebus
3417 2404 3548 2442 xxx.

1966 2463 2220 2521 Volentes
2249 2482 2381 2522 vero
2420 2471 2668 2539 progredi
2700 2471 2754 2525 in
2799 2472 2970 2537 littus,
3021 2475 3279 2543 prohibiti
3308 2491 3494 2530 sumus
3518 2492 3550 2530 a

1965 2557 2208 2627 principe
2237 2567 2551 2625 nautarum,
2573 2561 2667 2630 qui
2697 2551 2816 2616 erat
2836 2578 2996 2632 super
3025 2580 3113 2617 1.x.
3147 2564 3218 2619 Ut
3245 2573 3421 2619 autem
3457 2581 3554 2620 no—

1964 2645 2048 2700 bis
2076 2648 2231 2716 copia
2267 2649 2490 2702 daretur
2513 2652 2765 2716 exeundi,
2796 2651 3042 2708 dedimus
3071 2654 3120 2708 ei
3148 2668 3342 2710 aureos
3367 2668 3443 2709 vi.

2035 2735 2090 2790 6.
2111 2735 2236 2791 lude
2265 2739 2534 2808 progressi
2562 2739 2829 2796 adivimus
2855 2743 3152 2811 principem
3183 2744 3548 2809 Alexandriae,

1966 2825 2055 2880 cui
2108 2827 2444 2883 ostendimus
2485 2818 2769 2898 epistolam
2819 2847 2980 2900 quam
3031 2834 3186 2889 nobis
3232 2834 3380 2890 dedit
3426 2834 3554 2890 Sul~

1965 2914 2182 2970 danus:
2222 2933 2342 2987 quae
2389 2918 2520 2972 nihil
2549 2920 2702 2974 nobis
2730 2921 2978 2990 profecit,
3013 2922 3140 2976 licet
3187 2938 3376 2977 omnes
3407 2924 3552 2978 illius

1966 3007 2224 3077 epistolas
2253 3009 2454 3064 dixerit
2475 3025 2533 3064 se
2559 3026 2666 3066 non
2693 3011 2962 3082 ignorare.
2995 3014 3112 3080 Quo
3151 3023 3376 3086 urgente
3406 3016 3555 3071 dedit

1966 3099 2016 3153 ei
2047 3099 2418 3170 unusquisque
2467 3111 2710 3156 nostrum
2755 3119 2854 3172 pro
2903 3118 2962 3158 se
3010 3121 3105 3159 xm
3161 3106 3448 3170 denarios;
3497 3116 3553 3161 et

1969 3191 2093 3245 fecit
2124 3192 2277 3247 nobis
2297 3192 2508 3248 litteras
2531 3193 2598 3248 ad
2624 3194 2922 3264 principem
2953 3195 3280 3265 Babylouim.
3307 3197 3549 3252 Consue-

1969 3285 2097 3338 tudo
2123 3292 2380 3354 praeterea
2428 3285 2641 3339 illorum
2689 3286 2966 3341 hominum
2994 3288 3118 3343 talis
3146 3296 3251 3353 est,
3299 3297 3359 3342 ut
3407 3288 3552 3358 quod

275 3375 425 3446 quod
456 3375 780 3430 sacrificium
815 3373 1042 3444 geritur,
1066 3382 1124 3428 et
1147 3382 1344 3444 praeter
1367 3373 1418 3428 id
1444 3373 1648 3428 nullum
1670 3387 1865 3427 munus
1893 3362 1939 3421 Β
1967 3374 2253 3443 ponderari
2283 3383 2480 3443 potest,
2509 3389 2614 3428 non
2652 3375 2808 3430 aliter
2832 3377 3128 3446 accipiatur
3179 3377 3280 3432 nisi
3312 3377 3366 3432 in
3416 3394 3552 3448 pon-

277 3469 351 3522 ibi
385 3469 622 3538 ponitur.
651 3468 747 3524 Est
770 3476 950 3523 autem
978 3475 1106 3522 ante
1145 3467 1317 3536 ipsum
1364 3465 1536 3520 altare
1570 3480 1665 3519 vas
1690 3464 1862 3534 quod-

276 3561 403 3614 dam
442 3574 781 3629 suspensum,
837 3559 892 3614 in
936 3573 1045 3628 quo
1091 3558 1379 3612 mittuntur
1426 3556 1672 3621 donaria,
1720 3554 1864 3626 quod

275 3649 444 3704 etiam
487 3646 642 3716 juxta
668 3663 728 3704 se
757 3647 865 3702 alia
895 3647 1062 3704 habet
1096 3646 1307 3710 altaria,
1366 3643 1519 3714 cujus
1565 3645 1666 3701 loci
1696 3643 1863 3699 abbas

277 3739 579 3795 vocabatur
599 3737 950 3807 Benignatus,
997 3735 1090 3806 qui
1118 3735 1302 3789 multis
1325 3742 1553 3804 praeerat
1581 3732 1859 3788 fratribus.

347 3834 404 3886 5.
438 3830 514 3885 De
538 3841 716 3884 monte
736 3837 917 3884 autem
944 3827 1193 3896 Gargano
1221 3826 1496 3888 abeuntes,
1519 3840 1617 3896 per
1643 3832 1859 3879 centum

276 3925 671 3998 quinquaginta
699 3922 944 3978 milliaria
975 3922 1219 3976 venimus
1245 3921 1313 3975 ad
1342 3920 1616 3976 civitatem
1634 3919 1858 3974 Barrem

276 4021 700 4081 Saracenorum,
732 4031 852 4086 quae.
895 4016 1095 4070 dudum
1140 4014 1333 4071 ditioni
1357 4012 1668 4082 subiacebat
1695 4013 1863 4069 Bene-

278 4118 658 4165 ventanorum.
691 4107 822 4175 Qua:
849 4107 1063 4171 civitas,
1093 4120 1255 4175 supra
1291 4119 1440 4159 mare
1481 4106 1608 4169 sita,
1653 4105 1860 4159 duobus

275 4210 362 4257 est
390 4216 419 4255 a
449 4199 676 4255 meridie
703 4199 981 4255 latissimis
1007 4197 1179 4253 muris
1227 4197 1431 4252 munita
1457 4213 1470 4262 ;
1513 4197 1581 4250 ab
1610 4196 1861 4266 aquilone

274 4309 410 4348 vero
453 4293 589 4346 mari
632 4291 904 4363 prominet
945 4290 1210 4360 exposita.
1252 4289 1352 4344 llic
1393 4289 1574 4358 itaque
1614 4299 1861 4359 petentes

275 4384 576 4454 principem
621 4383 858 4438 civitatis
885 4381 1046 4445 illius,
1078 4380 1297 4436 nomine
1343 4379 1661 4444 Suldanum,
1694 4380 1862 4450 impe-

277 4473 550 4529 travirnus
572 4489 696 4528 cum
723 4473 934 4528 duabus
966 4470 1215 4542 epistolis
1246 4485 1408 4526 omne
1454 4469 1742 4538 navigandi
1769 4484 1862 4524 ne-

274 4565 509 4636 gotium.
541 4563 781 4630 Quarum
803 4571 983 4618 textus
1000 4561 1348 4632 epistolarum
1378 4560 1606 4631 principi
1632 4560 1859 4615 Alexan-

274 4654 433 4718 driae,
461 4667 670 4708 necnon
717 4660 773 4707 et
819 4651 1148 4724 Babyloniae,
1175 4650 1421 4706 notitiam
1462 4650 1639 4704 vultus
1688 4649 1858 4704 nostri

1966 3466 2115 3520 dere.
2149 3464 2302 3521 Unde
2331 3467 2531 3521 accidit
2553 3475 2613 3521 ut
2637 3482 2688 3520 vt
2711 3467 2851 3537 apud
2881 3484 2980 3523 nos
3000 3469 3155 3523 solidi
3178 3479 3231 3522 et
3257 3486 3310 3523 vl
3339 3471 3552 3524 denarii

1967 3558 2170 3614 faciant
2195 3559 2335 3628 apud
2385 3558 2504 3612 illos
2554 3575 2613 3613 ιιι
2665 3559 2868 3615 solidos
2894 3569 2950 3615 et
2989 3577 3049 3614 ιιι
3097 3561 3369 3615 denarios.
3425 3562 3552 3616 Haec

1963 3648 2294 3703 Alexandria
2324 3648 2460 3702 mari
2490 3647 2724 3718 adjacet,
2755 3649 2808 3703 in
2851 3664 2957 3719 qua
3005 3651 3301 3718 praedicans
3330 3661 3555 3707 sanctus

1965 3738 2177 3794 Marcus
2203 3739 2576 3810 Evangelium,
2598 3740 2766 3810 gessit
2781 3742 3091 3810 pontificale
3111 3741 3365 3796 oﬂicium.
3383 3742 3548 3797 Extra

1964 3831 2120 3902 cujus
2144 3841 2364 3911 portam
2383 3833 2707 3887 orientalem
2751 3841 2836 3888 est
2869 3835 3257 3911 monasterium
3301 3834 3547 3904 praedicti

1964 3925 2160 3988 sancti,
2197 3908 2377 3995 inquo
2407 3933 2532 3980 sunt
2558 3926 2805 3980 monachi
2855 3926 2994 3995 apud
3023 3908 3330 3990 ecclesiam,
3362 3927 3412 3980 in
3440 3942 3551 3996 qua

1963 4017 2113 4085 prius
2136 4016 2249 4085 ipse
2273 4015 2555 4084 requievit.
2599 4014 2886 4071 Venientes
2915 4032 3044 4071 vero
3096 4016 3303 4071 Venetii
3336 4017 3550 4088 navigio

1965 4109 2202 4164 tulerunt
2230 4108 2414 4163 furtim
2461 4125 2660 4180 corpus
2691 4125 2722 4162 a
2767 4111 2987 4164 custode
3015 4110 3151 4178 ejus,
3203 4117 3258 4164 et
3296 4110 3545 4179 deporta-

1963 4207 2089 4252 runt
2123 4199 2192 4253 ad
2217 4214 2369 4253 suam
2397 4199 2649 4253 insulam.
2691 4200 2853 4254 Extra
2901 4211 3111 4269 portam
3162 4191 3547 4255 occidentalem

1961 4298 2045 4342 est
2076 4289 2464 4346 monasterium
2492 4294 2632 4358 quod
2661 4291 2861 4345 dicitur
2889 4291 2954 4345 ad
2981 4291 3210 4346 Sanctos
3243 4307 3330 4354 ιιι..
3359 4291 3411 4345 in
3439 4306 3548 4360 quo

1961 4379 2212 4434 similiter
2262 4381 2513 4437 monachi
2557 4381 2776 4450 degunt.
2807 4381 2890 4435 Ab
2939 4381 3192 4450 aquilone
3245 4390 3328 4435 est
3356 4391 3548 4451 portus

1961 4468 2104 4524 illius
2131 4469 2405 4535 civitatis;
2438 4485 2466 4523 a
2506 4471 2730 4525 meridie
2763 4472 2922 4525 habet
2949 4471 3230 4525 introitum
3253 4470 3400 4525 Geon
3433 4470 3548 4524 sive

1963 4557 2133 4623 Nilus,
2160 4559 2251 4628 qui
2285 4559 2423 4629 rigat
2444 4557 2763 4628 Aigyptum,
2793 4568 2850 4613 et
2873 4561 3042 4614 currit
3083 4575 3180 4628 per
3204 4560 3435 4614 mediam
3464 4561 3545 4614 ci-

1962 4651 2203 4716 vitatem,
2236 4650 2446 4704 intrans
2473 4649 2526 4702 in
2554 4665 2707 4704 mare
2730 4649 2785 4702 in
2805 4649 3067 4718 praedicto
3091 4657 3271 4718 portu.

274 4742 363 4796 vel
391 4742 606 4797 itineris
623 4722 945 4812 exponebat.
977 4740 1040 4794 lli
1071 4739 1304 4810 denique
1328 4740 1602 4810 principes
1625 4739 1725 4793 sub
1759 4738 1859 4792 im-
1887 4722 1936 4787 C
2035 4737 2088 4791 7.
2143 4737 2201 4792 in
2250 4752 2357 4806 quo
2413 4737 2677 4792 intrantes
2732 4737 3108 4808 navigavimus
3144 4738 3212 4792 ad
3265 4736 3546 4798 meridiem

273 4834 433 4904 perio
483 4842 612 4888 sunt
636 4831 1051 4897 Amarmomini,
1086 4831 1180 4902 qui
1217 4831 1447 4901 imperat
1473 4830 1724 4885 omnibus
1758 4827 1862 4884 Sa-

275 4927 518 4992 racenis,
545 4926 794 4982 habitans
828 4925 882 4980 in
932 4924 1144 4999 Bagada
1198 4931 1254 4980 et
1296 4924 1512 4991 Axiam,
1564 4938 1685 4992 quae
1734 4930 1863 4977 sunt

273 5019 420 5073 ultra
450 5017 805 5072 Hierusalem.

339 5108 404 5172 ,4.
436 5107 706 5163 Exeuntes
731 5115 912 5162 autem
939 5105 1006 5162 de
1031 5105 1213 5170 Barre,
1236 5104 1630 5160 ambulavimus
1657 5102 1726 5160 ad
1747 5117 1864 5158 me-

277 5199 472 5255 ridiem
501 5213 568 5253 xc
593 5197 838 5252 milliaria
869 5211 1042 5266 usque
1070 5196 1136 5252 ad
1161 5203 1376 5267 portum
1397 5195 1704 5251 Tarentina:
1728 5193 1861 5250 civi-

275 5291 434 5354 tatis,
463 5290 554 5345 ubi
583 5289 889 5344 invenimus
915 5303 1081 5344 naves
1119 5302 1242 5354 sex,
1270 5287 1324 5342 in
1352 5287 1549 5358 quibus
1575 5295 1729 5342 erant
1756 5301 1857 5342 no-

276 5395 401 5436 vem
430 5379 597 5434 millia
625 5379 964 5449 captivorum
1000 5376 1068 5432 de
1096 5377 1487 5432 Beneventanis
1515 5375 1857 5432 Christianis.

272 5470 338 5529 In
361 5471 572 5527 duabus
611 5484 801 5541 nempe
841 5468 1067 5526 navibus
1092 5483 1212 5540 qua:
1239 5467 1416 5538 primo
1443 5467 1691 5526 exierunt
1717 5467 1860 5524 Afri-

354 5659 380 5686 α
412 5645 539 5702 Tria
565 5647 746 5702 millia.

1964 4827 2156 4884 diebus
2177 4843 2249 4893 vn,
2283 4835 2339 4883 et
2363 4827 2609 4882 venimus
2652 4828 2720 4883 ad
2759 4828 3030 4883 civitatem
3057 4827 3427 4900 Babyloniam,
3453 4829 3544 4884 ubi

1965 4923 2212 4995 regnavit
2235 4923 2414 4979 Pharo
2462 4938 2580 4990 rex,
2610 4925 2712 4980 sub
2758 4939 2866 4994 quo
2909 4922 3194 4978 aedificavit
3223 4922 3419 4994 Ioseph
3454 4938 3544 4977 xvr

1966 5014 2161 5069 horrea
2182 5013 2361 5071 adhuc
2386 5013 2683 5069 manentia.
2709 5014 2846 5068 Dum
2870 5013 3136 5069 exivimus
3157 5021 3338 5068 autem
3363 5012 3417 5068 in
3439 5011 3544 5066 Ba-

1967 5111 2259 5184 byloniam,
2293 5111 2546 5168 custodes
2594 5111 2763 5182 ipsius
2805 5111 3041 5167 civitatis
3087 5110 3424 5166 deduxerunt
3449 5122 3548 5163 nos

1965 5206 2032 5261 ad
2052 5205 2376 5276 principem,
2397 5204 2488 5275 qui
2514 5203 2793 5260 dicebatur
2807 5203 3195 5268 Adelhacham,
3213 5202 3539 5258 Saracenus.

1968 5297 2062 5368 qui
2118 5298 2426 5354 sciscitatus
2455 5306 2540 5354 est
2568 5313 2598 5352 a
2624 5297 2780 5354 nobis
2822 5312 2983 5353 omne
3029 5297 3303 5368 negotium
3339 5293 3546 5350 itineris

1966 5389 2165 5455 nostri,
2184 5389 2252 5445 de
2281 5387 2478 5459 quibus
2509 5387 2708 5459 scripta
2752 5388 3013 5444 habemus
3045 5385 3397 5458 principibus.
3430 5383 3546 5451 Qua

1969 5481 2033 5538 de
2060 5495 2222 5537 causa
2266 5479 2598 5538 ostendimus
2640 5479 2691 5536 ei
2738 5479 2946 5536 litteras
2975 5478 3042 5536 de
3084 5487 3240 5551 parte
3287 5473 3555 5548 principis
