4034 6350
594 292 689 346 571
1376 288 1726 344 BERNARDI
1765 289 2072 344 MONACHI
2111 289 2180 343 Fl“

2277 289 2361 345 lCl
2401 289 2882 358 ITINERARIIIM,
2923 290 3074 346 ETC.
3713 297 3789 354 572

591 401 953 467 Alexandriae,
985 400 1127 470 quod
1170 398 1304 454 nihil
1331 399 1488 453 nobis
1515 397 1784 468 profecit:
1817 398 1914 455 sed
1963 399 2032 453 ab
2082 398 2172 452 illo
2203 401 2250 458 Α
2277 397 2458 468 lingua
2509 399 2794 470 loquentes
2840 399 3126 454 Romana:
3177 400 3268 454 cui
3307 399 3512 470 adiacet
3539 404 3733 462 ecclesia
3753 410 3792 464 in

595 495 748 551 missi
770 509 957 550 sumus
982 495 1038 549 in
1061 505 1354 556 carcerem,
1386 492 1556 546 donec
1603 501 1724 561 post
1752 492 1868 547 dies
1897 507 1989 546 sex
2021 491 2177 546 initio

589 585 822 640 consilio
843 601 965 639 cum
993 584 1086 638 Dei
1110 583 1312 638 auxilio
1339 583 1598 638 tredecim
1621 583 1871 638 denarios
1889 584 2176 653 unusquis-

593 690 700 746 que
726 675 875 730 dedit
901 689 1000 745 pro
1025 691 1106 740 se,
1132 675 1273 730 sicut
1297 683 1353 729 et
1381 675 1649 742 superius.
1683 673 1785 740 Qui
1805 689 2020 744 quoque
2048 673 2179 728 fecit

592 767 752 824 nobis
781 767 1011 832 litteras,
1044 783 1180 837 quas
1209 768 1516 837 quicunque
1537 767 1810 831 viderunt,
1859 766 1912 820 in
1936 782 2176 836 quacun-

591 880 698 934 que
725 863 949 919 civitate
973 873 1066 918 aut
1093 865 1148 918 in
1169 877 1492 933 quocunque
1520 861 1658 927 loco,
1703 860 1838 915 nihil
1859 861 2112 931 deinceps
2143 875 2176 914 a

593 953 749 1008 nobis
771 953 991 1022 exigere
1010 952 1128 1008 ausi
1149 961 1292 1007 sunt.
1323 952 1452 1005 Erat
1479 951 1623 1006 enim
1651 951 1920 1005 secundus
1949 949 2176 1018 imperio

592 1045 986 1099 Amarmomini
1036 1045 1306 1115 praedicti.
1337 1044 1628 1113 Postquam
1658 1059 1789 1099 vero
1821 1041 2046 1098 inferius
2076 1056 2177 1096 n0-

594 1135 833 1190 minatas
861 1135 1112 1191 civitates
1135 1135 1361 1205 ingressi
1390 1149 1598 1199 sumus,
1623 1149 1726 1188 non
1749 1135 1900 1204 prius
1926 1132 2175 1204 permissi

591 1241 780 1281 sumus
805 1226 956 1282 exire
987 1242 1149 1297 quam
1180 1227 1423 1280 chartam
1454 1235 1548 1279 aut
1571 1224 1732 1296 sigilli
1766 1224 2177 1294 impressionem

590 1316 983 1386 acciperemus,
1007 1317 1148 1386 quod
1171 1332 1279 1370 uno
1305 1316 1392 1371 vel
1419 1316 1628 1371 duobus
1656 1315 1894 1370 denariis
1918 1315 2181 1385 impetra-

593 1403 807 1459 bamus.
827 1405 924 1459 Est
953 1405 1136 1474 itaque
1171 1406 1224 1460 in
1254 1407 1356 1460 hac
1377 1405 1593 1460 civitate
1619 1404 1925 1474 patriarcha
1949 1405 2179 1458 domnus

592 1497 843 1561 Michael,
885 1506 940 1554 et
968 1513 1132 1568 super
1160 1508 1331 1553 totum
1360 1497 1654 1568 IEgyptum
1689 1498 1981 1568 disponens
2004 1496 2179 1567 gratia

592 1587 689 1644 Dei
719 1588 963 1644 ordinem
996 1589 1239 1643 omnium
1262 1589 1659 1658 episcoporum,
1690 1595 1744 1643 et
1766 1588 2176 1652 monachorum,

593 1690 650 1736 et
672 1680 1129 1736 Christianorum;
1181 1680 1276 1736 Isti
1329 1689 1510 1737 autem
1539 1667 1837 1736 Christiani
1868 1679 2030 1734 talem
2075 1678 2175 1733 ha-

2281 489 2484 546 honore
2517 499 2717 546 sanctae
2742 490 2940 556 Mariae,
2990 488 3381 546 nobilissimam
3424 490 3614 548 habens
3644 493 3790 553 biblio-

2282 579 2496 635 thecam
2523 581 2700 635 studio
2727 580 2968 651 praedicti
3001 581 3344 651 imperatoris
3370 593 3397 622 ι
3442 597 3556 637 cum
3589 601 3655 639 xu
3683 604 3793 644 man-

2278 670 2540 734 sionibus,
2582 672 2747 741 agris,
2793 671 2967 725 vincis
3017 679 3074 726 et
3118 671 3278 727 horto
3323 672 3377 726 in
3423 673 3550 728 valle
3573 674 3788 748 Josapbat.

2275 759 2417 815 Ante
2443 760 2617 830 ipsum
2641 761 2903 830 hospitale
2925 768 3007 816 est
3028 760 3222 827 forum,
3245 776 3342 831 pro
3368 777 3472 831 quo
3491 767 3792 836 unusquisque

2277 852 2352 906 ibi
2379 851 2659 923 negotians
2689 852 2742 906 in
2771 867 2912 906 anno
2941 851 3101 906 solvit
3130 852 3266 907 duos
3291 865 3485 908 aureos
3512 853 3580 907 illi
3605 856 3679 924 qui
3698 857 3791 913 illud

2274 943 2542 1013 providet.
2571 943 2715 998 lnl'ra
2746 945 2885 999 hanc
2915 945 3209 1009 civitatem,
3250 945 3490 1013 exceptis
3527 945 3634 1000 aliis
3663 951 3791 1005 eode-

2277 1035 2392 1098 siis,
2425 1044 2660 1105 quatuor
2684 1035 2941 1091 eminent
2975 1036 3238 1098 ecclesiae,
3271 1036 3468 1090 mutuis
3509 1038 3694 1093 sibimet
3718 1055 3790 1109 pa-

2277 1127 2503 1193 rietibus
2560 1113 2896 1182 colum-rentes
2934 1146 2946 1181 :
2989 1144 3094 1182 una
3148 1128 3403 1183 videlicet
3448 1128 3512 1183 ad
3560 1131 3790 1197 orientem,

2276 1232 2395 1286 quae
2443 1217 2605 1272 habet
2653 1227 2890 1273 montem
2935 1218 3212 1284 Calvarite,
3244 1227 3300 1273 et
3331 1218 3500 1272 locum
3529 1220 3577 1273 in
3607 1236 3695 1289 quo
3728 1237 3790 1275 re.

2277 1314 2430 1375 perta
2458 1305 2560 1361 fuit
2589 1323 2721 1362 crux
2746 1307 2980 1372 Domini,
3007 1317 3062 1363 et
3087 1316 3316 1362 vocatur
3341 1307 3556 1364 basilica
3582 1308 3791 1365 Constan-

2278 1399 2374 1453 tini
2392 1416 2406 1466 ;
2425 1399 2528 1453 alia
2551 1399 2618 1452 ad
2642 1399 2918 1454 meridiem
2940 1417 2954 1464 ;
2983 1399 3138 1454 tertia
3159 1399 3227 1453 ad
3249 1399 3593 1464 occidentem,
3619 1400 3664 1454 in
3683 1400 3794 1468 cujus

2279 1492 2456 1551 medio
2485 1501 2568 1547 est
2588 1493 2892 1563 sepulcrum
2917 1494 3154 1558 Domini,
3186 1493 3394 1552 habens
3422 1509 3474 1548 ix
3499 1493 3734 1548 columnas
3755 1496 3793 1548 in

2278 1587 2503 1642 circuitu
2528 1588 2631 1651 sui,
2666 1588 2806 1641 inter
2830 1603 2965 1657 quas
3003 1590 3311 1642 consistunt
3355 1587 3579 1656 parietes
3616 1602 3670 1640 ex
3693 1587 3794 1655 optio

2281 1677 2386 1731 mis
2423 1676 2688 1747 lapidibus
2718 1692 2732 1730 :
2764 1677 2832 1731 ei
2861 1677 3057 1746 quibus
3097 1693 3149 1731 ix
3188 1676 3474 1742 columnis,
3504 1690 3556 1730 tv
3577 1687 3683 1731 sunt
3703 1686 3794 1732 ante

592 1771 724 1827 bent
739 1771 912 1843 legem
941 1773 1082 1842 apud
1111 1786 1372 1843 paganos,
1400 1779 1462 1826 ut
1481 1786 1581 1841 pro
1607 1786 1764 1841 posse
1793 1785 2040 1840 persona:
2069 1785 2180 1825 suae
2209 1743 2252 1803 Β
2282 1743 2675 1838 faciem-ipsius
2722 1743 3074 1844 monumenti,
3104 1783 3226 1837 quae
3272 1784 3395 1844 cum
3425 1769 3534 1822 suis
3563 1767 3796 1838 parietibus

593 1873 918 1930 unoquoque
942 1875 1086 1916 anno
1111 1859 1322 1914 solvant
1352 1859 1611 1914 tributum
1637 1859 1897 1929 praedicto
1925 1858 2195 1930 principi,

592 1958 656 2004 ut
679 1948 872 2003 vivant
904 1963 1096 2005 secure
1115 1956 1169 2004 et
1190 1949 1380 2004 libere.
1411 1948 1560 2004 lstud
1586 1959 1766 2004 autem
1800 1950 2060 2004 tributum
2090 1956 2182 2004 aut

593 2055 680 2104 ιιι,
716 2047 812 2094 aut
839 2055 900 2105 ιι,
925 2047 1019 2094 aut
1044 2053 1065 2095 ι
1099 2040 1263 2110 exigit
1289 2055 1537 2106 aureum,
1569 2039 1654 2095 vel
1683 2055 1713 2094 a
1742 2039 1920 2095 viliori
1949 2053 2181 2109 persona

592 2145 694 2184 xm
729 2129 1003 2185 denarios.
1043 2129 1101 2184 Si
1127 2137 1305 2184 autem
1353 2129 1475 2185 talis
1523 2139 1627 2195 est,
1661 2139 1718 2184 ut
1746 2145 1853 2185 non
1881 2130 2057 2202 possit
2082 2130 2183 2186 hos

594 2235 695 2274 xnt
741 2219 993 2275 denarios
1035 2219 1243 2276 solvere
1269 2261 1284 2286 ,
1339 2220 1452 2275 sive
1481 2220 1552 2275 sit
1598 2219 1793 2285 incola,
1825 2220 1939 2276 sive
1976 2211 2182 2276 advena

592 2308 962 2375 Christianus,
1001 2310 1239 2365 mittitur
1285 2311 1336 2364 in
1390 2325 1689 2375 carcerem,
1739 2311 1910 2367 donec
1963 2319 2056 2365 aut
2087 2311 2182 2366 Dei

592 2402 797 2472 pietate
823 2418 923 2472 per
971 2404 1220 2475 angelum
1250 2419 1406 2460 suum
1465 2403 1748 2471 liberatur,
1801 2412 1894 2458 aut
1941 2403 2009 2459 ab
2064 2403 2184 2458 aliis

592 2493 754 2548 bonis
782 2493 1108 2549 Christianis
1136 2495 1440 2550 redimitur.

663 2585 719 2639 8.
749 2582 996 2638 Fluvium
1029 2584 1094 2656 [f.
1123 2585 1227 2641 Per
1276 2583 1522 2656 fluvium]
1560 2584 1730 2650 Geon,
1763 2583 2015 2640 Sitimulb
2045 2585 2181 2640 civi-

592 2681 758 2727 tatem
783 2687 798 2727 :
829 2672 898 2728 de
925 2672 1179 2729 Sitimulh
1206 2675 1479 2746 progressi
1509 2690 1696 2731 sumus
1733 2674 1803 2730 ad
1837 2675 2088 2741 Mohalla,
2116 2675 2184 2730 de

595 2760 828 2818 Mohalla
851 2762 1324 2819 transfretavimus
1347 2765 1416 2818 ad
1439 2763 1758 2830 Damiatem,
1782 2779 1901 2834 quae
1926 2765 2090 2819 habet
2115 2763 2183 2817 ab

593 2849 897 2920 aQuilonari
919 2851 1054 2906 mari
1091 2851 1365 2907 civitatem
1405 2851 1628 2917 Thanis,
1658 2852 1715 2907 in
1741 2867 1848 2922 qua
1877 2860 2003 2908 sunt
2026 2852 2181 2908 Chri-

591 2943 758 2999 stiani
806 2943 981 3010 multi,
1019 2953 1114 2999 aut
1145 2944 1288 2998 enim
1327 2943 1565 3014 religiosi
1619 2943 1984 3014 hospitalitate
2015 2942 2180 2998 nimia

592 3034 886 3091 ferventes.
919 3034 1047 3090 Haec
1079 3044 1259 3091 autem
1287 3035 1482 3090 civitas
1509 3033 1645 3090 nihil
1682 3035 1845 3090 habet
1869 3044 2046 3098 teme,
2083 3041 2180 3089 ex-

591 3135 751 3196 cepto
776 3127 865 3182 ubi
914 3136 1043 3183 sunt
1072 3127 1334 3192 ecclesiae,
1361 3135 1416 3182 et
1451 3127 1542 3182 ubi
1595 3135 1929 3182 monstratur
1955 3141 2177 3195 campus

594 3219 866 3284 Thaneos,
901 3220 955 3274 in
988 3219 1298 3289 quojacent
1333 3219 1495 3273 trium
1519 3219 1695 3274 instar
1739 3234 2018 3275 murorum
2054 3235 2176 3274 cor-

593 3322 723 3377 pora
749 3323 940 3362 eorum
963 3308 1054 3377 qui
1084 3308 1433 3363 exterminati
1459 3317 1584 3363 sunt
1607 3317 1849 3377 tempore
1872 3308 2059 3380 Moysi.

665 3400 720 3454 9.
759 3398 817 3454 in
843 3400 1063 3454 civitate.
1090 3399 1351 3455 Faramea
1379 3400 1451 3455 ibi
1481 3409 1564 3455 est
1609 3399 1836 3456 ecclesia
1884 3401 1938 3454 in
1977 3399 2181 3455 honore

593 3499 798 3545 sancta:
827 3489 1029 3554 Mariae,
1067 3490 1120 3544 in
1174 3489 1293 3544 loco
1344 3489 1410 3544 ad
1463 3505 1647 3561 quem,
1687 3490 1878 3563 angelo
1906 3499 2178 3556 monente,

594 3578 730 3650 fugit
756 3577 954 3649 Ioseph
995 3595 1117 3634 cum
1153 3595 1322 3649 puero
1377 3588 1431 3635 et
1479 3589 1675 3635 matre.
1706 3580 1767 3635 In
1810 3580 1905 3636 illa
1962 3581 2182 3636 civitate

593 3678 679 3725 est
705 3669 994 3726 multitudo
1023 3669 1376 3737 camelorum,
1413 3687 1550 3742 quos
1575 3671 1648 3727 ibi
1704 3672 1772 3728 ab
1821 3671 2012 3728 incolis
2038 3671 2182 3728 illius

592 3758 769 3830 pretio
798 3759 979 3816 locant
1007 3761 1229 3818 advena:
1271 3763 1340 3818 ad
1385 3761 1606 3819 ferenda
1635 3764 1737 3821 sibi
1767 3779 1934 3820 onera
1961 3773 2184 3836 propter

593 3851 894 3918 desertum,
918 3853 1059 3922 quod
1087 3853 1252 3908 habet
1279 3855 1388 3908 iter
1409 3854 1618 3909 dierum
1665 3872 1739 3910 vt.
1778 3854 1948 3924 Hujus
1981 3855 2182 3911 deserti

592 3942 850 3998 introitus
871 3959 898 3997 a
917 3945 1172 4014 prtedicta
1196 3945 1386 4015 incipit
1403 3947 1641 4002 civitate.
1666 3947 1735 4003 Et
1748 3949 1885 4004 bene
1907 3948 2183 4004 desertum

593 4029 812 4100 dicitur,
841 4036 1095 4106 quoniam
1127 4052 1228 4092 nec
1267 4036 1514 4101 herbam,
1546 4052 1648 4094 nec
1697 4037 1926 4109 alicujus
1952 4037 2182 4094 seminis

594 4127 831 4183 fructum
880 4128 1053 4190 affert.
1091 4131 1335 4201 exceptis
1376 4129 1661 4187 arboribus
1704 4132 2052 4203 palmarum:
2085 4132 2181 4188 sed

593 4219 828 4274 tabescit
853 4228 912 4274 ut
951 4220 1244 4290 Campania
1276 4231 1522 4292 tempore
1565 4221 1724 4277 nivis.
1781 4222 1956 4278 Habet
2004 4231 2179 4278 autem

596 4311 779 4366 medio
810 4311 1003 4366 itinere
1029 4313 1136 4368 duo
1166 4313 1420 4384 hospitia,
1459 4330 1624 4368 unum
1674 4316 1816 4386 quod
1843 4325 2064 4372 vocatur
2090 4315 2183 4370 Al-

2281 1855 2540 1911 claudunt
2594 1857 2822 1926 lapidem
2875 1844 3056 1911 coram
3109 1857 3361 1926 sepulcro
3412 1857 3643 1926 positum,
3677 1873 3794 1928 quem

2283 1945 2504 2014 angelus
2531 1945 2776 2009 revolvit,
2807 1954 2862 1999 et
2891 1961 3054 2016 super
3083 1945 3245 2015 quem
3271 1946 3406 2000 sedit
3436 1956 3549 2016 post
3580 1955 3794 2016 peractam

2283 2032 2492 2088 Domini
2544 2036 3016 2090 resurrectionem.
3083 2035 3157 2090 De
3201 2035 3306 2090 hoc
3353 2036 3586 2105 sepulcro
3618 2051 3703 2089 non
3740 2045 3796 2091 est

2281 2139 2504 2179 necesse
2532 2123 2685 2194 plura
2710 2125 2970 2189 scribere,
3021 2140 3142 2180 cum
3181 2125 3395 2180 dicatur
3430 2127 3562 2180 Beda
3591 2128 3637 2179 in
3665 2125 3794 2180 Histo-

2284 2215 2361 2270 ria
2383 2214 2677 2286 Anglorum
2730 2216 3048 2272 sullieientia
3076 2219 3281 2284 dicere,
3334 2235 3451 2289 qua-
3477 2229 3528 2273 et
3553 2235 3639 2273 nos
3657 2233 3795 2289 possu-

2282 2321 2404 2361 mus
2451 2305 2675 2363 referre.
2717 2307 2831 2363 Hoc
2889 2317 3066 2364 tamen
3117 2310 3406 2366 dicendum
3439 2312 3571 2382 quod
3614 2311 3795 2365 Sabbatn

2283 2407 2491 2464 sancto,
2519 2399 2662 2470 quod
2690 2409 2774 2456 est
2798 2401 2974 2472 vigilia
2999 2401 3246 2468 Pasclne,
3274 2417 3433 2458 mane
3463 2403 3669 2458 oliicium
3701 2403 3794 2456 inci-

2281 2489 2426 2558 pitur
2460 2489 2512 2544 in
2541 2490 2769 2546 ecclesia
2797 2511 2810 2546 :
2861 2501 2915 2547 et
2946 2502 3067 2564 post
3095 2503 3377 2564 peractum
3423 2493 3650 2558 olIicium,
3673 2490 3793 2563 Kyrie

2281 2582 2473 2637 eleison
2528 2583 2758 2646 canitur,
2809 2584 2979 2640 donec
3032 2585 3289 2641 veniente
3345 2586 3528 2657 angelo
3570 2586 3719 2640 lumen
3755 2584 3792 2637 in

2283 2672 2620 2744 lampadibus
2647 2677 2991 2741 accendatur,
3024 2692 3148 2746 quae
3205 2676 3442 2747 pendent
3483 2690 3628 2747 super
3648 2672 3791 2745 praedio

2281 2773 2427 2820 ctum
2450 2765 2755 2836 sepulcrum
2780 2781 2796 2820 :
2825 2768 2893 2823 de
2919 2785 3028 2840 quo
3058 2769 3148 2824 dat
3173 2769 3484 2839 patriarcha
3508 2766 3732 2840 episcopis
3754 2775 3792 2820 et

2283 2858 2490 2927 reliquo
2534 2859 2750 2929 populo,
2782 2869 2842 2914 ut
2882 2859 3146 2917 illuminet
3185 2863 3291 2919 sibi
3335 2862 3387 2917 in
3432 2861 3536 2918 suis
3574 2856 3789 2916 locis.liic

2282 2956 2462 3002 autem
2517 2948 2826 3018 patriarcha
2877 2949 3218 3008 Theodosius
3272 2951 3471 3025 [supple
3515 2945 3788 3018 vocabatur].

2281 3039 2372 3108 qui
2399 3040 2468 3095 ob
2495 3039 2752 3094 meritum
2789 3040 3089 3097 devotionis
3115 3057 3145 3096 a
3176 3041 3495 3098 Christianis
3545 3049 3619 3096 est
3654 3045 3790 3107 raptus

2282 3131 2350 3184 de
2395 3145 2492 3185 suo
2523 3131 2875 3197 monasterio,
2907 3132 3049 3202 quod
3089 3133 3260 3188 distat
3305 3133 3372 3189 ab
3420 3129 3710 3188 Hierusalem
3741 3142 3788 3180 xv

2281 3219 2516 3274 millibus
2541 3238 2554 3286 ;
2587 3229 2642 3276 et
2675 3220 2748 3277 ibi
2787 3222 3092 3291 patriarcha
3120 3225 3451 3280 constitutus
3481 3236 3625 3293 super
3647 3231 3790 3275 omnes

2279 3305 2641 3375 Christianos,
2674 3309 2766 3379 qui
2796 3319 2924 3364 sunt
2967 3310 3020 3364 in
3052 3318 3196 3366 terra
3228 3310 3655 3381 repromissionis.
3687 3306 3790 3361 Inter

2279 3401 2564 3468 prmdictas
2591 3401 2756 3472 igitur
2803 3417 2858 3457 1v
2887 3403 3148 3459 ecclesias
3168 3412 3255 3459 est
3277 3404 3550 3474 paradisus
3576 3401 3737 3473 (vulgo.
3756 3397 3788 3448 le

2263 3493 2474 3564 parvis)
2504 3492 2621 3550 sine
2647 3503 2810 3559 tecto,
2835 3494 2987 3563 cuius
3009 3495 3249 3565 parietes
3277 3511 3407 3552 auro
3435 3495 3660 3550 radiant:
3681 3489 3788 3560 pavi-

2282 3591 2520 3638 mentum
2545 3599 2675 3640 vero
2704 3585 2878 3655 lapide
2903 3587 3164 3642 sternitur
3199 3587 3596 3658 pretiosissimo,
3638 3580 3788 3638 habens

2281 3672 2336 3728 in
2385 3674 2562 3729 medio
2608 3675 2693 3730 sui
2720 3675 3012 3730 confinium
3039 3693 3094 3732 tv
3127 3686 3464 3744 catenarum,
3495 3691 3602 3746 qua:
3623 3671 3789 3728 veniam

2283 3778 2312 3817 a
2343 3765 2614 3834 praedictis
2644 3774 2878 3836 quatuor
2901 3767 3169 3838 ecclesiis,
3200 3769 3257 3826 in
3284 3785 3390 3841 quo
3420 3767 3614 3824 medius
3642 3761 3788 3818 dicitur

2282 3872 2404 3914 esse
2431 3857 2686 3914 mundus.

2359 3948 2442 4004 ll.
2484 3949 2580 4005 Est
2604 3957 2869 4020 praeterea
2894 3949 2948 4006 in
2977 3951 3091 4022 ipsa
3119 3953 3343 4008 civitate
3377 3953 3479 4007 alia
3519 3947 3710 4006 ecclesia
3741 3939 3787 3995 ad

2281 4041 2564 4099 meridiem
2591 4043 2646 4098 in
2669 4052 2852 4099 monte
2878 4042 3029 4108 Sion,
3061 4038 3417 4114 qumdicitur
3451 4040 3610 4100 sancti
3636 4037 3788 4093 Simeo-

2280 4133 2391 4200 nis,
2413 4133 2506 4190 ubi
2532 4131 2795 4192 Dominus
2823 4135 2956 4191 lavit
2999 4137 3166 4206 pedes
3192 4136 3569 4208 discipulorum
3603 4139 3787 4185 suorum.

2280 4223 2336 4278 in
2359 4237 2462 4293 qua
2488 4223 2687 4293 pendet
2704 4225 2890 4295 spinea
2913 4225 3125 4281 Domini
3153 4240 3377 4282 corona.
3400 4226 3456 4281 in
3486 4223 3578 4279 hac
3597 4216 3789 4275 defuncta

2279 4313 2516 4370 traditur
2542 4323 2730 4371 sancta
2753 4316 2919 4371 Maria
2940 4317 3129 4388 :juxta
3154 4333 3339 4388 quam,
3365 4329 3549 4372 versus
3567 4311 3788 4367 orientem.

591 4405 748 4470 bara,
789 4414 844 4460 et
885 4405 1113 4460 alterum
1157 4405 1446 4472 Albaeara,
1480 4407 1533 4461 in
1562 4409 1758 4478 quibus
1784 4410 1994 4480 negotia
2024 4425 2179 4465 exer—
2207 4443 2257 4504 D
2283 4403 2626 4460 88⁸60018δὶ³
2655 4407 2708 4460 in
2755 4405 2962 4461 honore
3010 4406 3182 4461 sancti
3233 4405 3508 4477 Stephani.
3555 4403 3601 4457 ίη
3623 4399 3718 4453 ¹⁰ί⁸⁰
3752 4392 3790 4504 ίίξ

591 4505 787 4554 centur
807 4513 838 4552 a
864 4495 1189 4554 Christianis
1213 4507 1266 4552 et
1290 4499 1514 4570 paganis
1543 4499 1830 4569 ejusmodi,
1855 4517 1974 4570 quae
1997 4516 2180 4556 neces-

591 4589 738 4646 saria
767 4597 892 4646 sunt
954 4591 1059 4646 iter
1091 4590 1394 4662 agentibus.
1443 4591 1501 4646 In
1549 4606 1737 4647 eorum
1767 4607 1898 4648 vero
1951 4592 2182 4648 circuitu

593 4684 729 4740 nihil
750 4693 948 4755 praeter
970 4685 1114 4754 quod
1145 4685 1348 4741 dictum
1391 4693 1476 4740 est
1501 4685 1671 4757 gignit
1698 4694 1860 4742 terra.
1906 4685 1963 4742 in
2010 4686 2180 4742 Alba-

592 4790 721 4830 cara
747 4775 819 4831 ibi
850 4786 932 4832 est
963 4787 1106 4832 terra
1128 4776 1375 4842 fecunda,
1400 4792 1570 4847 usque
1589 4777 1656 4833 ad
1677 4777 2180 4845 civitatemGazan,

591 4879 713 4931 qua
747 4863 846 4919 fuit
875 4866 1104 4922 Samson
1145 4867 1363 4930 civitas,
1390 4876 1505 4922 tum
1538 4867 1617 4940 [in
1664 4885 1788 4934 ms.,
1827 4867 2014 4940 tumis]
2044 4884 2180 4939 opu-

591 4955 890 5011 lentissima
916 4959 1158 5014 omnium
1179 4974 1382 5014 rerum.

668 5043 756 5099 10.
785 5045 989 5101 Deinde
1015 5057 1281 5104 venerunt
1321 5048 1576 5114 Alarixa;
1609 5047 1675 5103 de
1719 5047 1934 5104 Alarixa
1964 5049 2015 5103 in
2065 5047 2177 5104 Ra-

591 5135 763 5200 mula,
791 5136 945 5206 juxta
993 5155 1154 5209 quam
1192 5148 1276 5195 est
1322 5139 1712 5195 monasterium
1758 5139 1900 5194 beati
1955 5139 2174 5212 Georgii

591 5227 870 5298 Martyris,
906 5230 995 5284 ubi
1031 5231 1146 5300 ipse
1195 5232 1504 5301 requiescit.
1545 5232 1621 5286 De
1658 5230 1883 5286 Ramula
1931 5232 1998 5287 ad
2052 5233 2179 5288 Em-

593 5336 748 5375 ntaus
781 5321 1098 5384 castellum;
1151 5324 1216 5379 de
1250 5323 1508 5380 Emmaus
1537 5323 1602 5379 ad
1630 5332 1870 5380 sanctam
1906 5324 2180 5380 civitatem

594 5410 952 5468 Hierusalem.
986 5414 1060 5468 lbi
1088 5415 1314 5471 habetur
1342 5417 1628 5486 hospitale,
1654 5417 1704 5471 in
1729 5431 1836 5487 quo
1876 5416 2182 5488 suscipiun-

593 5512 680 5556 tur
711 5520 920 5569 omues,
947 5504 1035 5574 qui
1067 5519 1228 5561 causa
1260 5507 1558 5564 devotionis
1585 5507 1733 5563 illum
1772 5507 1968 5565 adeunt
2002 5509 2177 5566 locum

668 5691 689 5715 λ
720 5677 775 5732 ιιι
798 5687 880 5734 est
901 5678 1075 5737 Caroli
1108 5680 1300 5754 Magni.

1731 5783 1945 5854 νη

2283 4508 2390 4563 quo
2457 4493 2727 4565 lapidatus
2796 4496 3081 4550 asseritur.
3141 4495 3468 4552 Indirectum
3537 4499 3691 4547 autem
3740 4480 3788 4536 ad

2282 4584 2549 4640 orientem
2578 4592 2662 4639 est
2685 4584 2923 4640 Ecclesia
2948 4587 3000 4640 in
3032 4586 3238 4643 honore
3267 4587 3407 4643 beati
3433 4582 3596 4647 Petri,
3625 4579 3670 4633 in
3705 4574 3789 4628 loco

2284 4677 2337 4732 in
2362 4692 2468 4746 quo
2495 4675 2784 4732 Dominum
2813 4677 3048 4750 negavit.
3070 4677 3152 4733 Ad
3173 4678 3473 4749 aquilonem
3493 4681 3570 4729 est
3589 4665 3788 4736 templum

2284 4767 2608 4832 Salomonis,
2632 4765 2837 4820 habens
2860 4782 3185 4838 synagogam
3209 4767 3608 4824 Saracenorum.
3626 4757 3694 4812 Ad
3711 4765 3789 4846 ιιξθζ

2283 4858 2474 4913 ridiem
2503 4866 2633 4913 sunt
2671 4865 2841 4928 porta:
2870 4856 3089 4922 ferrem,
3120 4873 3218 4927 per
3244 4873 3378 4929 quas
3405 4851 3609 4927 angelus
3629 4840 3786 4903 Domini

2285 4950 2472 5005 eduxit
2515 4949 2733 5006 Petrum
2782 4948 2850 5005 de
2893 4962 3143 5013 carcere,
3189 4964 3310 5021 quae
3350 4956 3528 5019 postea
3567 4954 3658 4996 non
3697 4936 3788 4987 sunt

2285 5053 2503 5114 apertae.

2361 5133 2444 5189 l2.
2484 5133 2559 5188 De
2589 5129 2925 5188 Hierusalem
2974 5132 3026 5186 in
3056 5131 3194 5188 valle
3226 5130 3480 5201 Josaphat
3516 5116 3716 5179 milliari,
3747 5119 3784 5162 et

2285 5225 2449 5282 habet
2469 5223 2654 5280 villam
2675 5224 3024 5282 Gethsemani
3049 5239 3173 5280 cum
3199 5225 3316 5280 loco
3342 5215 3615 5278 nativitatis
3630 5212 3781 5265 sancte

2287 5317 2490 5385 Mariae,
2521 5319 2574 5373 in
2602 5334 2711 5388 quo
2740 5326 2827 5374 est
2855 5319 2909 5373 in
2943 5318 3148 5374 honore
3177 5317 3344 5389 ipsius
3377 5309 3584 5369 ecclesia
3617 5308 3781 5396 ρςξωξξ

2286 5409 2451 5463 xima.
2483 5409 2537 5463 In
2563 5409 2676 5480 ipsa
2707 5423 2922 5478 quoque
2944 5407 3178 5463 villaest
3212 5404 3433 5463 ecclesia
3453 5405 3628 5456 sanctae
3648 5389 3780 5445 Maria?

2285 5503 2533 5568 rotunda,
2581 5502 2671 5556 ubi
2720 5510 2806 5557 est.
2852 5501 3157 5573 sepulcrum
3189 5499 3358 5566 illius,
3403 5492 3534 5567 quod
3573 5496 3704 5555 5111³⁸⁵³
3739 5487 3782 5528 ⁵⁸
