4034 6350
318 318 446 375 573

1309 310 1889 369 WANDALBERTUS
1931 309 2208 366 NOTITIA
2247 308 2637 366 HISTORICA.

3508 309 3618 365 5M

321 438 544 484 tectum
571 443 678 484 non
709 426 893 491 habet,
936 423 1169 494 pluviam
1214 424 1436 480 minime
1462 427 1688 494 patitur:
1715 426 1773 480 ln
1811 424 1932 496 ipso
1957 435 2010 495 Α
2036 422 2126 478 ubi
2155 421 2500 478 celebrantur
2530 424 2724 478 missaz.
2759 421 2919 476 Juxta
2957 423 3097 477 hanc
3128 423 3412 479 ecclesiam
3439 435 3523 480 est
3547 428 3619 484 ad

322 518 510 573 etiam
536 517 655 574 loco
673 523 756 572 est
781 513 1013 570 ecclesia
1056 513 1110 567 in
1145 528 1254 584 quo
1284 514 1542 568 Dominus
1571 515 1802 570 traditus
1823 525 1929 570 est.

325 607 520 662 [labet
551 605 626 660 ibi
649 613 882 674 quatuor
908 617 1121 658 mensas
1148 603 1408 657 rotundas
1434 603 1616 658 Ccenae
1646 605 1832 674 ipsius.
1873 605 1930 660 In

324 700 486 757 valle
507 715 726 771 quoque
759 698 1018 770 Josaphat
1057 708 1142 754 est
1165 699 1398 754 ecclesia
1429 699 1480 752 in
1525 699 1728 754 honore
1757 700 1930 755 sancti

323 790 573 858 Leonis,
610 793 665 847 in
707 806 813 863 qua
855 792 1056 847 dicitur
1097 800 1359 849 venturus
1396 791 1656 847 Dominus
1693 792 1760 848 ad
1784 791 1931 862 judi-

329 883 513 938 cium.

317 1029 327 1035 ,
409 974 501 1028 15.
539 972 668 1029 lnde
707 980 976 1030 venerunt
1022 972 1077 1028 in
1127 982 1367 1028 montem
1417 971 1633 1039 Oliveti,
1676 974 1730 1028 in
1777 974 1932 1045 cujus

325 1064 571 1120 declivia
588 1064 892 1119 ostenditur
915 1064 1064 1118 locus
1085 1064 1348 1120 orationis
1369 1064 1581 1120 Domini
1605 1049 1671 1119 ad
1692 1063 1927 1119 Patrem.

325 1152 390 1207 1n
420 1153 594 1210 latere
614 1162 796 1209 autem
836 1155 1080 1226 praedicti
1111 1155 1311 1211 montis
1350 1156 1655 1211 ostenditur
1682 1157 1832 1212 locus
1875 1157 1928 1212 in

330 1262 449 1315 quo
475 1247 739 1304 Pharisaei
766 1247 1107 1303 deduxerunt
1130 1249 1198 1303 ad
1229 1249 1513 1304 Dominum
1537 1249 1815 1306 mulierem
1838 1252 1932 1308 de-

329 1340 665 1406 prehensam
690 1339 747 1394 in
777 1339 1064 1395 adulterio.
1091 1338 1336 1396 Habetur
1363 1341 1438 1396 ibi
1470 1343 1702 1398 ecclesia
1733 1343 1784 1398 in
1826 1343 1926 1398 ho-

330 1445 550 1486 nonore
574 1431 748 1486 sancti
781 1430 1026 1498 Joannis,
1051 1433 1105 1487 in
1137 1449 1244 1503 qua
1271 1443 1519 1489 servatur
1557 1436 1827 1505 scriptura
1871 1437 1928 1492 in

329 1521 518 1592 lapide
540 1540 847 1581 marmoreo
875 1541 1038 1596 quam
1063 1528 1324 1584 Dominus
1351 1529 1572 1600 scripsit
1601 1530 1656 1584 in
1687 1539 1853 1588 terra.

410 1615 501 1669 14.
543 1617 600 1670 ln
631 1617 914 1672 cacumine
937 1627 1118 1672 autem
1146 1620 1342 1690 saepius
1373 1621 1503 1676 dicti
1551 1622 1771 1684 montis,
1806 1621 1928 1676 mil-

328 1704 463 1760 liari
487 1705 511 1759 l
539 1720 572 1760 a
597 1705 741 1761 valle
771 1704 1052 1776 Josaphat,
1083 1716 1167 1763 est
1196 1708 1346 1766 locus
1364 1710 1698 1766 ascensionis
1715 1711 1927 1766 Domini

2034 513 2315 567 meridiem
2338 513 2567 567 ecclesia
2593 514 2870 568 beatorum
2899 521 3196 585 martyrum
3221 514 3614 572 Innocentium.

2032 605 2281 662 Milliario
2310 604 2542 680 denique
2574 622 2679 659 uno
2707 622 2735 660 a
2766 605 3077 660 Bethlebem
3121 615 3204 662 est
3229 608 3616 662 monasterium

2031 706 2343 752 sanctorum
2384 706 2681 766 pastorum,
2717 697 2915 766 quibus
2957 698 3180 768 angelus
3211 697 3420 752 Domini
3451 713 3618 767 appa-

2030 796 2140 848 ruit
2168 794 2220 848 in
2256 793 2538 848 nativitate
2584 793 2817 848 Domini.
2867 794 2948 848 Ad
2989 803 3320 864 postremum
3361 811 3468 850 xxx
3495 796 3619 850 mil-

2031 884 2203 940 liariis
2223 887 2288 939 ab
2312 885 2648 939 Hierusalem
2677 893 2757 939 est
2778 883 3026 940 Jordanis
3052 886 3117 940 ad
3139 885 3428 952 orientem,
3454 902 3621 957 super

2027 989 2191 1044 quem
2219 983 2302 1029 est
2345 973 2728 1028 monasterium
2773 975 2946 1028 sancti
2989 973 3215 1030 Joannis
3243 975 3518 1044 Baptistae.
3558 977 3616 1033 In

2031 1061 2226 1130 quibus
2271 1077 2486 1131 quoque
2526 1061 2659 1116 locis
2696 1061 2861 1114 multa
2898 1063 3204 1117 consistunt
3257 1065 3612 1120 monasteria.

2032 1155 2126 1210 Est
2177 1156 2317 1209 inter
2365 1156 2480 1210 haec
2529 1155 2595 1209 ad
2649 1154 3041 1209 occidentalem
3097 1155 3308 1226 plagam
3361 1154 3617 1211 Hieroso-

2030 1246 2184 1318 lyma:
2213 1247 2446 1301 civitatis
2467 1246 2715 1300 milliario
2739 1262 2844 1300 uno
2865 1246 3094 1301 ecclesia
3123 1255 3319 1302 sanctze
3347 1247 3615 1312 Mamillae,

2030 1337 2085 1391 in
2115 1352 2220 1407 qua
2251 1346 2375 1392 sunt
2409 1337 2573 1390 multa
2601 1352 2826 1406 corpora
2860 1346 3177 1408 martyrum,
3203 1338 3293 1407 qui
3324 1352 3354 1391 a
3383 1337 3616 1394 Sarace-

2030 1427 2116 1483 nis
2142 1427 2411 1482 interfecti
2446 1427 2513 1481 ab
2540 1427 2655 1497 ipsa
2687 1437 2813 1482 sunt
2837 1427 2906 1481 ibi
2938 1427 3224 1497 diligenter
3247 1428 3471 1483 conditi.

2100 1519 2188 1573 l7.
2230 1518 2306 1573 De
2331 1517 2668 1574 Hierusalem
2698 1519 3039 1573 intraverunt
3067 1518 3122 1572 in
3153 1533 3322 1584 mare,
3367 1530 3422 1575 et
3450 1535 3618 1576 vene-

2029 1617 2158 1665 runt
2199 1610 2265 1663 ad
2307 1608 2846 1682 Montem-Aureum,
2893 1609 2985 1664 ubi
3041 1618 3123 1663 est
3170 1619 3358 1680 crypta
3408 1609 3620 1665 habens

2000 1739 2004 1742 -
2031 1701 2105 1756 ibi
2131 1717 2203 1755 vn
2229 1701 2443 1756 alteria.
2470 1701 2644 1757 Habet
2663 1701 2825 1755 etiam
2852 1716 3012 1770 supra
3038 1716 3096 1757 se
3119 1701 3306 1756 silvam
3331 1717 3615 1772 magnam;

329 1797 404 1852 ad
435 1795 675 1853 Patrem.
706 1796 951 1853 Hahetur
981 1799 1054 1854 ibi
1083 1799 1310 1855 ecclesia
1347 1801 1574 1856 rotunda
1621 1802 1738 1856 sine
1763 1811 1926 1866 tecto,
1957 1781 2005 1840 Β
2035 1793 2089 1847 in
2117 1809 2222 1864 qua
2251 1806 2441 1864 crypta
2470 1808 2632 1849 nemo
2655 1801 2836 1863 potest
2855 1809 2966 1864 prae
2995 1794 3327 1850 obscuritate
3362 1794 3618 1850 tenebra-

327 1887 390 1942 in
425 1888 580 1960 cujus
611 1891 813 1956 medio,
836 1891 941 1946 hoc
967 1900 1054 1947 est
1099 1892 1153 1947 in
1183 1893 1303 1948 loco
1328 1895 1662 1950 ascensionis
1693 1896 1925 1961 Domini,

328 1975 573 2034 habetur
595 1978 767 2036 altare
793 1981 894 2037 sub
934 1981 1058 2036 divo
1096 1991 1310 2051 patens,
1342 1983 1395 2038 in
1436 1997 1543 2053 quo
1587 1983 1929 2040 celebrantur

323 2068 599 2126 solemnia
627 2072 937 2128 missarum.

407 2160 501 2218 £5.
541 2162 670 2218 lnde
697 2171 1057 2233 perrexerunt
1085 2179 1116 2218 a
1143 2163 1422 2229 Bethania,
1461 2180 1581 2236 quae
1605 2173 1688 2220 est
1716 2166 1783 2221 ad
1814 2181 1927 2220 me-

327 2252 554 2318 ridiem,
577 2255 790 2310 distans
813 2270 844 2310 a
876 2265 1060 2311 monte
1091 2254 1284 2311 Oliveti
1327 2257 1542 2312 milliari
1573 2273 1702 2322 uno,
1735 2259 1786 2311 in
1831 2257 1924 2312 de-

329 2357 536 2400 scensu
561 2345 706 2401 illius
729 2348 949 2412 montis,
981 2347 1036 2402 in
1079 2363 1186 2416 quo
1217 2357 1302 2403 est
1331 2350 1741 2415 monasterium,
1771 2349 1925 2417 cujus

324 2434 564 2491 ecclesia
609 2437 919 2506 sepulcrum
966 2447 1238 2494 monstrat
1291 2439 1480 2494 Lazari
1527 2459 1540 2493 :
1577 2441 1737 2511 juxta
1783 2442 1924 2511 quod

323 2533 417 2579 est
437 2525 648 2594 piscina
677 2527 745 2582 ad
769 2527 1098 2597 aquilonem,
1123 2529 1177 2584 in
1208 2545 1313 2600 qua
1351 2529 1504 2599 jussu
1545 2532 1755 2586 Domini
1796 2532 1926 2586 lavit

324 2630 392 2671 se
431 2617 550 2688 ipse
608 2618 850 2674 Lazarus
903 2621 1298 2687 resuscitatus,
1340 2624 1430 2694 qui
1492 2625 1690 2686 dicitur
1736 2633 1922 2694 postea

323 2705 607 2763 exstitisse
635 2710 921 2780 episcopus
949 2710 1002 2764 in
1030 2709 1242 2780 Epheso
1264 2729 1332 2766 xx.
1365 2714 1539 2768 annis.
1573 2713 1627 2766 In
1655 2714 1921 2769 descensu

324 2794 500 2849 etiam
547 2796 614 2851 de
659 2806 846 2854 monte
899 2799 1093 2856 Oliveti
1152 2801 1217 2855 ad
1272 2801 1661 2856 occidentalem
1711 2802 1920 2874 plagam

327 2887 646 2942 ostenditur
673 2903 915 2944 marmor
935 2892 1001 2946 de
1023 2905 1130 2963 quo
1166 2891 1445 2947 descendit
1468 2893 1726 2948 Dominus
1760 2910 1921 2964 supra

321 2977 537 3046 pullum
561 2980 748 3034 asinte.
777 2980 924 3036 lnter
948 2983 1062 3038 haec
1084 2984 1136 3038 in
1166 2984 1357 3040 vallem
1384 2983 1666 3054 Josaphat,
1705 2986 1770 3041 ad
1817 3002 1922 3042 me-

323 3070 548 3136 ridiem,
574 3080 659 3127 est
685 3075 952 3129 natatoria
980 3073 1144 3131 Siloe.

2030 1898 2150 1937 rum
2181 1883 2402 1949 intrare,
2433 1883 2535 1938 nisi
2571 1899 2693 1938 cum
2727 1883 2970 1938 accensis
2996 1883 3374 1938 luminaribus.
3407 1883 3615 1938 Ibidem

2032 1977 2130 2032 fuit
2157 1980 2324 2032 abbas
2350 1979 2580 2034 domnus
2608 1979 2945 2034 Valentinus.

2101 2072 2186 2127 18.
2226 2070 2304 2126 De
2359 2071 2770 2126 Monte-Aureo
2813 2079 3178 2141 pervenerunt
3234 2070 3301 2125 ad
3353 2069 3616 2136 Romam,

2029 2162 2172 2218 intra
2216 2178 2378 2233 quam
2422 2164 2610 2218 urbem
2659 2163 2728 2217 ad
2762 2164 3079 2219 orientalem
3114 2172 3353 2234 partem,
3405 2164 3458 2219 in
3501 2163 3622 2221 loco

2038 2255 2130 2324 qui
2159 2256 2357 2310 dicitur
2390 2255 2697 2319 Lateranis,
2731 2264 2813 2310 est
2855 2256 3086 2312 ecclesia
3119 2257 3172 2310 in
3213 2257 3418 2312 honore
3447 2258 3618 2312 sancti

2026 2346 2254 2402 Joannis
2287 2347 2544 2416 Baptista:
2585 2345 2726 2402 bene
2771 2350 3099 2416 composita,
3130 2348 3221 2402 ubi
3271 2357 3351 2403 est
3398 2349 3617 2418 propria

2026 2438 2181 2492 sedes
2225 2438 2589 2508 apostolorum
2623 2437 3289 2509 [Legnapostolicorum].
3340 2439 3419 2492 Ad
3465 2439 3615 2494 occi-

2031 2505 2301 2582 dentalem
2349 2537 2528 2583 autem
2580 2505 2929 2597 partet’est
2975 2529 3202 2584 ecclesia
3245 2505 3389 2584 beati
3437 2530 3618 2596 Petri,

2024 2619 2288 2689 principis
2329 2618 2728 2688 aposmlorum,
2773 2619 2865 2673 ubi
2905 2620 3019 2688 ipse
3060 2619 3381 2688 requiescit,
3427 2621 3512 2675 cui
3563 2621 3618 2675 in

2023 2710 2394 2780 magnitudine
2440 2725 2543 2763 non
2592 2719 2676 2764 est
2726 2709 2921 2764 similis
2972 2709 3202 2765 ecclesia
3257 2711 3311 2765 in
3364 2711 3617 2766 universa

2026 2809 2191 2864 terra,
2217 2815 2335 2870 qua:
2361 2802 2603 2855 continet
2630 2800 2795 2854 etiam
2817 2808 3135 2854 ornamenta
3163 2801 3395 2857 diversa.
3424 2802 3481 2856 ln
3508 2818 3614 2873 qua

2023 2891 2190 2945 etiam
2221 2891 2477 2961 prazdicta
2510 2891 2642 2946 urbe
2680 2890 3096 2946 innumerabilia
3140 2907 3365 2962 corpora
3399 2902 3617 2948 sancto-

2023 2998 2142 3036 rum
2190 2982 2560 3052 requiescunt.
2612 2980 2737 3036 lnde
2778 2991 3046 3038 venerunt
3094 2982 3161 3036 ad
3209 2989 3455 3038 sanctum
3500 2983 3600 3037 Mi-

2020 3071 2265 3126 chaclem
2307 3074 2374 3126 ad
2414 3072 2550 3126 duas
2583 3071 2840 3136 Tumbas,
2887 3072 2977 3143 qui
3029 3073 3181 3128 locus
3228 3082 3313 3127 est
3360 3073 3496 3128 situs
3546 3073 3602 3128 in

304 3168 306 3170 '
402 3159 492 3214 l6.
531 3161 659 3217 Inde
704 3165 1040 3219 transierunt
1085 3166 1136 3220 in
1167 3165 1502 3232 Bethlehem,
1536 3168 1625 3224 ubi
1659 3168 1917 3226 Dominus
1943 3157 1988 3219 C
2021 3173 2204 3218 monte
2239 3162 2332 3232 qui
2377 3161 2673 3234 porrigitur
2700 3163 2753 3217 in
2793 3177 2944 3216 mare
2988 3179 3087 3232 per
3128 3164 3264 3219 duas
3306 3163 3511 3218 leucas.
3558 3165 3617 3219 In

326 3248 434 3304 fuit
462 3260 642 3317 natus,
673 3253 878 3309 habens
899 3271 951 3310 γι
982 3257 1168 3312 millia.
1215 3259 1475 3314 Ostcnsus
1522 3267 1605 3314 est
1643 3259 1748 3314 illis
1775 3277 1922 3316 cam-

325 3354 432 3407 pus
461 3339 515 3394 in
542 3354 650 3410 quo
675 3341 957 3400 laborabat
983 3345 1238 3402 Habacuc
1282 3364 1405 3403 cum
1458 3349 1680 3419 angelus
1707 3351 1921 3407 Domini

319 3428 489 3496 jussit
519 3431 569 3486 ei
597 3432 878 3500 prandium
911 3434 1056 3491 ferre
1086 3438 1290 3493 Danieli
1324 3439 1374 3494 in
1411 3440 1752 3510 Babylonem,
1801 3458 1922 3512 quae

327 3527 418 3574 est
460 3521 528 3574 ad
577 3517 856 3579 meridiem
884 3565 901 3593 ,
946 3526 1033 3581 ubi
1094 3529 1337 3599 regnavit
1392 3529 1922 3598 Nabuchodonosor,

327 3627 494 3682 quam
521 3629 664 3669 nunc
687 3625 967 3686 serpentes
998 3633 1062 3673 ac
1107 3619 1294 3674 bestia:
1339 3621 1662 3676 inhabitant.
1708 3621 1924 3677 Belide-

325 3705 453 3760 hem
482 3720 611 3774 ergo
639 3706 801 3762 habet
837 3709 1123 3765 ecclesiam
1165 3711 1321 3766 valde
1347 3728 1600 3784 magnam
1633 3713 1686 3767 in
1717 3713 1922 3769 honore

325 3802 533 3848 sanctae
555 3793 752 3859 Mariae,
782 3797 834 3851 in
861 3797 1017 3867 cujus
1045 3799 1223 3856 medio
1263 3809 1348 3856 est
1388 3802 1657 3871 scriptura
1686 3803 1785 3856 sub
1812 3818 1922 3856 uno

326 3885 528 3955 lapide,
557 3888 710 3957 cujus
734 3888 990 3947 introitus
1017 3902 1100 3948 est
1120 3910 1151 3950 a
1187 3893 1446 3960 meridie;
1491 3895 1672 3950 exitus
1696 3909 1825 3949 vero
1850 3896 1917 3949 ad

301 3979 623 4051 orientem,
668 3979 724 4035 in
751 3996 860 4052 quo
893 3983 1197 4038 ostenditur
1224 3984 1546 4056 prmsepium
1593 3983 1806 4039 Domini
1850 3985 1916 4039 ad

325 4071 665 4126 occidentem
711 4071 882 4141 ipsius
921 4075 1220 4144 scripturae.
1265 4073 1442 4130 Locus
1487 4083 1666 4130 autem
1711 4074 1764 4129 in
1806 4089 1916 4144 quo

329 4159 590 4216 Dominus
616 4162 802 4232 vagiit,
847 4172 929 4218 est
970 4166 1038 4220 ad
1067 4167 1353 4221 orientem.
1397 4165 1576 4222 Habet
1622 4164 1694 4221 ibi
1744 4165 1916 4219 altare

2003 3253 2334 3309 summitate
2382 3253 2542 3323 hujus
2592 3253 2791 3308 montis
2845 3262 2928 3308 est
2975 3253 3217 3309 Ecclesia
3285 3254 3340 3307 in
3405 3253 3618 3310 honore

2024 3346 2196 3402 sancti
2226 3344 2526 3409 Michaelis,
2553 3354 2609 3400 et
2637 3344 2691 3398 in
2721 3344 2949 3400 circuitu
2981 3344 3123 3399 illius
3171 3345 3373 3399 montis
3410 3345 3614 3399 redun-

2025 3437 2120 3490 dat
2145 3451 2298 3490 mare
2341 3435 2580 3504 quotidie
2622 3435 2831 3491 duabus
2864 3435 3092 3500 vicibus,
3145 3435 3196 3490 id
3229 3444 3310 3490 est
3357 3450 3517 3490 mane
3560 3443 3619 3489 et

2020 3543 2268 3598 vespere,
2292 3537 2346 3582 et
2373 3544 2478 3582 non
2508 3535 2731 3597 possunt
2759 3527 3006 3582 homines
3041 3527 3194 3581 adire
3227 3535 3469 3581 montem
3511 3525 3612 3582 do-

2025 3635 2125 3675 nec
2163 3636 2311 3674 mare
2363 3619 2696 3674 discesserit.
2747 3618 2803 3672 ln
2852 3618 3153 3673 festivitate
3204 3626 3385 3672 autem
3437 3619 3614 3673 sancti

2025 3709 2302 3764 Michaelis
2346 3725 2453 3764 non
2497 3708 2843 3778 conjungitur
2875 3724 3025 3764 mare
3075 3709 3127 3762 in
3174 3708 3526 3764 redundando
3557 3709 3612 3762 in

2023 3801 2252 3858 circuitu
2296 3800 2439 3856 illius
2486 3800 2703 3863 montis,
2745 3801 2837 3855 sed
2882 3808 2992 3854 stat
3033 3800 3208 3855 instar
3249 3814 3528 3854 murorum
3577 3815 3609 3853 a

2021 3891 2230 3947 dextris
2257 3899 2311 3946 et
2331 3907 2361 3945 a
2392 3890 2650 3945 sinistris.
2676 3890 2741 3946 Et
2768 3890 2821 3945 in
2845 3891 2960 3962 ipsa
2990 3891 3077 3946 die
3115 3889 3340 3945 solemni
3387 3899 3615 3959 possunt

2020 3998 2230 4048 omnes,
2256 3983 2564 4053 quicunque
2592 3983 2656 4036 ad
2704 3983 3005 4037 orationem
3043 3983 3310 4054 venerint,
3357 3981 3611 4038 omnibus

2020 4073 2169 4128 horis
2194 4073 2348 4128 adire
2389 4081 2666 4130 montem:
2694 4072 2836 4145 quod
2878 4082 3059 4132 tamen
3107 4072 3229 4129 aliis
3274 4073 3466 4129 diebus
3502 4086 3612 4128 non

2025 4172 2271 4234 possunt.

399 4286 3582 4314 ὴ

1567 4406 1733 4449 ANNO
1779 4404 2007 4448 DOMINI
2055 4402 2365 4446 DCCCLXX.

962 4526 2979 4701 WANDALBERTUS

1553 4751 1968 4813 PRUMIENSIS
1999 4742 2400 4811 IMONACHUS.

848 4951 1276 5033 NOTITIA
1357 4949 1903 5030 HISTORICA
1977 4951 2090 5031 IN
2163 4949 3068 5031 WANDALBERTUM.

1467 5068 1702 5147 (labs-te,
1734 5082 1969 5134 Biblioth.
2004 5082 2136 5133 med.
2162 5091 2214 5134 et
2233 5082 2318 5134 int.
2345 5082 2479 5145 Lat.)

403 5259 872 5336 κνηωμτιιεητυε,
898 5257 1158 5336 discimus
1185 5265 1241 5336 et
1265 5257 1565 5336 monachus
1585 5255 1918 5336 Prumiensis
1946 5261 1997 5320 D
2025 5256 2076 5336 in
2107 5253 2554 5336 editione-prime.
2576 5252 2845 5336 Spicilegii
2867 5251 3298 5336 desiderabantur.
3316 5254 3469 5336 A_dd_e
3481 5255 3605 5312 Tri-

335 5330 648 5386 monasterii
697 5329 842 5384 circa
887 5343 976 5382 an.
1026 5327 1152 5382 8'30.
1205 5326 1436 5395 Scripsit
1481 5325 1917 5396 Martyrologium

334 5399 642 5469 cartuinice.
680 5399 822 5469 quod
847 5397 1002 5454 Beda:
1025 5399 1176 5469 prius
1197 5398 1586 5469 ascripserunt.
1613 5397 1920 5452 Editionem

335 5467 710 5550 novamPhilf
732 5469 977 5550 Labbeus
1002 5467 1251 5550 prqtnisit
1280 5467 1333 5521 in
1357 5467 1491 5550 Bibl.
1517 5482 1653 5550 pova
1681 5482 1837 5550 mssa,
1861 5483 1915 5550 η.

337 5539 438 5603 ως
472 5541 745 5610 integrum
775 5547 954 5610 autem
986 5536 1154 5610 edidit
1177 5537 1698 5610 LucashDacherius
1732 5536 1916 5610 Spicil.

337 5620 466 5664 tom.
500 5609 563 5672 ll,
595 5608 660 5678 'p.
691 5608 777 5662 59.
819 5608 1045 5678 TomWV,
1081 5623 1132 5678 p.
1174 5608 1558 5678 5057editionis
1580 5609 1779 5664 veteris
1817 5609 1918 5663 sub

305 5734 308 5736 γ
342 5684 496 5734 tinem
527 5696 581 5749 p.
609 5677 677 5734 ϐξ
705 5680 917 5736 additur
945 5677 1166 5734 Carmen
1188 5681 1251 5734 de
1265 5677 1536 5734 Creatione
1552 5679 1914 5751 mundi,quod

2023 5328 2283 5381 themium
2331 5325 2398 5380 de
2439 5324 2702 5394 Scriptor.
2759 5324 2988 5388 Eccles.,
3042 5341 3091 5380 c.
3156 5325 3293 5392 516;
3343 5326 3604 5394 Bulaeum,

2024 5397 2160 5452 Hist.
2189 5396 2432 5453 Univers.
2464 5394 3017 5466 Parisiensistomorl,
3043 5410 3096 5466 p.
3125 5395 3262 5463 447;
3287 5395 3602 5452 Bollandum

2023 5467 2415 5548 itrprzefatioue
2441 5465 2677 5548 generali
2701 5467 2921 5547 adﬁcta
2950 5465 3294 5548 Banctorunt,
3322 5476 3447 5522 ante
3469 5478 3601 5548 tom.

2020 5535 2323 5601 lJanuarii,
2372 5553 2423 5606 p.
2458 5536 2558 5600 5|;
2600 5535 2890 5592 Baronium
2939 5539 3004 5592 de
3035 5535 3380 5608 Marterlog.
3433 5553 3482 5592 c.
3535 5537 3600 5603 9;

2021 5608 2335 5678 Sollerium,
2365 5607 2515 5678 praef.
2548 5607 2612 5659 ad
2645 5607 2876 5678 Usuardi
2908 5607 3369 5678 Martyrologium,
3400 5623 3517 5678 cap.
3549 5609 3601 5674 l,

2019 5680 2173 5735 artic.
2200 5679 2251 5733 5.
2295 5676 2466 5731 Vitam
2499 5689 2544 5733 ct
2565 5679 2820 5732 miracula
2849 5677 2907 5733 S.
2932 5676 3120 5734 Gauri:
3149 5676 3430 5750 pfesbyteri
3445 5676 3602 5745 jussu
