4034 6350
221 421 334 476 577

219 533 372 588 haud
392 545 612 600 paucos,
630 529 853 600 perinde
882 538 1045 598 atque
1065 544 1096 583 e
1117 529 1412 600 vetussimo
1430 527 1615 600 codice
1642 527 1807 600 regio,
1839 533 1883 590 Α
1899 526 2316 600 [ιιιεῑιίεᾳιιιιιιιιι

218 597 448 672 quicum
469 597 1021 672 prioréiueJitionem
1047 598 1346 672 contulerat
1377 597 1684 668 Stephanus
1707 598 1827 667 Ba-_

220 669 404 726 luzius
425 669 592 735 anno,
620 679 678 724 ut
707 670 822 740 ipse
847 679 1048 733 monet,
1083 669 1238 740 [676.

286 741 356 795 in
380 742 483 795 hoc
505 742 649 795 inter
676 735 868 795 versus
905 740 1048 794 idem
1086 738 1337 792 Baluzius
1378 736 1580 807 reperit
1606 735 1808 791 descri-

216 823 317 894 pta
363 811 551 868 nescio
580 810 734 894 cujus
772 825 937 894 Opera
974 809 1117 894 haud
1143 823 1312 890 pauca
1353 817 1808 894 sanctor-nmmo:

217 875 397 964 mina,
433 897 565 963 quae
599 875 687 935 edi
727 875 977 950 oportere
1000 875 1378 960 judicav.imus,
1415 878 1558 947 quod
1582 892 1708 932 cum
1738 875 1807 929 ad

215 953 331 1008 alia
370 951 517 1008 uttlts
541 965 661 1007 esse
685 960 871 1022 posset
906 951 1023 1006 hzec
1061 949 1337 1020 diligentia
1363 955 1570 1012 nostra,
1597 956 1710 1000 tum
1735 946 1804 1000 ad

1079 415 1705 474 MARTYROLOGIUM.
1748 445 1814 453 —
1854 412 2202 471 AUCTORIS
2233 412 2623 470 I’REFAT‘IO.
3389 412 3493 467 578

2478 543 2518 590 ι,
2559 541 2946 608 nonnunquam
2989 528 3057 608 ad
3101 527 3513 607 emendandum

1919 596 2384 668 Wandalbertum.
2423 596 2593 668 Porro
2620 597 2765 668 inter
2798 596 2885 668 illa
2905 605 3216 668 sanctorum
3247 597 3490 668 nomina,

1915 665 2169 720 librarius
2198 667 2370 720 notari
2414 667 2650 721 maxime
2689 667 2854 721 voluit
2898 665 2956 720 S.
2996 666 3296 720 Martialem
3329 681 3391 721 ac
3431 666 3494 720 S.

1915 736 2286 799 Leonardum;
2331 752 2454 790 nam
2499 736 2658 805 hujus
2699 752 2893 792 nomen
2934 735 3267 806 majusculis
3298 736 3498 792 litteris

1913 807 2181 871 exaravit,
2213 807 2288 860 illi
2317 807 2480 861 etiam
2523 807 2820 861 beatissimi
2853 805 3065 861 titulum
3096 805 3322 870 addidit,
3353 807 3500 861 unde

1914 875 2145 948 conjicio
2169 876 2412 932 codicem
2438 890 2469 930 e
2497 875 2875 933 Lemovicensi
2902 875 3182 948 provincia
3210 876 3268 931 in
3299 875 3500 934 Urbem

1912 960 2034 1002 esse
2057 947 2361 1002 advectum.

229 1111 3497 1142 *Μ’-..Ἥ

403 1254 432 1276 ⁸
1317 1255 1846 1338 PRIEFATIO
1898 1254 2430 1335 AUCTORIS.

293 1525 530 1582 Domino
549 1523 756 1581 Ortuco
785 1519 1236 1579 WANDALBERTUS
1257 1521 1488 1578 salutem
1522 1521 1671 1578 dicit.

301 1618 486 1674 Veteri
511 1625 570 1673 et
592 1617 915 1688 perantiquo
941 1624 1210 1686 praecepto
1237 1629 1518 1670 monemur
1539 1621 1595 1667 ut
1615 1625 1808 1684 parere

223 1710 554 1780 majoribus,
583 1696 788 1767 morem
823 1723 1011 1781 gerere
1049 1708 1364 1778 tequalibus,
1393 1706 1678 1763 consulere
1702 1705 1805 1760 mi-

224 1805 456 1861 noribus
492 1803 824 1859 studeamus.
854 1803 965 1874 Ego
987 1803 1115 1872 quia
1159 1802 1255 1858 tibi
1282 1814 1332 1867 ι,
1369 1800 1717 1865 charissime,
1749 1807 1811 1854 ut

224 1897 448 1959 minori,
488 1897 631 1967 quod
657 1897 893 1965 cogitatu
929 1896 1050 1966 ipso
1086 1894 1239 1952 nefas
1272 1894 1478 1964 judico,
1528 1891 1815 1950 consulere

225 2006 472 2061 nequeo;
515 1991 570 2044 in
602 1998 653 2044 te
688 1990 832 2045 enim
863 1990 982 2060 ipso
1010 1990 1129 2056 tibi,
1163 1997 1222 2043 ut
1268 2003 1458 2045 revera
1509 1988 1810 2058 sapientem

223 2080 406 2144 decet,
435 2080 611 2134 omnis
637 2081 756 2149 Opis
783 2079 1066 2135 consilium
1095 2081 1367 2150 totiusque
1397 2079 1696 2151 prudentia:
1717 2093 1809 2134 co-

223 2173 374 2242 piam
399 2185 524 2226 esse
549 2173 853 2241 perpendo;
887 2172 1203 2241 morigerari
1253 2188 1382 2226 vero
1428 2172 1565 2226 sicut
1611 2171 1805 2241 aequali

224 2277 421 2318 sensus
453 2269 508 2316 et
536 2262 734 2331 ingenii
767 2262 1021 2317 tarditate
1062 2278 1167 2317 non
1199 2261 1370 2324 valeo,
1400 2262 1543 2332 quod
1572 2261 1806 2330 primum

223 2363 463 2419 constat,
507 2363 567 2409 ut
618 2354 807 2424 majori
858 2369 1047 2423 parere
1089 2363 1144 2409 et
1184 2353 1554 2408 obsecundare
1601 2353 1809 2407 viribus

223 2444 441 2499 cunctis
462 2453 520 2499 et
559 2444 706 2498 0mm
747 2443 1005 2499 facultate
1047 2443 1336 2499 desidero:
1384 2444 1620 2500 maxime
1665 2443 1810 2514 quod

225 2535 527 2591 incessanti
553 2544 608 2588 et
633 2533 956 2605 infatigabili
997 2535 1174 2590 studio
1203 2550 1266 2590 ac
1295 2534 1671 2590 benevolentia
1699 2549 1807 2599 me,

223 2637 516 2698 postquam
549 2627 706 2699 longe
740 2644 770 2682 a
799 2629 974 2697 patria
1013 2629 1281 2697 rebusque
1315 2627 1648 2692 domesticis,
1701 2642 1807 2682 non

228 2729 340 2772 tam
366 2717 636 2782 exsulare,
661 2733 822 2787 quam
861 2717 1056 2788 degere
1083 2718 1250 2788 coepi,
1291 2728 1381 2771 tua
1405 2732 1530 2787 ope,
1555 2715 1808 2781 consilio,

224 2810 566 2881 providentia
595 2818 652 2864 et
698 2809 1021 2864 liberalitate
1048 2808 1240 2864 fultum
1272 2809 1509 2879 intelligo
1540 2821 1560 2861 τ
1593 2823 1696 2864 nec
1729 2807 1811 2863 le-

225 2904 374 2957 viter
397 2917 581 2972 pecco,
623 2902 668 2957 si
709 2918 831 2957 cum
871 2918 1078 2957 morem
1117 2917 1306 2973 gerere
1355 2916 1584 2971 nequeo,
1615 2916 1810 2974 parere

223 3011 331 3066 pro
357 2995 554 3065 ingenii
575 3004 891 3066 paupertate
913 2995 1138 3066 refugio.
1158 2995 1344 3066 Itaque
1363 2996 1508 3064 quod
1533 2995 1810 3066 inopinato

224 3088 410 3142 studio
438 3102 507 3142 ex
538 3103 642 3154 me,
673 3097 728 3142 et
749 3087 1042 3143 inevitabili
1082 3088 1460 3158 constantique
1490 3087 1811 3143 auctoritate

224 3179 462 3250 petiisti,
492 3187 553 3234 ut
580 3195 676 3250 per
699 3181 827 3235 anni
855 3183 1020 3236 totius
1045 3181 1277 3251 spatium
1300 3189 1649 3236 occurrentes
1680 3188 1811 3251 quot

224 3272 422 3328 diebus
448 3283 758 3328 sanctorum
798 3272 1120 3330 festivitates
1156 3283 1208 3328 et
1237 3273 1506 3330 solemnes
1529 3276 1809 3329 undecun-

224 3379 337 3435 que
363 3364 794 3422 Christianorum
824 3374 1071 3422 votorum
1102 3367 1444 3422 celebritates
1471 3377 1646 3423 metro
1666 3368 1811 3439 dige-

226 3470 446 3520 rerem;
475 3455 578 3511 feci
602 3464 662 3512 ut
688 3457 856 3527 potui,
895 3472 1001 3512 non
1029 3465 1136 3511 tam
1161 3458 1297 3513 artis
1322 3473 1427 3513 usu
1452 3466 1613 3528 atque
1642 3459 1810 3513 soler-
1841 3476 1886 3538 ς

227 3549 332 3614 tia,
361 3564 524 3619 quam
546 3557 634 3604 tua
657 3549 960 3615 devotione,
973 3558 1026 3604 et
1043 3550 1317 3605 immerito
1331 3565 1463 3621 erga
1490 3564 1576 3604 me
1601 3561 1816 3606 sancto-

226 3658 354 3698 rum
375 3643 443 3698 ad
469 3643 522 3698 id
544 3644 904 3715 peragendum
933 3641 1169 3711 adjutus,
1193 3649 1253 3697 ut
1272 3642 1506 3708 confido,
1539 3643 1742 3698 favore.

299 3733 362 3791 In
403 3750 512 3806 quo
538 3749 701 3806 opere
728 3735 854 3805 quia
893 3734 1217 3790 solemnium
1263 3736 1472 3791 dierum
1515 3736 1818 3792 certissima

225 3826 646 3897 comprehensio
687 3841 793 3880 non
835 3825 1026 3881 leviter
1067 3839 1170 3881 nec
1204 3824 1362 3880 facile
1402 3839 1501 3895 pro
1555 3825 1818 3881 librorum

226 3918 496 3974 varietate
519 3917 822 3980 constabat,
865 3931 968 3986 ope
1009 3924 1063 3972 et
1107 3916 1349 3972 subsidio
1386 3919 1655 3987 praecipue
1689 3933 1819 3974 usus

226 4024 354 4064 sum
375 4008 548 4064 sancti
571 4017 626 4064 et
653 4007 1068 4063 nominatissimi
1095 4007 1195 4063 viri
1227 4007 1373 4062 Flori
1394 4048 1409 4071 ,
1438 4007 1819 4078 Lugdunensis

229 4097 492 4154 Ecclesiae
520 4096 862 4163 subdiaconi,
904 4097 996 4167 qui
1035 4106 1096 4153 ut
1134 4106 1318 4154 nostro
1354 4107 1598 4168 tempore
1629 4113 1817 4154 revera

228 4188 496 4262 singulari
547 4189 728 4244 studio
780 4189 1097 4244 assiduitate
1161 4191 1217 4244 in
1275 4190 1472 4244 divina:
1523 4189 1818 4261 Scriptura:

231 4281 464 4338 scientia
509 4280 744 4351 pollere,
794 4281 869 4336 ita
917 4281 1176 4336 librorum
1225 4281 1661 4338 authenticorum
1709 4295 1818 4337 non

228 4373 492 4431 mediocri
516 4374 674 4445 copia
703 4382 758 4430 et
783 4375 1044 4430 varietate
1072 4374 1126 4440 δ,
1153 4375 1496 4445 cognoscitur
1519 4374 1814 4429 abundare.

229 4466 317 4522 Ab
345 4465 450 4521 hoc
478 4479 580 4536 ego
607 4463 840 4535 sumptis
860 4464 1134 4518 veteribus
1168 4463 1580 4533 emendatisqne
1619 4461 1820 4518 codici-

227 4558 359 4623 bus,
390 4556 863 4628 Martyrologicum
889 4554 1084 4610 librum
1115 4569 1146 4608 a
1173 4553 1428 4610 Kalendis
1454 4551 1725 4609 Januariis
1748 4552 1818 4608 ad

230 4647 401 4704 finem
425 4647 550 4701 anni
578 4661 678 4716 per
703 4647 912 4701 dierum
937 4644 1270 4716 singulorum
1299 4652 1645 4712 occurrentes
1666 4643 1818 4700 festi-

227 4737 436 4792 vitates
455 4744 630 4790 metro
646 4735 814 4802 edidi,
832 4736 1131 4806 praemissa,
1150 4743 1210 4789 ut
1225 4749 1464 4806 congrue
1483 4733 1813 4800 existimavi,

1837 2125 1885 2184 B

1910 1517 2083 1588 adjeci
2114 1527 2359 1586 apertam
2410 1514 2738 1586 brevemque
2793 1515 3090 1572 secundum
3142 1532 3275 1573 usus
3309 1517 3505 1574 Gallici

1911 1609 2338 1679 dispositionem,
2370 1615 2426 1662 et
2478 1607 2736 1663 horarum
2786 1608 3104 1663 diurnarum
3143 1610 3419 1680 vulgarem
3449 1611 3506 1665 in

1911 1697 2110 1752 nostris
2142 1696 2451 1767 regionibus
2477 1697 2866 1752 dimensionem
2899 1715 2912 1752 :
2946 1699 3088 1768 quod
3138 1709 3426 1768 utrumque
3473 1716 3506 1754 a

1919 1787 2187 1856 superiori
2233 1801 2398 1858 opere
2444 1801 2782 1858 nequaquam
2823 1789 3136 1860 discrepare
3183 1802 3390 1862 putavn.
3447 1793 3504 1848 lu

1918 1878 2026 1932 fine
2052 1887 2313 1946 praeterea
2341 1878 2504 1932 totius
2531 1880 2732 1949 Operis,
2755 1881 2821 1936 de
2849 1883 3126 1938 creatione
3149 1885 3335 1940 mundi
3361 1897 3383 1925 ε
3408 1900 3508 1954 per

1914 1968 2161 2023 ordinem
2188 1968 2396 2022 diermn
2425 1985 2519 2024 sex
2549 1970 2712 2025 breve
2741 1986 2959 2026 carmen
2987 1974 3195 2037 addidi,
3228 1983 3284 2029 et
3321 1975 3506 2046 expla-

1916 2061 2190 2115 natimem
2219 2061 2430 2131 mystici
2461 2076 2651 2116 sensus
2674 2063 2726 2116 in
2752 2063 2969 2118 homine
2981 2065 3259 2135 accipendi
3281 2067 3502 2135 subjun-

1913 2151 1989 2216 xi,
2009 2162 2066 2206 ιιι
2096 2168 2158 2208 ea
2186 2169 2306 2223 qua:
2335 2154 2402 2208 de
2441 2155 2606 2208 totius
2635 2155 2761 2208 anni
2789 2171 2950 2210 cursu
2979 2157 3502 2228 descripseramﬁeo

1912 2248 2078 2317 petita
2115 2249 2184 2303 ab
2207 2248 2366 2303 initio
2394 2250 2684 2304 mundanae
2705 2249 2999 2306 creationis
3024 2253 3334 2322 explanatio
3356 2270 3506 2312 com-

1913 2339 2222 2394 mendaret.

1981 2429 2098 2486 Hoc
2126 2446 2262 2501 opus
2286 2431 2412 2502 quia
2441 2431 2656 2486 diverso
2689 2431 2892 2488 editum
2939 2443 3114 2490 metro
3133 2445 3373 2502 constat,
3405 2453 3505 2494 ne-

1912 2523 2210 2577 cessarium
2235 2523 2543 2578 existimavi
2565 2538 2772 2606 gener;
2791 2524 3028 2594 ipsorum
3058 2537 3354 2584 metrorum
3382 2531 3508 2587 bre-

1911 2612 2050 2668 viter
2078 2613 2390 2684 explanare,
2423 2624 2482 2668 ut
2528 2631 2636 2669 non
2676 2615 2839 2671 modo
2873 2616 3049 2686 ipsum
3101 2635 3260 2689 opus,
3296 2623 3390 2677 sed
3435 2638 3504 2679 ea

1913 2702 2110 2771 quibus
2160 2704 2428 2774 digestum
2471 2713 2556 2760 est
2595 2714 2784 2770 metra,
2820 2708 3072 2764 omnibus
3099 2711 3191 2780 qui
3222 2713 3274 2767 id
3319 2713 3504 2785 legen-

1912 2789 2038 2844 dum
2095 2791 2462 2862 dignabuntur
2506 2808 2748 2859 sumere,
2803 2797 3168 2853 manifestem.
3201 2801 3504 2872 ltaqueln-

1911 2883 2148 2949 vacatio,
2178 2899 2342 2955 quam
2373 2885 2426 2938 in
2451 2885 2717 2956 principio
2742 2887 2906 2942 totius
2933 2891 3176 2960 opusculi
3213 2904 3502 2964 propterea

1910 2975 2092 3045 posui,
2121 2976 2266 3044 quod
2286 2977 2466 3032 omnis
2505 2976 2732 3032 scientia
2775 2993 2840 3033 ex
2872 2980 2983 3034 Deo
3020 2997 3268 3049 manans,
3290 2987 3360 3040 ab
3389 2986 3507 3056 ipso

1912 3069 1986 3124 sit
2013 3069 2208 3122 merito
2236 3070 2505 3139 poscenda
2527 3069 2860 3140 (quanquam
2889 3072 2978 3126 alii
3014 3073 3066 3128 in
3091 3089 3257 3143 opere
3295 3078 3510 3146 poetico

1912 3159 2343 3231 Propositionem
2370 3161 2600 3231 primam
2633 3175 2752 3216 esse
2772 3163 2980 3233 velint}.
3015 3175 3191 3220 metro
3217 3167 3505 3226 Choriaru-

1910 3249 2056 3317 bico,
2084 3253 2443 3318 Tetrametro,
2459 3252 2848 3319 Acatalecticu,
2863 3255 3217 3326 Asclepiadeo
3234 3259 3494 3318 decurrit.

1913 3343 2328 3414 Asclepiadeum
2358 3354 2540 3399 autem
2570 3345 2638 3400 ab
2671 3343 3010 3417 Aisculapio,
3066 3351 3159 3420 qui
3189 3351 3378 3410 Graece
3411 3370 3509 3412 vo-

1917 3443 2073 3489 catur
2110 3434 2377 3505 Asclepios
2413 3435 2698 3491 medicinae
2749 3448 3051 3508 repertore,
3103 3442 3259 3512 cujus
3317 3445 3508 3505 laudes

1925 3525 2030 3580 hoc
2061 3526 2220 3579 metri
2249 3540 2450 3595 genere
2485 3525 2840 3596 frequentatae
2874 3539 3020 3596 sunt,
3064 3533 3148 3588 vel
3205 3535 3276 3590 ab
3324 3536 3508 3608 aliquo

1922 3612 2160 3681 ejusdem
2191 3614 2428 3669 nominis
2463 3623 2621 3684 poeta
2652 3625 2735 3670 est
2768 3617 3118 3686 appellatum.
3153 3623 3323 3680 Metra
3358 3629 3507 3684 enim

1922 3704 2238 3774 frequenter
2262 3706 2330 3759 ab
2367 3707 2761 3772 inventoribus,
2783 3723 3168 3781 nonnunquam
3194 3731 3224 3770 a
3257 3715 3508 3788 frequen-

1922 3798 2209 3862 tatoribus,
2243 3798 2510 3852 interdum
2550 3807 2605 3852 et
2634 3799 2702 3853 ab
2729 3800 2812 3856 eis
2839 3817 3068 3872 quorum
3097 3812 3386 3868 memorias
3415 3829 3511 3870 ce-

1923 3888 2153 3964 lebrant,
2184 3888 2547 3959 appellantur.
2580 3889 2979 3948 Acatalecticus
3016 3909 3148 3950 vero
3183 3913 3372 3957 versus
3400 3913 3508 3970 est,

1920 3983 2006 4037 cui
2036 3981 2178 4036 nulla
2206 3983 2272 4036 ad
2301 3981 2690 4053 plenitudinem
2722 3983 2805 4038 sui
2846 3984 3046 4055 syllaba
3068 3988 3236 4054 deest,
3267 3995 3361 4050 sed
3384 3994 3514 4068 legio

1919 4070 2054 4125 timo
2091 4073 2303 4127 numeri
2336 4072 2442 4126 line
2495 4071 2855 4128 concluditur.
2889 4073 3287 4137 Tetrametrum
3341 4099 3512 4155 porro

1919 4175 2139 4215 carmen
2193 4168 2300 4226 est,
2350 4159 2493 4230 quod
2529 4170 2760 4232 quatuor
2805 4163 3032 4233 pedibus
3062 4171 3256 4236 currit,
3283 4176 3427 4243 quod
3453 4177 3510 4232 in

1919 4251 2324 4317 choriambicis,
2348 4251 2648 4324 dactylicis,
2675 4261 2734 4310 et
2761 4256 3107 4326 anapaesticis
3153 4264 3344 4320 metris
3365 4269 3512 4324 acci-

1916 4344 2083 4416 pitur,
2111 4345 2164 4399 in
2189 4344 2388 4414 quibus
2416 4345 2726 4412 dimetrum,
2753 4347 3086 4417 trimetrum,
3113 4361 3510 4427 tetrametrum,

1917 4441 2337 4503 pentametrum,
2367 4441 2424 4490 et
2471 4435 2849 4492 hexametrum
2904 4454 3000 4508 per
3039 4441 3315 4512 simplices
3343 4449 3510 4517 pedes

1918 4535 2295 4594 computamus
2327 4543 2340 4578 :
2371 4539 2496 4580 nam
2525 4525 2580 4580 in
2617 4525 2868 4583 iambicis
2902 4531 3262 4602 trochaeisque
3296 4541 3510 4607 metris,

1917 4617 2045 4686 quia
2071 4616 2256 4672 brevia
2282 4624 2438 4683 sunt,
2470 4615 2812 4686 supradictos
2849 4634 3105 4676 numeros
3149 4638 3249 4693 per
3272 4625 3515 4698 duplices

1919 4709 2084 4780 pedes
2113 4708 2433 4778 accipimus.
2473 4707 2910 4764 Choriambicum
2933 4720 3114 4767 autem
3145 4729 3176 4770 a
3195 4716 3514 4782 choriambo

227 4828 580 4886 [avocatione
630 4828 700 4882 ad
937 4866 955 4893 ,
1003 4797 1364 4883 Allocutionev
1390 4826 1456 4882 ad
1504 4839 1696 4882 omnes
1725 4797 1817 4894 qui
1846 4828 1898 4889 D
1923 4799 2080 4870 Pede,
2103 4813 2212 4894 Ψξθ
2237 4797 2456 4894 proprie
2477 4799 2672 4864 cum“
2694 4808 2938 4894 “093"”-
2964 4801 3196 4886 Consm.
3223 4808 3367 4864 enim
3400 4813 3514 4880 ντί-

228 4921 378 4976 forte
405 4927 565 4974 erunt
591 4919 846 4983 lectores,
889 4918 1358 4974 commendatione
1395 4917 1462 4972 ad
1512 4925 1584 4982 te,
1637 4917 1819 4986 operis

229 5011 597 5076 hortatorem,
635 5017 694 5064 et
726 5009 795 5064 ad
819 5007 1092 5064 Ctesarem
1132 5007 1578 5078 benignissimum
1619 5006 1821 5062 Letha-

229 5101 379 5157 rium
407 5099 818 5171 argumentique
841 5098 956 5154 sive
985 5097 1366 5168 propositionis
1393 5097 1606 5152 diverso
1644 5105 1821 5152 metro

231 5191 606 5261 descriptione
636 5208 656 5246 :
681 5199 738 5248 et
765 5189 944 5246 addita
969 5195 1089 5260 post
1115 5187 1320 5244 editum
1357 5186 1816 5258 Martyrologium,

231 5283 605 5340 conclusionis
651 5282 945 5354 hymnique
989 5281 1044 5336 in
1086 5295 1276 5335 omnes
1302 5289 1521 5334 sanctos
1548 5279 1818 5344 editione;

231 5374 325 5431 cui
353 5373 522 5430 etiam
547 5373 701 5444 operi
729 5372 1130 5430 distinctionem
1176 5371 1444 5426 mensium
1487 5369 1822 5441 singulorum

308 5519 336 5549 ι
370 5506 485 5580 Ego
511 5510 647 5580 quia,
661 5508 776 5563 tibi.
815 5506 1010 5564 Ultima
1036 5505 1226 5580 vocula
1253 5505 1432 5580 addita
1458 5513 1541 5580 est
1579 5518 1617 5580 eg
1637 5504 1825 5580 codice

232 5576 533 5650 BigotJEx'
550 5579 742 5635 eodem
766 5580 969 5636 editum
997 5595 1100 5633 non
1128 5577 1296 5643 valeo,
1329 5576 1418 5632 ubi
1447 5576 1574 5630 olim
1607 5576 1826 5648 legeba-

237 5659 332 5704 tur
349 5665 457 5703 non
481 5650 654 5708 video.
753 5673 756 5676 '

309 5719 342 5758 ιι
374 5717 539 5789 Copia
560 5731 608 5774 et
630 5720 898 5777 uarietate.
925 5719 1354 5790 Sicﬂmaluimus
1375 5735 1537 5790 quam
1563 5718 1617 5774 in
1649 5718 1820 5789 priori

236 5788 484 5845 editione
508 5792 658 5859 copia
691 5801 742 5846 et
763 5791 996 5845 veritate.
1028 5789 1180 5845 Haud
1204 5791 1359 5859 longe
1391 5788 1438 5843 et
1469 5788 1660 5844 addita
1679 5799 1816 5859 post,

242 5859 322 5914 sic
361 5861 536 5918 codex
562 5859 678 5932 Big.
706 5860 764 5916 In
790 5861 967 5926 editis,
1001 5861 1160 5928 male,
1192 5872 1236 5915 et
1263 5861 1402 5915 edim
1447 5870 1580 5931 post.
1621 5859 1818 5916 Statim

1923 4906 2014 4947 mo
2071 4891 2207 4961 pede
2251 4889 2528 4961 spondaao,
2575 4889 2815 4946 secundo
2851 4899 2908 4946 et
2962 4895 3122 4950 tertio
3168 4882 3512 4968 choriambo,

1922 4988 2117 5050 quarto
2137 4978 2486 5052 pyrrhichio;
2515 4987 2721 5035 etcum
2769 4979 3123 5040 choriambus
3171 4988 3408 5056 primam
3454 5004 3512 5049 et

1922 5071 2167 5126 ultimam
2191 5070 2400 5140 longas,
2423 5069 2560 5125 duas
2582 5069 2790 5126 medias
2815 5070 3052 5142 syllabas
3075 5074 3269 5134 breves
3292 5080 3510 5150 habeat,

1921 5180 2044 5235 quae
2090 5163 2252 5218 simul
2291 5177 2424 5218 sena
2463 5171 2706 5233 tempora
2751 5163 3068 5234 complent:
3106 5168 3156 5224 si
3197 5175 3512 5242 spondeum

1921 5255 2236 5328 pyrrhichio
2261 5254 2597 5326 copulemus,
2637 5253 2860 5310 totidem
2899 5255 3133 5327 syllabas
3181 5263 3515 5338 totidemque

1925 5358 2169 5419 tempora
2203 5347 2465 5416 facimus;
2495 5362 2561 5403 ac
2588 5359 2686 5418 per
2711 5347 2816 5404 hoc
2840 5363 2950 5404 non
2979 5357 3090 5407 tam
3115 5357 3433 5424 pyrrhichio
3458 5369 3517 5418 et

1929 5479 2172 5537 nonnihil
2193 5494 2260 5534 ex
2285 5479 2509 5552 ingenio
2521 5479 2864 5552 mutavimus
2895 5478 2948 5552 in
2976 5479 3088 5552 illis
3111 5483 3294 5541 verbis
3317 5488 3512 5545 diuin-

1928 5553 2220 5624 ctionem...
2249 5549 2381 5624 «sui
2409 5549 2598 5624 Gallici
2614 5563 2633 5600 :
2663 5559 2826 5605 antea
2851 5550 2996 5606 enim
3021 5551 3304 5624 legebatur
3323 5560 3516 5614 diuin-

1929 5623 2164 5677 ctione...
2191 5637 2319 5675 usus
2340 5619 2590 5676 Gallicos.

2005 5690 2137 5767 {De
2163 5693 2424 5767 creatione
2450 5689 2793 5767 ιιιιιιηειὶζηοε
2812 5705 3064 5767 carmen,
3086 5695 3230 5764 quod
3264 5696 3317 5750 in
3343 5699 3516 5767 priori

1926 5764 2163 5820 editione
2183 5763 2388 5826 deerat,
2413 5777 2443 5816 a
2471 5760 2536 5814 ιι.
2567 5759 2626 5814 Ρ.
2657 5761 2717 5816 D.
2747 5761 2904 5819 Edm.
2937 5759 3182 5823 Μαι-νέης
3205 5759 3511 5824 communi-

1925 5847 2105 5891 catum
2135 5849 2233 5892 suo
2264 5833 2384 5890 loco
2413 5834 2652 5890 edemus.
