4034 6350
544 418 649 476 579

1515 411 2023 468 WANDAI.BEll'll
2064 406 2482 464 PRUMIENSIS
2524 407 2829 462 MONACIII
3713 411 3799 468 530

544 532 798 602 spondreo
836 536 1063 583 metrum
1097 528 1195 581 hoc
1237 539 1397 595 quam
1435 525 1653 594 proprie
1693 523 2007 579 choriambo
2032 523 2124 576 de—
2156 529 2200 585 Α
2230 533 2398 586 usque
2427 520 2492 572 ad
2514 519 2838 586 completum
2861 516 3326 590 Martyrologium,
3355 521 3608 577 heroicus
3632 539 3801 581 versus

542 620 734 680 currit.
763 617 1034 674 lnvocatio
1055 631 1202 686 ergo,
1229 615 1330 668 hoc
1351 623 1522 668 metro
1546 612 2126 683 composita,,.quadra-

542 715 693 785 ginta
719 717 954 782 quatuor
982 707 1223 762 versibus
1251 715 1491 772 constat;
1524 705 1617 776 qui
1643 703 1892 774 quaterni
1922 717 2123 758 coeun-

543 812 626 857 tes
652 802 896 856 undenos
919 796 1107 866 majori
1135 795 1508 864 complexione
1533 808 1722 849 versus
1759 791 2015 848 efﬁciunt.

613 890 880 945 Allocutio
903 895 1104 952 autem,
1134 902 1253 955 quae
1277 886 1511 942 lecturos
1535 899 1886 940 commoneas
1912 883 2122 948 invitat,

540 988 714 1035 metro
766 977 1073 1049 Dactylico,
1127 976 1526 1040 Tertrametro,
1570 973 2036 1044 Catalecticoque,
2092 987 2123 1027 a

538 1070 677 1140 pede
699 1069 908 1124 scilicet
927 1067 1300 1136 frequentiori,
1323 1074 1379 1120 et
1398 1079 1624 1120 numero
1643 1065 1838 1135 pedum
1857 1074 2124 1134 quaterno

537 1169 702 1229 atque
748 1175 885 1225 una,
931 1173 1052 1229 quae
1091 1159 1158 1211 ad
1193 1156 1575 1226 plenitudinem
1621 1154 1832 1209 metrici
1879 1153 2122 1220 numeri,

537 1254 690 1307 deest
719 1251 945 1322 syllaba.
972 1249 1235 1320 appellato
1259 1247 1531 1304 decurrit:
1562 1254 1776 1301 constat
1793 1246 1937 1300 enim
1964 1259 2124 1314 spon-

536 1344 661 1407 deo,
685 1343 917 1412 dactylo,
943 1341 1226 1404 catalecto,
1251 1340 1488 1408 itemque
1509 1337 1746 1408 dactylo,
1771 1344 1826 1391 et
1849 1338 2120 1407 Spondaeo.

534 1431 777 1501 Cumque
808 1433 909 1486 hoc
934 1441 1164 1485 metrum
1196 1429 1408 1500 dactylo
1436 1429 1654 1499 proprie
1681 1436 1912 1492 constet,
1952 1428 1998 1483 si
2027 1443 2120 1483 ca-

537 1524 790 1579 talectum
823 1523 1076 1592 spondam
1119 1521 1303 1584 addas,
1341 1528 1502 1575 erunt
1537 1519 1748 1574 ratione
1789 1517 2122 1590 syllabarum

535 1626 647 1673 tres
680 1616 877 1687 dactyli
914 1623 970 1670 et
1002 1631 1141 1669 unus
1177 1615 1485 1684 spondeus,
1515 1621 1678 1684 atque
1715 1627 1747 1668 a
1789 1612 2124 1683 plenitudine

533 1709 926 1781 dactylicarum
952 1707 1304 1780 syllabarum,
1337 1722 1440 1762 una
1473 1714 1680 1761 tantum
1709 1705 1912 1777 syllaba
1935 1706 2122 1761 deesse

535 1799 833 1866 videbitur;
875 1814 1204 1869 quamquam
1247 1799 1457 1853 ratione
1509 1807 1810 1867 temporum
1851 1795 2119 1867 dactylus,

533 1893 628 1962 qui
661 1908 766 1948 una
801 1892 954 1964 longa
985 1901 1040 1947 et
1065 1893 1272 1948 duabus
1298 1890 1552 1947 brevibus
1578 1899 1813 1955 constat,
1845 1889 2116 1960 spondaeo,

532 1985 624 2053 qui
659 1985 794 2039 duas
833 1984 1068 2054 syllabas
1094 1983 1278 2053 longas
1311 1982 1498 2047 habet,
1539 1997 1638 2051 par
1671 1989 1726 2035 et
1755 1979 1974 2049 aequalis
2002 1981 2115 2034 exi-

531 2084 661 2129 stat.
721 2074 907 2145 Itaque
961 2075 1226 2130 Allocutio
1275 2074 1546 2143 prtedictis
1598 2073 1826 2144 pedibus
1889 2056 2115 2129 currens

529 2168 807 2237 sexaginta
843 2175 968 2222 octo
999 2166 1292 2222 versiculos
1328 2166 1590 2230 continet,
1621 2167 1714 2236 qui
1753 2166 2021 2232 similiter,
2058 2176 2116 2221 ut

531 2257 770 2326 priores,
819 2267 1084 2325 quaterno
1130 2269 1358 2310 numero
1403 2253 1696 2324 conjuncti,
1733 2256 2114 2326 septemdecim

532 2347 768 2416 majores
790 2363 984 2403 versus
1011 2345 1270 2402 etlicinnt.

599 2438 769 2493 Porro
789 2438 1198 2494 Commendatio
1215 2446 1389 2505 metro
1411 2436 1721 2502 Phaleucio,
1745 2436 2114 2503 Pentametm,

529 2528 990 2602 ﬂendecasyllabo
1042 2530 1466 2598 constat,;;qnod
1515 2545 1546 2583 a
1589 2545 1816 2585 numero
1865 2531 2115 2585 undecim

528 2622 856 2694 syllabarum
886 2623 1075 2680 Graece
1114 2621 1652 2694 Heudecasyllabum,
1693 2639 1722 2676 a
1762 2639 1987 2679 numero
2024 2639 2117 2694 pe-

527 2705 655 2768 dum
685 2715 920 2786 quinque
963 2715 1387 2778 Pcntametrum,
1427 2715 1496 2769 ab
1535 2715 1817 2769 inventore
1865 2716 1979 2770 sive
2010 2716 2117 2770 fre-

528 2817 850 2875 quentatore
895 2807 1240 2862 Phaleucium
1288 2807 1607 2876 appellatur.
1650 2807 1898 2861 Decurrit
1935 2817 2114 2862 autem

526 2897 706 2966 primo
727 2898 861 2967 pede
886 2898 1156 2967 spondzeo,
1181 2897 1418 2951 secundo
1446 2897 1679 2968 dactylo,
1718 2899 1896 2960 tertio,
1922 2907 2117 2966 quarto

529 2987 830 3055 quintoque
881 2989 1154 3051 trochaeo;
1180 2986 1429 3054 quamvis
1452 2985 1640 3039 ultima
1670 2987 1872 3056 syllaba
1907 2986 2116 3041 indill‘e-

532 3085 716 3131 renter
773 3079 825 3133 in
885 3080 1136 3133 omnibus
1200 3077 1390 3130 metris
1436 3077 1733 3147 accipiatur
1759 3087 1815 3132 et
1867 3079 2115 3149 frequen-

533 3174 619 3220 ter
675 3168 942 3222 trochaeus
1024 3169 1076 3222 in
1132 3167 1483 3236 spondzcum,
1567 3169 1854 3238 sponducus
1907 3170 1960 3223 in
2005 3179 2108 3224 tro-

2231 617 2533 678 nongentos
2561 618 2616 662 et
2639 608 2994 677 quadraginta
3027 610 3289 665 continet.

2300 699 2556 769 Sequitur
2579 699 2834 770 deinceps
2847 699 3160 766 Conclusio,
3183 703 3250 757 ad
3271 704 3656 774 complendum
3679 708 3801 764 hlar-

2227 791 2551 862 tyrologium
2581 792 2878 860 pertinens,
2911 807 3033 862 quae
3058 794 3231 850 mixto
3275 795 3684 863 Choriambico,
3712 801 3801 857 hoc

2226 896 2311 942 est
2367 886 2648 958 Glyconio,
2681 886 3034 956 Asclepiadeo
3090 888 3421 959 Alcaicoque
3462 894 3798 948 conteﬁtur:

2227 996 2347 1050 qua:
2386 989 2555 1032 metra
2585 979 2652 1031 ab
2675 979 2987 1033 auctoribus
3017 980 3130 1033 sive
3175 979 3678 1052 frequentatoribus
3719 1001 3804 1039 no-

2227 1072 2431 1127 minata
2453 1071 2711 1143 Glycone,
2743 1071 2994 1140 Asclepio
3020 1081 3075 1126 et
3099 1072 3316 1129 Alcaeo:
3349 1073 3678 1146 Glyconium
3701 1078 3804 1146 qui~

2224 1163 2348 1218 dem
2370 1164 2641 1234 spondam,
2659 1163 2994 1228 choriambo,
3011 1163 3326 1233 pyrrhichio
3351 1180 3364 1216 :
3398 1164 3803 1234 Asclepiadeuni

2224 1253 2498 1323 spondaeo,
2529 1253 2736 1308 duobus
2770 1252 3121 1317 choriambis,
3153 1253 3507 1325 pyrrhichio:
3538 1249 3803 1310 Alclicum

2223 1359 2356 1399 vero
2387 1344 2660 1415 spondzeo,
2688 1343 2861 1398 tribus
2889 1343 3241 1409 choriambis,
3267 1345 3696 1416 pyrrhichioque
3724 1346 3804 1400 de.

2224 1447 2473 1495 currunt.
2505 1437 2706 1492 Eadem
2742 1436 3031 1493 ConClusio
3060 1436 3251 1507 viginti
3293 1445 3530 1506 quatuor
3571 1439 3803 1493 versicu-

2224 1530 2305 1586 los
2331 1529 2588 1601 prazdicta
2613 1525 2998 1596 conjunctione
3040 1536 3337 1583 metrorum
3383 1529 3670 1600 complexa
3691 1541 3805 1585 octo

2223 1620 2458 1690 majores
2482 1635 2674 1676 versus
2703 1620 2872 1676 ternis
2917 1618 3080 1674 simul
3105 1619 3423 1676 coeuntibus
3449 1621 3648 1677 reddit.
3682 1621 3805 1677 Huic

2223 1715 2457 1786 hymnus
2485 1715 2539 1769 in
2565 1727 2754 1770 omnes
2788 1720 3006 1768 sanctos
3033 1712 3297 1778 succedit,
3322 1713 3416 1784 qui
3445 1722 3622 1769 metro
3649 1728 3804 1769 cons-

2225 1811 2304 1859 tat
2335 1804 2640 1876 Dactylico,
2678 1803 3025 1859 Pentametro
3068 1802 3370 1873 Sapphico,
3416 1805 3562 1875 quod
3611 1820 3640 1859 a
3699 1821 3807 1860 mu-

2149 1893 2196 1953 B
2224 1894 2375 1962 liere,
2403 1910 2525 1965 quae
2573 1895 2790 1965 Sappho
2819 1893 2986 1959 dicta,
3037 1894 3145 1950 hoc
3196 1909 3366 1967 genus
3399 1897 3560 1951 metri
3591 1898 3804 1966 reperit,

2217 1986 2578 2056 appellatum;
2614 1987 2796 2056 quinis
2821 1987 3065 2056 pedibus,
3104 1987 3207 2043 hoc
3239 1995 3326 2043 est
3357 1986 3616 2052 trochaeo,
3651 2003 3808 2059 spon-

2218 2077 2351 2140 dteo,
2383 2077 2616 2149 dactylo,
2649 2078 2856 2132 duobus
2880 2077 3131 2132 trochaeis
3153 2077 3428 2142 decurrit;
3473 2077 3636 2147 eique
3687 2085 3803 2146 post

2219 2177 2331 2224 tres
2354 2183 2542 2223 versus
2589 2183 2807 2237 semper
2847 2182 3058 2222 comma
3090 2167 3370 2223 heroicum
3399 2166 3641 2233 additur,
3669 2169 3806 2237 quod

2218 2259 2432 2330 dactylo
2455 2267 2669 2314 constat
2697 2269 2860 2328 atque
2885 2259 3168 2330 spoudzco;
3200 2260 3276 2313 ita
3305 2259 3616 2314 elllciuntur
3644 2259 3700 2312 in
3732 2245 3820 2312 di-l

2218 2365 2373 2404 versa
2413 2358 2524 2405 tres
2557 2365 2747 2406 versus
2791 2350 3010 2420 pariles,
3060 2361 3117 2406 et
3145 2352 3450 2406 membrum
3500 2350 3800 2412 heroicum,

2218 2454 2338 2510 quae
2370 2439 2671 2510 complexio
2720 2439 2772 2494 in
2809 2455 2971 2510 supra
2998 2441 3142 2496 dicto
3175 2440 3372 2511 hymno
3395 2447 3521 2495 octo
3556 2438 3803 2510 majores,

2219 2531 2460 2586 minores
2483 2546 2672 2587 versus
2712 2531 2888 2588 reddit
2923 2531 3114 2602 viginti
3144 2542 3398 2603 quatuor,
3419 2540 3697 2587 commata
3729 2533 3804 2586 ni-

2221 2620 2516 2675 hilominus
2536 2622 2738 2675 addeus
2767 2632 2890 2676 octo
2915 2639 2927 2674 :
2953 2622 3090 2685 haec,
3113 2631 3174 2674 ut
3197 2637 3362 2693 supra
3392 2623 3717 2685 memoravi,
3744 2624 3806 2676 ad

2223 2709 2382 2764 linem
2430 2710 2969 2782 eomplexionemque
3030 2711 3388 2782 praecedentis
3438 2711 3804 2783 Martyrologii

2221 2800 2514 2869 pertinent.

2292 2890 2493 2946 Deinde
2529 2890 2774 2961 sequitur
2822 2891 3114 2962 descriptio
3164 2893 3447 2948 duodecim
3512 2895 3798 2958 mensium,

2220 2996 2339 3051 qua:
2362 2981 2638 3036 nominum
2663 2981 2718 3036 in
2743 2982 2968 3051 singulis
2986 2983 3364 3055 etymologias,
3397 2985 3684 3055 signorum
3716 3003 3803 3040 nec

2220 3073 2366 3125 mina
2387 3083 2444 3127 et
2484 3072 2786 3138 stellarum,
2817 3074 2869 3127 in
2897 3074 3066 3144 signis
3098 3091 3357 3131 numeros
3395 3092 3638 3145 ususque
3677 3087 3802 3133 tem-

2220 3177 2413 3230 porum
2442 3162 2698 3217 ostendit.
2739 3163 2872 3218 lluic
2912 3162 3263 3235 descriptioni
3287 3168 3530 3222 cohaeret
3551 3167 3800 3222 horarum

531 3262 763 3326 chaaum,
813 3263 868 3317 in
925 3263 1296 3332 pyrrhichium
1370 3264 1620 3329 iambus,
1696 3265 2013 3335 iambusque
2060 3267 2115 3320 in
2147 3243 2191 3305 C
2222 3268 2318 3323 per
2350 3268 2563 3308 menses
2590 3269 2779 3309 omnes
2828 3256 3112 3311 dimensio.
3172 3256 3326 3323 Quod
3383 3273 3522 3328 opus
3566 3260 3802 3314 versibus

532 3353 928 3421 pyrrhichium,
969 3370 1069 3424 per
1107 3357 1324 3414 ultimas
1372 3358 1607 3429 syllabas
1650 3367 1910 3412 transeat.
1956 3359 2118 3428 Igitur

531 3446 942 3503 Commendatio
969 3450 1148 3520 priore
1175 3452 1257 3505 sui
1281 3451 1577 3523 parte,boc
1601 3460 1775 3506 metro
1797 3451 2112 3521 composita,

532 3553 626 3594 sex
650 3549 704 3594 et
735 3541 952 3609 triginta
986 3544 1238 3598 versibus
1262 3545 1520 3613 impletur
1540 3585 1556 3610 ,
1583 3544 1674 3614 qui
1703 3544 1832 3599 item
1867 3558 1965 3613 per
1983 3557 2119 3612 qua-

531 3638 742 3682 ternum
764 3630 1188 3700 complexionem
1219 3648 1410 3687 novem
1434 3633 1667 3702 majores
1691 3645 1878 3686 versus
1900 3630 2118 3700 explere

531 3729 851 3773 noscuntur.
892 3719 1168 3776 Posterior
1205 3738 1332 3791 pars
1363 3721 1879 3786 Commendationis,
1911 3721 1978 3774 ad
2001 3719 2118 3776 Cae-

529 3826 708 3867 sarem
739 3813 908 3877 edita,
933 3823 1109 3868 metro
1132 3825 1346 3869 constat
1374 3814 1672 3886 Dactylico,
1692 3813 1950 3877 Dimetro,
1979 3812 2118 3865 Aca-

529 3901 744 3966 talecto,
775 3904 921 3972 quod
947 3904 1158 3974 dactylo
1191 3913 1398 3958 tantum
1427 3905 1598 3960 currit
1628 3912 1788 3974 atque
1838 3901 2122 3972 spondam,-

528 4005 704 4060 neque
733 3993 909 4062 aliqua
942 3995 1145 4064 syllaba
1191 3996 1258 4050 ad
1309 3996 1696 4065 plenitudinem
1736 3993 1961 4064 indiget.
1992 3991 2116 4046 Haec

526 4098 657 4154 pars
701 4085 1057 4157 quadraginta
1094 4087 1338 4157 duosque
1379 4088 1677 4143 versiculos
1727 4085 1988 4151 continet,
2021 4085 2115 4154 qui

527 4176 640 4229 seni
673 4178 830 4233 simul
868 4188 1126 4234 coeuntes
1152 4169 1359 4250 septem
1413 4180 1602 4249 majori
1633 4177 2010 4248 conjunctione
2036 4177 2116 4231 fa-

525 4266 680 4320 ciunt
705 4282 918 4324 versus.
1217 4275 1224 4280 '

596 4355 883 4426 Reliquum
939 4358 1135 4414 deinde
1162 4374 1298 4428 opus
1327 4359 1391 4412 ad
1420 4358 1746 4429 completum
1795 4352 2117 4428 Martyrolo-

524 4446 695 4516 gium,
735 4449 955 4503 heroico
979 4449 1394 4519 carmine.quod
1445 4465 1473 4503 a
1506 4449 1676 4520 gestis
1717 4449 1964 4503 virorum
1995 4449 2112 4505 for-

526 4541 659 4595 tium
697 4541 1056 4611 frequentatis
1092 4542 1413 4612 appellatur,
1449 4550 1504 4596 et
1537 4543 1852 4597 hexametro
1884 4557 2113 4599 numero

2222 3343 2456 3398 heroicis
2503 3343 2914 3414 quadringentis
2943 3353 2997 3399 et
3054 3345 3442 3416 quinquaginta
3489 3349 3797 3420 completur.

2289 3433 2348 3488 lu
2377 3434 2483 3490 ﬁne
2527 3433 2691 3490 totius
2720 3435 2882 3490 libelli
2930 3446 3177 3506 superest
3211 3439 3277 3494 de
3304 3439 3590 3496 creatione
3625 3441 3796 3495 mundi

2219 3526 2402 3582 brevis
2435 3535 2492 3582 et
2541 3536 2730 3598 aperta
2778 3528 3072 3598 deScriptio
3121 3510 3245 3584 cum
3276 3531 3554 3588 additione
3599 3533 3797 3603 mystici

2220 3631 2413 3672 sensus
2443 3617 2495 3671 in
2521 3617 2740 3673 homine
2764 3633 2928 3688 super
2957 3621 3233 3674 creatione
3266 3635 3447 3675 rerum
3469 3622 3794 3692 accipiendi:

2219 3723 2339 3778 qua:
2381 3709 2670 3781 descriptio
2707 3721 2881 3766 metro
2935 3709 3280 3767 Pherecratio
3310 3722 3549 3778 constat,
3587 3714 3728 3783 quod
3757 3729 3782 3765 a

2219 3801 2543 3858 Pherecrate
2566 3804 2844 3858 inventore
2869 3804 2981 3858 sive
3010 3802 3412 3872 frcquentatore
3433 3820 3792 3874 nuncupatum

2219 3893 2496 3963 spondam,
2527 3894 2756 3965 dactylo,
2802 3895 3163 3963 spondaaoque
3210 3895 3541 3960 contexitur,
3564 3896 3797 3965 quamvis

2219 3997 2318 4052 pro
2345 3983 2554 4037 ratione
2593 3983 2902 4038 novissima:
2951 3983 3193 4053 syllabae,
3243 3984 3468 4040 ultimus
3525 3986 3794 4055 spondeus

2219 4074 2533 4144 frequenter
2554 4076 2609 4130 in
2647 4077 2938 4131 trochaeum
2977 4084 3235 4132 mutetur.
3266 4077 3322 4131 lu
3353 4079 3457 4133 hac
3487 4078 3789 4149 descriptio-

2219 4182 2289 4221 ne
2326 4167 2496 4221 ternis
2525 4167 2774 4222 versibus
2801 4167 2856 4221 in
2887 4183 3051 4221 unum
3075 4169 3420 4232 coeuntibus,
3446 4171 3691 4225 minores
3713 4169 3792 4224 du-

2219 4259 2361 4314 centi
2391 4259 2665 4328 octoginta
2691 4259 2960 4329 quinque,
2995 4259 3227 4329 majores
3258 4261 3499 4330 nonginti
3546 4271 3674 4316 octo
3697 4259 3793 4314 clli-

2217 4352 2454 4407 ciuntur.
2487 4351 2566 4406 lta
2604 4351 2658 4405 in
2687 4352 2835 4406 omni
2881 4353 2980 4406 hoc
3011 4367 3176 4421 opere
3212 4351 3557 4407 diversorum
3605 4363 3790 4406 metro.

2219 4459 2340 4499 rum
2363 4444 2744 4512 variarumque
2766 4459 3142 4499 mensurarum
3167 4459 3357 4499 versus
3383 4453 3527 4509 sunt,
3555 4445 3626 4499 ab
3656 4445 3789 4498 Invo-

2219 4536 2503 4592 vocatione
2537 4537 2605 4590 ad
2633 4537 2800 4590 Deum
2848 4549 3018 4604 usque
3071 4534 3138 4589 ad
3185 4535 3470 4589 mundanae
3507 4535 3788 4592 creationis

524 4631 721 4700 pedum
745 4640 980 4696 coristat,
1011 4631 1253 4687 excurrit
1277 4647 1292 4685 :
1342 4632 1398 4686 in
1430 4647 1538 4702 quo
1577 4638 1775 4698 metro,
1797 4640 1996 4702 praeter
2022 4632 2105 4686 ul-
2137 4616 2187 4676 D
2213 4628 2774 4699 comprehensionem,
2803 4628 2947 4681 mille
2975 4628 3229 4697 nonigenti
3255 4628 3650 4684 novemdecim.
3678 4627 3786 4682 Haec

525 4723 751 4787 timum,
791 4723 884 4792 qui
915 4723 1225 4794 spondaeum
1256 4723 1624 4778 tantummodo
1664 4723 1778 4779 sive
1811 4723 2104 4779 trochaeum

525 4813 737 4882 recipit,
766 4822 822 4868 et
849 4815 1202 4884 penultimum
1252 4815 1451 4879 locum,
1510 4816 1603 4885 qui
1653 4814 1868 4886 dactylo
1897 4814 2103 4870 solum-

526 4903 686 4957 modo
715 4904 986 4975 impletur,
1015 4905 1220 4976 reliqua
1251 4905 1366 4961 loca
1395 4905 1624 4962 licenter
1646 4906 1918 4978 dactylum
1944 4921 2107 4976 spon-

523 4993 771 5049 daaumve
790 4996 1078 5066 recipiunt.
1100 4996 1253 5064 Quod
1280 5012 1416 5066 opus
1443 4997 1511 5051 ab
1537 4996 1690 5052 initio
1713 4996 2105 5068 Propositionis

2215 4720 2288 4776 ita
2323 4719 2641 4790 complexus
2689 4734 2831 4784 sum,
2864 4728 2923 4772 ut
2966 4718 3084 4783 tibi,
3125 4718 3479 4783 Charissime,
3513 4718 3600 4773 cui
3635 4718 3786 4772 totius

2212 4810 2453 4882 opusculi
2482 4810 2624 4867 sicut
2647 4824 2859 4879 cunque
2875 4808 3185 4864 constiterit
3213 4821 3410 4863 munus
3444 4809 3787 4880 assignabitur

2214 4905 2347 4960 nihil
2402 4906 2491 4962 hic
2555 4903 2889 4975 incOgnitum
2939 4901 3230 4958 dubiumve
3297 4910 3619 4972 remaneata
3657 4901 3783 4955 Bene

2212 4999 2364 5055 Vale.

1290 5119 3778 5153 ww

1172 5239 1751 5335 SEQUENTIS
1828 5241 2258 5320 METRICI
2336 5241 2701 5318 OPERIS
2757 5238 3198 5319 TEXTUS.

1097 5390 1466 5491 INVOCATIO
1490 5448 1538 5489 ιι.

601 5520 630 5562 ι)
658 5520 796 5580 Celsi
819 5536 1014 5582 cuncta
1034 5543 1252 5599 parans,
1277 5531 1526 5585 conditor
1553 5529 1794 5597 aetheris,

597 5613 754 5670 Orbis
781 5617 1126 5690 principium,
1153 5619 1373 5675 luminis
1411 5621 1589 5677 editor

605 5761 630 5789 ι
661 5749 888 5807 Metrum
932 5753 1392 5820 Choriambicum,
1442 5754 1866 5823 Tetrametrum,
1922 5753 2114 5812 Ascle-

525 5820 797 5890 piadeum.

2043 5378 2312 5398 _

2281 5437 2662 5507 luventorquc,
2686 5437 2810 5493 boni
2837 5435 2957 5492 l‘ons
2983 5436 3102 5490 sine
3133 5435 3384 5490 termino.

2289 5527 2430 5581 Audi
2451 5527 2594 5596 quod
2632 5541 2826 5597 precor
2845 5535 2901 5581 et
2930 5525 3177 5597 supplico
3213 5523 3484 5587 servulus,

2288 5619 2468 5677 Plebis
2489 5631 2546 5676 tu
2577 5629 2740 5690 caput
2760 5628 2815 5674 et
2839 5618 3012 5689 gloria
3035 5616 3300 5681 candidae,

2288 5756 2316 5793 δ
2350 5751 2498 5808 Celsi.
2518 5763 2705 5808 cuncta
2727 5770 2941 5824 parans.
2968 5750 3151 5824 codex
3179 5751 3320 5822 Big.,
3348 5750 3471 5805 relsi
3495 5757 3671 5804 cuncta
3695 5761 3777 5824 pf-

2125 5841 2127 5844 ‘
2219 5843 2369 5884 rem:
2394 5827 2524 5896 quin
2547 5815 2830 5895 legendum
2861 5823 2932 5878 sit
2961 5823 3082 5877 celsi
3106 5815 3284 5877 arma}
3309 5839 3516 5893 parens,
3543 5836 3643 5875 non
3663 5815 3776 5872 vade
