4034 6350
224 431 328 486 581

296 542 451 597 Albis
481 541 678 608 fulgida
706 547 1074 609 praetextaque
1097 536 1337 591 vestibus

293 635 508 704 Agnum
530 645 650 700 quae
669 630 916 699 sequitur
937 645 951 693 ;
977 627 1194 696 lotaque
1215 625 1474 696 sanguine

293 723 375 778 De
398 720 610 776 cunctis
638 719 815 790 placet
843 727 1022 788 empta
1047 725 1102 772 et
1138 717 1260 770 data
1283 716 1554 787 gentibus.

291 812 446 867 Hanc
469 812 628 866 terris
647 811 796 874 colit,
819 819 876 865 et
907 809 1164 880 praedicat
1183 806 1435 861 omnibus

295 903 452 959 Votis
473 901 830 958 accumulans
853 901 1051 969 optima
1079 899 1278 968 gaudia

286 995 536 1051 Concors
562 991 822 1056 Ecclesia,
839 999 892 1045 et
915 1005 1037 1046 mox
1063 989 1454 1045 modulantium

292 1084 516 1140 Festive
544 1083 719 1138 sociat
743 1081 982 1136 carmina
1013 1081 1200 1136 coetui.

290 1172 420 1229 Haec
457 1188 602 1228 nunc
625 1171 918 1227 curriculis
936 1181 1061 1226 vota
1087 1172 1188 1226 sub
1222 1169 1446 1235 annuis,

288 1263 398 1318 Per
423 1277 564 1332 quos
588 1263 868 1318 emineant
886 1271 943 1316 et
970 1263 1191 1317 redeant
1211 1261 1348 1325 dies,

293 1354 577 1425 Exponam
602 1353 838 1408 breviter
865 1353 1069 1407 credita
1099 1351 1361 1415 carmine,

271 1442 699 1514 -Comprendens
721 1443 867 1498 acies
894 1442 1142 1512 bellaque
1174 1442 1417 1507 hrtium,

291 1535 557 1604 Quorum,
586 1537 802 1592 Christe
826 1537 994 1601 Deus,
1023 1550 1123 1605 pro
1148 1536 1358 1593 meritis
1386 1536 1518 1592 mihi

292 1625 628 1682 Cunctorum
653 1627 867 1683 veniam
889 1628 979 1684 hic
1002 1643 1182 1686 annue
1214 1628 1524 1684 criminum.

286 1715 474 1773 Servo
491 1715 682 1773 confer
708 1732 890 1788 opem,
915 1719 1191 1792 missaque
1221 1721 1454 1791 desuper

285 1807 505 1864 Caecum
533 1809 601 1865 de
620 1810 862 1866 tenebris
873 1811 992 1882 jam
1021 1821 1240 1868 revocet
1266 1827 1478 1880 manus,

283 1899 522 1966 Rector;
550 1915 746 1973 nempe
774 1910 866 1959 tuo
905 1904 1048 1958 nulla
1074 1905 1350 1971 renititur,

288 1990 447 2046 Nulla
480 2002 565 2048 est
590 1994 818 2062 imperio
849 1995 980 2049 dura
1003 1995 1277 2064 potentia:

287 2085 477 2140 Armis
503 2093 561 2139 tu
582 2087 788 2155 poteris
807 2087 1027 2142 vincere
1055 2087 1306 2154 fortibus,

289 2172 514 2252 Pal-lens
545 2189 614 2230 ne
642 2173 828 2228 Zabuli
855 2177 1036 2230 vincat
1063 2175 1341 2246 iniquitas,

285 2263 532 2319 Tandem
559 2266 639 2320 sic
676 2266 808 2321 satis
834 2266 900 2320 ad
932 2276 1132 2322 tartara
1152 2281 1250 2339 per
1275 2267 1450 2323 scelus

281 2356 554 2412 Cunctum
586 2373 789 2427 perque
815 2359 986 2425 nefas,
1014 2375 1220 2431 perque
1268 2360 1466 2433 probra
1491 2360 1697 2428 omnia,

285 2446 430 2503 Casu
462 2446 712 2504 ﬂebiliter
737 2451 959 2506 tendere
991 2453 1266 2521 pessimo;

283 2537 644 2610 Oblectetque
674 2541 781 2598 tuis
804 2542 984 2600 vivere
1010 2545 1238 2615 legibus.

286 2630 446 2684 Felix
473 2632 733 2688 coelicolis
764 2644 1048 2704 permanet
1075 2637 1126 2690 in
1153 2637 1349 2706 quibus

285 2718 497 2790 Regem
527 2731 555 2762 ι
580 2722 849 2791 praesidiis
880 2724 989 2778 vita
1017 2727 1366 2794 perennibus,

285 2811 576 2866 Summum
605 2814 820 2882 quando
847 2816 953 2886 piis
977 2826 1034 2871 tu
1068 2818 1275 2873 resides
1308 2820 1532 2886 bonum,

286 2901 488 2972 Explet
508 2917 645 2972 quos
665 2901 868 2976 jugiter
898 2914 951 2961 te
978 2906 1169 2964 sitiens
1196 2923 1370 2964 amor.

288 2994 425 3066 Spei
454 2994 530 3050 nil
557 3006 803 3066 superest
824 2999 874 3065 δ,
898 2999 966 3055 ad
990 3000 1201 3055 veniam
1229 3001 1382 3068 mihi,

287 3087 434 3142 Vita:
459 3103 559 3143 nec
577 3090 753 3158 potior
777 3093 1057 3162 suppetiis,
1083 3093 1189 3152 nisi

286 3174 547 3231 Pressum
574 3185 630 3231 tu
661 3178 886 3242 releves.
917 3197 1058 3252 aeger
1077 3193 1132 3237 et
1160 3182 1354 3238 anxius

293 3267 776 3345 Succumbensque
803 3288 956 3326 ruam
981 3274 1172 3329 mortis
1197 3274 1266 3328 ad
1293 3273 1496 3329 intima.

295 3357 496 3412 Munus
520 3375 661 3414 nunc
684 3363 861 3430 operis
885 3365 1180 3433 permodici
1206 3374 1386 3421 tamen

297 3448 626 3505 Sanctorum
651 3450 705 3505 in
729 3467 953 3508 numero
975 3454 1042 3508 de
1068 3455 1264 3524 papulo
1292 3457 1410 3522 tibi,

298 3539 526 3606 ﬂector,
564 3541 813 3610 quodque
841 3553 931 3598 tuo
955 3545 1170 3615 profero
1209 3547 1436 3611 nomini,

299 3627 530 3684 Gratum
565 3630 822 3686 desterili
853 3633 921 3687 sit
946 3649 1072 3704 rogo
1103 3637 1362 3691 carmine.
1407 3679 1414 3682 .

301 3717 574 3788 liymnum
599 3731 853 3796 personet
878 3723 968 3778 hic
989 3738 1139 3778 mcns
1167 3726 1385 3782 humilis
1413 3726 1530 3794 tibi,

304 3809 651 3878 Devotusque
679 3821 839 3866 canat
866 3823 916 3868 te
954 3814 1237 3870 modulans
1253 3816 1436 3884 homo,

308 3897 486 3954 Unum
513 3901 597 3955 cui
613 3898 818 3973 jugiter
839 3919 961 3958 cum
991 3905 1150 3961 Patre
1176 3907 1404 3976 gloriam

304 3991 516 4062 Agmen
541 3993 796 4062 praedicat
821 3994 875 4049 in
899 3997 1091 4056 saecula
1121 3997 1374 4055 lucidum.

817 4128 1222 4187 ALLOCUTIO.

312 4267 338 4295 ε
370 4255 642 4312 Christum
677 4259 905 4330 quisque
931 4262 1082 4332 cupis
1103 4277 1345 4329 cernere,
1382 4271 1438 4320 et
1463 4262 1574 4339 alto

309 4346 568 4403 Decernis
591 4350 828 4404 animum
855 4352 1015 4421 figere
1037 4354 1195 4418 casio,

309 4437 439 4507 Spei
473 4450 621 4496 certa
648 4440 837 4497 videns
867 4444 1014 4513 signa
1051 4444 1240 4510 beatae,

312 4525 628 4608 Magnorum
659 4545 883 4600 sequere
908 4533 996 4588 hic
1022 4543 1171 4604 gesta
1198 4541 1504 4603 parentum.

310 4617 393 4671 Illi
423 4633 566 4687 stepe
593 4619 761 4675 Deum
801 4636 1024 4677 cernere
1060 4623 1224 4688 sueti,

311 4708 640 4764 Prestantes
663 4711 871 4781 opibus,
898 4727 1120 4782 corpore
1147 4713 1334 4780 fortes,

313 4796 608 4870 Condignae
639 4817 701 4856 ac
739 4803 938 4858 sobolis
963 4805 1206 4873 germine
1232 4803 1371 4870 fulti,

313 4891 595 4947 lllustrant
624 4894 830 4950 meritis
857 4896 1051 4950 saecula
1087 4897 1288 4952 sanctis
1314 4911 1331 4950 :

314 4980 398 5036 Illi
425 4983 627 5038 divitiis
654 4994 843 5054 sponte
874 4986 1092 5051 relictis,
1140 5031 1172 5062 ,

314 5072 544 5132 Cunctis
578 5085 632 5130 et
663 5078 818 5133 viridi
847 5086 1086 5147 tempore
1109 5079 1270 5134 rebus

315 5165 677 5239 Contemptis,
701 5168 965 5240 Superum
994 5184 1157 5239 regna
1187 5171 1451 5237 videntes,

316 5257 688 5316 Honstravere
710 5263 820 5317 suis
841 5261 1019 5316 abdita
1045 5261 1229 5332 signis.

1189 416 1811 479 MARTYRO-LOGIUM.
1853 444 1922 455 —-—
1960 409 2348 476 INV'OCATIO,
2391 408 2540 464 E'I'C.

1833 533 1888 592 Α
1981 527 2060 581 llli
2085 537 2141 582 et
2163 526 2372 580 vivitico
2400 523 2597 578 famine
2618 520 2780 592 pleni,

1976 619 2122 674 Visis
2149 634 2212 672 ac
2236 617 2454 673 monitis
2483 615 2697 671 coalitus
2725 613 2852 678 acti,

1975 710 2275 766 Venturum
2310 708 2592 763 Dominum
2627 704 2848 761 vocibus
2871 712 3034 774 atque

1977 802 2247 858 Portentis
2269 800 2431 854 variis
2455 800 2738 854 edocuere.

1972 895 2121 959 lllos,
2153 893 2324 947 factus
2344 892 2505 945 homo
2527 897 2630 953 est,
2660 887 2978 958 perditoque
3012 893 3067 940 et
3090 884 3206 940 orbi

1974 985 2246 1041 Salvaudo
2271 980 2580 1044 adveniens,
2619 995 2713 1035 ore
2739 992 3008 1047 manuque

1974 1078 2293 1140 lnstructos,
2319 1072 2572 1143 p0pulum
2612 1070 2758 1125 misit
2784 1069 2838 1124 in
2875 1081 3109 1130 omnem,

1977 1169 2160 1224 Mundi
2191 1177 2252 1222 ut
2272 1167 2552 1237 perficeret
2579 1165 2682 1218 rite
2710 1161 2958 1216 salutem.

1981 1260 2102 1316 Illos
2126 1275 2289 1314 verus
2318 1273 2469 1312 amor
2495 1255 2658 1326 Regis
2685 1253 2753 1308 ad
2784 1260 2930 1306 astra

1977 1353 2138 1410 Vexit
2162 1349 2405 1421 martyrii
2430 1355 2657 1403 stemate
2685 1344 2891 1408 claros,

1977 1446 2327 1515 lnsignesque
2351 1442 2429 1512 pii
2454 1439 2587 1496 ﬂore
2611 1438 2842 1502 cruoris,

1976 1535 2220 1603 Quorum
2241 1549 2386 1589 nunc
2415 1533 2589 1588 radiat
2614 1541 2760 1586 terra
2787 1527 3095 1598 triumphis.

1976 1624 2104 1680 illos
2127 1623 2259 1694 quin
2287 1622 2449 1678 etiam
2471 1620 2614 1677 celsa
2647 1626 2902 1675 venustat

1980 1713 2250 1770 Doctrina:
2280 1720 2333 1768 et
2371 1711 2548 1768 meriti
2573 1709 2744 1784 gloria
2768 1707 2969 1779 magni,

1975 1802 2082 1872 Qui
2117 1802 2282 1858 verbo
2311 1801 2627 1867 Ecclesiam,
2667 1799 2758 1870 qui
2788 1813 2969 1871 prece,
3001 1797 3206 1868 quique

1831 1889 1880 1950 Β
1972 1895 2180 1967 Signis,
2219 1896 2419 1966 quique
2442 1895 2595 1949 libris
2619 1893 2922 1948 instituere.

1978 1987 2088 2042 Illis
2117 1995 2201 2042 est
2223 1985 2472 2055 proprius
2497 1983 2751 2054 splendor
2788 1984 3083 2048 honorque,

1975 2073 2086 2147 Qui
2104 2078 2306 2135 Christi
2338 2079 2494 2133 niveo
2520 2077 2754 2148 tegmine
2779 2074 2896 2128 fulti

1979 2172 2238 2227 Vicerunt
2263 2168 2441 2225 stabili
2467 2178 2645 2222 mente
2673 2167 2988 2228 minantem,

1976 2264 2405 2332 Mulcentemque
2432 2261 2590 2316 simul
2610 2259 2788 2314 carnis
2815 2271 3076 2312 amorem.

1972 2354 2083 2409 Illis
2109 2362 2194 2408 est
2216 2353 2379 2407 etiam
2401 2351 2544 2406 fama
2575 2348 2849 2420 perennis,

1973 2445 2106 2512 Quae
2135 2450 2413 2514 expertum
2445 2442 2633 2497 viridis
2670 2439 2913 2510 corporis
2943 2438 3120 2509 ignem

1973 2537 2266 2593 Calcarunt
2301 2533 2513 2604 penitus
2540 2531 2733 2587 caelibe
2758 2530 2891 2592 vita,

1977 2625 2396 2692 Praecinctazque
2422 2621 2516 2676 Dei
2546 2619 2778 2689 tegmine
2802 2615 3033 2670 lumbos.

1973 2715 2084 2770 illis
2113 2728 2213 2768 nec
2249 2711 2517 2768 modicum
2539 2717 2628 2763 est
2653 2707 2866 2762 culmen
2891 2702 3130 2766 honoris,

1974 2805 2220 2863 Servatis
2243 2803 2513 2867 thalamis,
2538 2816 2658 2872 qua:
2681 2799 2880 2869 pietate

1973 2897 2336 2966 Compserunt
2353 2891 2560 2948 socium
2584 2891 2688 2944 rite
2714 2887 2926 2953 cubile;

1977 2991 2143 3047 Natos
2174 3001 2401 3060 quaeque
2435 2985 2546 3040 Deo
2571 2992 2762 3056 sponte
2790 2981 3058 3036 dicarunt.

1975 3081 2191 3136 Illorum
2233 3085 2453 3148 superat
2473 3074 2615 3131 fama
2644 3087 2742 3143 per
2765 3086 2939 3127 aevum

1975 3172 2306 3242 Conspectus
2333 3169 2630 3232 hominum,
2661 3170 2961 3231 cunctaque
2985 3158 3171 3214 mundi

1832 3238 1881 3302 Ο
1982 3268 2330 3328 Tcmnentes,
2361 3275 2603 3317 eremum
2625 3258 2718 3328 qui
2741 3255 2977 3319 coluere,

1982 3358 2268 3414 Calestem
2293 3353 2470 3408 meriti
2498 3364 2712 3406 sumere
2739 3360 2954 3416 panem.

1982 3447 2304 3515 lllorumque
2326 3444 2460 3496 nitet
2487 3453 2702 3501 nomen,
2733 3437 2785 3490 in
2812 3447 2973 3488 unam

1983 3541 2132 3608 Quos
2161 3536 2270 3606 egit
2295 3534 2321 3574 ά
2353 3532 2557 3602 pariter
2577 3531 2664 3583 lex
2700 3541 2853 3582 sacra
2878 3533 3134 3586 mentem,

1985 3633 2205 3686 Patrum
2233 3626 2325 3697 qui
2351 3623 2569 3679 monitis
2595 3620 2732 3683 colla
2763 3629 3062 3684 manusque

1984 3717 2337 3777 Summisere,
2364 3713 2456 3767 Dei
2478 3713 2594 3782 lege
2609 3709 2798 3781 jugali.

1985 3813 2196 3867 illorum
2223 3809 2392 3878 pietas
2414 3820 2514 3859 nec
2538 3804 2716 3858 minus
2743 3799 2853 3854 alto

1917 3959 1938 3977 ,
1988 3901 2274 3971 Prtefulget
2302 3897 2516 3960 merito,
2546 3894 2637 3965 qui
2665 3907 2764 3948 sua
2789 3888 3007 3945 Christo

1987 3991 2214 4062 Largiti,
2245 3987 2460 4060 egregia
2490 3985 2629 4041 forte
2648 3995 2910 4054 perennes
3033 3975 3038 3986 '

1989 4085 2141 4139 Nunc
2168 4097 2326 4152 gazas
2355 4080 2606 4142 retinent,
2635 4086 2906 4145 regnaque
2927 4069 3070 4125 cmli.

1992 4174 2083 4228 Sic
2107 4187 2205 4226 nos
2231 4168 2508 4239 multiplici
2537 4166 2784 4237 prasduce
2808 4176 2996 4218 norma

1990 4265 2241 4321 Christus
2267 4269 2452 4317 sancta
2483 4267 2671 4322 vocat;
2710 4257 2896 4324 sicque
2927 4253 3195 4307 minorum

1991 4357 2294 4422 Praelucent
2322 4352 2514 4415 oculis,
2544 4350 2742 4404 lumina
2772 4347 2998 4401 Patrum

1993 4449 2086 4504 Sic
2110 4447 2275 4502 multa
2305 4455 2390 4500 est
2416 4442 2591 4499 meriti
2617 4455 2780 4496 causa
2805 4437 2982 4492 beati:

1995 4539 2106 4600 Nec
2128 4553 2228 4593 nos
2251 4536 2386 4592 velle
2405 4532 2557 4603 sequi
2585 4544 2749 4601 prava
2778 4525 3030 4597 pudebit?

1996 4630 2126 4698 Qua:
2150 4627 2281 4691 vult,
2309 4639 2536 4696 qumque
2560 4631 2724 4683 vetat,
2754 4634 2872 4686 quas
2887 4616 3042 4696 jubet
3069 4612 3195 4667 almi

1997 4723 2106 4777 Lex
2136 4721 2468 4786 verbutnque
2494 4715 2672 4768 Patris
2698 4724 2858 4765 nosse
2887 4706 3117 4766 valebit;

1999 4812 2216 4868 Doctrix
2243 4821 2508 4878 quemque
2535 4805 2668 4860 fides
2689 4814 2923 4868 veraque
2953 4805 3168 4866 purgat,
3197 4804 3202 4810 '

2000 4903 2149 4958 Finis
2175 4901 2262 4970 qui
2292 4900 2480 4964 fuerit;
2513 4910 2738 4968 quaeque
2762 4891 2903 4948 beati
2936 4891 3061 4945 hinc

2001 4995 2268 5049 Excessus
2294 4990 2536 5060 requies;
2568 5001 2752 5058 qumve
2781 4997 3032 5039 recursus
3051 4980 3076 5018 ἀ

2005 5085 2156 5139 Nunc
2185 5083 2311 5136 anni
2338 5088 2639 5136 memorent
2665 5076 2800 5132 bella
2828 5075 3059 5144 piorum,

2002 5174 2324 5230 Moustrabit
2350 5171 2559 5225 modico
2585 5169 2674 5223 hic
2700 5181 2927 5236 corpore
2952 5163 3119 5218 codex
3147 5152 3191 5213 ε’

2002 5265 2154 5320 Hunc
2179 5266 2222 5319 si
2249 5264 2383 5318 velle
2408 5271 2582 5332 potes,
2612 5259 2781 5314 lector
2809 5256 3006 5326 opime,

3387 398 3494 458 58%

243 5392 462 5478 dubito.
487 5391 684 5478 -.Ἴθι-δ.
719 5395 1004 5478 ᾘοιαιμιεΔ
1035 5394 1321 5477 sanguine,
1365 5393 1567 5478 optima
1620 5393 1825 5452 codicis

243 5461 370 5534 Βία.
399 5463 560 5545 lectio
584 5480 600 5531 ;
629 5465 863 5534 pessima
884 5461 1074 5521 contra
1104 5461 1304 5536 prioris
1333 5461 1608 5531 editionis,
1627 5475 1834 5538 totaque

243 5533 529 5618 “'39'2'”:
900 5614 909 5618 -
981 5601 1036 5618 η.
1105 5533 1123 5536 —
1206 5604 1221 5618 .
1337 5605 1395 5618 .,,
1681 5606 1694 5618 _
1739 5533 1758 5618 θ’
1935 5537 2284 5618 εοᾲἰςρΒὶεη
2317 5533 2370 5590 in
2398 5533 2760 5618 unam,bene.

319 5595 373 5687 ξιξ
401 5600 639 5687 Βρεξῃειὲι
681 5614 930 5687 superest.
981 5601 1074 5660 Sic
1103 5604 1293 5661 -codex
1337 5605 1479 5687 Big;
1505 5606 1829 5687 emendate:
1947 5595 2030 5648 ⁷ίά
2061 5595 2700 5687 ρααιῇξῆεεᾳνεμσίηξίρ
2741 5601 2982 5686 profecto
3012 5595 3298 5675 legendum

244 5671 413 5754 prior.
438 5660 636 5754 :editip,
672 5660 799 5754 isp'ei
842 5676 1106 5754 vis_sup.,
1132 5660 1429 5746 corrupte."
1447 5660 1620 5754 Supra
1644 5660 1830 5754 Regem
1935 5660 2296 5749 quod'eratrin
2323 5677 2487 5747 priori
2522 5660 2758 5733 editione
2805 5675 2950 5745 quive
2976 5660 3233 5731 recursus,
3286 5660 3507 5728 intelligi

249 5741 555 5828 prticidiis;
579 5741 724 5828 forte
759 5741 1041 5828 legendum
1072 5762 1268 5816 regens,
1295 5741 1365 5800 ac
1394 5762 1460 5800 ne
1495 5741 1572 5806 sic
1613 5741 1830 5817 quidem
1936 5741 2042 5805 non
2069 5756 2264 5819 potest.

251 5819 528 5868 sententia
555 5819 686 5868 satis
706 5825 934 5868 constat.

2002 5400 2030 5440 ιι
2057 5399 2282 5453 Metrum
2301 5393 3077 5466 Dactylicmn,_Tetrametrum,
3097 5383 3504 5466 Catalecttcum.

2010 5481 2031 5509 ε
2060 5452 2130 5523 In
2162 5484 2318 5522 unam
2340 5452 2467 5536 quo}
2493 5466 2615 5536 egit.
2639 5452 2705 5517 ἰη
2733 5461 2914 5528 editis,
2941 5462 2997 5514 in
3026 5474 3213 5522 unum,
3245 5453 3384 5509 male
3408 5469 3423 5519 ;
3452 5452 3508 5505 in
