4034 6350
614 393 723 452 585

680 504 792 560 Fac
813 503 948 561 velis
970 505 1152 560 animo
1178 519 1340 559 nosse
1364 503 1598 576 benigno
1622 523 1636 558 :

680 592 823 651 Nulli
854 596 943 651 hic
968 610 1198 665 namque
1225 597 1411 650 subest
1436 608 1592 650 mens
1619 594 1706 665 pia
1733 594 1925 666 culpa,

679 686 900 745 Christo
923 687 1066 759 quod
1088 687 1287 758 poterit
1312 695 1504 757 sponte
1530 686 1755 743 dicavit.

1139 799 1656 859 COMMENDATIO.

680 930 708 960 ιι
732 915 871 972 Vera
895 931 1051 972 sume
1068 916 1098 957 ιι
1125 915 1323 973 librum
1353 916 1458 972 fide
1487 924 1785 995 sacratum,

677 1005 904 1063 Sincera
930 1007 1076 1064 hunc
1105 1022 1355 1065 reserans
1385 1008 1676 1080 legensque
1702 1016 1904 1075 mente,

676 1097 1037 1155 Scribendum
1064 1099 1180 1173 tibi,
1207 1116 1370 1170 quem
1393 1101 1484 1171 pio
1516 1109 1706 1171 rogatu

676 1189 1020 1263 Hortatuque
1045 1192 1228 1263 iubes,
1256 1193 1432 1248 amice
1461 1192 1654 1248 dulcis.

673 1282 789 1338 Hoc
815 1298 942 1338 nam
969 1284 1277 1355 gratifieum
1304 1284 1445 1342 libro
1473 1285 1685 1340 videbis

673 1372 952 1444 Digestum
981 1372 1219 1429 breviter
1250 1374 1346 1429 tibi
1374 1374 1581 1430 sciendi

673 1463 937 1531 Questum
963 1478 1085 1519 cum
1117 1464 1387 1536 replicans
1411 1466 1705 1537 volensque
1731 1481 1950 1535 munus,

671 1555 749 1610 De
770 1553 929 1624 iusso
953 1555 1210 1625 inspicies
1234 1557 1421 1613 labore
1450 1558 1691 1614 tandem.

671 1648 954 1716 Quondam
983 1648 1346 1724 Hieronymus
1371 1665 1528 1705 sacer
1549 1651 1793 1721 quietum

676 1742 813 1797 Vita:
837 1741 1077 1797 deseruit
1098 1751 1300 1797 statum
1325 1742 1699 1812 modumque;

668 1831 970 1904 Aggressus
995 1831 1198 1886 veteris
1223 1846 1483 1901 novaeque
1506 1832 1641 1903 legis

672 1922 918 1978 Romano
944 1923 1159 1994 eloquio
1182 1923 1415 1993 probare
1443 1922 1632 1979 libros.

671 2016 994 2087 Augustine,
1024 2026 1172 2070 tuum
1199 2017 1453 2087 perennis
1475 2013 1577 2073 aevi

667 2107 900 2175 Nomen,
929 2106 1075 2162 fama
1101 2107 1263 2176 gerit,
1288 2107 1471 2173 Pater,
1503 2122 1602 2178 per
1622 2107 1831 2171 orbem.

665 2198 770 2268 Qui
799 2199 1000 2256 Christi
1032 2199 1331 2256 Ecclesiam
1354 2199 1538 2262 doces.
1569 2209 1625 2256 et
1651 2215 1813 2257 omne

668 2289 929 2346 Errorqu
955 2291 1193 2362 perimis,
1227 2291 1493 2362 fugasque
1523 2290 1734 2361 vulgus.

666 2379 762 2436 Sic
788 2389 995 2453 martyr
1014 2395 1231 2451 quoque
1259 2379 1531 2452 Cypriane
1554 2380 1832 2437 Christum

665 2475 943 2539 Doctrina,
974 2483 1139 2545 atque
1164 2474 1257 2544 pio
1280 2490 1476 2530 cruore
1504 2474 1728 2530 clamas.

661 2564 770 2622 Ore
794 2575 849 2620 et
879 2564 1118 2621 Hilarius
1149 2565 1315 2620 micat
1343 2564 1543 2621 beato:

662 2657 894 2728 Scriptis
916 2657 1235 2713 Ambrosius
1264 2665 1469 2722 manet,
1500 2665 1666 2726 atque
1692 2655 1906 2726 magnis

659 2750 835 2807 Pollet
864 2748 1175 2820 Gregorius,
1206 2748 1450 2827 uitetque.
1479 2747 1638 2827 laude

660 2844 960 2898 Dictorum.
994 2840 1193 2896 Volilat
1220 2840 1513 2907 Juveucus,
1541 2840 1616 2895 illi

659 2930 977 3001 Coniunctis
1005 2931 1195 3000 spatiis
1222 2930 1422 2987 Arator
1446 2930 1637 2996 haeret,

657 3023 1024 3095 Prudentique
1056 3025 1224 3080 Deum
1252 3025 1497 3080 canendo
1526 3024 1681 3079 vivis.
1737 3010 1741 3013 ’

662 3113 859 3168 Multos
885 3113 964 3169 sic
987 3128 1298 3169 memorans
1329 3113 1503 3167 honor
1530 3110 1756 3167 revolvit

662 3208 895 3278 Scriptis
920 3208 1012 3277 qui
1040 3205 1279 3277 propriis
1305 3213 1527 3260 manent
1550 3204 1828 3274 librisque,

656 3299 913 3355 Gaudens
939 3312 1075 3367 quos
1104 3296 1233 3365 legit
1254 3304 1310 3350 et
1341 3294 1655 3364 frequentat
1677 3294 1849 3357 orbis,

655 3388 915 3459 Quamvis
940 3396 1116 3442 morte
1143 3385 1291 3441 obita
1322 3384 1449 3440 hinc
1474 3384 1651 3440 abisse
1676 3392 1884 3439 cernat.

653 3479 821 3537 Nobis
847 3479 1102 3549 exiguum
1133 3475 1321 3531 subest
1345 3473 1621 3544 loquendi,
1648 3480 1706 3528 et

656 3568 940 3627 Scribendi
966 3567 1275 3639 ingenium;
1304 3572 1465 3636 negat
1488 3565 1732 3635 priorum

657 3659 766 3716 Nos
791 3673 1008 3729 aequare
1030 3656 1229 3722 locum,
1257 3655 1542 3725 vicemque
1566 3662 1748 3710 vatum

659 3752 832 3808 Exilis
858 3752 1026 3820 copia:
1049 3748 1291 3821 loquacis
1316 3763 1468 3803 usus.

654 3842 907 3913 Aggressi
935 3850 1115 3894 tamen
1145 3837 1237 3893 hic
1264 3852 1461 3891 novum
1492 3835 1749 3906 piumque

655 3930 890 3991 Carmen
919 3932 1247 4004 proferimus
1271 3931 1402 3996 Deo,
1434 3932 1640 4000 tibique

656 4029 771 4084 Hoc
797 4028 890 4099 qui
920 4035 1101 4082 mente
1132 4025 1220 4095 pia
1248 4019 1429 4095 rogas,
1461 4025 1661 4090 antice,

655 4120 736 4174 Tu
767 4126 953 4174 nostro
978 4117 1211 4188 petimus
1242 4114 1362 4171 fave
1387 4115 1584 4170 labori.

1126 4230 1220 4284 AD
1256 4227 1628 4285 CIESAREM.

1377 4343 1538 4398 Exuit
1558 4342 1710 4407 olim,

1376 4414 1560 4483 Deque
1583 4421 1805 4468 cruenta

1376 4484 1534 4539 Caede
1563 4483 1838 4541 furentum

585 4347 773 4418 Tuque
800 4345 1050 4411 favendo,

582 4420 788 4482 Ctesar,
820 4418 1027 4481 adesto,

584 4490 810 4559 Sceptra
840 4497 1123 4559 parentum

582 4561 683 4627 Qui
712 4561 931 4630 pietate,

582 4630 793 4699 Quique
816 4630 1045 4699 benigna
1094 4648 1101 4653 '

582 4701 724 4772 [iege
751 4701 1039 4771 gubernas.

583 4770 996 4826 Te'mmleralor

582 4840 719 4895 Nam
750 4840 892 4895 Deus
917 4839 1070 4894 orbis

581 4909 753 4966 Jussit
779 4911 1014 4965 habenas

582 4980 827 5036 Flectere
854 4980 1026 5035 avitas

584 5050 905 5121 lmperiique

1378 4555 1535 4623 Saepe
1562 4554 1795 4608 reduxit.

1372 4625 1551 4680 Aurea
1578 4623 1723 4679 celso

1375 4695 1592 4751 Vertice
1618 4694 1787 4749 Roma

1375 4763 1452 4819 Te
1482 4764 1785 4820 decorando

1374 4833 1602 4890 Nomine
1627 4835 1807 4889 sanxit

1371 4905 1622 4969 Caesaris,
1652 4904 1769 4958 orbi

1377 4974 1500 5030 Mox
1531 4975 1644 5029 fore
1677 4990 1857 5045 regem
1885 4993 1898 5030 :

1372 5045 1506 5101 Itala
1534 5045 1766 5114 primum

585 5114 1069 5190 Sceptra-paterni.
1374 5115 1453 5190 Ie
1482 5116 1617 5190 duce
1649 5114 1809 5170 tellus

586 5185 770 5259 'l‘eq'ue
794 5185 1014 5260 periclis
1374 5185 1644 5260 Eminuit;
1672 5195 1793 5254 post

583 5255 703 5332 Ipse
728 5255 930 5330 paratis
1373 5255 1623 5321 Francia,
1655 5264 1822 5311 temet

654 5394 944 5469 {Menum
987 5390 1374 5469 Phaleucium,
1415 5386 1856 5455 Pentametrum,
1896 5387 2170 5445 Hendeca-

585 5464 859 5591 “imm;
878 5552 1045 5612 sume.
1091 5533 1169 5612 ita
1193 5530 1491 5612 maluimus
1506 5544 1666 5599 quam
1688 5529 1830 5599 quod
1848 5527 2177 5612 legebantur

586 5624 704 5662 vera
733 5623 951 5662 suntme.
995 5605 1188 5660 Statim
1238 5601 1374 5655 hunc
1406 5597 1637 5671 referam
1690 5597 1721 5655 e
1765 5597 1949 5656 codice
1997 5597 2173 5681 Bigot.

586 5678 902 5726 scrinsimus
931 5676 1020 5726 ubi
1049 5682 1166 5726 erat
1186 5675 1323 5725 hunc
1361 5670 1629 5726 refomms.
1674 5669 1827 5726 llaud
1854 5670 2010 5726 longe
2032 5684 2177 5726 etus-

585 5678 902 5749 scripsimus
931 5676 1020 5730 ubi
1049 5682 1166 5729 erat
1186 5675 1323 5725 hunc
1361 5670 1629 5740 refertam.
1674 5670 1827 5726 llaud
1854 5670 2010 5742 longe
2032 5670 2173 5737 ejus-

584 5749 710 5823 dem
742 5746 942 5800 codicis
973 5745 1133 5823 lectio
1157 5742 1409 5823 dejicere
1441 5742 1730 5823 inspicies,
1763 5741 1953 5822 magis.
1980 5741 2173 5793 idonea

586 5819 700 5872 visa
724 5824 825 5882 est,
857 5831 1020 5885 quam
1047 5814 1136 5868 illa
1166 5811 1364 5883 prioris
1387 5811 1642 5866 editionis
1676 5811 1739 5865 de
1755 5812 1905 5881 justo
1935 5811 2071 5879 imp.

2218 505 2273 571 Α
2294 496 2524 579 Sceptra
2551 517 2824 579 regentem

1614 390 2118 450 manumanu
2157 390 2575 450 rnuunnusns
2615 386 2925 447 MONA‘CIH
3716 400 3784 458 δυ

3093 508 3221 565 Jura
3247 519 3491 567 retentas.

3097 579 3359 650 :l‘empora
3384 580 3607 640 Christus

3093 642 3279 720 Longa
3298 652 3549 708 videntem

3094 719 3171 791 Te
3201 719 3368 791 regal,
3392 723 3554 778 omnis

3090 788 3169 845 Te
3192 788 3468 847 veneretur

3097 860 3279 931 Teque
3303 871 3570 919 tremescat

3091 929 3338 1001 Purpura
3361 947 3549 1005 regem.

2868 1036 3303 1096 PROPOSITIO.

2298 1129 2554 1188 Carmine
2577 1131 2669 1202 qui
2695 1142 2899 1189 vacuas
2920 1133 3134 1204 captavi
3159 1132 3353 1204 saepius
3378 1150 3549 1202 auras,

2299 1221 2568 1278 anores
2596 1220 2739 1293 vulgi
2770 1224 3060 1293 quaerendo
3087 1224 3286 1281 stultus
3310 1225 3521 1292 inanes;

2296 1311 2596 1383 Aggrediar
2620 1312 2836 1368 tandem
2864 1327 3051 1370 veram
3078 1313 3151 1369 de
3178 1314 3418 1370 carmine
3444 1315 3634 1373 laudent

2296 1402 2579 1471 Qumrere,
2613 1411 2671 1459 et
2695 1412 2955 1459 aeternum
2979 1404 3113 1460 mihi
3135 1404 3425 1460 conciliare
3450 1404 3675 1470 favorem.

2298 1495 2640 1568 Spectandos
2665 1496 2906 1552 breviter
2931 1496 3156 1569 signans
3180 1508 3458 1569 actusque,
3484 1498 3715 1570 virosque,

2296 1588 2475 1658 Atque
2501 1588 2619 1644 dies
2649 1588 2755 1645 fixo
2782 1588 2960 1644 reditu
2984 1598 3008 1628 ο
3039 1589 3286 1645 volvente
3311 1604 3406 1660 per
3430 1591 3617 1657 orbem,

2298 1679 2501 1737 Ordine
2529 1696 2651 1751 quae
2674 1680 2911 1737 lustrent
2938 1681 3185 1738 scribens
3210 1680 3466 1750 solemnia
3490 1682 3744 1752 quemquel

2297 1770 2398 1826 Hic
2426 1771 2557 1826 mihi
2588 1786 2977 1842 nonnunquam
3004 1781 3318 1829 sanctorum
3347 1771 3572 1837 nomine,
3604 1771 3722 1843 leges

2303 577 2531 632 Mundus
2559 577 2768 633 adorat.

2300 647 2494 719 Lustra
2519 662 2617 719 per
2640 649 2825 704 orbem

2298 718 2550 789 Quinque
2578 726 2883 784 recurrunt,

2300 788 2525 860 Nomine
2551 799 2837 860 postquam

2299 858 2491 914 Clarus
2518 858 2574 914 et
2596 858 2768 917 ianuis

2295 928 2606 988 Caesariana

2217 1862 2267 1924 B
2294 1861 2564 1919 Carminis
2588 1863 2876 1929 excedens,
2903 1864 3001 1921 sed
3028 1879 3137 1921 non
3162 1862 3456 1920 mutilanda
3473 1861 3674 1919 vocandi

2288 1952 2389 2011 Est
2415 1968 2677 2021 censura;
2707 1956 2880 2011 bonos
2904 1955 3120 2012 veniam
3148 1955 3353 2028 pietate
3377 1955 3622 2012 merebor.

2450 2150 2456 2155 θ
2639 2061 3077 2120 COMPRENSIO
3112 2060 3513 2128 TEMPORUM,

2551 2171 2810 2224 IENSIUI,
2850 2170 3078 2224 ωειιωι,
3116 2171 3297 2219 nona
3333 2168 3591 2211 nonnon.
3688 2208 3696 2217 ,

2287 2263 2394 2320 Per
2414 2265 2599 2321 varios
2625 2265 2814 2321 orbem
2843 2280 3026 2322 rerum
3052 2270 3246 2321 natura
3274 2274 3480 2321 meatus

2289 2363 2564 2429 Distinxit,
2596 2363 2912 2418 moderante
2935 2361 3066 2426 Deo,
3099 2359 3421 2417 mortalibus
3444 2358 3615 2431 :egris;

2285 2453 2526 2509 Alternis
2545 2454 2751 2525 jugiter
2775 2453 2986 2510 vicibus
3017 2460 3342 2522 noctemque
3364 2450 3621 2519 diemque;

2286 2542 2558 2603 Estatem
2588 2551 2752 2612 atque
2779 2543 3017 2608 hiemen,
3048 2541 3318 2607 autumni,
3346 2535 3581 2609 verisque
3597 2544 3766 2608 tepore;

2285 2632 2630 2702 Bissenisque
2656 2632 2815 2687 simul
2845 2633 3137 2689 discretum
3165 2631 3445 2687 mensibus
3467 2644 3663 2685 annum.

2286 2720 2531 2776 Primum
2561 2737 2789 2792 quaeque
2821 2723 2934 2778 suis
2965 2724 3219 2778 horarum
3250 2730 3488 2792 tempora
3510 2717 3694 2791 punctis

2285 2811 2642 2876 Excrescunt,
2676 2820 2792 2866 tum
2818 2813 2903 2868 bis
2929 2812 3190 2867 duodena:
3220 2811 3477 2882 temporis
3500 2808 3632 2864 horze

2282 2901 2431 2957 Luce
2455 2901 2598 2957 diem
2623 2911 2677 2957 et
2705 2902 2945 2958 tenebris
2967 2901 3241 2972 complent
3262 2903 3334 2957 ab
3355 2899 3552 2971 origine
3573 2895 3729 2960 fut-vir,

2282 2993 2545 3065 Nuncque
2570 2994 2686 3050 dies
2709 2994 2868 3064 parili
2894 2990 3093 3065 spatio,
3126 3003 3418 3063 noctesque
3441 2991 3685 3047 feruntur:

2283 3084 2437 3140 Nunc
2461 3084 2736 3141 celerante
2767 3085 2855 3142 die
2874 3085 2903 3126 ἀ
2935 3085 3101 3141 fuscis
3126 3099 3232 3141 nox
3262 3084 3499 3141 tenditur
3519 3080 3643 3139 alis:

2202 3215 2250 3278 Β
2284 3177 2450 3233 Nocte
2472 3178 2621 3234 brevi
2648 3188 2837 3235 rursus
2862 3192 3021 3234 curru
3046 3179 3137 3234 lux
3166 3178 3334 3233 incita
3365 3173 3524 3241 fulvo,

2278 3267 2361 3323 Ad
2387 3283 2629 3325 summos
2652 3283 2787 3325 axes
2814 3268 3046 3324 solarem
3076 3269 3328 3339 provehit
3355 3266 3554 3322 urbem.

2218 3408 2225 3415 ,
2276 3362 2584 3418 Hebdomas
2610 3362 2739 3418 hinc
2768 3371 2975 3432 septem
3007 3361 3391 3431 complectitur
3418 3360 3608 3428 integra
3635 3351 3767 3417 soles;

2275 3451 2524 3520 Quatuor
2551 3451 2919 3507 hebdomades
2940 3449 3219 3523 vulgarem
3242 3449 3464 3504 volvere
3493 3457 3703 3501 mensem

2277 3542 2572 3611 Dicuntur;
2607 3543 2703 3598 sed
2729 3557 2866 3612 quos
2895 3541 3041 3596 soles
3065 3550 3304 3596 statuere
3329 3538 3557 3611 priores,

2274 3633 2480 3690 Ordine
2501 3629 2719 3690 diversd
2739 3645 2953 3689 menses
2982 3645 3321 3701 numeroque
3345 3629 3611 3684 feruntur:

2275 3728 2487 3794 Junius,
2536 3726 2754 3799 Aprilis,
2795 3724 3135 3796 September,
3160 3730 3216 3780 et
3237 3722 3366 3779 inde
3390 3717 3688 3780 November,

2277 3819 2367 3874 Bis
2394 3819 2520 3875 bina
2543 3815 2881 3873 hebdomada
2911 3821 3144 3879 constat,
3170 3811 3506 3883 geminisque
3524 3806 3705 3862 diebus.

2277 3911 2474 3967 Mensis
2501 3918 2615 3965 tum
2634 3907 2777 3974 Jani,
2802 3908 3077 3978 Augustus
3097 3903 3256 3961 simul
3281 3912 3446 3974 atque
3471 3896 3743 3957 December.

2278 4001 2518 4067 Martius,
2558 3998 2856 4063 Octimber,
2879 3996 3158 4066 Maiusque
3186 4002 3241 4048 et
3269 3992 3444 4049 Julius
3471 3988 3604 4047 aucti

2275 4094 2520 4161 Quatuor
2544 4089 2895 4147 hebdomadis
2917 4088 3143 4160 fulgent,
3171 4086 3450 4156 ternisque
3476 4081 3662 4137 diebus.

2276 4183 2436 4239 Solus
2462 4197 2623 4254 quem
2649 4181 2860 4236 Februo
2891 4192 3134 4234 mensem
3156 4174 3335 4231 Numa
3383 4171 3577 4228 addidit
3601 4172 3768 4226 auctor.

2277 4274 2367 4330 Bis
2392 4274 2543 4330 denis
2572 4280 2778 4327 tantum
2799 4277 2947 4340 patet
2968 4267 3287 4337 octonisque
3325 4266 3533 4321 diebus.

2277 4366 2543 4435 Tempora
2563 4362 2794 4420 solarem
2822 4358 3086 4415 variantia
3112 4365 3348 4429 quatuor
3371 4368 3585 4417 annum,

2276 4454 2406 4518 Ver,
2454 4462 2639 4520 restas,
2692 4460 3005 4514 autumnus,
3059 4448 3269 4503 hiems:
3320 4445 3440 4513 llos,
3484 4443 3688 4503 fructus,
3725 4435 3795 4491 ho-

3554 4534 3567 4607 ι
3577 4540 3747 4599 norqtle

2277 4635 2551 4693 Mensibus
2580 4633 2823 4690 alludunt
2842 4631 3075 4704 spatiata
3105 4644 3172 4685 ex
3201 4626 3396 4685 ordine
3426 4624 3603 4681 ternis.

2274 4727 2386 4783 llas
2409 4726 2551 4799 leges
2582 4733 2777 4781 natura
2800 4724 2968 4788 dedit,
2998 4736 3104 4791 quo
3132 4729 3376 4790 tempore
3398 4719 3619 4788 primum

2273 4796 2537 4873 Conditor
2560 4815 2903 4885 omnipotens
2932 4810 3193 4866 mundum
3223 4808 3497 4871 formavit,
3527 4813 3578 4858 et
3596 4796 3721 4857 orbis

2274 4912 2674 4978 Terrarumque
2703 4904 2877 4961 modis
2915 4903 3192 4960 concrevit
3230 4901 3437 4957 semina
3469 4894 3627 4952 miris.

2274 5001 2383 5056 Has
2402 5001 2566 5055 etiam
2597 4996 2741 5052 docti
2768 4994 2918 5067 prius
2940 4993 3232 5048 advertere
3256 4997 3527 5061 parentes,

2274 5093 2340 5148 Et
2373 5090 2579 5160 liquere
2607 5087 2740 5150 suis,
2767 5084 2895 5141 anni
2917 5091 3198 5139 crescente
3227 5088 3426 5144 rotatu,

2273 5178 2636 5236 Hebdomadis
2656 5177 2861 5246 pariter
2885 5170 3278 5243 quinquagenis
3299 5166 3622 5242 geminisque

2275 5270 2382 5326 Ter
2407 5277 2624 5326 centum
2649 5265 2939 5338 sexagenis
2975 5264 3209 5335 quisque
3232 5261 3443 5316 diebus.
3470 5274 3471 5277 ‘

2349 5419 2372 5449 ο
2413 5406 2551 5462 Fixa
2583 5406 2771 5460 reditu.
2798 5401 2982 5460 Codex
3005 5400 3155 5471 Big.,_
3171 5399 3298 5453 anni
3319 5395 3506 5471 reditu.
3530 5388 3798 5471 Sequente“1

2281 5495 2498 5536 versum
2530 5479 2604 5531 ita
2636 5477 2774 5545 lego,
2802 5472 2985 5545 ordine
3008 5464 3109 5545 quo
3135 5464 3259 5523 Inst.
3286 5483 3360 5522 sc.
3394 5464 3473 5519 tot
3495 5470 3720 5545 qumque;
3744 5515 3775 5545 ﬂ:

2351 5526 2871 5603 h'NiiEc'éz‘éiim
2896 5526 3002 5596 die.
3020 5526 3190 5595 'Hunc
3223 5551 3437 5593 versum
3470 5526 3560 5603 q'ui
3588 5526 3722 5603 antea
3743 5526 3800 5603 εξε

2280 5598 2464 5691 legeba
2473 5598 2596 5671 (iiii:
2619 5598 2764 5670 nunc
2785 5611 3075 5691 celebrante
3094 5610 3178 5691 die
3200 5607 3242 5679 f.
3267 5624 3363 5662 vox
3387 5598 3526 5691 tend.
3552 5598 3800 5691 fingit

2280 5665 3084 5757 diximus-opehcodicisBig“
3126 5681 3179 5735 in
3200 5665 3320 5757 'quo
3350 5676 3519 5756 etiam
3555 5665 3801 5736 reperimus

2282 5774 2467 5815 vocem
2499 5752 2688 5827 furiis,
2723 5755 2812 5808 ubi
2843 5752 3048 5808 editum
3078 5757 3196 5805 erat
3222 5752 3409 5819 faunis.
