4034 6350
270 343 397 404 589

1665 539 1802 588 scat.

1665 539 1802 588 seat.

583 635 723 692 Urbs
747 635 996 690 Barcilon
1025 632 1222 688 eximia
1251 644 1370 699 qua:
1395 533 1872 698 martyre[gaudet.

649 749 716 804 In
757 747 967 816 Africa,
1018 743 1299 808 Damiani,
1334 739 1580 805 Iuliani,
1629 736 1879 816 Victoris,

728 836 943 904 Felicis,
973 835 1219 893 Secundi.
1245 834 1312 888 Et
1343 832 1597 902 Simplicii
1630 828 1871 901 episcopi.

476 933 545 992 13
578 931 759 988 Idibus
808 930 1102 990 acthereum
1150 924 1392 980 Julianus
1447 922 1660 980 scandit
1706 921 1879 975 hono-

1674 1025 1807 1073 rem,

1674 1025 1807 1073 rem,

591 1111 800 1184 Sponsa
831 1109 989 1190 beata
1029 1102 1332 1180 [Basilissa]
1357 1101 1597 1156 animum
1627 1010 1766 1156 c[(elo
1793 1098 1880 1153 cui

1313 1195 1506 1268 [jungit
1537 1202 1809 1250 ovantem.

660 1315 726 1370 In
768 1313 1122 1376 Alexandria,
1167 1309 1433 1375 Tulliani,
1474 1308 1736 1362 Ammoni.
1777 1304 1874 1360 Lu-

729 1406 914 1477 gduni,
940 1403 1190 1474 depositio
1218 1402 1385 1455 sancti
1415 1400 1687 1470 Stephani.

483 1500 553 1556 14
589 1498 724 1556 Tum
772 1496 982 1552 decimo
1027 1502 1287 1562 sextoque
1326 1492 1413 1546 die
1460 1498 1735 1567 praeeunte
1781 1488 1885 1543 Ka-

1609 1583 1818 1654 [lendas

590 1681 792 1753 Marlyr
830 1679 1019 1735 Vitalis
1057 1691 1083 1718 ιι
1125 1678 1298 1740 nitet,
1350 1683 1404 1731 et
1438 1675 1673 1730 Felicula
1711 1671 1882 1744 virgo,

589 1775 762 1844 Atque
811 1772 1157 1847 Valentinum
1218 1776 1524 1824 memorant
1580 1781 1676 1821 sua
1733 1773 1884 1836 gesta
1911 1793 1960 1854 Β

1549 1856 1808 1928 [beatum.

662 1972 857 2028 Felicis
881 1981 929 2027 et
953 1970 1178 2027 Zenonis
1196 2011 1211 2038 ,
1242 1980 1291 2025 et
1314 1978 1614 2025 sanctorum
1640 1965 1884 2051 Cet-mam

732 2075 780 2119 et
807 2063 1036 2120 Juliani.

490 2159 559 2216 i5
589 2157 726 2215 Hinc
764 2158 974 2213 decimo
1012 2167 1067 2212 et
1112 2155 1301 2226 quinto
1346 2154 1599 2209 meritum
1639 2153 1888 2208 clarescit

1563 2246 1814 2316 [Agapes

595 2341 816 2412 Hocque
851 2340 938 2396 die
989 2353 1156 2395 caesos
1201 2337 1380 2409 poenis
1416 2343 1706 2392 veneratur
1741 2349 1889 2390 acer-

1712 2425 1820 2498 [his

595 2523 777 2580 Brixia
825 2521 1143 2578 Faustinum
1184 2520 1452 2576 celebrem
1478 2559 1493 2584 ,
1533 2526 1889 2588 sanctumque

588 2617 596 2620 '
1563 2609 1820 2683 [Jovitam

670 2727 738 2783 In
773 2727 1082 2793 Antiochia,
1124 2726 1297 2780 natale
1317 2714 1559 2796 Joseppi,
1603 2723 1887 2795 Apollonii,

761 2820 1011 2885 Romani,
1042 2819 1270 2886 Zosimi,
1298 2829 1347 2873 et
1383 2820 1558 2890 Agape
1583 2818 1819 2888 virginis.

597 2909 733 2983 (Hoc
760 2909 922 2965 etiam
961 2909 1202 2980 geminos
1239 2908 1449 2963 scandit
1482 2907 1562 2962 sol
1601 2906 1776 2962 sidere
1810 2904 1893 2975 pi-

1595 3001 1823 3076 nsces.)

495 3097 563 3152 16
595 3097 829 3164 Quartus
858 3112 982 3152 cum
1010 3096 1221 3150 decimo
1247 3095 1458 3151 Juliana
1486 3103 1726 3164 martyre
1748 3093 1894 3148 lucet

597 3189 1016 3257 Onesimumque
1077 3188 1205 3243 colit
1265 3187 1432 3243 Paulo
1492 3187 1715 3242 doctore
1759 3186 1890 3241 bea-

1661 3279 1821 3352 [tum.

674 3369 741 3424 In
764 3371 976 3440 Africa,
1010 3370 1267 3438 Maximi,
1299 3369 1587 3439 Vincentii,
1619 3369 1798 3424 Pauli.
1825 3369 1893 3424 Et

742 3463 991 3533 depositio
1023 3463 1234 3517 Tetradi
1264 3465 1506 3534 episcopi.

499 3554 566 3609 l7
606 3553 822 3610 Tertius
876 3569 940 3608 ac
994 3555 1233 3610 decimus
1295 3553 1562 3610 Policroni
1619 3552 1755 3608 festa
1806 3567 1895 3608 re-

1546 3706 1551 3710 _
1617 3645 1825 3717 [volvit,

604 3745 938 3815 Donatique,
982 3742 1147 3806 ﬁdes,
1180 3737 1399 3812 sanguis
1433 3751 1570 3809 quos
1613 3736 1794 3805 junxit
1844 3743 1899 3790 et

1687 3826 1826 3900 [ara.

684 3928 753 3982 Et
794 3929 966 3999 passio
996 3934 1296 3981 sanctorum
1322 3920 1640 3978 Secundiani
1661 3960 1676 3987 ,
1707 3919 1896 3986 lustre,

751 4019 990 4074 Romula!
1007 4059 1021 4084 ,
1062 4014 1283 4072 Silvani.

500 4109 568 4166 l8
616 4110 1009 4178 Bissenumque
1051 4108 1192 4163 diem
1231 4103 1494 4160 Martialis
1531 4110 1750 4159 sanctus
1806 4101 1904 4158 ho-

1628 4196 1829 4268 [norat.

676 4293 745 4348 In
786 4292 991 4362 Africa,
1021 4289 1195 4344 natale
1223 4296 1523 4343 sanctorum
1561 4285 1769 4352 Rutuli,
1798 4283 1904 4339 Sil-

753 4384 892 4449 vani,
947 4381 1200 4446 Secundi,
1249 4377 1489 4443 Damasi,
1527 4374 1702 4440 Pauli,
1753 4374 1902 4430 Mar-

750 4474 888 4541 celli,
913 4472 1137 4528 Gemini.

503 4569 571 4624 i9
607 4566 826 4624 Publius
847 4565 1191 4621 undecimum
1220 4561 1378 4617 simul
1401 4567 1456 4617 et
1479 4557 1725 4722 JulianEis
1746 4556 1907 4611 ador-

1680 4655 1830 4702 nanL

1680 4655 1830 4702 nant.

682 4745 752 4801 Et
805 4745 980 4800 natale
1034 4750 1335 4799 sanctorum
1386 4738 1657 4805 Marcelli,
1723 4738 1902 4805 Tullii,

743 4840 866 4892 item
929 4835 1137 4890 Iuliani
1161 4876 1176 4902 ,
1235 4832 1522 4904 Lampasi,
1578 4829 1769 4886 llaiuli
1793 4871 1808 4898 ,
1857 4839 1904 4884 et

753 4928 908 4982 Julii.

503 5022 576 5078 20
613 5023 735 5078 Mox
761 5022 1000 5079 decimus
1031 5018 1454 5076 laudem’recolit
1482 5019 1791 5086 famamque
1809 5014 1910 5072 Co-

1612 5124 1757 5165 rona:
1782 5108 1833 5160 ι’.

1612 5124 1757 5165 rona:
1782 5108 1833 5160 ι’.

697 5204 843 5275 Apud
890 5202 1117 5274 Cyprum
1157 5201 1331 5255 natale
1379 5107 1656 5264 PotamiEe,
1704 5200 1901 5266 Romae,

761 5302 842 5354 via
884 5299 1070 5369 Appia,
1102 5295 1354 5364 depositio
1398 5293 1532 5365 Gagi
1557 5295 1800 5365 episcopi.
1836 5292 1903 5346 Et

405 5495 431 5522 ι
476 5479 681 5548 Martyr
718 5476 924 5531 Vitalis.
969 5475 1026 5528 In
1060 5472 1244 5548 codice
1273 5471 1432 5540 Reg,
1475 5470 1642 5548 partis
1679 5467 1812 5548 Viti;
1854 5469 1907 5523 in

327 5553 538 5624 Bigot.,
580 5540 692 5601 Pvar
717 5548 838 5624 his,_
869 5560 1029 5624 quam
1079 5543 1360 5624 lectionem
1402 5540 1630 5624 vulgata:
1658 5540 1908 5624 praefero:

326 5610 678 5686 Invutroque
723 5610 907 5672 codice
959 5617 1153 5669 desunt
1207 5627 1398 5666 versus
1447 5613 1646 5680 hocque
1689 5610 1808 5676 die,
1859 5615 1913 5665 et

333 5694 526 5749 Brixia
565 5690 755 5742 Funst.

1615 320 2238 382 MARTYRULOGIUM.

279 458 422 514 Dies
473 457 538 513 l2
578 455 798 516 Eulaliae
835 453 1034 510 festum
1081 447 1287 521 pridie,
1336 444 1658 516 sanguisque
1708 455 1870 495 coru—
1899 441 1952 500 Α
2031 437 2036 441 ’

1928 4499 1985 4560 Β

3447 321 3557 382 590

2405 435 2550 500 alibi,
2584 432 2829 502 Victoris,
2859 435 3098 504 Coronos,
3131 446 3181 493 et
3205 438 3434 495 aliorum
3467 436 3562 496 ds-

2396 540 2523 577 cem.

1982 613 2108 670 Dies
2158 615 2220 669 2i
2265 615 2542 671 Victorino
2570 625 2660 672 tuo
2685 633 2860 675 nonus
2889 620 2956 676 de
2978 620 3194 677 nomine
3223 621 3412 694 fulget.

2341 707 2408 761 In
2436 707 2641 776 Africa,
2694 709 2869 765 natale
2908 721 3206 766 sanctorum
3248 711 3552 778 Secundini,

2408 796 2641 864 Servuli,
2695 799 2878 866 Sirici,
2931 801 3226 857 Saturnini.
3283 803 3348 856 Et
3408 803 3557 872 alibi,

2409 887 2655 959 Crispini,
2678 889 2898 956 Rustici,
2923 892 3133 959 Justici,
3165 893 3450 949 Amatoris.

2195 980 2267 1036 22
2302 979 2614 1051 Octavoque
2633 981 2779 1037 Petri
2807 983 3064 1039 cathedra
3091 992 3147 1039 et
3194 985 3439 1041 doctrina
3469 1001 3556 1044 co-

2271 1163 2414 1222 Urbs
2458 1164 2580 1222 lata
2619 1165 2874 1222 Antiochi
2908 1181 3018 1238 quo
3061 1079 3566 1242 primuritmpsfgz’ule

3281 1271 3491 1318 vernat.

3281 1271 3491 1318 vernat.

2347 1345 2680 1413 Nicomedia,
2712 1349 2889 1404 natale
2913 1358 3109 1406 sancta}
3133 1261 3301 1407 TeclEe
3327 1354 3564 1425 virginis,

2419 1455 2469 1498 et
2497 1456 2691 1501 sancta:
2713 1445 3038 1504 Concordiaz.

2163 1531 2236 1586 25
2275 1530 2549 1603 Septimus
2596 1535 2799 1591 eximio
2844 1533 3126 1611 Polycarpi
3180 1540 3423 1610 splendet
3466 1545 3570 1601 ho-

3318 1638 3496 1712 [nore,

2273 1717 2565 1791 Presbyter
2605 1737 2698 1779 ore
2741 1723 2902 1780 ﬁdem
2946 1725 3146 1782 Christi
3175 1728 3264 1798 qui
3299 1728 3451 1800 jussa
3477 1743 3566 1787 se-

2883 1813 2887 1817 ’
3322 1819 3502 1893 [cutus

2274 1899 2534 1974 Martyrio
2564 1907 2778 1962 turbam
2805 1908 2983 1978 potuit
3009 1924 3229 1966 servare
3260 1911 3494 1968 ﬁdelem.

2337 1991 2405 2046 In
2455 1995 2658 2065 Africa,
2710 1996 2959 2065 Zenonis,
2999 2001 3230 2066 Arionis,
3280 2001 3572 2076 Hippolyti,

2414 2081 2657 2151 Zenonis,
2690 2088 2904 2143 Eliruli.

2167 2173 2238 2228 24
2277 2172 2477 2231 Sextus
2500 2179 2796 2246 apostolica
2823 2182 3001 2236 radiat
3023 2183 3222 2239 virtute
3248 2184 3484 2253 Mathiaa,

2269 2268 2654 2344 Bissextusque
2689 2274 2806 2330 loco
2842 2277 2944 2333 hoc
2970 2290 3274 2351 quartoque
3301 2283 3560 2338 intexitur

2273 2447 2665 2524 Occultumque
2713 2456 2804 2511 diu
2841 2468 3002 2530 caput
3040 2461 3144 2517 hoc
3187 2373 3568 2533 Baplith‘dwi'e-

2461 2606 2467 2611 .
3319 2553 3497 2626 [texit.

2351 2633 2422 2688 Et
2448 2638 2622 2705 passio
2651 2648 2950 2692 sanctorum
2975 2640 3240 2709 Nicotari,
3266 2644 3573 2716 Claudiani,

2422 2727 2662 2783 Dioscori
2696 2740 2742 2784 et
2774 2728 3105 2801 Sarapionis.

2168 2818 2240 2874 25
2276 2818 2474 2890 Quinta
2503 2822 2618 2876 dies
2650 2821 2926 2878 Crescenti
2961 2829 3192 2896 augetur
3220 2827 3378 2886 laude
3407 2832 3574 2888 beati.

2347 2909 2415 2964 In
2440 2910 2642 2979 Africa,
2681 2911 2854 2966 natale
2893 2925 3192 2969 sanctorum
3235 2917 3453 2988 Donati,
3484 2922 3582 2976 Ju-

2418 3003 2504 3065 sti,
2525 3000 2770 3068 Herenei,
2793 3003 3012 3067 Aurelii,
3040 3004 3292 3077 Ingenua:
3331 3009 3398 3065 In
3424 3011 3580 3066 Pam-

2425 3090 2626 3162 phylia,
2677 3092 2851 3148 natale
2895 3105 3198 3152 sanctorum
3243 3098 3482 3156 Nestoris
3531 3111 3582 3158 et

2430 3180 2623 3236 Castra.

2167 3271 2240 3327 26
2275 3271 2502 3329 Nestore
2552 3282 2776 3343 quartus
2811 3285 2834 3313 ο
2873 3284 3022 3342 ovat,
3078 3276 3226 3333 socio
3271 3281 3580 3352 pariterque

3242 3368 3508 3442 [Theone.

2359 3453 2427 3509 Et
2475 3457 2651 3510 natale
2703 3465 3003 3512 sanctorum
3053 3458 3366 3527 Alexandri,
3405 3461 3583 3519 Abun-

2427 3549 2636 3602 dantii..
2648 3557 2667 3601 .'

2175 3639 2246 3693 27
2285 3639 2500 3695 Tertius
2536 3640 2804 3711 Hesperiae
2825 3639 3074 3698 Leandro
3100 3642 3342 3699 antistite
3370 3643 3542 3701 ﬁoret.

2177 3736 2248 3791 28
2287 3735 2562 3791 Machario
2589 3736 2762 3804 pridie
2789 3734 3018 3793 Ruﬁnus
3046 3735 3294 3809 jungitur
3324 3739 3521 3816 almus.

2357 3831 2425 3885 1η
2444 3831 2832 3898 Thessalonica,
2852 3831 3026 3886 natale
3044 3843 3344 3888 sanctorum
3360 3832 3584 3890 Alexan-

2428 3927 2532 3992 dri,
2588 3925 2890 3980 Abundanti
2917 3965 2932 3993 ,
2985 3923 3284 3995 Seueriani,
3329 3927 3584 3984 Ianuari.

2434 4015 2503 4070 In
2547 4017 2753 4070 civitate
2785 4013 3026 4086 Smyrna:
3069 4016 3233 4085 Asiw,
3281 4028 3584 4074 sanctorum

2432 4106 2780 4162 Serviliani...

2289 4198 2389 4254 Hic
2419 4197 2542 4252 ﬁnis
2562 4196 2760 4252 Fcbrui
2789 4196 3062 4252 concludit
3088 4197 3287 4253 lumina
3311 4200 3532 4256 mensis.

2367 4287 2563 4342 Natale
2611 4287 2806 4342 Celeris
2832 4286 3042 4358 pupilli,
3073 4286 3376 4356 Claudiani,
3402 4288 3585 4355 Quinti

2431 4387 2478 4433 et
2509 4377 2795 4433 Mansueti.

2629 4514 2965 4572 MARTIUS.

2289 4649 2515 4704 Martius
2540 4648 2735 4720 insigni
2764 4647 2990 4704 feriatus
3016 4657 3273 4720 tempore,
3299 4651 3512 4708 demum

2295 4738 2534 4806 Quorum
2557 4738 2877 4810 przemineat
2907 4737 2934 4778 ἀ
2960 4739 3196 4795 breviter
3223 4741 3463 4798 dicemus
3486 4745 3584 4801 ho-

2061 4903 2063 4905 ,
3360 4830 3516 4904 [nore

2067 4921 2190 4977 Dies
2229 4923 2253 4978 l
2299 4921 2484 4978 Martis
2504 4922 2741 4978 Donatus
2767 4930 2932 4987 tenet,
2947 4921 3276 4995 Albinusque
3295 4924 3584 4986 Kalendas.

2369 5013 2494 5069 Kal.
2526 5015 2772 5080 Martias,
2796 5015 2964 5069 sancti
3001 5015 3226 5084 Donati,
3260 5019 3585 5089 Abundanti,

2436 5117 2482 5162 et
2510 5107 2759 5178 depositio
2790 5106 2963 5162 Albini
2985 5107 3228 5180 episcopi.

2223 5201 2258 5254 2
2297 5199 2454 5255 Senis
2500 5215 2622 5254 mox
2653 5198 2820 5255 Nonis
2865 5199 3126 5255 Heraclus
3156 5201 3458 5274 Paulusque
3496 5220 3561 5261 co

3287 5290 3513 5366 [Iunium

2012 5472 2219 5534 codice,
2243 5471 2373 5540 Reg.
2405 5479 2458 5524 et
2481 5470 2677 5540 Bigot.,
2719 5485 2842 5538 nam
2878 5471 2932 5530 in
2975 5469 3142 5541 priori
3179 5469 3433 5537 editione,
3463 5487 3586 5541 opr-

2013 5534 2510 5610 rupteJamquue
2533 5534 2780 5594 Eoronat.
2832 5609 2835 5610 ν
3192 5541 3194 5544 ’
3418 5534 3426 5537 ⁷
3485 5534 3506 5552 ⁹

2090 5609 2112 5682 ἐξ
2153 5609 2374 5682 Nestore
2396 5609 2632 5682 quartus.
2662 5610 2717 5664 In
2745 5609 2930 5682 codice
2963 5609 3158 5682 Bigol.,
3188 5610 3431 5682 Nestore.

2088 5681 2115 5721 ά
2150 5680 2874 5757 Quorum'priemineat._Sic
2920 5681 2970 5735 in
3016 5680 3170 5737 codd.
3203 5681 3335 5753 Reg.
3364 5694 3415 5735 et
3440 5681 3584 5757 Big.,

413 5766 437 5802 b
465 5762 786 5829 Fainamqne
803 5759 1041 5813 Coronat.
1062 5756 1150 5812 Sic
1176 5754 1580 5810 en'iendavimus
1601 5769 1665 5809 ex
1688 5759 1917 5820 utroque
2016 5752 2074 5810 in
2101 5752 2280 5818 editis,
2309 5769 2530 5821 quorum
2554 5753 2872 5822 prtreminet.
