4034 6350
481 370 582 429 591
1375 401 1380 406 -
1437 368 1945 429 WANDALBERTI
1980 367 2402 428 PRUMIENSIS
2437 367 2746 424 MONACHI
3624 365 3733 425 59!

837 489 902 543 In
927 489 1160 544 Ca’saria
1182 487 1548 557 Cappadocitr,
1579 487 1735 542 Lacte
1758 489 1983 559 episcopi
2005 496 2053 542 et
2080 491 2134 551 Α
2156 485 2280 541 Dies
2443 486 2757 552 Consecrat,
2779 494 2980 541 aeterna
3007 499 3205 541 canum
3220 501 3328 556 quo
3350 485 3509 542 laude
3533 485 3733 557 petisti.

903 580 1169 633 Januarii.
2081 645 2084 648 g
2511 578 2709 644 Romte,
2731 578 2983 648 depositio
3005 580 3172 632 sancti
3197 577 3474 633 Innocenti
3492 579 3734 649 episcopi.

479 675 606 735 Dies
691 677 724 731 ὅ
762 675 962 742 Quinas
989 671 1167 740 Magra
1191 671 1279 740 pio
1297 669 1476 723 Nonas
1496 669 1735 723 defendit
1761 682 1946 723 amore
1971 685 1984 721 :
2582 667 2655 721 Et
2689 666 3064 721 natale-sancti
3096 666 3310 721 Felicis.

767 763 858 821 llis
902 773 956 819 et
1002 763 1361 828 Emitherius,
1409 762 1757 817 Chelidonius
1803 775 1851 826 ι,
1898 770 2060 830 atque
2155 759 2281 815 Dies
2335 761 2402 817 l5
2437 759 2731 832 Presbyter
2769 768 2825 814 et
2877 767 3062 815 ternas
3106 758 3455 814 Macedonius
3505 759 3733 829 implet,

1705 851 1986 924 [Marinus,
3417 849 3674 923 [honesta

755 951 1112 1018 Asteriusque
1129 948 1330 1002 micant
1355 945 1524 1000 effuso
1549 946 1808 1016 sanguine
1832 944 1985 999 clari.
2442 943 2682 1012 Coniuge
2725 941 2994 1010 Patricia,
3036 949 3093 997 et
3131 951 3259 997 nata
3299 942 3595 998 comitante
3634 942 3744 998 Mo-

840 1040 907 1093 Et
950 1049 1249 1093 sanctorum
1282 1035 1504 1100 Felicis,
1535 1034 1678 1088 Justi
1704 1075 1719 1100 ,
1754 1033 2058 1088 Fortunati.
3474 1032 3672 1105 [desta.

907 1129 975 1183 In
1003 1131 1204 1199 Africa,
1233 1129 1445 1194 Felicis,
1475 1130 1694 1184 Emetri.
2511 1125 2578 1180 In
2613 1124 2986 1180 Thessalonica
3021 1125 3350 1191 Domiciani,
3377 1125 3568 1192 Lacte,
3593 1125 3746 1182 Seue-

699 1223 733 1275 4
772 1223 968 1277 Lucius
993 1223 1118 1276 hinc
1141 1238 1277 1292 papa
1305 1223 1538 1291 pretiosa
1571 1233 1741 1276 morte
1762 1220 2060 1290 quaternis,
2591 1217 2720 1283 rini,
2745 1215 2967 1281 Silvani,
2999 1214 3244 1271 Concessi
3268 1227 3316 1271 et
3344 1217 3638 1271 Martialis.

770 1313 1062 1386 Martyrum
1106 1322 1160 1368 el
1201 1313 1631 1383 octingentorum
1673 1313 1825 1366 turba
1858 1311 2063 1381 optima
2342 1307 2411 1362 i4
2449 1305 2730 1362 Eulrosius
2749 1307 2941 1376 pridie,
2966 1305 3129 1362 Petro
3147 1323 3272 1363 cum
3293 1317 3535 1378 martyre
3560 1308 3746 1378 fulget.

1782 1401 1989 1473 [fulget.
2520 1397 2588 1452 In
2615 1397 2818 1466 Africa,
2845 1395 3156 1461 Alexandri,
3185 1395 3487 1462 Mammeri,
3521 1395 3747 1452 Fronto-

847 1495 1177 1559 Nicomedia,
1203 1495 1377 1565 passio
1394 1505 1694 1549 sanctorum
1707 1494 1926 1548 Adriani
1947 1509 2065 1547 cum
2596 1491 2676 1543 nis
2704 1499 2752 1543 et
2785 1488 3014 1543 Naboris
3045 1500 3358 1560 martyrum.

910 1587 1028 1640 aliis
1058 1604 1272 1640 numero
1301 1588 1516 1656 triginta
1548 1587 1734 1642 tribus.
2347 1584 2415 1640 15
2453 1583 2714 1639 Thessala
2749 1581 2901 1653 plebs
2930 1581 3056 1637 ldus
3085 1581 3330 1637 Matrona
3365 1591 3610 1654 martyre
3641 1598 3747 1639 ser-

698 1678 733 1734 5
772 1677 980 1734 Ternas
1023 1685 1229 1748 martyr
1277 1677 1437 1730 habet
1481 1676 1797 1731 meritorum
1852 1675 2070 1732 nomine
3546 1672 3679 1745 [νει.

1775 1765 1992 1840 [Focas,
2529 1763 2596 1818 In
2621 1761 2979 1834 Cappadocia,
3002 1763 3171 1816 sancti
3198 1761 3440 1833 Longini.
3469 1761 3539 1815 In
3566 1760 3750 1816 Hiero-

768 1856 1040 1931 Sanguine
1073 1857 1167 1928 qui
1199 1866 1426 1913 mortem
1463 1857 1626 1925 vicit,
1655 1859 1856 1915 virtute
1877 1860 2069 1916 draco-
2097 1845 2146 1906 Β
2596 1854 2810 1923 calamis
2854 1851 3028 1905 natale
3068 1853 3237 1906 sancti
3278 1851 3465 1906 Jacobi
3509 1851 3752 1921 apostoli.

1828 1949 1996 2021 [nem.
2602 1945 2784 2014 fratris
2813 1943 3047 1998 Domini.
3082 1942 3150 1996 Et
3175 1941 3335 1998 Lacte
3359 1943 3711 2014 evangelista.

838 2040 1139 2106 Antiochia,
1158 2042 1334 2111 passio
1359 2049 1552 2095 sancta:
1575 2039 1744 2094 Soctv.
1774 2039 1843 2094 In
1864 2041 2071 2110 Africa,
2353 2041 2421 2097 l6
2460 2039 2701 2109 Septima
2729 2046 2851 2108 post
2875 2037 3142 2093 decimam
3161 2037 3362 2109 Aprilis
3385 2038 3451 2094 de
3476 2053 3630 2094 more
3655 2037 3754 2094 Ka-

915 2130 1094 2196 Petri,
1142 2131 1393 2196 Eusebii,
1429 2129 1606 2194 Justi,
1643 2127 1834 2195 Sirite,
1877 2127 2070 2184 Satur-
3471 2131 3689 2204 [lendas

915 2223 1025 2277 nini
1051 2232 1098 2277 et
1126 2222 1315 2276 Marci.
2460 2222 2798 2288 Praecedens,
2843 2222 3055 2294 Cyriaci
3099 2231 3156 2278 et
3197 2221 3359 2294 Largi
3390 2222 3640 2293 splendet
3666 2224 3754 2279 ho-

707 2314 742 2370 6
779 2313 1091 2369 Victorinus
1118 2323 1246 2367 ovat
1271 2313 1464 2382 pridie,
1495 2311 1787 2382 Victorque
1816 2313 2034 2368 retrusi.
3505 2313 3691 2386 [θοι-θ,

775 2405 1042 2469 Carcere,
1087 2407 1176 2474 qui
1229 2405 1373 2461 celso
1417 2413 1769 2474 penetrarunt
1795 2412 1946 2460 astra
1973 2419 2073 2460 vo-
2463 2407 2856 2479 Smaragdique
2883 2406 3040 2462 simul
3077 2407 3314 2476 pretioso
3339 2407 3606 2478 sanguine
3635 2420 3755 2462 ver-

1448 2518 1450 2520 τ
1845 2496 1999 2569 [latu.
3546 2498 3688 2572 [nat.

848 2588 916 2642 In
945 2587 1287 2654 Nicomedia,
1327 2587 1579 2654 Victoris,
1611 2588 1911 2654 Clandiani,
1944 2589 2075 2644 Per-
2531 2588 2594 2641 In
2634 2587 2943 2642 Nicomedia
2980 2587 3208 2653 Castori,
3248 2586 3515 2657 Dionysii,
3552 2584 3758 2655 Seresti,

921 2688 1091 2750 petua:
1165 2678 1490 2744 Felicitatis,
1533 2677 1764 2734 Jocundi
1785 2720 1798 2745 ,
1826 2689 1873 2734 et
1910 2679 2074 2735 Revo-
2599 2677 2892 2754 Quiriacaz,
2924 2677 3176 2748 Eugeniw
3204 2687 3251 2732 et
3277 2677 3504 2733 Iuliani.

920 2771 1044 2822 cati.
2357 2772 2418 2826 i7
2455 2769 2654 2840 Bisque
2683 2778 2874 2824 octona
2905 2778 3017 2834 tuo,
3053 2769 3285 2835 Patrici,
3322 2771 3542 2825 nomine
3568 2771 3753 2841 pollet.

715 2859 748 2912 7
783 2859 951 2914 Nonis
979 2860 1232 2916 Felicitas
1265 2861 1431 2916 micat
1463 2873 1516 2915 et
1543 2860 1839 2931 Perpetua,
1869 2867 2072 2916 castam
2464 2861 2700 2918 Scottica
2731 2860 2981 2932 gentilem
3016 2861 3268 2918 miserate
3295 2876 3392 2931 per
3419 2864 3618 2934 oppida
3648 2863 3758 2920 cul-

778 2949 905 3016 Qua:
927 2950 1142 3004 Christo
1169 2952 1334 3004 vitam
1364 2950 1504 3005 felici
1530 2961 1703 3005 morte
1731 2950 1998 3005 dicamut.
3522 2953 3687 3026 (tum.

843 3039 911 3093 In
939 3040 1266 3094 Mauritania
1301 3041 1540 3104 civitate,
1566 3040 1741 3109 passio
1773 3051 2075 3095 sanctorum
2460 3041 2586 3098 Hinc
2623 3055 2844 3112 quoque
2887 3041 3168 3098 Gertt'uda:
3217 3042 3522 3098 redduntur
3561 3054 3690 3101 vota

923 3127 1193 3197 Perpetua:
1221 3139 1265 3180 et
1299 3127 1612 3182 Felicitatis.
2116 3207 2147 3214 _
2823 3210 2826 3214 ί

709 3219 744 3275 8
779 3219 904 3274 ldus
928 3227 1151 3297 octavas
1178 3229 1490 3289 martyrque
1519 3219 1765 3289 Cyrillus,
1795 3228 1852 3274 et
1880 3235 1986 3275 una
2102 3207 2150 3274 C
2533 3210 2826 3288 Alexandri
2851 3232 3092 3302 episcOpi,
3121 3241 3169 3284 et
3197 3233 3366 3286 sancti
3393 3207 3641 3286 Patricii.

777 3309 1058 3366 Consimili
1103 3309 1302 3364 retinet
1345 3310 1682 3365 venerandus
1721 3311 1926 3364 honore
1963 3311 2078 3366 Ro-
2361 3325 2428 3381 13
2465 3324 2670 3380 Praesul
2715 3323 3021 3378 Alexander
3073 3332 3156 3378 ter
3204 3323 3426 3393 quinam
3477 3323 3756 3394 possidet:

1803 3399 2002 3472 [gatus.

1857 3411 2002 3457 atus.
3500 3413 3692 3486 [altam

850 3491 919 3545 Ῑη
954 3491 1265 3584 Mutineth
1297 3492 1520 3584 Ωυίηιίίξ
1544 3493 1793 3584 θρίξξορίε
2463 3511 2756 3584 Presbyter
2783 3517 2837 3565 et
2863 3509 3092 3564 Romam
3125 3507 3416 3580 Pigmenus
3441 3519 3464 3548 ε
3496 3511 3761 3580 sanguine

665 3626 675 3632 .
708 3581 743 3641 9
777 3581 1027 3653 Septenis
1055 3581 1410 3653 Quadrageno
1440 3581 1540 3636 sub
1573 3581 1744 3639 milite
1769 3581 1967 3639 l‘estum
2638 3581 2648 3584 ⁷
3449 3597 3690 3670 [lustrat.

779 3676 1049 3732 Armenia:
1095 3675 1338 3730 recolunt
1387 3691 1551 3730 unum
1600 3691 1753 3731 sacra
1799 3677 1938 3732 festa
1975 3675 2079 3733 Mi-
2464 3693 2574 3749 Hac
2602 3693 2744 3749 aries
2771 3690 2871 3748 δοιί
2897 3689 3177 3746 vel-nantia
3203 3688 3406 3745 lumina
3432 3690 3645 3760 pandit,

1811 3766 2002 3840 [ηοτίεο
2466 3784 2727 3841 Conditor
2765 3783 2869 3838 hac
2913 3796 3095 3838 rerum
3138 3781 3313 3837 lucem
3343 3781 3486 3838 Deus
3521 3783 3764 3840 condidit

854 3858 922 3912 In
949 3859 1196 3912 Armenia
1229 3857 1424 3912 Minori
1469 3857 1789 3924 Sebastiani,
1826 3869 1874 3914 et
1909 3859 2080 3916 millia
3519 3875 3694 3948 [altus

925 3952 1273 4040 quadraginta
1295 3967 1517 4019 quorum
1541 3962 1684 4021 gesta
1706 3953 1980 4007 habentur.
2009 3951 2081 4008 In
2465 3969 2727 4040 namque
2768 3968 2912 4026 diem
2955 3968 3188 4040 primam
3216 3967 3498 4025 formando
3531 3969 3764 4039 ριιοιηιίι

918 4040 1120 4107 Africa,
1155 4039 1646 4128 Philippi,'Rogati.

2640 4039 2653 4040 ί
2958 4039 2975 4040 ί
3499 4057 3693 4134 [orbi.]

677 4133 743 4187 10
783 4131 970 4197 Senis,
1000 4130 1193 4194 Gaius,
1221 4130 1634 4202 Alexanderque
1664 4133 1941 4201 coluntur;
1974 4137 2066 4192 eis-

1857 4151 1941 4201 ατς
1974 4137 2080 4192 eis-
2542 4149 2612 4205 In
2641 4149 2962 4220 Campania,
3000 4149 3210 4216 Quinti,
3251 4150 3470 4222 Rogati,
3500 4130 3760 4221 Luciani,

1857 4224 2004 4298 idem
2548 4268 2584 4294 ι.
2606 4241 2904 4306 Saturnini,
2940 4241 3158 4297 Victoris
3183 4252 3231 4297 et
3259 4242 3456 4298 Mauri.

783 4315 1136 4385 Quadragena
1164 4323 1220 4369 et
1246 4315 1373 4370 bina
1399 4316 1634 4371 cohaaret
1667 4317 1823 4372 turba
1854 4334 2066 4386 cruore,

1857 4334 2076 4386 οιύοτθο
2361 4333 2426 4389 l9
2465 4334 2556 4391 Bis
2585 4343 2804 4405 septena
2825 4333 3031 4389 Joanne
3057 4335 3227 4389 eremi
3254 4334 3464 4389 cultore
3485 4344 3759 4391 coruscat.

777 4411 922 4476 Quos
971 4409 1178 4479 pariter
1228 4423 1372 4463 saevo
1421 4409 1757 4464 celebramus
1793 4412 2066 4480 preside1

1857 4412 2022 4467 ωδίάθ
2047 4413 2077 4452 δ
2539 4427 2604 4481 1η
2634 4425 2896 4492 Cwsarea,
2929 4425 3185 4480 Theodori
3214 4426 3496 4498 presbyter.
3527 4425 3598 4481 In
3616 4427 3761 4498 Afri-

1794 4501 2002 4574 [είθδοδο
2106 4579 2146 4586 _
2611 4535 2693 4582 ca,
2726 4517 2989 4582 Ammoni,
3017 4525 3064 4570 et
3093 4517 3349 4586 depositio
3378 4517 3548 4571 sancti
3576 4515 3762 4572 Leonti

853 4593 920 4648 In
945 4592 1291 4659 Alexandria,
1315 4593 1519 4661 Eracli,
1548 4591 1766 4662 Zosimi,
1788 4597 2076 4655 Alexandri
2103 4579 2156 4639 D
2612 4579 2836 4682 episcopi
2862 4619 2910 4664 et
2933 4579 3267 4678 confessoris.

917 4696 963 4740 et
992 4687 1186 4756 Attan
1215 4685 1451 4756 υίνθίηίεο
2355 4703 2426 4760 20
2465 4701 2650 4758 Tertia
2681 4717 2804 4758 cum
2830 4701 3037 4757 decima
3067 4700 3312 4756 Cutberti
3337 4700 3496 4756 laude
3526 4701 3758 4758 nitentes

672 4778 734 4835 11
777 4776 1049 4833 Candidus
1086 4777 1214 4832 hinc
1238 4778 1432 4846 quinas
1468 4777 1569 4832 sibi
1600 4777 1953 4850 Valeriusque
1989 4794 2075 4840 τε·
2464 4795 2791 4866 Αηςειοτυιη
2809 4793 2958 4848 ducit
2977 4807 3074 4862 per
3091 4791 3316 4862 mystica
3337 4792 3534 4861 gaudia
3554 4792 3754 4863 plebes.

1084 4875 1087 4877 ’
1743 4867 1998 4941 [tentant.

1863 4879 1998 4926 tant.
2532 4884 2600 4938 In
2629 4883 2938 4946 Antiochia,
2980 4883 3146 4936 sancti
3183 4879 3396 4951 Ioseph.
3449 4881 3520 4936 In
3561 4881 3754 4953 Syria,

854 4960 920 5014 In
948 4958 1295 5031 Carthagine,
1322 4959 1524 5024 Caudi,
1571 4959 1780 5026 Valeri,
1824 4961 2069 5028 Quirilli,
2603 4973 2797 5040 Pauli,
2846 4971 3073 5036 Claudi,
3124 4971 3416 5042 Exsuperi,
3471 4969 3754 5037 Victurici,

923 5051 1208 5106 Marciani.
1236 5051 1305 5104 In
1336 5049 1670 5116 Nicomedia,
1711 5050 1988 5118 Eunuchi,
2025 5064 2066 5108 et

1857 5053 1954 5106 tchi
1972 5093 1988 5118 ,
2025 5063 2076 5108 et
2615 5064 2896 5120 Valentini.

917 5138 1172 5211 συνθοηὶ-
2353 5160 2417 5214 21
2462 5158 2597 5214 Tum
2650 5157 2894 5213 duodena
2943 5155 3048 5211 llde
3100 5155 3375 5211 Benedicti
3429 5164 3486 5210 et
3539 5157 3753 5212 nomine

675 5230 740 5285 12
776 5229 1034 5298 Quartam
1070 5248 1196 5300 mox
1219 5231 1406 5288 Iduum
1438 5231 1561 5287 linis
1591 5241 1738 5299 tuus,
1767 5232 1908 5287 alme
1942 5230 2066 5288 Gre-

1857 5247 1908 5287 te
1942 5230 2074 5288 Gre-
3463 5244 3676 5318 [fulget.

1861 5323 1999 5394 [Βοτί
2458 5339 2771 5397 Ctenobiale
2797 5340 2961 5396 decus
2990 5339 3127 5396 duce
3150 5354 3259 5409 quo
3287 5339 3502 5397 laetatur
3524 5339 3581 5396 in
3603 5339 3749 5395 orbe.

568 5513 600 5547 ι
621 5497 1062 5589 Chelidonius.ln
1086 5501 1270 5556 codice
1289 5501 1449 5574 Reg.,
1471 5501 1805 5569 Celedanius,
1833 5519 1898 5559 ac
1919 5519 2064 5560 vers.

1857 5519 1898 5558 lC
1919 5519 2064 5560 vers.
2246 5532 2268 5560 ο
2303 5521 2524 5575 Romam
2567 5517 2872 5589 Pigmenus.
2896 5518 2982 5589 _ln
3023 5518 3208 5574 codice
3246 5518 3406 5589 Reg.,
3429 5514 3748 5589 Pignera“-

568 5535 600 5547 "
621 5535 980 5557 υηΰηιιυηιιιοο
1009 5535 1062 5554 ιιι
1086 5535 1270 5556 υυιιιυσ
1290 5535 1449 5574 ιιςδο,
1471 5535 1805 5569 voscuvuuu,
1833 5535 1898 5559 au
1926 5535 2064 5560 νσιθο

484 5585 632 5684 εαξη
656 5571 1052 5642 Austeriusque.
1081 5593 1090 5602 ·

627 5639 776 5697 Strvo
807 5641 1126 5696 celebramus
1175 5642 1414 5697 urwside.
1464 5643 1540 5697 lta
1590 5644 1784 5697 lenitur
1815 5647 1866 5697 in
1903 5647 2062 5697 codd.

1857 5535 1898 5558 ιυ
1926 5535 2064 5560 "m-
2246 5535 2268 5560 ο
2303 5535 2524 5575 tramam
2567 5535 2633 5573 ri
2789 5535 2872 5573 us.
2924 5535 2982 5572 tn
3023 5535 3208 5574 codice
3246 5535 3406 5589 neg.,
3446 5535 3748 5587 τίθησιν.

1857 5664 1866 5697 Ι
1903 5647 2062 5697 codd.
2173 5590 2560 5697 Eliu'd'hlpnge,
2602 5535 2984 5661 umotulit,
3027 5589 3081 5644 in
3120 5589 3311 5645 eodem
3341 5588 3526 5644 codice
3556 5587 3749 5658 legitur

669 5660 787 5717 tero
807 5641 1126 5717 celebramus
1174 5642 1414 5717 prteside.
1464 5643 1540 5698 lta
1590 5644 1784 5716 legitur
1815 5647 1866 5700 in
1903 5647 2062 5702 codd.
2173 5641 2422 5717 ζῆιῖιξιιέί,

485 5710 618 5783 Reg.
653 5722 707 5768 et
734 5713 844 5783 Big.
875 5712 930 5765 In
961 5711 1125 5782 priori
1150 5711 1401 5783 editione,
1430 5730 1566 5765 sativa
1593 5710 1911 5772 celebramus
1943 5718 2066 5771 Per-

487 5781 616 5848 side,
657 5781 816 5862 male;
848 5793 897 5836 et
937 5792 1122 5836 contra
1153 5781 1388 5836 hirtut'iaz-
1419 5784 1597 5843 Ιίεξριιι.
