4034 6350
308 311 415 369 595
1613 315 1704 371 ΜΛ
1715 317 1803 372 [ΚΤ
1819 319 1846 370 Υ
1857 317 1918 370 Rt

2022 317 2085 372 )G
2095 316 2112 370 Ι
2123 319 2158 372 U
2170 317 2214 372 Μ
2226 357 2238 369 .
3469 321 3572 377 594

305 424 434 480 Dies
467 425 532 479 21
593 423 740 495 (Htcc
757 423 1365 498 spatiisacquatparibus
1381 437 1703 499 noctemque
1719 429 1880 484 diem.
1909 433 1962 490 Α
1989 427 2108 480 Dies
2159 428 2228 482 28
2268 427 2418 483 Hartc
2449 445 2658 500 quoque
2685 429 3048 487 Guntratnnus
3081 429 3320 500 migrans
3347 447 3442 487 rex
3472 447 3571 502 θρα

1649 519 1776 592 [que
1800 540 1811 575 :

588 605 715 662 Haec
761 623 977 680 quoque
1022 609 1134 665 sole
1180 625 1321 666 novo
1368 611 1548 666 lunam
1594 611 1887 682 stellasque

1591 704 1819 776 [micare

589 790 735 845 Vidit
763 791 818 845 in
847 801 1037 848 exortu
1065 793 1166 848 sub
1192 793 1315 850 luce
1341 803 1534 864 quarta
1563 795 1818 864 dierum.)

659 878 728 936 In
754 881 1109 950 Alexandria,
1142 883 1446 963 Serapagnis
1475 885 1740 951 monachi,
1773 883 1884 940 Lu-

730 991 829 1042 σω,
851 976 1134 1030 Amatoris.

478 1065 553 1123 22
590 1065 902 1124 Undecima:
927 1069 1156 1125 antistes
1185 1069 1375 1127 tribuit
1403 1071 1489 1141 pia
1518 1069 1721 1126 lumina
1746 1070 1887 1127 Pau-

1707 1162 1815 1235 [ius

593 1248 711 1316 Quo
721 1249 846 1320 jure
861 1249 1095 1305 exsultat
1107 1253 1325 1322 pr0prio
1336 1249 1585 1307 Narbona
1603 1253 1882 1322 magistro.
1933 1251 1939 1257 ’

590 1338 740 1411 (Haec
788 1341 1075 1412 primumii
1108 1342 1347 1399 celebrat
1393 1342 1634 1414 perfecto
1686 1344 1886 1399 lumine

1534 1433 1812 1505 [Pascha.)

655 1522 724 1578 In
749 1523 958 1594 Africa,
989 1523 1268 1580 Saturnini
1307 1537 1355 1580 et
1392 1526 1620 1581 aliorum
1648 1542 1848 1580 novem.

481 1616 554 1672 25
590 1615 743 1672 Felix
790 1616 918 1672 hinc
967 1617 1262 1684 decimam,
1313 1626 1370 1673 et
1407 1617 1723 1674 Theodorus
1761 1633 1886 1674 cum

1555 1709 1808 1782 [Juliano.

592 1797 818 1863 Ornant,
847 1800 1048 1856 eximia
1069 1800 1329 1855 virtutum
1356 1800 1516 1855 laude
1541 1781 1772 1855 ferendi.
1909 1781 1958 1842 Β

657 1889 727 1944 In
757 1887 1067 1955 Prouincia,
1103 1888 1296 1957 Pauli,
1323 1890 1550 1946 Iuliani.
1601 1890 1672 1946 In
1695 1890 1881 1947 Antio-

727 1982 871 2048 chia,
904 1981 1161 2036 Theodori
1187 1983 1492 2053 presbyteri.

481 2071 552 2127 24
587 2071 852 2128 Romulus
878 2081 934 2128 et
959 2087 1180 2138 nonam,
1205 2073 1519 2144 pariterque
1546 2071 1885 2128 Secundulus

1581 2163 1810 2237 [implet.

663 2255 767 2310 Hic
799 2265 1162 2311 concurrentes
1189 2257 1541 2311 inveniuntur.
1583 2255 1652 2310 In
1677 2255 1883 2325 Africa,
1945 2259 1950 2264 ’

728 2349 959 2420 Agapiti,
983 2347 1194 2420 Rogati.
1228 2347 1297 2402 In
1317 2347 1666 2414 Mauritania,
1689 2345 1884 2404 Felicis

731 2450 779 2493 et
808 2439 1107 2495 Saturnini.
1539 2511 1545 2519 .
1864 2484 1866 2486 τ

590 2532 826 2604 Angelus
860 2541 1051 2590 octava
1079 2541 1367 2588 venturum
1402 2533 1619 2588 nuntiat
1648 2532 1881 2604 Agnum.

478 2625 552 2683 25
587 2628 772 2699 Agnus
799 2634 855 2681 et
880 2626 996 2698 ipse
1022 2628 1169 2685 cruci
1201 2627 1386 2683 mundi
1412 2642 1514 2697 pro
1541 2635 1713 2682 morte
1740 2625 1886 2681 leva-

1680 2718 1810 2790 [tur.

666 2808 1066 2882 Hierosolymis,
1088 2810 1343 2866 Dominus
1366 2820 1542 2865 noster
1559 2808 1714 2865 Iesus
1735 2807 1887 2864 Chri-

729 2909 842 2956 stus
867 2902 1154 2971 cruciﬁxus
1179 2911 1275 2956 est.
1307 2901 1378 2954 Et
1403 2902 1578 2972 passio
1603 2902 1770 2955 sancti
1790 2901 1887 2956 Ja-

732 2993 845 3047 cobi
892 2991 1135 3063 apostoli.
1189 2991 1258 3046 Et
1300 2991 1646 3046 Annuntiatio
1694 3001 1888 3046 sancta:
1967 2981 1969 2983 ’

730 3082 941 3138 Harite.

597 3136 904 3248 (Hic-Deus
942 3174 1284 3244 omnipotens
1303 3173 1332 3213 δ
1358 3173 1528 3230 Adam
1569 3173 1635 3228 de
1669 3173 1890 3244 pulvere
1915 3136 1961 3201 ϐ

1542 3265 1817 3338 [psalmat,

593 3356 823 3415 Nomina
860 3367 917 3415 et
950 3366 1077 3430 apta
1105 3359 1260 3430 ponit
1290 3358 1501 3415 cunctis
1527 3359 1892 3415 animantibus

1580 3449 1820 3522 μάθω.)

666 3543 736 3598 Et
763 3545 1064 3598 immolatus
1093 3553 1167 3598 est
1196 3544 1374 3598 Isaac.

487 3631 558 3689 26
596 3633 834 3705 Septima
865 3632 1178 3689 Montanum
1209 3643 1476 3689 memorat
1509 3649 1632 3688 cum
1663 3634 1890 3706 conjuge

1587 3723 1816 3797 [sancta.

597 3819 773 3890 Atque
795 3817 956 3875 simul
976 3817 1320 3888 quadrageno
1352 3829 1473 3872 cum
1505 3814 1744 3887 martyre
1769 3831 1892 3886 pas-
1983 3811 1988 3817 ’

1655 3908 1816 3982 [ειιηι.

665 4004 734 4061 In
753 4005 1051 4069 Antiochia,
1079 4002 1357 4071 Timothei,
1381 4003 1625 4074 Diogenis
1647 4015 1692 4058 et
1716 4003 1889 4059 Maxi-

737 4099 829 4162 mi,
861 4095 1119 4151 Theodori
1163 4096 1409 4166 episcopi.
1467 4094 1534 4149 In
1565 4095 1768 4164 Africa,
1807 4093 1893 4149 Vi-

729 4188 914 4251 ctoris,
952 4185 1250 4241 Saturnini.
1285 4185 1354 4240 In
1397 4183 1611 4240 Sebaste
1659 4187 1890 4254 civitate,

735 4277 911 4332 natale
948 4277 1116 4332 sancti
1148 4275 1290 4331 Petri
1328 4277 1555 4348 episcopi
1599 4286 1649 4332 et
1689 4277 1890 4346 confes-

739 4385 893 4424 εον-ιε.

484 4462 554 4516 27
591 4461 730 4533 Agni
765 4461 1038 4531 surgentis
1066 4460 1376 4531 resplendet
1409 4468 1560 4516 sexta
1591 4462 1885 4533 triumpho.
1917 4440 1998 4562 DV

667 4559 994 4615 Resurrectio
1041 4557 1254 4612 Domini
1299 4559 1464 4612 nostri
1505 4555 1634 4612 Jesu
1673 4555 1888 4612 Christi.

736 4652 805 4707 Et
829 4653 884 4707 in
905 4651 1107 4721 Africa,
1139 4650 1380 4716 Maurili,
1405 4649 1691 4717 Successw,
1717 4651 1896 4706 Matu-

742 4744 897 4807 tinw,
939 4741 1150 4796 Donati.
1205 4740 1272 4795 Et
1315 4742 1371 4795 in
1403 4739 1678 4807 Caesarea,
1721 4741 1896 4797 natale

739 4831 949 4887 Maria}.

492 4925 564 4984 28
597 4923 794 4993 Quinta
832 4922 1070 4987 Priscus,
1106 4922 1432 4989 Alexander,
1464 4922 1776 4993 Malcusque
1806 4937 1899 4978 co-

1534 5014 1741 5086 [luntur
1759 5024 1780 5054 ο
1809 5032 1820 5068 :

3099 523 3287 596 [timus
3313 532 3491 579 ornat.

2340 609 2408 665 In
2437 610 2699 678 Ca’sarea,
2733 613 2946 684 Rogati,
2973 614 3224 668 Dorothei
3242 655 3258 679 ,
3287 614 3568 684 Audactc,

2416 703 2724 758 Alexandri.
2753 705 2820 760 In
2849 705 3049 759 Tharso
3071 704 3292 772 Ciliciaé,
3311 705 3564 762 Castoris.

2414 794 2478 848 Et
2505 795 2758 866 depositio
2787 797 2921 850 beati
2949 795 3147 850 Idiloni
3173 798 3435 853 monachi.

2158 883 2230 940 29
2264 883 2580 940 Eustathius
2609 895 2802 956 quarta
2836 887 3055 941 virtutis
3081 887 3237 941 laude
3263 893 3534 952 coruscat,

2266 977 2416 1034 Abba
2444 977 2778 1033 Columbano
2807 978 2969 1031 nituit
2998 978 3090 1047 qui
3121 977 3534 1048 rilemagistt‘o.

2343 1069 2409 1124 In
2442 1070 2776 1132 Nicomedia,
2809 1069 3124 1132 Pastoralis,
3156 1067 3439 1133 Victurini,
3469 1066 3572 1142 Sq-

2411 1161 2630 1224 turnini,
2663 1161 2918 1225 Juliana',
2947 1171 2996 1214 et
3031 1161 3255 1214 aliorum
3293 1161 3472 1215 trium.
3502 1159 3571 1214 In

2410 1253 2710 1319 Antiochia,
2743 1252 3004 1308 Theodori
3031 1255 3333 1323 presbyteri.

2161 1347 2232 1402 50
2267 1346 2451 1402 Tertia
2483 1346 2748 1400 Domnino
2769 1344 2796 1384 ἀ
2826 1345 3023 1400 comite
3061 1355 3115 1407 et
3146 1345 3360 1402 Victore
3397 1343 3569 1400 reful-

3362 1435 3492 1508 [get.

2337 1529 2407 1584 In
2431 1527 2799 1584 Thessalonica
2824 1529 3050 1595 civitate,
3073 1529 3284 1593 Domni,
3309 1527 3566 1592 Palatini,

2407 1629 2456 1675 et
2498 1620 2646 1684 alibi,
2685 1617 2928 1682 Victoris,
2977 1619 3296 1683 Marcellini,
3336 1617 3566 1672 Eulalite

2408 1713 2642 1783 virginis.
2677 1711 3000 1775 Aurelianis,
3029 1711 3280 1781 depositio
3305 1709 3565 1764 Pastoris.

2160 1802 2227 1860 ’51
2268 1803 2523 1859 Diodolus
2551 1802 2724 1873 pridie
2752 1804 2950 1856 emicat
2978 1801 3298 1871 Anesusque
3325 1801 3493 1856 beati.

2274 1893 2366 1951 Sic
2398 1893 2586 1948 Martis
2619 1891 2840 1948 volvens
2869 1893 3195 1948 determinat
3215 1890 3389 1946 orbita
3413 1905 3565 1944 men-

3333 1979 3490 2052 [δραι.

2343 2074 2413 2130 In
2441 2074 2654 2144 Africa,
2700 2073 2875 2128 natale
2920 2081 3221 2126 sanctorum
3265 2068 3474 2126 Corneli
3517 2078 3569 2126 et

2419 2164 2713 2220 Valeriani.

2629 2256 2920 2313 APRILIS.

2279 2350 2560 2421 Purpureo
2587 2363 2748 2419 quem
2781 2348 2913 2402 tlore
2949 2347 3052 2403 sibi
3082 2361 3180 2402 ver
3204 2345 3381 2402 sancit
3406 2344 3569 2415 Apri-

3367 2432 3498 2506 [lem

2271 2530 2523 2586 Dicemus
2551 2528 2745 2597 quibus
2772 2527 2984 2582 attollat
3013 2542 3107 2582 sua
3137 2525 3332 2597 gaudia
3359 2525 3530 2580 festis.

2039 2620 2180 2676 ~Dies
2209 2620 2234 2674 1
2271 2619 2528 2689 Virgineo
2560 2617 2797 2686 insignes
2825 2617 3006 2687 Agape
3034 2626 3089 2671 et
3115 2617 3342 2672 Cbionia
3368 2628 3391 2655 θ
3419 2624 3570 2673 serto

2269 2709 2468 2778 Aprilis
2499 2709 2644 2763 socio
2673 2718 2892 2762 sacrant
2917 2708 3019 2763 sibi
3044 2707 3165 2776 jure
3192 2707 3478 2762 Kalendas.

2344 2800 2411 2855 In
2426 2801 2675 2855 Armenia
2701 2799 2912 2862 Minori,
2933 2799 3106 2854 natale
3131 2799 3234 2855 SS.
3261 2798 3560 2866 Quintiani,

2424 2891 2644 2946 Victoris
2676 2903 2722 2946 et
2754 2891 3002 2947 Secundi.

2199 2985 2236 3040 2
2270 2984 2514 3056 Lugduni
2542 2985 2749 3054 quartis
2779 2982 2944 3039 Nonis
2982 3001 3136 3040 sacer
3165 2985 3298 3039 urbe
3326 2984 3567 3042 Nicetus.

2349 3077 2418 3133 In
2445 3078 2657 3145 Africa,
2699 3078 2874 3131 natale
2902 3089 3203 3132 sanctorum
3237 3079 3482 3144 Quiriani
3523 3088 3574 3134 et

2424 3167 2657 3238 Reginae.
2691 3167 2934 3238 Lugduni
2956 3164 3096 3223 Call.
3129 3167 3303 3223 Niceti
3325 3169 3570 3239 episcopi.

2205 3260 2240 3316 '5
2276 3260 2541 3332 Evagrius
2571 3259 2739 3316 ternis
2765 3261 3038 3330 splendet,
3070 3270 3384 3332 martyrque
3412 3262 3574 3319 Beni-

3319 3349 3500 3422 [gnus,

2275 3442 2454 3513 Atque
2480 3442 2594 3511 pari
2621 3442 2640 3480 ί
2667 3440 2838 3512 fulget
2863 3440 3166 3496 Theodosia
3195 3439 3346 3510 virgo
3374 3441 3571 3496 nitore.

2351 3531 2418 3588 In
2443 3531 2648 3596 Sicilia,
2673 3531 2848 3585 natale
2871 3531 3039 3584 sancti
3062 3529 3336 3584 Pancrati.
3367 3529 3433 3584 In
3456 3528 3575 3585 Cte-

2417 3642 2568 3679 sarea
2595 3621 2921 3690 Palmstiua’,
2968 3623 3142 3678 natale
3182 3633 3378 3678 sancta:
3408 3622 3576 3679 Theo-

2418 3717 2581 3770 dosia!
2609 3716 2844 3786 virginis,
2887 3725 2934 3769 et
2972 3717 3146 3786 passio
3178 3716 3347 3769 sancti
3378 3712 3574 3784 Euagri

2419 3814 2467 3858 et
2497 3803 2762 3875 Benignw.

2241 3896 2274 3950 4
2303 3895 2620 3951 Ambrosius
2643 3896 2815 3966 pridie
2841 3897 3134 3954 aethereum
3159 3897 3463 3968 penetravit
3482 3897 3575 3953 ho-

3266 3988 3498 4060 [norem.

2353 4081 2602 4135 Extrema
2630 4082 2861 4135 incensio
2888 4079 3027 4134 luna:
3057 4079 3351 4134 Paschalis.
3377 4079 3441 4134 In
3465 4078 3578 4134 Me-

2416 4171 2652 4237 diolano,
2674 4173 2923 4242 depositio
2946 4175 3114 4226 sancti
3150 4174 3439 4236 Ambrosii,
3471 4173 3578 4242 epi-

2413 4265 2574 4334 scopi.
2600 4263 2667 4318 ln
2691 4264 2902 4334 Africa,
2940 4264 3114 4318 natale
3137 4273 3434 4318 sanctorum
3472 4261 3574 4316 Ur-

2416 4357 2558 4421 bani,
2588 4356 2861 4411 Saturnini
2891 4367 2938 4410 et
2963 4356 3223 4413 Successi.

2213 4447 2246 4500 5
2285 4446 2451 4503 Nonis
2479 4447 2630 4517 virgo
2670 4449 2758 4517 pia
2793 4448 2856 4502 dc
2885 4457 3056 4502 morte
3084 4447 3314 4516 refulget
3343 4447 3574 4502 Herene.

2359 4537 2426 4591 In
2451 4537 2784 4602 Nicomedia,
2809 4537 2982 4590 natale
2995 4541 3162 4590 sancti
3184 4536 3488 4592 Claudiani.
3511 4538 3578 4593 In

2417 4628 2666 4699 Egypto,
2696 4628 2870 4683 natale
2901 4640 3200 4684 sanctorum
3235 4630 3440 4695 Μανίαν,
3472 4630 3579 4688 Ni-

2429 4720 2656 4774 canoris.

2212 4816 2245 4868 6
2284 4811 2463 4867 ldibus
2495 4813 2706 4867 octavis
2745 4811 2932 4868 Sixtus
2965 4825 3282 4886 martyrque
3319 4831 3579 4886 sacerque

2284 4904 2606 4971 Praeminet,
2656 4904 2894 4960 Adriano
2944 4915 3172 4961 mortem
3221 4909 3321 4963 sub
3367 4908 3579 4964 Caesare

3269 4999 3502 5072 [passus.

2042 5147 2108 5186 ue
2136 5130 2338 5193 codice,
2361 5129 2496 5200 Reg.
2526 5128 2742 5198 etBig.,
2775 5130 2852 5183 sic
2881 5137 2941 5181 ut
2966 5130 3268 5188 edidimus:
3302 5133 3353 5186 in
3386 5133 3576 5189 iisdem

2031 5199 2283 5256 Eustasius
2313 5199 2570 5270 scriptum
2603 5210 2706 5263 cst,
2737 5199 2824 5253 ubi
2858 5200 3051 5270 legitur
3077 5201 3409 5257 Eustathius.

2073 5271 2100 5310 ά
2129 5272 2302 5324 Tertia
2333 5269 2610 5324 Domnino.
2647 5270 2698 5322 lu
2729 5269 3097 5333 codicech,
3129 5272 3414 5327 Dominico.

2073 5287 2100 5310 α
2129 5287 2156 5324 Ἰ
2173 5287 2302 5324 erna
2333 5287 2610 5324 uommno.
2647 5287 2698 5322 ιη
2729 5287 2912 5324 COGICC
2940 5287 3016 5322 lit‘
3061 5312 3097 5333 .,
3129 5287 3414 5327 υοηιιηιεο.

2006 5339 2480 5467 SZ'EtOChiont’a.
2541 5339 2630 5393 Sic
2684 5340 2735 5393 in
2789 5340 2974 5395 codice
3021 5287 3226 5412 fiegio;
3281 5342 3332 5396 in
3385 5344 3574 5408 editis,

2047 5428 2072 5465 c
2114 5429 2272 5466 tanta.
2582 5421 2604 5438 ⁶

2047 5421 2272 5466 chionta.
2582 5421 2604 5438 θ

2083 5482 2101 5520 ί
2146 5486 2309 5551 Atque
2356 5482 2472 5550 pari
2506 5479 2702 5602 Ι(τείρεα.
2749 5479 2901 5536 Hunc
2936 5498 3182 5546 versum,
3226 5485 3314 5553 qui
3347 5483 3495 5538 dmst
3522 5485 3578 5538 in

2083 5553 2191 5602 ilice
2229 5552 2372 5602 Βία..
2411 5550 2461 5602 in
2554 5551 2673 5602 θαἱο
2706 5551 2951 5602 Baluzius
3000 5555 3200 5602 renerit
3245 5555 3573 5602 descrintnm

2003 5553 2191 5608 codice
2225 5550 2372 5621 Big.,
2411 5550 2461 5602 in
2506 5550 2673 5622 Regio
2706 5551 2951 5622 Baluzius
3000 5555 3200 5622 reperit
3243 5550 3573 5622 descriptum

1924 5644 1954 5662 ·-
2005 5625 2089 5682 die
2115 5625 2149 5676 ‘2
2176 5623 2394 5692 Aprilis,
2429 5630 2550 5689 post
2581 5621 2728 5675 illum
2756 5621 3036 5691 Lugduni,
3064 5621 3168 5678 etc.

383 5167 418 5195 ιι
441 5151 572 5208 Haec
600 5153 845 5222 primum.
885 5150 1115 5205 Versum
1141 5148 1430 5222 ltunc,_qui
1465 5148 1519 5201 in
1550 5146 1778 5222 vulgatis
1806 5147 1899 5222 de-

305 5233 459 5288 erat,
489 5217 1035 5278 subministraverunt
1064 5218 1280 5274 codices
1308 5217 1441 5286 Reg.
1472 5227 1527 5273 et
1553 5217 1692 5288 Big.;
1723 5217 1775 5271 in
1806 5217 1898 5272 illo

309 5294 537 5350 additur
561 5291 731 5349 Senes
759 5293 1105 5346 Emcnnuu.

387 5365 420 5404 δ
443 5363 547 5418 Hic
571 5364 708 5418 Deus
734 5364 928 5432 omnip.
965 5362 1107 5414 Duos
1135 5362 1297 5432 hosce
1320 5375 1541 5432 versus,
1559 5359 1649 5432 qui
1678 5357 1900 5432 deerant

311 5435 370 5491 in
401 5435 571 5504 priori
602 5434 837 5504 editione
856 5427 885 5496 ,⁷
910 5433 961 5487 in
992 5431 1178 5486 codice
1207 5430 1339 5500 Reg.
1373 5427 1854 5499 reperitBaluzius
1881 5445 1896 5493 ;

311 5505 458 5562 alter
484 5506 565 5559 sic
593 5503 869 5574 legebatur
895 5522 907 5556 :
1797 5520 1805 5529 -

446 5584 648 5633 Nomina
667 5584 801 5645 ponit
825 5590 966 5643 pater
987 5585 1176 5632 cunctis
1191 5580 1465 5630 amantibus
1487 5579 1670 5642 Adam;

311 5671 424 5714 nec
451 5657 524 5711 ita
550 5656 976 5717 emendavitnus,
1007 5662 1067 5708 ut
1093 5655 1264 5708 vides.

393 5739 418 5766 ε
449 5726 755 5797 Halcusque
781 5726 1042 5779 coluntur.
1077 5725 1130 5777 ltt
1156 5725 1332 5789 editis,
1367 5723 1642 5788 locantur;
1675 5725 1725 5777 in
1756 5734 1902 5776 utro-
