4034 6350
226 377 350 438 ﬁt)!
1564 376 1756 433 MART
1771 377 2194 434 YROLOGIUM.
3406 379 3516 440 803

530 495 817 550 Aureliano
875 510 1028 548 suum
1073 493 1255 563 plebes
1303 493 1600 562 recolitque
1649 492 1826 548 Lifar-
1855 498 1902 556 Α
2221 495 2508 568 Margarita
2528 536 2543 560 ,
2575 497 2819 569 martyrii
2851 497 3136 568 splendore
3165 499 3400 554 nitescit.

1581 588 1753 660 [dum.
2210 587 2431 660 Hocque
2457 589 2728 645 Modestus
2751 589 2801 655 δ,
2831 600 2886 645 et
2917 589 3056 645 alma
3093 592 3225 646 nitet
3251 591 3512 648 Crescen-

598 684 665 739 In
707 683 888 753 Africa
920 683 1149 748 Quirini,
1186 680 1350 752 Gagi,
1389 680 1599 745 Donati,
1642 679 1828 735 Roma:
3135 681 3230 754 [tia
3261 682 3434 753 virgo.

665 776 860 831 Marcia
887 784 936 830 et
961 774 1262 829 Saturnini.
2285 766 2347 821 In
2395 768 2581 823 Sicilia
2622 768 2819 836 natale,
2861 777 3162 824 sanctorum
3192 767 3417 825 Modesti
3460 779 3513 826 et

223 873 370 929 Dies
425 872 459 927 4
491 871 694 943 Martyr
738 877 794 925 et
843 868 1069 923 antistes
1108 866 1283 937 pridie
1332 880 1489 921 sacra
1537 872 1662 920 vota
1697 861 1825 932 Qui-
2353 855 2636 913 Crescenti.

1583 956 1760 1028 [rinus
1927 953 2055 1008 Dies
2107 953 2176 1007 16
2215 951 2500 1007 Sedecimo
2526 950 2773 1022 Cyricus,
2805 950 2966 1007 Julita
2995 969 3117 1008 cum
3149 953 3410 1022 genitrice

530 1055 903 1122 Accumulans,
927 1053 1150 1125 proprio
1169 1051 1442 1108 Christum
1471 1051 1537 1106 de
1565 1047 1828 1119 sanguine
2214 1043 2476 1099 Clarescit
2505 1057 2634 1097 vera
2662 1042 2862 1098 Christi
2893 1043 3093 1112 pietate
3122 1043 3351 1114 fideque.

1535 1141 1754 1214 [ριθοθμ
1829 1176 1839 1184 .
2351 1131 2418 1185 Et
2444 1130 2668 1186 aliorum
2691 1140 2990 1186 sanctorum
3010 1133 3512 1204 quadringentorum

595 1243 797 1306 Romae,
819 1240 992 1296 natale
1006 1246 1306 1294 sanctorum
1333 1234 1670 1306 Expergenti,
1695 1230 1827 1286 Phi-
2424 1239 2733 1299 martyrum.

667 1333 813 1402 lippi.
2108 1324 2175 1378 17
2215 1323 2601 1392 Quindecimus
2632 1331 2836 1393 septem
2875 1321 3376 1395 quinquagenisque
3412 1323 3510 1378 du-

418 1424 453 1478 5
484 1423 652 1478 Nonis
679 1422 908 1476 antistes
937 1420 1104 1490 fulget
1134 1416 1465 1479 Bonifacius,
1497 1413 1682 1484 Anglis
3184 1423 3191 1431 ‘
3245 1416 3440 1489 [centis

526 1513 754 1578 Editus,
811 1512 878 1568 ad
924 1509 1200 1566 Christum
1251 1507 1448 1597 Oceani
1511 1506 1604 1576 qui
1657 1503 1824 1559 traxit
2208 1507 2534 1578 Martyribus
2577 1506 2871 1576 iocundam
2911 1507 3076 1599 mittit
3113 1510 3181 1562 ad
3211 1496 3366 1562 astra
3409 1522 3506 1564 eo-

1298 1590 1304 1597 ’
1457 1594 1749 1668 [alumnos.
3009 1590 3034 1599 “
3200 1597 3432 1670 [ronam.

525 1691 811 1747 Frisonum
837 1706 974 1760 puro
995 1691 1317 1746 submittens
1345 1687 1482 1744 colla
1512 1686 1716 1741 lavaro.
2211 1691 2487 1759 (Ardentis
2526 1699 2778 1761 penetrat
2816 1705 3031 1762 quoque
3062 1689 3302 1746 Phcebus
3327 1691 3508 1746 sidera

593 1784 662 1839 In
690 1785 922 1855 Αἴθρη)ιο
950 1784 1252 1838 Marcianti.
1847 1848 1890 1855 _
3165 1780 3434 1854 [Cancri.)

419 1876 456 1933 6
493 1876 728 1934 Octonas
755 1848 877 1930 ldus
905 1875 1133 1930 Ceratus
1172 1875 1455 1944 episcopus
1497 1879 1676 1938 ornat,
1847 1848 1896 1908 Β
2278 1874 2415 1928 Aviti
2439 1873 2744 1945 presbyteri.

524 1966 729 2024 Urbem
774 1968 866 2037 qui
914 1967 1067 2023 fulcit
1118 1966 1375 2022 Gratiano
1442 1965 1684 2036 principe
1745 1963 1819 2018 di-
2103 1965 2170 2022 18
2207 1964 2471 2033 Quartum
2499 1983 2622 2022 cum
2655 1969 2797 2024 deno
2824 1969 3064 2039 pretioso
3097 1967 3363 2040 sanguine
3388 1963 3504 2023 fra-

1559 2055 1743 2126 [ctam.
3294 2057 3432 2131 [tres

593 2151 860 2207 Nividuno
882 2153 1091 2206 civitate
1110 2150 1347 2216 Amanti,
1371 2148 1521 2203 Luci.
1545 2147 1616 2201 Et
1654 2148 1814 2218 depo-
2201 2149 2580 2206 Marcellianus
2599 2151 2806 2220 pariter
2827 2150 3149 2222 Marcusque
3171 2160 3457 2208 sacrarunt
3484 2165 3501 2207 :

658 2243 778 2296 sitio
807 2242 940 2296 beati
967 2240 1156 2295 Claudi
1181 2240 1427 2310 episcopi.
2277 2241 2430 2298 Hunc
2468 2258 2680 2313 quoque
2725 2242 2948 2298 Balbina
2993 2242 3187 2298 lustrat
3224 2243 3506 2297 meritum-

412 2333 446 2386 7
482 2329 681 2386 Paulus
711 2339 957 2400 septenas
977 2328 1172 2398 praesul
1199 2335 1346 2393 tuus,
1373 2327 1480 2382 alta
1506 2326 1749 2399 Byzanti.
2971 2331 3099 2404 [que
3138 2333 3428 2403 decusque.

410 2421 447 2478 8
482 2421 777 2492 Progenies
829 2421 1191 2490 meritumque
1246 2420 1394 2490 pium
1454 2436 1590 2490 quos
1635 2419 1817 2488 junxit
2096 2423 2162 2479 l9
2203 2423 2498 2480 Gervasius
2539 2433 2624 2479 ter
2665 2424 2866 2480 denum
2912 2423 3303 2494 Protasiusque
3343 2437 3503 2478 coro-

1522 2510 1600 2584 [et
1621 2525 1741 2576 ara,
3250 2511 3424 2585 [nant.

515 2603 802 2662 Gildardus
825 2617 985 2660 senas
1003 2604 1312 2674 pariterque
1335 2601 1619 2657 Medardus
1644 2602 1814 2656 hono—
2091 2604 2162 2659 20
2197 2603 2498 2674 Vitalisque
2518 2611 2672 2675 pater
2705 2611 2862 2658 natos
2889 2603 3134 2673 sequitur
3158 2603 3425 2658 duodeno.

1573 2691 1739 2765 [rant.
2201 2695 2424 2763 (Centro
2472 2695 2561 2750 hic
2607 2693 2893 2750 solstitium
2948 2694 3126 2749 medio
3182 2707 3500 2764 summoque

583 2785 654 2843 In
684 2787 925 2844 Caesarea
954 2786 1322 2859 Cappadocia,
1352 2783 1574 2838 Luciani
1615 2790 1814 2851 marty—
3093 2781 3417 2855 [corruscat.

656 2879 747 2932 ris.
2193 2875 2328 2932 Tum
2380 2875 2563 2932 Gaesar
2617 2874 2889 2931 Ludovice
2915 2915 2931 2942 ,
2977 2883 3205 2931 cruento
3249 2883 3492 2946 tempore

441 2969 474 3024 9
507 2967 710 3036 Quinas
732 2965 943 3020 Primus
966 2965 1151 3030 habet,
1175 2963 1363 3035 iuncto
1386 2963 1488 3018 sibi
1510 2961 1807 3018 Feliciano.
3198 2965 3425 3038 [functe,

585 3055 773 3112 Ραδείο
794 3057 962 3111 εαηοιί
993 3055 1228 3109 Vincenti
1256 3053 1522 3124 ηιαττυνίε·
2192 3061 2250 3116 ln
2273 3061 2454 3132 plures
2482 3070 2664 3131 partes
2689 3075 2908 3117 cessura
2936 3069 3147 3132 sceptra
3178 3057 3492 3131 relinquis.)

516 3151 736 3220 Quartae
763 3149 1029 3215 Basilide,
1055 3156 1110 3203 et
1138 3147 1223 3203 bis
1243 3147 1384 3202 dono
1411 3154 1651 3217 martyre
1681 3159 1807 3201 ver-
1834 3212 1880 3276 C

1559 3238 1710 3276 ruant

2087 3154 2150 3210 2l
2196 3153 2398 3227 Martyr
2424 3154 2755 3225 Rufinusque
2791 3154 3003 3210 undeno
3039 3162 3096 3209 et
3133 3152 3332 3209 Marcia
3378 3151 3497 3223 pol-

3271 3242 3405 3276 ειη-η

1559 3238 1732 3312 [nant.
1834 3238 1880 3276 υ
3271 3242 3425 3316 [Ιοηῐ.

580 3335 648 3390 1η
698 3334 1029 3399 Nicomedia,
1079 3331 1253 3388 natale
1298 3332 1465 3386 sancti
1513 3329 1810 3384 Zachariw.
2091 3336 2162 3390 22
2197 3336 2439 3392 Albanus
2468 3335 2678 3392 decimo
2703 3334 2946 3393 defendit
2973 3334 3131 3392 laude
3164 3335 3496 3391 Britannos:

642 3423 709 3478 In
755 3423 1092 3478 Antisiodoro
1117 3421 1369 3491 depositio
1399 3419 1566 3474 sancti
1593 3417 1814 3473 Censuri
2194 3427 2235 3482 Ρ

2194 3427 2559 3498 Paulinusque
2580 3426 2769 3482 Nolam
2803 3429 3014 3484 meritis
3053 3435 3110 3482 et
3149 3426 3368 3482 nomine
3411 3425 3497 3482 lu-

654 3517 901 3586 episcopi.
3241 3517 3422 3590 [strat.

409 3607 468 3660 11
509 3603 786 3660 Barnabas
825 3613 1007 3658 ternas
1035 3610 1261 3658 exornat
1300 3600 1569 3670 apostolus
1596 3599 1738 3655 ldus.
2270 3607 2339 3661 Et
2369 3608 2646 3678 octingenti
2668 3609 2997 3678 septuaginta
3018 3623 3200 3663 novem
3221 3615 3498 3677 martyres.

593 3696 796 3761 Romae,
847 3695 1021 3749 natale
1059 3703 1357 3748 sanctorum
1403 3692 1737 3747 Restitutio...
2085 3697 2158 3753 23
2194 3696 2487 3768 Anglorum
2511 3713 2652 3753 nono
2677 3697 2920 3753 Ediltrud
2951 3699 3018 3754 de
3043 3699 3284 3769 germine
3309 3697 3498 3770 fulget.

587 3790 654 3844 Et
685 3790 810 3843 alibi
842 3788 1070 3841 Naboris
1097 3796 1144 3840 et
1177 3784 1391 3839 Felicis.
2089 3788 2159 3842 24
2197 3786 2402 3844 Octavo
2435 3799 2592 3843 natus
2622 3788 2816 3844 colitur
2837 3788 3078 3859 Baptista
3105 3786 3360 3844 Joannes.

405 3883 476 3940 l2
513 3883 743 3955 Cyrinus
769 3880 943 3951 pridie
991 3877 1230 3949 effulget,
1275 3876 1558 3947 Nazarque
1605 3875 1813 3931 Nabor-
2088 3881 2160 3936 25
2198 3880 2432 3950 Septeno
2472 3880 2698 3935 Romam
2743 3879 2939 3936 Luccia
2981 3893 3004 3921 ο
3046 3889 3278 3937 exornat
3317 3895 3501 3937 amore

1401 4027 1406 4037 .
1562 3963 1692 4037 [(1υο
1719 3980 1735 4018 ε
2199 3969 2398 4025 Sancta
2427 3970 2534 4040 pio,
2561 3971 2643 4025 bis
2673 3969 2812 4026 deno
2836 3978 2892 4025 et
2915 3969 3043 4026 bino
3068 3964 3306 4042 ma'rtyre
3329 3967 3452 4024 laeta
3482 3987 3497 4025 :
3559 4007 3566 4014 -

513 4065 608 4121 His
655 4073 709 4121 et
753 4062 1042 4120 Basilidem
1072 4074 1098 4103 α
1131 4061 1270 4117 festo
1291 4059 1562 4116 sociamus
1594 4058 1808 4114 eodem.
2199 4059 2312 4118 Rex
2353 4062 2545 4130 quibus
2580 4061 2774 4116 Aceias
2814 4061 2961 4117 socio
3000 4061 3232 4118 collucet
3271 4062 3498 4119 honore.

408 4157 476 4214 15
512 4156 636 4213 ldus
664 4156 896 4212 illustrat
922 4153 1159 4210 Felicula
1187 4153 1338 4224 virgo
1365 4165 1576 4215 cruore,
2274 4151 2345 4206 Et
2372 4151 2547 4206 natale
2570 4152 2738 4206 sancti
2763 4151 2992 4207 Amandi
3018 4152 3350 4224 confessoris.

513 4248 620 4305 Lac
645 4246 936 4304 Petronilla
964 4244 1078 4309 tibi,
1101 4243 1325 4300 verbum
1350 4257 1513 4313 quam
1530 4239 1733 4309 junxit,
1758 4246 1816 4294 et
2086 4241 2158 4298 26
2196 4241 2421 4299 Sextum
2466 4250 2672 4314 martyr
2699 4243 2864 4298 habet
2888 4241 3089 4298 Paulus
3131 4241 3294 4298 simul
3331 4250 3496 4314 atque

1561 4330 1737 4404 [:etas.
3151 4331 3426 4406 [Joannes,

583 4430 652 4487 In
693 4431 895 4502 Africa,
937 4428 1181 4495 Luciani,
1213 4425 1520 4491 Fortunati,
1563 4421 1812 4479 Crescen-
2199 4422 2475 4489 Germine,
2503 4436 2710 4490 amore,
2740 4421 2862 4490 fide,
2887 4422 3111 4490 virtute,
3151 4433 3208 4479 et
3235 4423 3500 4492 sanguine

655 4525 806 4580 tiani.
1837 4565 1891 4588 η
3163 4515 3390 4588 [fratres
3411 4529 3428 4569 :

412 4621 478 4676 M
515 4617 717 4675 Octavo
763 4615 888 4670 Julii
943 4623 998 4670 et
1039 4613 1180 4668 deno
1207 4619 1334 4667 ante
1362 4609 1583 4667 exordia
1609 4606 1812 4664 mensis
1837 4565 1893 4626 Β
2201 4609 2336 4665 Cum
2349 4609 2546 4679 quibus
2561 4615 2789 4680 augusto
2805 4565 3308 4663 radiatConstantia
3333 4615 3500 4664 serto.

514 4710 678 4766 Vates
701 4709 908 4764 Eliseus
949 4706 1109 4763 simul
1147 4704 1454 4772 Abdiasque
1492 4701 1761 4770 refulgent
1792 4715 1822 4754 :.
2108 4695 2112 4699 ’
2272 4701 2644 4757 Thessalonica
2679 4700 2906 4765 civitate,
2946 4698 3126 4753 Lucio:
3171 4700 3411 4769 virginis,
3453 4706 3504 4752 et

515 4804 614 4859 Hic
635 4813 849 4872 quoque
881 4798 1094 4858 Valerio
1118 4805 1173 4852 et
1197 4793 1393 4850 Ruﬁno
1418 4801 1657 4863 martyre
1681 4805 1812 4862 gau-
2343 4793 2538 4847 Avietw
2566 4791 2720 4862 regis.
2751 4789 2818 4845 Et
2847 4791 3017 4845 sancti
3039 4789 3210 4847 Saleii
3232 4791 3503 4861 martyris.

1605 4883 1738 4956 [det.
2090 4887 2160 4942 27
2197 4885 2511 4955 Hesperiam
2525 4883 2714 4953 quinto
2731 4883 2957 4938 antistes
2984 4890 3298 4954 martyrque
3312 4881 3507 4937 Zoelus

585 4986 880 5044 Aurelianis
905 4983 1130 5045 civitate,
1153 4980 1407 5052 depositio
1428 4978 1596 5034 sancti
1616 4975 1814 5031 Aniani
2206 4977 2536 5050 Martyribus
2574 4974 2816 5032 cumulat
2850 4974 3074 5045 junctus
3113 4973 3372 5044 denisque
3411 4987 3508 5028 no-

657 5075 901 5150 episcopi.
942 5071 1013 5127 Et
1059 5069 1222 5125 Elisei
1261 5069 1547 5139 prophetia,
1587 5077 1634 5124 et
1670 5065 1820 5121 ισέιίο
2293 5132 2300 5137 _
3159 5062 3434 5138 [vemque.

664 5169 819 5224 culte.
2274 5162 2344 5217 In
2373 5159 2611 5231 Spaniis,
2637 5154 2935 5222 Criscentis,
2969 5153 3196 5222 Iuliani,
3227 5152 3506 5213 Clementis

411 5266 482 5323 15
519 5267 756 5336 Septena
782 5261 923 5316 deuo
945 5257 1102 5314 Vitas
1128 5270 1253 5312 cum
1280 5254 1494 5326 virgine
1533 5252 1681 5310 clara
2358 5264 2407 5310 ει
2445 5250 2759 5309 Marcellini.

310 5457 344 5487 ι
376 5441 477 5497 His
508 5451 554 5496 et
575 5437 883 5494 Basilidem.
915 5433 973 5488 In
1006 5431 1192 5487 codice
1221 5429 1383 5500 Reg.,
1416 5426 1516 5482 His
1546 5437 1594 5482 et
1624 5425 1822 5501 Basili-
2005 5449 2028 5477 e
2076 5437 2295 5491 Romam
2345 5433 2557 5487 Luccia,
2625 5431 2777 5486 Hunc
2832 5446 3048 5487 versum
3106 5446 3172 5487 ac
3225 5439 3512 5501 sequentes

201 5519 358 5580 den,
387 5528 452 5567 ac
478 5513 522 5567 si
555 5511 765 5565 femina:
785 5508 872 5561 hic
895 5503 1102 5580 mentio
1135 5498 1373 5580 ﬁat,_citi
1420 5515 1617 5580 nomen
1666 5498 1794 5554 fueri

1933 5509 2066 5580 duos
2110 5509 2182 5562 ita
2233 5507 2501 5580 edidimus
2547 5513 2620 5580 ut
2647 5504 2895 5580 descripti
2930 5512 3056 5558 sunt
3085 5503 3137 5556 in
3163 5498 3315 5580 codd;
3346 5501 3511 5580 Regio

223 5520 358 5580 den,
387 5528 452 5567 ac
478 5520 522 5567 Si
555 5520 872 5565 lemmth
901 5520 1102 5558 ιηθηιιο
1135 5520 1244 5564 "illi
1289 5520 1373 5555 (ειη
1420 5520 1614 5553 "Ome"
1666 5520 1829 5554 luem
1933 5520 2066 5564 auos
2110 5520 2182 5562 ita
2233 5520 2498 5559 edidimus
2547 5520 2604 5557 ιιι
2647 5520 2895 5572 uescrtpu
2930 5520 3056 5558 sunt
3085 5520 3137 5556 tn
3163 5520 3315 5556 coau.
3347 5520 3422 5557 ne
3461 5520 3512 5557 ιο

223 5584 488 5643 Basilide.
515 5582 654 5636 Infra
691 5577 1054 5650 qunmjunant
1084 5571 1489 5650 scripsimusex
1520 5570 1707 5625 eodem
1740 5585 1833 5626 co-
1930 5590 1984 5634 ei
2014 5579 2197 5650 Bigot,
2244 5578 2298 5630 In
2341 5577 2504 5650 priori
2539 5575 2790 5650 editione,
2834 5575 3109 5628 Lucena...
3161 5520 3514 5643 Scampiogn's

225 5642 356 5713 dice
385 5665 442 5707 et
468 5671 498 5707 e
522 5642 714 5723 Bigol_.,
745 5649 831 5723 ubi
863 5642 1138 5723 legebatur
1169 5642 1460 5711 conjunxit.
1536 5712 1546 5723 .
1725 5710 1757 5723 υ

1113 5661 1138 5697 r
1169 5642 1460 5711 conjunxit-
1536 5712 1546 5723 .
1725 5710 1757 5723 υ
1930 5642 2132 5704 ἀεηοᾸ.
2167 5649 2230 5703 de
2269 5642 2455 5718 quibus
2495 5646 2698 5723 Accius.

307 5710 338 5766 ἰ»
383 5710 611 5791 nam";
654 5710 939 5791 Modestus:
966 5715 1097 5791 _l_lic
1147 5710 1338 5768 versus
1385 5729 1486 5768 nec
1536 5712 1588 5766 in
1638 5710 1828 5767 codice
2281 5710 2293 5718 '
2554 5716 2579 5740 ⁸

228 5797 410 5865 Regio
455 5786 654 5856 eistztt,
704 5807 802 5845 nec
855 5790 906 5842 in
936 5786 1139 5860 ‘Bigot.
