4000 6352
616 326 715 387 δυ
758 398 766 404 ,

1903 528 2128 599 [turum,

900 620 1147 675 Exaltata
1174 620 1351 675 crucis
1378 619 1585 690 fulgent
1601 618 1797 675 vexilla
1828 619 2031 685 relatae,

897 714 1121 772 Perside
1158 715 1225 769 ab
1263 714 1481 786 indigna
1510 714 1682 769 victor
1708 728 1870 784 quam
1902 712 2053 767 vexit
2087 709 2193 766 He-

1847 802 2084 876 [racleus
2110 822 2121 855 :

895 894 1284 966 Corneliusque
1312 909 1465 950 suam
1492 894 1691 948 virtute
1715 900 1771 947 et
1802 894 2060 975 sanguine
2086 892 2196 947 Ro-

1704 1036 1707 1039 .
1958 984 2127 1057 [niam

894 1077 1345 1154 Antistesfulcit;
1377 1076 1645 1147 Cypriano
1674 1075 1792 1131 laeta
1818 1085 2069 1131 coruscat

899 1172 1167 1242 Carthago
1197 1170 1391 1242 insigni
1419 1170 1638 1225 doctore
1660 1178 1716 1224 et
1736 1179 1997 1241 martyre,
2027 1177 2195 1225 totum

893 1265 1145 1321 Ecclesiae
1197 1265 1440 1320 scribunt
1495 1262 1649 1332 cujus
1702 1278 1855 1318 sacra
1914 1264 2067 1318 dicta.
2103 1278 2199 1334 per

1897 1355 2084 1409 orbem
2108 1372 2121 1407 :

1874 1354 2121 1427 [orbemz

888 1447 1138 1503 Praesulis
1198 1448 1288 1503 hic
1351 1448 1514 1502 etiam
1579 1446 1832 1502 meritum
1892 1446 2198 1503 celebratur

1727 1611 1731 1615 η
1884 1538 2121 1614 [Eparci.

788 1631 855 1691 15
890 1630 1188 1701 Septenum
1258 1631 1457 1686 denum
1530 1630 1848 1687 Nicomedes
1915 1632 2197 1704 presbyter

1919 1722 2120 1793 [ornat,

888 1813 1077 1886 Virgo,
1109 1825 1250 1881 tuus,
1284 1812 1598 1879 Petronilla,
1647 1828 1852 1881 comes,
1882 1823 2195 1885 martyrque
2220 1829 2273 1897 Β

1882 1905 2116 1980 [beatus

888 2002 1180 2069 Pontiﬁces
1211 2018 1325 2068 ara,
1361 2004 1588 2069 meritis,
1620 2004 1840 2073 vitaque
1878 2002 2088 2057 colendi

892 2093 1156 2149 Carnutes
1171 2092 1612 2164 Leobiuus,Aper
1624 2093 1938 2161 Leucosque
1951 2100 2191 2176 tuentur.

962 2184 1034 2239 Et
1073 2184 1324 2254 depositio
1363 2184 1537 2238 Albini
1561 2184 1785 2253 episcopi
1820 2193 1866 2238 et
1898 2183 2066 2238 sancti
2089 2181 2193 2236 Ni-

1030 2275 1279 2329 comedis.

783 2366 853 2445 16
888 2365 1026 2445 llinc
1057 2375 1208 2421 sexto
1248 2365 1386 2421 deno
1420 2362 1681 2419 Martinus
1720 2378 1854 2433 papa
1888 2364 2098 2418 beatur.

890 2456 1297 2524 Eufemiamque
1377 2454 1467 2524 pio
1553 2462 1794 2508 sanctam
1874 2467 2197 2508 veneramur

1887 2544 2115 2617 [amore.

882 2639 1079 2696 Lucius
1114 2639 1219 2693 hoc
1247 2637 1405 2692 simul
1436 2637 1661 2692 excellet
1686 2653 1808 2693 cum
1836 2636 2189 2705 Geminiano;

887 2731 1223 2805 Condecorat
1245 2730 1451 2803 pariter
1466 2744 1653 2800 passos
1676 2744 1811 2800 quos
1833 2728 2018 2785 laurea
2040 2730 2197 2785 Chri-

2008 2817 2117 2889 [sti.

957 2909 1024 2964 Et
1055 2910 1232 2964 natale
1251 2919 1552 2965 sanctorum
1600 2909 1777 2962 Lucina
1800 2917 1846 2962 et
1874 2906 2189 2962 Geminiani.

786 3005 849 3075 l7
886 3003 1209 3060 Lambertus
1234 3003 1480 3073 quintum
1503 3003 1699 3057 denum
1723 3001 1922 3057 virtute
1946 3009 2194 3065 coronat;

884 3092 1073 3167 Faclio
1123 3106 1282 3161 quem
1332 3107 1531 3148 cmsum
1588 3105 1800 3160 semper
1843 3089 2197 3145 tremebunda

1834 3180 2113 3253 [pavescit.

960 3273 1029 3327 Et
1068 3273 1234 3327 sancti
1259 3270 1475 3325 Paulini
1500 3272 1749 3342 episcopi.

784 3367 852 3424 18
890 3364 1016 3430 Ore,
1063 3363 1167 3418 ﬁde
1206 3362 1455 3428 antistes,
1507 3361 1780 3432 signisque
1830 3370 1885 3418 et
1935 3361 2193 3434 sanguine

1885 3454 2119 3528 [martyr

852 3549 1156 3607 Methodius
1184 3555 1439 3619 quartum
1487 3549 1681 3602 denum
1709 3546 2064 3603 celebrandas
2090 3548 2190 3601 ho-

1918 3637 2117 3710 [norat.

890 3734 1191 3803 IEquatura
1215 3733 1357 3787 diem
1385 3731 1600 3786 solitum
1623 3746 1751 3786 mox
1776 3732 1914 3786 libra
1935 3732 2186 3787 cohaeret.

958 3824 1023 3878 In
1045 3822 1391 3887 Alexandria,
1411 3821 1584 3875 natale
1606 3821 1775 3875 sancti
1798 3820 2094 3893 Trophimi.

784 3914 848 3972 i9
889 3913 1112 3968 Virtutis
1148 3911 1416 3981 specimen
1466 3909 1724 3980 patiendi,
1775 3917 1831 3963 et
1880 3909 2053 3963 forma
2094 3911 2188 3963 de-

1896 4000 2123 4073 [cusque

890 4094 1478 4168 MartyriiEustachius
1515 4104 1670 4148 terno
1717 4092 1964 4162 denoque
1995 4093 2190 4147 trium-

1943 4179 2118 4253 [phat.

962 4278 1030 4333 In
1058 4276 1265 4343 Galliis,
1292 4277 1496 4330 civitate
1550 4273 1766 4340 Vienna,
1802 4273 1976 4328 natale
2025 4275 2193 4329 sancti

1034 4366 1232 4422 Ferioli
1258 4366 1524 4435 martyris.

780 4462 853 4527 20
888 4458 1160 4532 Virgoque
1195 4457 1468 4513 bissenum
1498 4455 1694 4511 Fausta
1727 4465 1889 4527 atque
1924 4455 2190 4511 Evilasius

964 4526 1013 4541 ’⁷
1070 4526 1089 4531 ἡ
1641 4612 1649 4621 ν
1801 4526 1815 4527 7
1881 4545 2115 4619 [ornant.

900 4641 1082 4713 (Libra
1132 4653 1290 4710 pares
1337 4650 1363 4679 ε
1396 4637 1532 4692 lucis
1581 4638 1863 4707 somnique
1915 4637 2003 4691 hic
2030 4635 2193 4690 eilicit

1884 4724 2118 4799 [horas.)

956 4801 1023 4855 Et
1045 4799 1220 4870 vigilia
1249 4797 1489 4852 Mattluei
1512 4795 1755 4868 apostoli.

778 4899 841 4952 2i
880 4893 1132 4951 Deseruit
1156 4890 1372 4946 Christo
1405 4892 1590 4945 mundi
1620 4891 1711 4960 qui
1742 4890 1892 4945 lucra
1932 4898 2183 4955 vocante,

888 4984 1242 5042 Undecimum
1274 4981 1559 5037 Matthqu
1607 4982 1916 5052 evangelico
1946 4997 2042 5036 ore
2090 4997 2180 5038 sa-

1895 5072 2109 5151 [cravit.

961 5165 1147 5223 Passio
1174 5167 1342 5222 sancti
1364 5166 1603 5221 Μαιηιωί
1628 5166 1868 5236 apostoli.

784 5262 853 5316 22
890 5261 1178 5316 Mauricius
1208 5261 1404 5316 denum
1450 5259 1595 5313 socia
1620 5259 1830 5329 legione
1859 5271 2107 5316 coronat.

677 5448 704 5478 ι
731 5434 889 5489 Libra
923 5449 1093 5503 pares.
1144 5433 1299 5488 Hunc
1324 5447 1541 5488 versum
1594 5432 1895 5489 addidimus
1936 5450 1965 5489 e
2020 5435 2174 5491 codd.

604 5502 797 5579 Regio;
812 5515 869 5558 et
907 5502 1081 5573 Bigot.

680 5573 718 5618 ιῖ
752 5576 1135 5629 Emmeramas.
1189 5573 1286 5627 llic
1326 5590 1517 5629 versus
1564 5582 1618 5628 et
1668 5590 1899 5644 sequens
1927 5577 2119 5632 absunt
2149 5592 2178 5630 a

609 5649 765 5703 codd°
801 5647 966 5713 llcgio
991 5654 1043 5699 et
1061 5645 1239 5715 Bigot.
1266 5644 1407 5698 Infra
1432 5646 1519 5699 ubi
1547 5644 1902 5715 Liberinsqae,
1928 5648 1978 5701 in
2001 5650 2182 5704 codice

611 5718 741 5792 Reg.
777 5718 987 5788 legitur,
1029 5714 1381 5785 liberiusque.

2215 3177 2265 3242 ϐ

2214 4550 2270 4633 n

1602 292 2108 379 WANDALBERTI
2148 322 2565 380 PRUMIENSIS
2603 291 2912 381 nontam
3759 335 3848 391 an

617 439 741 494 Dies
794 437 873 494 li
897 437 1104 495 Octono
1127 444 1182 492 et
1211 437 1419 525 decimo
1446 435 1776 497 Octimbrem
1818 437 2090 492 vocitanle
2115 435 2201 491 fu-
2228 444 2273 502 Α

2589 437 2766 492 EtIuso
2792 448 3022 493 mortem
3049 440 3255 513 pariter
3284 457 3405 512 qua:
3439 443 3698 514 sanguine

2653 526 2723 580 Et
2754 539 3053 582 sanctorum
3096 529 3414 584 Thebeorum
3454 530 3694 588 Haaritii
3710 547 3756 590 et
3780 556 3848 593 so-

2727 619 2928 671 ciorum
2944 620 2994 688 ej
3000 618 3287 691 asfnamero
3308 638 3401 676 sea:
3422 623 3647 679 millium
3659 644 3847 683 sexcen-

2721 722 2891 765 toram
2922 715 3193 784 sexaginta
3219 731 3328 769 sex.

2582 804 2955 860 Emmeramus
2995 805 3024 844 δ
3074 821 3195 860 cum
3235 806 3384 861 socio
3429 809 3720 864 comitatur
3765 812 3847 867 bo-

2890 946 2899 951 _
3616 899 3764 973 [nore
3780 944 3792 968 ,

2583 986 2751 1053 Quem
2768 1001 2896 1058 gens
2919 987 3142 1061 insignis
3162 988 3440 1045 Britannia
3462 1006 3597 1047 voce
3617 996 3848 1063 reposcit.

2301 1075 2422 1131 Dies
2470 1075 2786 1131 25‘Nouum
2840 1077 2999 1133 Tecla
3029 1087 3173 1133 tenet
3199 1095 3355 1136 roseo
3385 1081 3608 1150 perfusa
3648 1099 3848 1152 cruore;

2501 1215 2505 1220 .
2579 1168 2931 1239 Liberiusque
2963 1169 3104 1226 dicat
3144 1171 3443 1229 Romanam
3474 1190 3612 1245 papa
3652 1192 3747 1248 per
3768 1160 3851 1234 ἰιι-

2578 1329 2762 1384 Levita
2783 1339 2837 1386 et
2862 1330 3055 1387 Socios
3079 1332 3275 1389 merito
3301 1335 3629 1405 splendescit
3649 1267 3850 1397 lggenglre.

2654 1421 2820 1475 Tecla:
2871 1423 3106 1493 virginis,
3149 1434 3197 1478 et
3232 1423 3486 1482 Januarii
3527 1430 3773 1502 episcopi,
3813 1444 3854 1487 et

2729 1517 2872 1573 Socii
2893 1518 3122 1573 diaconi.

2468 1609 2538 1664 24
2575 1608 2836 1665 Octavum
2864 1609 3038 1672 sterili
3075 1620 3370 1682 conceptus
3399 1622 3593 1669 ventre
3616 1613 3855 1682 Joannes,

2580 1698 2997 1769 Andochiusque
3028 1709 3208 1755 sacrat
3239 1709 3552 1773 martyrque
3575 1713 3629 1759 et
3658 1706 3856 1777 presby-

3452 1795 3559 1868 [ter
3593 1797 3795 1864 almus;

2581 1884 2752 1951 Quem
2807 1884 3011 1955 Tyrsus
3074 1882 3338 1954 Felisque
3380 1891 3497 1956 pari
3548 1888 3857 1945 comitantur

2644 2023 2648 2027 ,
3571 1978 3801 2051 [amore.

2468 2072 2537 2127 25
2576 2071 2811 2142 Septcno
2840 2073 3020 2142 Lupus
3059 2073 3286 2129 antistes
3311 2073 3579 2145 Lugduna
3612 2073 3799 2129 revisit

2584 2162 2800 2229 Maenia,
2828 2166 3035 2218 devotm
3058 2173 3243 2234 pastor
3262 2166 3630 2221 memorabilis
3661 2168 3796 2223 urbi.

2573 2255 2837 2309 Ambiana
2861 2256 3024 2310 micat
3061 2256 3303 2312 Firmino
3328 2265 3570 2328 martyre
3595 2258 3798 2328 plebes.

2650 2344 2717 2398 In
2737 2346 2884 2411 Asia,
2924 2350 3091 2400 sancti
3116 2346 3368 2418 Eacarpi.
3400 2346 3473 2401 Et
3490 2348 3636 2412 alibi,
3668 2348 3858 2418 deposi-

2634 2444 2639 2447 ’
2721 2437 2794 2491 tio
2817 2440 2985 2491 sancti
3018 2436 3207 2491 Marci.
3818 2508 3821 2511 Α

2470 2526 2541 2582 26
2579 2526 2745 2582 Sexto
2788 2538 2992 2599 martyr
3025 2539 3151 2583 ovat
3174 2528 3495 2600 Cyprianus,
3528 2532 3689 2602 virgo
3719 2532 3860 2587 beata

2579 2619 2748 2687 Quem
2769 2620 2978 2675 Justina
3006 2622 3100 2675 Dei
3126 2620 3255 2676 fecit
3273 2637 3603 2692 cognoscere
3623 2638 3863 2693 mnum,

2582 2714 2802 2768 Artibus
2848 2714 3055 2769 insanis
3094 2714 3307 2770 tandem
3340 2715 3604 2786 feriisque

2646 2802 2714 2856 Et
2743 2804 2994 2873 depositio
3019 2806 3188 2857 sancti
3208 2803 3421 2859 Eusebii
3445 2807 3699 2876 episcopi.

2473 2896 2540 2952 27
2579 2896 2778 2964 Quinto
2824 2911 2948 2949 cum
2997 2894 3169 2951 fratre
3215 2896 3447 2951 excellet
3503 2897 3738 2952 Cosmas
3778 2895 3864 2954 Da-

3558 2989 3805 3062 [mianoz

2584 3080 2833 3136 Antimus
2875 3082 2973 3136 hos
3026 3081 3288 3152 sequitur,
3331 3080 3612 3146 Leontius,
3666 3082 3865 3151 Eupre-

3554 3174 3809 3245 [piusque

2578 3265 2832 3332 Quinum,
2866 3263 3078 3321 Christe
3109 3276 3158 3331 ε,
3190 3264 3284 3319 tibi
3333 3274 3541 3320 sertum
3577 3265 3675 3335 qui
3709 3270 3868 3321 morte

3503 3355 3809 3429 [dicaan

2651 3448 2719 3501 Et
2745 3449 2914 3502 sancti
2941 3446 3231 3501 Eleatheri.

2470 3538 2540 3593 28
2575 3538 2809 3594 Faustus
2834 3538 2883 3604 ἀ,
2914 3537 3178 3595 Martialis
3205 3547 3459 3610 quartum
3502 3548 3559 3595 et
3582 3537 3874 3598 Januarii:

3580 3631 3813 3703 [ornant

2577 3720 2817 3791 Martyrii
2846 3721 3032 3793 trabea
3056 3720 3215 3776 simul
3240 3729 3293 3776 et
3316 3721 3615 3776 certamine
3642 3721 3808 3776 clari.

2469 3810 2539 3866 29
2576 3809 2835 3865 IEtherea
2868 3810 3069 3865 virtute
3111 3820 3319 3881 potens,
3369 3810 3745 3881 princepsque
3789 3826 3873 3866 su-

2577 3990 2780 4044 Militite
2814 3990 3041 4046 Michael
3079 3999 3233 4047 terno
3261 3991 3361 4047 sibi
3386 3902 3871 4063 templa[:aecrtl:it.

2641 4101 2909 4173 Depositio
2934 4104 3099 4159 sancti
3127 4101 3312 4158 Saloni
3337 4104 3585 4175 episcopi.

2466 4212 2537 4267 30
2573 4212 2847 4283 lnterpres
2874 4214 3009 4285 legis
3042 4216 3350 4285 veterisque
3371 4226 3628 4286 novaeque
3683 4221 3877 4290 probor

3686 4320 3775 4366 tus

2576 4396 2872 4452 lustructor
2900 4397 3181 4464 doctrinae,
3202 4398 3425 4455 haeresis
3450 4309 3754 4458 damnanr
3777 4351 3876 4460 ini-

2573 4576 2941 4650 Hieronymus
2989 4577 3169 4647 pnidin
3235 4578 3608 4651 Septembrem
3621 4491 3877 4643 [qclifiidit

3501 4672 3810 4746 [ovantem

2907 4822 3243 4881 OCTOBEB.
3312 4816 3325 4821 ”

2569 4979 2853 5053 Spumanti
2892 4990 3072 5039 musto
3101 4984 3386 5054 pomisque
3426 4984 3713 5052 Octimber
3735 5006 3875 5049 ona-

2577 5164 2709 5233 Quis
2730 5174 2947 5236 pateras
2969 5167 3326 5241 calathosque
3350 5170 3492 5230 ferat
3512 5080 3879 5245 “$218-

2968 5296 2978 5304 υ
3479 5267 3808 5341 [moremus.

2425 5437 2677 5514 Quinam,
2701 5438 2925 5514 Christe.
2961 5440 3061 5514 Sic
3094 5442 3146 5495 in
3179 5442 3364 5497 codice
3414 5443 3548 5514 Reg.
3599 5454 3654 5501 et
3707 5446 3767 5502 in
3792 5447 3878 5504 Bi-

2287 5519 2422 5580 got.,
2446 5518 2626 5580 recte;
2654 5511 2706 5563 in
2739 5510 2904 5579 priori
2936 5512 3401 5577 editione,unnm,
3434 5510 3596 5570 male.

2357 5579 2383 5617 εἰ
2438 5577 2486 5652 If
2488 5590 2689 5633 uastas.
2719 5577 2774 5633 lu
2823 5582 3008 5636 codice
3039 5582 3225 5652 Regio,
3275 5583 3529 5649 faustum,
3568 5586 3645 5641 sic
3680 5597 3746 5642 ut
3777 5604 3875 5643 rex

2288 5650 2374 5703 illa
2403 5649 2669 5731 referatur
2696 5652 2760 5703 ad
2795 5667 2979 5731 vocem
3010 5649 3277 5731 quartum,
3310 5654 3515 5731 scilicet
3551 5657 3723 5719 diem,
3758 5675 3879 5729 qua:

2290 5724 2554 5787 sequitur,
2588 5730 2749 5791 atque
2777 5724 2934 5776 unius
2965 5725 3136 5778 sancti
3169 5740 3365 5778 notuen
3392 5727 3768 5782 oblitteremr.
