  <div class='ocr_page' id='page_1' title='image "/cluster/home/n/w/nwhite01/storage/ocr_20150623/121/hvd.32044015471642/312.png"; bbox 0 0 4000 6352; ppageno 0'>
   <div class='ocr_carea' id='block_1_1' title="bbox 218 372 337 430">
    <p class='ocr_par' dir='ltr' id='par_1_1' title="bbox 218 372 337 430">
     <span class='ocr_line' id='line_1_1' title="bbox 218 372 337 430; baseline -0.017 0"><span class='ocrx_word' id='word_1_1' title='bbox 218 372 337 430; x_wconf 70' lang='grc' dir='ltr'><strong>6ίό</strong></span> 
     </span>
    </p>
   </div>
   <div class='ocr_carea' id='block_1_2' title="bbox 1300 387 2174 471">
    <p class='ocr_par' dir='ltr' id='par_1_2' title="bbox 1300 387 2174 471">
     <span class='ocr_line' id='line_1_2' title="bbox 1300 387 2174 471; baseline 0.009 -37"><span class='ocrx_word' id='word_1_2' title='bbox 1300 460 1309 471; x_wconf 33' lang='grc'><strong>’</strong></span> <span class='ocrx_word' id='word_1_3' title='bbox 1546 387 1731 453; x_wconf 62' lang='lat' dir='ltr'><strong>nam</strong></span> <span class='ocrx_word' id='word_1_4' title='bbox 1758 387 2174 442; x_wconf 68' lang='grc' dir='ltr'><strong>ιιιυιιυωωῖ.</strong></span> 
     </span>
    </p>
   </div>
   <div class='ocr_carea' id='block_1_3' title="bbox 213 491 1893 578">
    <p class='ocr_par' dir='ltr' id='par_1_3' title="bbox 213 491 1893 578">
     <span class='ocr_line' id='line_1_3' title="bbox 213 491 1893 578; baseline 0.009 -29"><span class='ocrx_word' id='word_1_5' title='bbox 213 491 355 551; x_wconf 78' lang='lat' dir='ltr'><strong>Dies</strong></span> <span class='ocrx_word' id='word_1_6' title='bbox 441 496 458 550; x_wconf 93' lang='lat' dir='ltr'><strong>l</strong></span> <span class='ocrx_word' id='word_1_7' title='bbox 504 495 742 557; x_wconf 76' lang='lat' dir='ltr'><strong>Francos</strong></span> <span class='ocrx_word' id='word_1_8' title='bbox 757 503 1588 578; x_wconf 88' lang='lat' dir='ltr'><strong>quiprimusdocuitdomuitque</strong></span> <span class='ocrx_word' id='word_1_9' title='bbox 1603 505 1813 563; x_wconf 76' lang='lat' dir='ltr'><strong>feroces</strong></span> <span class='ocrx_word' id='word_1_10' title='bbox 1839 508 1893 571; x_wconf 77' lang='grc' dir='ltr'><strong>Α</strong></span> 
     </span>
    </p>
   </div>
   <div class='ocr_carea' id='block_1_4' title="bbox 508 586 1809 670">
    <p class='ocr_par' dir='ltr' id='par_1_4' title="bbox 508 586 1809 670">
     <span class='ocr_line' id='line_1_4' title="bbox 508 586 1809 670; baseline 0.009 -28"><span class='ocrx_word' id='word_1_11' title='bbox 508 586 806 661; x_wconf 79' lang='lat' dir='ltr'><strong>Remigius,</strong></span> <span class='ocrx_word' id='word_1_12' title='bbox 852 596 1073 665; x_wconf 88' lang='lat' dir='ltr'><strong>proprio</strong></span> <span class='ocrx_word' id='word_1_13' title='bbox 1120 596 1451 653; x_wconf 90' lang='lat' dir='ltr'><strong>Octimbrem</strong></span> <span class='ocrx_word' id='word_1_14' title='bbox 1516 598 1809 670; x_wconf 83' lang='lat' dir='ltr'><strong>praesignat</strong></span> 
     </span>
    </p>
   </div>
   <div class='ocr_carea' id='block_1_5' title="bbox 1414 689 1733 761">
    <p class='ocr_par' dir='ltr' id='par_1_5' title="bbox 1414 689 1733 761">
     <span class='ocr_line' id='line_1_5' title="bbox 1414 689 1733 761; baseline -0.006 -15"><span class='ocrx_word' id='word_1_15' title='bbox 1414 717 1417 719; x_wconf 53' lang='grc' dir='ltr'>ν</span> <span class='ocrx_word' id='word_1_16' title='bbox 1461 689 1692 761; x_wconf 85' lang='lat' dir='ltr'><strong>[honore</strong></span> <span class='ocrx_word' id='word_1_17' title='bbox 1719 709 1733 744; x_wconf 93' lang='lat'>:</span> 
     </span>
    </p>
   </div>
   <div class='ocr_carea' id='block_1_6' title="bbox 501 768 1807 856">
    <p class='ocr_par' dir='ltr' id='par_1_6' title="bbox 501 768 1807 856">
     <span class='ocr_line' id='line_1_6' title="bbox 501 768 1807 856; baseline 0.011 -30"><span class='ocrx_word' id='word_1_18' title='bbox 501 768 913 845; x_wconf 84' lang='lat' dir='ltr'><strong>Germanusque</strong></span> <span class='ocrx_word' id='word_1_19' title='bbox 963 779 1124 833; x_wconf 88' lang='lat' dir='ltr'><strong>simul</strong></span> <span class='ocrx_word' id='word_1_20' title='bbox 1171 780 1415 837; x_wconf 75' lang='lat' dir='ltr'><strong>doctrina</strong></span> <span class='ocrx_word' id='word_1_21' title='bbox 1466 784 1692 856; x_wconf 79' lang='lat' dir='ltr'><strong>insignis</strong></span> <span class='ocrx_word' id='word_1_22' title='bbox 1750 794 1807 841; x_wconf 87' lang='lat' dir='ltr'><strong>et</strong></span> 
     </span>
    </p>
   </div>
   <div class='ocr_carea' id='block_1_7' title="bbox 1562 875 1729 949">
    <p class='ocr_par' dir='ltr' id='par_1_7' title="bbox 1562 875 1729 949">
     <span class='ocr_line' id='line_1_7' title="bbox 1562 875 1729 949; baseline 0.006 -18"><span class='ocrx_word' id='word_1_23' title='bbox 1562 875 1729 949; x_wconf 90' lang='lat' dir='ltr'><strong>[actu,</strong></span> 
     </span>
    </p>
   </div>
   <div class='ocr_carea' id='block_1_8' title="bbox 507 955 1802 1031">
    <p class='ocr_par' dir='ltr' id='par_1_8' title="bbox 507 955 1802 1031">
     <span class='ocr_line' id='line_1_8' title="bbox 507 955 1802 1031; baseline 0.011 -19"><span class='ocrx_word' id='word_1_24' title='bbox 507 955 644 1013; x_wconf 84' lang='lat' dir='ltr'><strong>Tum</strong></span> <span class='ocrx_word' id='word_1_25' title='bbox 694 961 970 1031; x_wconf 83' lang='lat' dir='ltr'><strong>propriam</strong></span> <span class='ocrx_word' id='word_1_26' title='bbox 1020 965 1194 1020; x_wconf 87' lang='lat' dir='ltr'><strong>munit</strong></span> <span class='ocrx_word' id='word_1_27' title='bbox 1233 967 1443 1029; x_wconf 85' lang='lat' dir='ltr'><strong>meritis</strong></span> <span class='ocrx_word' id='word_1_28' title='bbox 1489 967 1802 1026; x_wconf 79' lang='lat' dir='ltr'><strong>Antisiodo-</strong></span> 
     </span>
    </p>
   </div>
   <div class='ocr_carea' id='block_1_9' title="bbox 1501 1060 1727 1134">
    <p class='ocr_par' dir='ltr' id='par_1_9' title="bbox 1501 1060 1727 1134">
     <span class='ocr_line' id='line_1_9' title="bbox 1501 1060 1727 1134; baseline -0.022 0"><span class='ocrx_word' id='word_1_29' title='bbox 1501 1060 1644 1134; x_wconf 71' lang='lat' dir='ltr'><strong>[rum</strong></span> <span class='ocrx_word' id='word_1_30' title='bbox 1666 1074 1727 1129; x_wconf 75' lang='lat' dir='ltr'><strong>a;</strong></span> 
     </span>
    </p>
   </div>
   <div class='ocr_carea' id='block_1_10' title="bbox 498 1137 1800 1224">
    <p class='ocr_par' dir='ltr' id='par_1_10' title="bbox 498 1137 1800 1224">
     <span class='ocr_line' id='line_1_10' title="bbox 498 1137 1800 1224; baseline 0.011 -28"><span class='ocrx_word' id='word_1_31' title='bbox 498 1137 603 1208; x_wconf 77' lang='lat' dir='ltr'><strong>Qui</strong></span> <span class='ocrx_word' id='word_1_32' title='bbox 629 1142 845 1201; x_wconf 89' lang='lat' dir='ltr'><strong>Oceano</strong></span> <span class='ocrx_word' id='word_1_33' title='bbox 874 1145 999 1202; x_wconf 86' lang='lat' dir='ltr'><strong>lldei</strong></span> <span class='ocrx_word' id='word_1_34' title='bbox 1029 1148 1265 1221; x_wconf 78' lang='lat' dir='ltr'><strong>refugas,</strong></span> <span class='ocrx_word' id='word_1_35' title='bbox 1296 1158 1353 1207; x_wconf 88' lang='lat' dir='ltr'><strong>et</strong></span> <span class='ocrx_word' id='word_1_36' title='bbox 1379 1152 1572 1224; x_wconf 80' lang='lat' dir='ltr'><strong>dogma</strong></span> <span class='ocrx_word' id='word_1_37' title='bbox 1611 1152 1800 1210; x_wconf 83' lang='lat' dir='ltr'><strong>nefan-</strong></span> 
     </span>
    </p>
   </div>
   <div class='ocr_carea' id='block_1_11' title="bbox 1599 1245 1725 1299">
    <p class='ocr_par' dir='ltr' id='par_1_11' title="bbox 1599 1245 1725 1299">
     <span class='ocr_line' id='line_1_11' title="bbox 1599 1245 1725 1299; baseline 0 0"><span class='ocrx_word' id='word_1_38' title='bbox 1599 1245 1725 1299; x_wconf 91' lang='lat' dir='ltr'><strong>dum</strong></span> 
     </span>
    </p>
   </div>
   <div class='ocr_carea' id='block_1_12' title="bbox 493 1242 1793 1397">
    <p class='ocr_par' dir='ltr' id='par_1_12' title="bbox 493 1242 1793 1397">
     <span class='ocr_line' id='line_1_12' title="bbox 1599 1245 1725 1299; baseline 0.008 -1"><span class='ocrx_word' id='word_1_39' title='bbox 1599 1245 1725 1299; x_wconf 91' lang='lat' dir='ltr'><strong>dum</strong></span> 
     </span>
     <span class='ocr_line' id='line_1_13' title="bbox 493 1242 1793 1397; baseline 0.011 -21"><span class='ocrx_word' id='word_1_40' title='bbox 493 1318 766 1393; x_wconf 89' lang='lat' dir='ltr'><strong>Reppulit,</strong></span> <span class='ocrx_word' id='word_1_41' title='bbox 789 1333 844 1380; x_wconf 89' lang='lat' dir='ltr'><strong>et</strong></span> <span class='ocrx_word' id='word_1_42' title='bbox 868 1326 1036 1397; x_wconf 79' lang='lat' dir='ltr'><strong>signis</strong></span> <span class='ocrx_word' id='word_1_43' title='bbox 1081 1336 1135 1385; x_wconf 90' lang='lat' dir='ltr'><strong>te</strong></span> <span class='ocrx_word' id='word_1_44' title='bbox 1162 1329 1312 1387; x_wconf 88' lang='lat' dir='ltr'><strong>Picta</strong></span> <span class='ocrx_word' id='word_1_45' title='bbox 1336 1242 1612 1389; x_wconf 45' lang='lat' dir='ltr'><strong>Britannia</strong></span> <span class='ocrx_word' id='word_1_46' title='bbox 1636 1331 1793 1390; x_wconf 81' lang='lat' dir='ltr'><strong>texit.</strong></span> 
     </span>
    </p>
   </div>
   <div class='ocr_carea' id='block_1_13' title="bbox 494 1409 1796 1485">
    <p class='ocr_par' dir='ltr' id='par_1_13' title="bbox 494 1409 1796 1485">
     <span class='ocr_line' id='line_1_14' title="bbox 494 1409 1796 1485; baseline 0.016 -20"><span class='ocrx_word' id='word_1_47' title='bbox 494 1409 607 1473; x_wconf 79' lang='lat' dir='ltr'><strong>Hos</strong></span> <span class='ocrx_word' id='word_1_48' title='bbox 644 1414 843 1471; x_wconf 89' lang='lat' dir='ltr'><strong>virtute</strong></span> <span class='ocrx_word' id='word_1_49' title='bbox 876 1418 1021 1474; x_wconf 89' lang='lat' dir='ltr'><strong>Bavo</strong></span> <span class='ocrx_word' id='word_1_50' title='bbox 1070 1429 1126 1476; x_wconf 91' lang='lat' dir='ltr'><strong>et</strong></span> <span class='ocrx_word' id='word_1_51' title='bbox 1155 1432 1342 1479; x_wconf 86' lang='lat' dir='ltr'><strong>sancto</strong></span> <span class='ocrx_word' id='word_1_52' title='bbox 1371 1426 1663 1482; x_wconf 85' lang='lat' dir='ltr'><strong>comitatur</strong></span> <span class='ocrx_word' id='word_1_53' title='bbox 1696 1428 1796 1485; x_wconf 85' lang='lat' dir='ltr'><strong>ho-</strong></span> 
     </span>
    </p>
   </div>
   <div class='ocr_carea' id='block_1_14' title="bbox 1544 1516 1717 1590">
    <p class='ocr_par' dir='ltr' id='par_1_14' title="bbox 1544 1516 1717 1590">
     <span class='ocr_line' id='line_1_15' title="bbox 1544 1516 1717 1590; baseline 0.012 -17"><span class='ocrx_word' id='word_1_54' title='bbox 1544 1516 1717 1590; x_wconf 89' lang='lat' dir='ltr'><strong>[nore.</strong></span> 
     </span>
    </p>
   </div>
   <div class='ocr_carea' id='block_1_15' title="bbox 566 1595 1095 1657">
    <p class='ocr_par' dir='ltr' id='par_1_15' title="bbox 566 1595 1095 1657">
     <span class='ocr_line' id='line_1_16' title="bbox 566 1595 1095 1657; baseline 0.015 -8"><span class='ocrx_word' id='word_1_55' title='bbox 566 1595 635 1650; x_wconf 86' lang='lat' dir='ltr'><strong>Et</strong></span> <span class='ocrx_word' id='word_1_56' title='bbox 655 1599 821 1653; x_wconf 80' lang='lat' dir='ltr'><strong>sancti</strong></span> <span class='ocrx_word' id='word_1_57' title='bbox 858 1598 1095 1657; x_wconf 86' lang='lat' dir='ltr'><strong>Vedasti.</strong></span> 
     </span>
    </p>
   </div>
   <div class='ocr_carea' id='block_1_16' title="bbox 416 1687 1786 1772">
    <p class='ocr_par' dir='ltr' id='par_1_16' title="bbox 416 1687 1786 1772">
     <span class='ocr_line' id='line_1_17' title="bbox 416 1687 1786 1772; baseline 0.012 -27"><span class='ocrx_word' id='word_1_58' title='bbox 416 1687 457 1745; x_wconf 62' lang='lat' dir='ltr'><strong>ﬂ</strong></span> <span class='ocrx_word' id='word_1_59' title='bbox 488 1688 611 1745; x_wconf 78' lang='lat' dir='ltr'><strong>Mox</strong></span> <span class='ocrx_word' id='word_1_60' title='bbox 654 1701 865 1748; x_wconf 82' lang='lat' dir='ltr'><strong>sextum</strong></span> <span class='ocrx_word' id='word_1_61' title='bbox 898 1694 1165 1751; x_wconf 81' lang='lat' dir='ltr'><strong>Nouatum</strong></span> <span class='ocrx_word' id='word_1_62' title='bbox 1210 1698 1571 1772; x_wconf 87' lang='lat' dir='ltr'><strong>Leodegarius</strong></span> <span class='ocrx_word' id='word_1_63' title='bbox 1608 1714 1786 1772; x_wconf 90' lang='lat' dir='ltr'><strong>ornat,</strong></span> 
     </span>
    </p>
   </div>
   <div class='ocr_carea' id='block_1_17' title="bbox 491 1778 1789 1865">
    <p class='ocr_par' dir='ltr' id='par_1_17' title="bbox 491 1778 1789 1865">
     <span class='ocr_line' id='line_1_18' title="bbox 491 1778 1789 1865; baseline 0.009 -28"><span class='ocrx_word' id='word_1_64' title='bbox 491 1778 770 1838; x_wconf 83' lang='lat' dir='ltr'><strong>Seditione</strong></span> <span class='ocrx_word' id='word_1_65' title='bbox 791 1793 987 1854; x_wconf 89' lang='lat' dir='ltr'><strong>potens</strong></span> <span class='ocrx_word' id='word_1_66' title='bbox 1013 1800 1172 1857; x_wconf 86' lang='lat' dir='ltr'><strong>quem</strong></span> <span class='ocrx_word' id='word_1_67' title='bbox 1205 1788 1311 1843; x_wconf 82' lang='lat' dir='ltr'><strong>dux</strong></span> <span class='ocrx_word' id='word_1_68' title='bbox 1339 1791 1672 1862; x_wconf 88' lang='lat' dir='ltr'><strong>populusque</strong></span> <span class='ocrx_word' id='word_1_69' title='bbox 1702 1810 1789 1865; x_wconf 84' lang='lat' dir='ltr'><strong>pe-</strong></span> 
     </span>
    </p>
   </div>
   <div class='ocr_carea' id='block_1_18' title="bbox 1510 1859 1863 1954">
    <p class='ocr_par' dir='ltr' id='par_1_18' title="bbox 1510 1859 1863 1954">
     <span class='ocr_line' id='line_1_19' title="bbox 1510 1859 1863 1954; baseline 0.023 -17"><span class='ocrx_word' id='word_1_70' title='bbox 1510 1859 1718 1954; x_wconf 44' lang='lat' dir='ltr'><strong>[remiti</strong></span> <span class='ocrx_word' id='word_1_71' title='bbox 1812 1859 1863 1945; x_wconf 55' lang='grc' dir='ltr'><strong>β</strong></span> 
     </span>
    </p>
   </div>
   <div class='ocr_carea' id='block_1_19' title="bbox 560 1961 1783 2045">
    <p class='ocr_par' dir='ltr' id='par_1_19' title="bbox 560 1961 1783 2045">
     <span class='ocr_line' id='line_1_20' title="bbox 560 1961 1783 2045; baseline 0.011 -28"><span class='ocrx_word' id='word_1_72' title='bbox 560 1961 629 2018; x_wconf 79' lang='lat' dir='ltr'><strong>In</strong></span> <span class='ocrx_word' id='word_1_73' title='bbox 675 1962 885 2033; x_wconf 84' lang='lat' dir='ltr'><strong>Galliis,</strong></span> <span class='ocrx_word' id='word_1_74' title='bbox 927 1968 1133 2023; x_wconf 86' lang='lat' dir='ltr'><strong>civitate</strong></span> <span class='ocrx_word' id='word_1_75' title='bbox 1184 1969 1557 2039; x_wconf 80' lang='lat' dir='ltr'><strong>Atraventinse,</strong></span> <span class='ocrx_word' id='word_1_76' title='bbox 1609 1976 1783 2045; x_wconf 89' lang='lat' dir='ltr'><strong>passio</strong></span> 
     </span>
    </p>
   </div>
   <div class='ocr_carea' id='block_1_20' title="bbox 626 2055 1426 2132">
    <p class='ocr_par' dir='ltr' id='par_1_20' title="bbox 626 2055 1426 2132">
     <span class='ocr_line' id='line_1_21' title="bbox 626 2055 1426 2132; baseline 0.011 -25"><span class='ocrx_word' id='word_1_77' title='bbox 626 2057 797 2109; x_wconf 77' lang='lat' dir='ltr'><strong>sancti</strong></span> <span class='ocrx_word' id='word_1_78' title='bbox 823 2055 1131 2129; x_wconf 88' lang='lat' dir='ltr'><strong>Leodegarii</strong></span> <span class='ocrx_word' id='word_1_79' title='bbox 1156 2063 1426 2132; x_wconf 74' lang='lat' dir='ltr'><strong>martyris.</strong></span> 
     </span>
    </p>
   </div>
   <div class='ocr_carea' id='block_1_21' title="bbox 416 2141 1784 2225">
    <p class='ocr_par' dir='ltr' id='par_1_21' title="bbox 416 2141 1784 2225">
     <span class='ocr_line' id='line_1_22' title="bbox 416 2141 1784 2225; baseline 0.012 -28"><span class='ocrx_word' id='word_1_80' title='bbox 416 2141 456 2199; x_wconf 66' lang='grc' dir='ltr'>ὅ</span> <span class='ocrx_word' id='word_1_81' title='bbox 488 2142 714 2201; x_wconf 83' lang='lat' dir='ltr'><strong>Euvaldi</strong></span> <span class='ocrx_word' id='word_1_82' title='bbox 754 2147 983 2216; x_wconf 86' lang='lat' dir='ltr'><strong>meritis,</strong></span> <span class='ocrx_word' id='word_1_83' title='bbox 1036 2158 1217 2221; x_wconf 89' lang='lat' dir='ltr'><strong>gente,</strong></span> <span class='ocrx_word' id='word_1_84' title='bbox 1255 2160 1310 2207; x_wconf 90' lang='lat' dir='ltr'><strong>et</strong></span> <span class='ocrx_word' id='word_1_85' title='bbox 1359 2154 1697 2225; x_wconf 87' lang='lat' dir='ltr'><strong>cognomine,</strong></span> <span class='ocrx_word' id='word_1_86' title='bbox 1728 2167 1784 2213; x_wconf 89' lang='lat' dir='ltr'><strong>et</strong></span> 
     </span>
    </p>
   </div>
   <div class='ocr_carea' id='block_1_22' title="bbox 1570 2246 1704 2319">
    <p class='ocr_par' dir='ltr' id='par_1_22' title="bbox 1570 2246 1704 2319">
     <span class='ocr_line' id='line_1_23' title="bbox 1570 2246 1704 2319; baseline 0.015 -17"><span class='ocrx_word' id='word_1_87' title='bbox 1570 2246 1704 2319; x_wconf 87' lang='lat' dir='ltr'><strong>[ara,</strong></span> 
     </span>
    </p>
   </div>
   <div class='ocr_carea' id='block_1_23' title="bbox 485 2327 1780 2404">
    <p class='ocr_par' dir='ltr' id='par_1_23' title="bbox 485 2327 1780 2404">
     <span class='ocr_line' id='line_1_24' title="bbox 485 2327 1780 2404; baseline 0.013 -23"><span class='ocrx_word' id='word_1_88' title='bbox 485 2327 850 2400; x_wconf 81' lang='lat' dir='ltr'><strong>Doctrinaque</strong></span> <span class='ocrx_word' id='word_1_89' title='bbox 872 2346 1055 2402; x_wconf 86' lang='lat' dir='ltr'><strong>pares,</strong></span> <span class='ocrx_word' id='word_1_90' title='bbox 1084 2334 1332 2404; x_wconf 87' lang='lat' dir='ltr'><strong>quintum</strong></span> <span class='ocrx_word' id='word_1_91' title='bbox 1360 2338 1464 2394; x_wconf 88' lang='lat' dir='ltr'><strong>sibi</strong></span> <span class='ocrx_word' id='word_1_92' title='bbox 1490 2349 1667 2397; x_wconf 88' lang='lat' dir='ltr'><strong>morte</strong></span> <span class='ocrx_word' id='word_1_93' title='bbox 1705 2343 1780 2399; x_wconf 88' lang='lat' dir='ltr'><strong>di-</strong></span> 
     </span>
    </p>
   </div>
   <div class='ocr_carea' id='block_1_24' title="bbox 1468 2435 1703 2507">
    <p class='ocr_par' dir='ltr' id='par_1_24' title="bbox 1468 2435 1703 2507">
     <span class='ocr_line' id='line_1_25' title="bbox 1468 2435 1703 2507; baseline 0.013 -17"><span class='ocrx_word' id='word_1_94' title='bbox 1468 2435 1703 2507; x_wconf 88' lang='lat' dir='ltr'><strong>[carunt.</strong></span> 
     </span>
    </p>
   </div>
   <div class='ocr_carea' id='block_1_25' title="bbox 554 2513 1777 2593">
    <p class='ocr_par' dir='ltr' id='par_1_25' title="bbox 554 2513 1777 2593">
     <span class='ocr_line' id='line_1_26' title="bbox 554 2513 1777 2593; baseline 0.016 -26"><span class='ocrx_word' id='word_1_95' title='bbox 554 2513 620 2568; x_wconf 75' lang='lat' dir='ltr'><strong>Et</strong></span> <span class='ocrx_word' id='word_1_96' title='bbox 669 2515 844 2571; x_wconf 86' lang='lat' dir='ltr'><strong>natale</strong></span> <span class='ocrx_word' id='word_1_97' title='bbox 881 2528 1182 2574; x_wconf 88' lang='lat' dir='ltr'><strong>sanctorum</strong></span> <span class='ocrx_word' id='word_1_98' title='bbox 1228 2520 1462 2593; x_wconf 84' lang='lat' dir='ltr'><strong>Eusebii,</strong></span> <span class='ocrx_word' id='word_1_99' title='bbox 1522 2525 1682 2584; x_wconf 90' lang='lat' dir='ltr'><strong>Ponti</strong></span> <span class='ocrx_word' id='word_1_100' title='bbox 1727 2540 1777 2586; x_wconf 88' lang='lat' dir='ltr'><strong>et</strong></span> 
     </span>
    </p>
   </div>
   <div class='ocr_carea' id='block_1_26' title="bbox 622 2604 831 2660">
    <p class='ocr_par' dir='ltr' id='par_1_26' title="bbox 622 2604 831 2660">
     <span class='ocr_line' id='line_1_27' title="bbox 622 2604 831 2660; baseline 0.005 -1"><span class='ocrx_word' id='word_1_101' title='bbox 622 2604 831 2660; x_wconf 79' lang='lat' dir='ltr'><strong>Leonis.</strong></span> 
     </span>
    </p>
   </div>
   <div class='ocr_carea' id='block_1_27' title="bbox 403 2692 1774 2774">
    <p class='ocr_par' dir='ltr' id='par_1_27' title="bbox 403 2692 1774 2774">
     <span class='ocr_line' id='line_1_28' title="bbox 403 2692 1774 2774; baseline 0.012 -26"><span class='ocrx_word' id='word_1_102' title='bbox 403 2692 443 2749; x_wconf 73' lang='grc'><strong>4</strong></span> <span class='ocrx_word' id='word_1_103' title='bbox 481 2692 715 2763; x_wconf 68' lang='lat' dir='ltr'><strong>Marcus,</strong></span> <span class='ocrx_word' id='word_1_104' title='bbox 746 2695 1158 2770; x_wconf 79' lang='lat' dir='ltr'><strong>Marcianusque</strong></span> <span class='ocrx_word' id='word_1_105' title='bbox 1183 2716 1282 2758; x_wconf 91' lang='lat' dir='ltr'><strong>suo</strong></span> <span class='ocrx_word' id='word_1_106' title='bbox 1301 2703 1525 2774; x_wconf 86' lang='lat' dir='ltr'><strong>implent</strong></span> <span class='ocrx_word' id='word_1_107' title='bbox 1551 2723 1774 2766; x_wconf 90' lang='lat' dir='ltr'><strong>munere</strong></span> 
     </span>
    </p>
   </div>
   <div class='ocr_carea' id='block_1_28' title="bbox 1464 2808 1674 2854">
    <p class='ocr_par' dir='ltr' id='par_1_28' title="bbox 1464 2808 1674 2854">
     <span class='ocr_line' id='line_1_29' title="bbox 1464 2808 1674 2854; baseline 0.024 -5"><span class='ocrx_word' id='word_1_108' title='bbox 1464 2808 1674 2854; x_wconf 87' lang='lat' dir='ltr'><strong>uartum</strong></span> 
     </span>
    </p>
   </div>
   <div class='ocr_carea' id='block_1_29' title="bbox 475 2794 1771 2954">
    <p class='ocr_par' dir='ltr' id='par_1_29' title="bbox 475 2794 1771 2954">
     <span class='ocr_line' id='line_1_30' title="bbox 1464 2808 1674 2854; baseline 0.024 -5"><span class='ocrx_word' id='word_1_109' title='bbox 1464 2808 1674 2854; x_wconf 88' lang='lat' dir='ltr'><strong>uartum</strong></span> 
     </span>
     <span class='ocr_line' id='line_1_31' title="bbox 475 2794 1771 2954; baseline 0.008 -19"><span class='ocrx_word' id='word_1_110' title='bbox 475 2878 751 2948; x_wconf 82' lang='lat' dir='ltr'><strong>Germine,</strong></span> <span class='ocrx_word' id='word_1_111' title='bbox 786 2884 1070 2954; x_wconf 84' lang='lat' dir='ltr'><strong>martyrio,</strong></span> <span class='ocrx_word' id='word_1_112' title='bbox 1096 2893 1313 2952; x_wconf 88' lang='lat' dir='ltr'><strong>natura,</strong></span> <span class='ocrx_word' id='word_1_113' title='bbox 1343 2794 1636 2945; x_wconf 61' lang='lat' dir='ltr'><strong>etmfunere</strong></span> <span class='ocrx_word' id='word_1_114' title='bbox 1662 2841 1771 2947; x_wconf 53' lang='lat' dir='ltr'><strong>fia-</strong></span> 
     </span>
    </p>
   </div>
   <div class='ocr_carea' id='block_1_30' title="bbox 404 2978 1695 3135">
    <p class='ocr_par' dir='ltr' id='par_1_30' title="bbox 404 2978 1695 3135">
     <span class='ocr_line' id='line_1_32' title="bbox 404 2978 1695 3135; baseline 0.01 -21"><span class='ocrx_word' id='word_1_115' title='bbox 404 3058 441 3115; x_wconf 80' lang='lat'><strong>5</strong></span> <span class='ocrx_word' id='word_1_116' title='bbox 477 3059 683 3118; x_wconf 76' lang='lat' dir='ltr'><strong>Ternas</strong></span> <span class='ocrx_word' id='word_1_117' title='bbox 710 3071 823 3118; x_wconf 91' lang='lat' dir='ltr'><strong>tum</strong></span> <span class='ocrx_word' id='word_1_118' title='bbox 852 3062 1031 3121; x_wconf 86' lang='lat' dir='ltr'><strong>Nonas</strong></span> <span class='ocrx_word' id='word_1_119' title='bbox 1055 3065 1381 3135; x_wconf 86' lang='lat' dir='ltr'><strong>Apollinaris</strong></span> <span class='ocrx_word' id='word_1_120' title='bbox 1414 2978 1695 3127; x_wconf 41' lang='lat' dir='ltr'><strong>limbi-2:8.</strong></span> 
     </span>
    </p>
   </div>
   <div class='ocr_carea' id='block_1_31' title="bbox 472 3152 1765 3228">
    <p class='ocr_par' dir='ltr' id='par_1_31' title="bbox 472 3152 1765 3228">
     <span class='ocr_line' id='line_1_33' title="bbox 472 3152 1765 3228; baseline 0.009 -20"><span class='ocrx_word' id='word_1_121' title='bbox 472 3152 674 3209; x_wconf 62' lang='lat' dir='ltr'><strong>Praesul</strong></span> <span class='ocrx_word' id='word_1_122' title='bbox 701 3195 717 3221; x_wconf 94' lang='lat'><strong>,</strong></span> <span class='ocrx_word' id='word_1_123' title='bbox 764 3155 960 3226; x_wconf 89' lang='lat' dir='ltr'><strong>templa</strong></span> <span class='ocrx_word' id='word_1_124' title='bbox 1001 3155 1271 3227; x_wconf 66' lang='lat' dir='ltr'><strong>fraequcns</strong></span> <span class='ocrx_word' id='word_1_125' title='bbox 1306 3159 1461 3228; x_wconf 89' lang='lat' dir='ltr'><strong>cujus</strong></span> <span class='ocrx_word' id='word_1_126' title='bbox 1512 3161 1765 3219; x_wconf 86' lang='lat' dir='ltr'><strong>Ravenna</strong></span> 
     </span>
    </p>
   </div>
   <div class='ocr_carea' id='block_1_32' title="bbox 1425 3216 1843 3323">
    <p class='ocr_par' dir='ltr' id='par_1_32' title="bbox 1425 3216 1843 3323">
     <span class='ocr_line' id='line_1_34' title="bbox 1425 3216 1843 3323; baseline 0.012 -18"><span class='ocrx_word' id='word_1_127' title='bbox 1425 3216 1765 3323; x_wconf 42' lang='lat' dir='ltr'><strong>[coronat.w</strong></span> <span class='ocrx_word' id='word_1_128' title='bbox 1794 3216 1843 3285; x_wconf 68' lang='grc' dir='ltr'>ο</span> 
     </span>
    </p>
   </div>
   <div class='ocr_carea' id='block_1_33' title="bbox 544 3332 1761 3407">
    <p class='ocr_par' dir='ltr' id='par_1_33' title="bbox 544 3332 1761 3407">
     <span class='ocr_line' id='line_1_35' title="bbox 544 3332 1761 3407; baseline 0.009 -20"><span class='ocrx_word' id='word_1_129' title='bbox 544 3332 612 3388; x_wconf 84' lang='lat' dir='ltr'><strong>In</strong></span> <span class='ocrx_word' id='word_1_130' title='bbox 651 3333 885 3407; x_wconf 65' lang='lat' dir='ltr'><strong>Egypto</strong></span> <span class='ocrx_word' id='word_1_131' title='bbox 918 3338 1095 3392; x_wconf 80' lang='lat' dir='ltr'><strong>natale</strong></span> <span class='ocrx_word' id='word_1_132' title='bbox 1116 3349 1420 3396; x_wconf 85' lang='lat' dir='ltr'><strong>sanctorum</strong></span> <span class='ocrx_word' id='word_1_133' title='bbox 1452 3341 1606 3396; x_wconf 60' lang='lat' dir='ltr'><strong>lt&#39;orti</strong></span> <span class='ocrx_word' id='word_1_134' title='bbox 1642 3344 1761 3400; x_wconf 88' lang='lat' dir='ltr'><strong>dia-</strong></span> 
     </span>
    </p>
   </div>
   <div class='ocr_carea' id='block_1_34' title="bbox 614 3426 1373 3502">
    <p class='ocr_par' dir='ltr' id='par_1_34' title="bbox 614 3426 1373 3502">
     <span class='ocr_line' id='line_1_36' title="bbox 614 3426 1373 3502; baseline 0.012 -24"><span class='ocrx_word' id='word_1_135' title='bbox 614 3427 749 3492; x_wconf 86' lang='lat' dir='ltr'><strong>coni,</strong></span> <span class='ocrx_word' id='word_1_136' title='bbox 769 3437 817 3481; x_wconf 90' lang='lat' dir='ltr'><strong>et</strong></span> <span class='ocrx_word' id='word_1_137' title='bbox 840 3426 1115 3486; x_wconf 76' lang='lat' dir='ltr'><strong>Flaviana:</strong></span> <span class='ocrx_word' id='word_1_138' title='bbox 1139 3432 1373 3502; x_wconf 84' lang='lat' dir='ltr'><strong>virginis.</strong></span> 
     </span>
    </p>
   </div>
   <div class='ocr_carea' id='block_1_35' title="bbox 401 3516 1761 3591">
    <p class='ocr_par' dir='ltr' id='par_1_35' title="bbox 401 3516 1761 3591">
     <span class='ocr_line' id='line_1_37' title="bbox 401 3516 1761 3591; baseline 0.013 -20"><span class='ocrx_word' id='word_1_139' title='bbox 401 3516 440 3571; x_wconf 82' lang='grc' dir='ltr'><strong>ϐ</strong></span> <span class='ocrx_word' id='word_1_140' title='bbox 476 3516 638 3590; x_wconf 78' lang='lat' dir='ltr'><strong>Virgo</strong></span> <span class='ocrx_word' id='word_1_141' title='bbox 662 3518 824 3577; x_wconf 86' lang='lat' dir='ltr'><strong>Fides</strong></span> <span class='ocrx_word' id='word_1_142' title='bbox 848 3516 1023 3591; x_wconf 73' lang='lat' dir='ltr'><strong>pridie</strong></span> <span class='ocrx_word' id='word_1_143' title='bbox 1043 3523 1170 3579; x_wconf 86' lang='lat' dir='ltr'><strong>hinc</strong></span> <span class='ocrx_word' id='word_1_144' title='bbox 1192 3524 1335 3581; x_wconf 81' lang='lat' dir='ltr'><strong>felici</strong></span> <span class='ocrx_word' id='word_1_145' title='bbox 1358 3536 1532 3585; x_wconf 91' lang='lat' dir='ltr'><strong>morte</strong></span> <span class='ocrx_word' id='word_1_146' title='bbox 1567 3532 1761 3588; x_wconf 87' lang='lat' dir='ltr'><strong>trium-</strong></span> 
     </span>
    </p>
   </div>
   <div class='ocr_carea' id='block_1_36' title="bbox 1516 3621 1688 3694">
    <p class='ocr_par' dir='ltr' id='par_1_36' title="bbox 1516 3621 1688 3694">
     <span class='ocr_line' id='line_1_38' title="bbox 1516 3621 1688 3694; baseline 0.006 -17"><span class='ocrx_word' id='word_1_147' title='bbox 1516 3621 1688 3694; x_wconf 89' lang='lat' dir='ltr'><strong>[phat.</strong></span> 
     </span>
    </p>
   </div>
   <div class='ocr_carea' id='block_1_37' title="bbox 539 3700 1757 3791">
    <p class='ocr_par' dir='ltr' id='par_1_37' title="bbox 539 3700 1757 3791">
     <span class='ocr_line' id='line_1_39' title="bbox 539 3700 1757 3791; baseline 0.016 -38"><span class='ocrx_word' id='word_1_148' title='bbox 539 3700 611 3756; x_wconf 87' lang='lat' dir='ltr'><strong>In</strong></span> <span class='ocrx_word' id='word_1_149' title='bbox 631 3701 816 3772; x_wconf 79' lang='lat' dir='ltr'><strong>Africa</strong></span> <span class='ocrx_word' id='word_1_150' title='bbox 857 3704 1099 3776; x_wconf 65' lang='lat' dir='ltr'><strong>Rogata,</strong></span> <span class='ocrx_word' id='word_1_151' title='bbox 1126 3707 1455 3779; x_wconf 78' lang='lat' dir='ltr'><strong>Saturninte,</strong></span> <span class='ocrx_word' id='word_1_152' title='bbox 1486 3704 1757 3791; x_wconf 71' lang='lat' dir='ltr'><strong>Faustini,</strong></span> 
     </span>
    </p>
   </div>
   <div class='ocr_carea' id='block_1_38' title="bbox 603 3794 1475 3870">
    <p class='ocr_par' dir='ltr' id='par_1_38' title="bbox 603 3794 1475 3870">
     <span class='ocr_line' id='line_1_40' title="bbox 603 3794 1475 3870; baseline 0.013 -24"><span class='ocrx_word' id='word_1_153' title='bbox 603 3802 653 3846; x_wconf 88' lang='lat' dir='ltr'><strong>et</strong></span> <span class='ocrx_word' id='word_1_154' title='bbox 679 3796 849 3848; x_wconf 87' lang='lat' dir='ltr'><strong>sancti</strong></span> <span class='ocrx_word' id='word_1_155' title='bbox 869 3794 1115 3866; x_wconf 75' lang='lat' dir='ltr'><strong>Pardulﬁ</strong></span> <span class='ocrx_word' id='word_1_156' title='bbox 1145 3800 1475 3870; x_wconf 81' lang='lat' dir='ltr'><strong>confessoris.</strong></span> 
     </span>
    </p>
   </div>
   <div class='ocr_carea' id='block_1_39' title="bbox 393 3881 1761 3966">
    <p class='ocr_par' dir='ltr' id='par_1_39' title="bbox 393 3881 1761 3966">
     <span class='ocr_line' id='line_1_41' title="bbox 393 3881 1761 3966; baseline 0.015 -32"><span class='ocrx_word' id='word_1_157' title='bbox 393 3881 428 3934; x_wconf 86' lang='lat'><strong>7</strong></span> <span class='ocrx_word' id='word_1_158' title='bbox 464 3881 752 3941; x_wconf 80' lang='lat' dir='ltr'><strong>Pontiﬁces</strong></span> <span class='ocrx_word' id='word_1_159' title='bbox 783 3885 964 3943; x_wconf 85' lang='lat' dir='ltr'><strong>Nonas</strong></span> <span class='ocrx_word' id='word_1_160' title='bbox 987 3888 1283 3961; x_wconf 89' lang='lat' dir='ltr'><strong>Linusque,</strong></span> <span class='ocrx_word' id='word_1_161' title='bbox 1332 3890 1653 3966; x_wconf 83' lang='lat' dir='ltr'><strong>Marcusque</strong></span> <span class='ocrx_word' id='word_1_162' title='bbox 1681 3912 1761 3954; x_wconf 89' lang='lat' dir='ltr'><strong>re-</strong></span> 
     </span>
    </p>
   </div>
   <div class='ocr_carea' id='block_1_40' title="bbox 1453 3983 1688 4057">
    <p class='ocr_par' dir='ltr' id='par_1_40' title="bbox 1453 3983 1688 4057">
     <span class='ocr_line' id='line_1_42' title="bbox 1453 3983 1688 4057; baseline 0.013 -19"><span class='ocrx_word' id='word_1_163' title='bbox 1453 3983 1688 4057; x_wconf 87' lang='lat' dir='ltr'><strong>[tentant</strong></span> 
     </span>
    </p>
   </div>
   <div class='ocr_carea' id='block_1_41' title="bbox 533 4067 1758 4148">
    <p class='ocr_par' dir='ltr' id='par_1_41' title="bbox 533 4067 1758 4148">
     <span class='ocr_line' id='line_1_43' title="bbox 533 4067 1758 4148; baseline 0.011 -27"><span class='ocrx_word' id='word_1_164' title='bbox 533 4067 731 4123; x_wconf 85' lang='lat' dir='ltr'><strong>Natale</strong></span> <span class='ocrx_word' id='word_1_165' title='bbox 765 4079 1065 4127; x_wconf 87' lang='lat' dir='ltr'><strong>sanctorum</strong></span> <span class='ocrx_word' id='word_1_166' title='bbox 1098 4072 1339 4129; x_wconf 78' lang='lat' dir='ltr'><strong>Marcelli</strong></span> <span class='ocrx_word' id='word_1_167' title='bbox 1366 4086 1416 4131; x_wconf 88' lang='lat' dir='ltr'><strong>et</strong></span> <span class='ocrx_word' id='word_1_168' title='bbox 1457 4076 1667 4148; x_wconf 84' lang='lat' dir='ltr'><strong>Apulei,</strong></span> <span class='ocrx_word' id='word_1_169' title='bbox 1708 4091 1758 4135; x_wconf 84' lang='lat' dir='ltr'><strong>et</strong></span> 
     </span>
    </p>
   </div>
   <div class='ocr_carea' id='block_1_42' title="bbox 673 4161 1502 4240">
    <p class='ocr_par' dir='ltr' id='par_1_42' title="bbox 673 4161 1502 4240">
     <span class='ocr_line' id='line_1_44' title="bbox 673 4161 1502 4240; baseline 0.01 -25"><span class='ocrx_word' id='word_1_170' title='bbox 673 4161 846 4217; x_wconf 87' lang='lat' dir='ltr'><strong>natale</strong></span> <span class='ocrx_word' id='word_1_171' title='bbox 871 4165 1040 4218; x_wconf 87' lang='lat' dir='ltr'><strong>sancti</strong></span> <span class='ocrx_word' id='word_1_172' title='bbox 1066 4163 1237 4220; x_wconf 73' lang='lat' dir='ltr'><strong>Marci</strong></span> <span class='ocrx_word' id='word_1_173' title='bbox 1258 4168 1502 4240; x_wconf 83' lang='lat' dir='ltr'><strong>episcopi.</strong></span> 
     </span>
    </p>
   </div>
   <div class='ocr_carea' id='block_1_43' title="bbox 387 4250 1680 4335">
    <p class='ocr_par' dir='ltr' id='par_1_43' title="bbox 387 4250 1680 4335">
     <span class='ocr_line' id='line_1_45' title="bbox 387 4250 1680 4335; baseline 0.009 -26"><span class='ocrx_word' id='word_1_174' title='bbox 387 4250 426 4309; x_wconf 87' lang='lat'><strong>8</strong></span> <span class='ocrx_word' id='word_1_175' title='bbox 457 4250 664 4310; x_wconf 86' lang='lat' dir='ltr'><strong>Octono</strong></span> <span class='ocrx_word' id='word_1_176' title='bbox 684 4261 810 4335; x_wconf 77' lang='lat' dir='ltr'><strong>ante</strong></span> <span class='ocrx_word' id='word_1_177' title='bbox 831 4252 954 4309; x_wconf 89' lang='lat' dir='ltr'><strong>ldus</strong></span> <span class='ocrx_word' id='word_1_178' title='bbox 990 4255 1228 4312; x_wconf 85' lang='lat' dir='ltr'><strong>Demetri</strong></span> <span class='ocrx_word' id='word_1_179' title='bbox 1250 4267 1438 4316; x_wconf 84' lang='lat' dir='ltr'><strong>sancte</strong></span> <span class='ocrx_word' id='word_1_180' title='bbox 1477 4261 1680 4331; x_wconf 89' lang='lat' dir='ltr'><strong>bearis,</strong></span> 
     </span>
    </p>
   </div>
   <div class='ocr_carea' id='block_1_44' title="bbox 465 4343 1754 4423">
    <p class='ocr_par' dir='ltr' id='par_1_44' title="bbox 465 4343 1754 4423">
     <span class='ocr_line' id='line_1_46' title="bbox 465 4343 1754 4423; baseline 0.008 -23"><span class='ocrx_word' id='word_1_181' title='bbox 465 4343 693 4407; x_wconf 68' lang='lat' dir='ltr'><strong>Nomine</strong></span> <span class='ocrx_word' id='word_1_182' title='bbox 744 4361 845 4418; x_wconf 92' lang='lat' dir='ltr'><strong>pro</strong></span> <span class='ocrx_word' id='word_1_183' title='bbox 890 4346 1092 4404; x_wconf 84' lang='lat' dir='ltr'><strong>Christi</strong></span> <span class='ocrx_word' id='word_1_184' title='bbox 1143 4356 1374 4408; x_wconf 87' lang='lat' dir='ltr'><strong>tortores</strong></span> <span class='ocrx_word' id='word_1_185' title='bbox 1417 4367 1612 4423; x_wconf 90' lang='lat' dir='ltr'><strong>passus</strong></span> <span class='ocrx_word' id='word_1_186' title='bbox 1652 4356 1754 4411; x_wconf 87' lang='lat' dir='ltr'><strong>ini-</strong></span> 
     </span>
    </p>
   </div>
   <div class='ocr_carea' id='block_1_45' title="bbox 1500 4445 1678 4519">
    <p class='ocr_par' dir='ltr' id='par_1_45' title="bbox 1500 4445 1678 4519">
     <span class='ocr_line' id='line_1_47' title="bbox 1500 4445 1678 4519; baseline 0.006 -17"><span class='ocrx_word' id='word_1_187' title='bbox 1500 4445 1678 4519; x_wconf 91' lang='lat' dir='ltr'><strong>[quos.</strong></span> 
     </span>
    </p>
   </div>
   <div class='ocr_carea' id='block_1_46' title="bbox 382 4526 1747 4606">
    <p class='ocr_par' dir='ltr' id='par_1_46' title="bbox 382 4526 1747 4606">
     <span class='ocr_line' id='line_1_48' title="bbox 382 4526 1747 4606; baseline 0.007 -22"><span class='ocrx_word' id='word_1_188' title='bbox 382 4526 421 4584; x_wconf 78' lang='lat'><strong>9</strong></span> <span class='ocrx_word' id='word_1_189' title='bbox 453 4526 768 4599; x_wconf 78' lang='lat' dir='ltr'><strong>Exemplum</strong></span> <span class='ocrx_word' id='word_1_190' title='bbox 796 4529 1184 4601; x_wconf 86' lang='lat' dir='ltr'><strong>ﬂdei,pareudi</strong></span> <span class='ocrx_word' id='word_1_191' title='bbox 1211 4540 1267 4589; x_wconf 89' lang='lat' dir='ltr'><strong>et</strong></span> <span class='ocrx_word' id='word_1_192' title='bbox 1283 4549 1470 4590; x_wconf 90' lang='lat' dir='ltr'><strong>norma</strong></span> <span class='ocrx_word' id='word_1_193' title='bbox 1495 4536 1747 4606; x_wconf 86' lang='lat' dir='ltr'><strong>salubris,</strong></span> 
     </span>
    </p>
   </div>
   <div class='ocr_carea' id='block_1_47' title="bbox 452 4618 1817 4697">
    <p class='ocr_par' dir='ltr' id='par_1_47' title="bbox 452 4618 1817 4697">
     <span class='ocr_line' id='line_1_49' title="bbox 452 4618 1817 4697; baseline 0.007 -20"><span class='ocrx_word' id='word_1_194' title='bbox 452 4618 685 4677; x_wconf 65' lang='lat' dir='ltr'><strong>Excelsi.</strong></span> <span class='ocrx_word' id='word_1_195' title='bbox 710 4620 887 4678; x_wconf 88' lang='lat' dir='ltr'><strong>Patris</strong></span> <span class='ocrx_word' id='word_1_196' title='bbox 918 4623 1150 4692; x_wconf 87' lang='lat' dir='ltr'><strong>primum</strong></span> <span class='ocrx_word' id='word_1_197' title='bbox 1196 4628 1517 4697; x_wconf 85' lang='lat' dir='ltr'><strong>cognomine</strong></span> <span class='ocrx_word' id='word_1_198' title='bbox 1548 4621 1744 4696; x_wconf 87' lang='lat' dir='ltr'><strong>dictus,</strong></span> <span class='ocrx_word' id='word_1_199' title='bbox 1774 4618 1817 4645; x_wconf 57' lang='grc'><strong>’⁷</strong></span> 
     </span>
    </p>
   </div>
   <div class='ocr_carea' id='block_1_48' title="bbox 455 4710 1744 4789">
    <p class='ocr_par' dir='ltr' id='par_1_48' title="bbox 455 4710 1744 4789">
     <span class='ocr_line' id='line_1_50' title="bbox 455 4710 1744 4789; baseline 0.005 -21"><span class='ocrx_word' id='word_1_200' title='bbox 455 4710 719 4769; x_wconf 81' lang='lat' dir='ltr'><strong>Gentibus</strong></span> <span class='ocrx_word' id='word_1_201' title='bbox 754 4712 881 4769; x_wconf 87' lang='lat' dir='ltr'><strong>inde</strong></span> <span class='ocrx_word' id='word_1_202' title='bbox 908 4714 1071 4770; x_wconf 85' lang='lat' dir='ltr'><strong>Pater</strong></span> <span class='ocrx_word' id='word_1_203' title='bbox 1098 4716 1310 4772; x_wconf 74' lang='lat' dir='ltr'><strong>cmlesti</strong></span> <span class='ocrx_word' id='word_1_204' title='bbox 1339 4726 1486 4773; x_wconf 88' lang='lat' dir='ltr'><strong>sorte</strong></span> <span class='ocrx_word' id='word_1_205' title='bbox 1507 4729 1744 4789; x_wconf 89' lang='lat' dir='ltr'><strong>vocatus,</strong></span> 
     </span>
    </p>
   </div>
   <div class='ocr_carea' id='block_1_49' title="bbox 458 4802 1748 4881">
    <p class='ocr_par' dir='ltr' id='par_1_49' title="bbox 458 4802 1748 4881">
     <span class='ocr_line' id='line_1_51' title="bbox 458 4802 1748 4881; baseline 0.007 -23"><span class='ocrx_word' id='word_1_206' title='bbox 458 4802 722 4874; x_wconf 87' lang='lat' dir='ltr'><strong>Septenas</strong></span> <span class='ocrx_word' id='word_1_207' title='bbox 763 4803 1039 4860; x_wconf 88' lang='lat' dir='ltr'><strong>Abraham</strong></span> <span class='ocrx_word' id='word_1_208' title='bbox 1069 4807 1247 4862; x_wconf 90' lang='lat' dir='ltr'><strong>sancit</strong></span> <span class='ocrx_word' id='word_1_209' title='bbox 1286 4810 1593 4881; x_wconf 88' lang='lat' dir='ltr'><strong>retinetque</strong></span> <span class='ocrx_word' id='word_1_210' title='bbox 1622 4811 1748 4867; x_wconf 89' lang='lat' dir='ltr'><strong>bea-</strong></span> 
     </span>
    </p>
   </div>
   <div class='ocr_carea' id='block_1_50' title="bbox 1544 4901 1674 4974">
    <p class='ocr_par' dir='ltr' id='par_1_50' title="bbox 1544 4901 1674 4974">
     <span class='ocr_line' id='line_1_52' title="bbox 1544 4901 1674 4974; baseline 0.008 -18"><span class='ocrx_word' id='word_1_211' title='bbox 1544 4901 1674 4974; x_wconf 85' lang='lat' dir='ltr'><strong>[tus.</strong></span> 
     </span>
    </p>
   </div>
   <div class='ocr_carea' id='block_1_51' title="bbox 363 4983 1749 5080">
    <p class='ocr_par' dir='ltr' id='par_1_51' title="bbox 363 4983 1749 5080">
     <span class='ocr_line' id='line_1_53' title="bbox 363 4983 1749 5080; baseline 0.005 -40"><span class='ocrx_word' id='word_1_212' title='bbox 363 5056 395 5080; x_wconf 33' lang='grc' dir='ltr'><strong>κ</strong></span> <span class='ocrx_word' id='word_1_213' title='bbox 452 4983 551 5041; x_wconf 85' lang='lat' dir='ltr'><strong>His</strong></span> <span class='ocrx_word' id='word_1_214' title='bbox 573 4999 786 5056; x_wconf 86' lang='lat' dir='ltr'><strong>quoque</strong></span> <span class='ocrx_word' id='word_1_215' title='bbox 808 4986 1070 5057; x_wconf 83' lang='lat' dir='ltr'><strong>martyrio</strong></span> <span class='ocrx_word' id='word_1_216' title='bbox 1090 4986 1287 5059; x_wconf 85' lang='lat' dir='ltr'><strong>insigni</strong></span> <span class='ocrx_word' id='word_1_217' title='bbox 1314 4989 1565 5061; x_wconf 89' lang='lat' dir='ltr'><strong>trinoque</strong></span> <span class='ocrx_word' id='word_1_218' title='bbox 1590 5006 1749 5047; x_wconf 91' lang='lat' dir='ltr'><strong>coru-</strong></span> 
     </span>
    </p>
   </div>
   <div class='ocr_carea' id='block_1_52' title="bbox 1505 5081 1680 5156">
    <p class='ocr_par' dir='ltr' id='par_1_52' title="bbox 1505 5081 1680 5156">
     <span class='ocr_line' id='line_1_54' title="bbox 1505 5081 1680 5156; baseline 0 -18"><span class='ocrx_word' id='word_1_219' title='bbox 1505 5081 1680 5156; x_wconf 89' lang='lat' dir='ltr'><strong>[scant</strong></span> 
     </span>
    </p>
   </div>
   <div class='ocr_carea' id='block_1_53' title="bbox 3387 410 3494 471">
    <p class='ocr_par' dir='ltr' id='par_1_53' title="bbox 3387 410 3494 471">
     <span class='ocr_line' id='line_1_55' title="bbox 3387 410 3494 471; baseline 0.028 -3"><span class='ocrx_word' id='word_1_220' title='bbox 3387 410 3494 471; x_wconf 76' lang='lat' dir='ltr'><strong>6H</strong></span> 
     </span>
    </p>
   </div>
   <div class='ocr_carea' id='block_1_54' title="bbox 2198 512 3488 599">
    <p class='ocr_par' dir='ltr' id='par_1_54' title="bbox 2198 512 3488 599">
     <span class='ocr_line' id='line_1_56' title="bbox 2198 512 3488 599; baseline 0.016 -29"><span class='ocrx_word' id='word_1_221' title='bbox 2198 512 2397 574; x_wconf 90' lang='lat' dir='ltr'><strong>Orbem</strong></span> <span class='ocrx_word' id='word_1_222' title='bbox 2429 520 2628 591; x_wconf 87' lang='lat' dir='ltr'><strong>templa</strong></span> <span class='ocrx_word' id='word_1_223' title='bbox 2674 537 2773 599; x_wconf 79' lang='lat' dir='ltr'><strong>suo</strong></span> <span class='ocrx_word' id='word_1_224' title='bbox 2808 523 3093 583; x_wconf 88' lang='lat' dir='ltr'><strong>lustrantia</strong></span> <span class='ocrx_word' id='word_1_225' title='bbox 3130 528 3332 588; x_wconf 89' lang='lat' dir='ltr'><strong>lumine</strong></span> <span class='ocrx_word' id='word_1_226' title='bbox 3353 548 3488 592; x_wconf 83' lang='lat' dir='ltr'><strong>cun-</strong></span> 
     </span>
    </p>
   </div>
   <div class='ocr_carea' id='block_1_55' title="bbox 2197 622 3482 791">
    <p class='ocr_par' dir='ltr' id='par_1_55' title="bbox 2197 622 3482 791">
     <span class='ocr_line' id='line_1_57' title="bbox 3269 632 3358 679; baseline 0.011 -1"><span class='ocrx_word' id='word_1_227' title='bbox 3269 632 3358 679; x_wconf 92' lang='lat' dir='ltr'><strong>ctu</strong></span> 
     </span>
     <span class='ocr_line' id='line_1_58' title="bbox 2197 622 3482 791; baseline 0.016 -39"><span class='ocrx_word' id='word_1_228' title='bbox 2197 697 2517 772; x_wconf 88' lang='lat' dir='ltr'><strong>Dionysius,</strong></span> <span class='ocrx_word' id='word_1_229' title='bbox 2548 703 2784 761; x_wconf 73' lang='lat' dir='ltr'><strong>aether-eo</strong></span> <span class='ocrx_word' id='word_1_230' title='bbox 2818 706 2910 777; x_wconf 89' lang='lat' dir='ltr'><strong>qui</strong></span> <span class='ocrx_word' id='word_1_231' title='bbox 2951 707 3196 779; x_wconf 89' lang='lat' dir='ltr'><strong>splendet</strong></span> <span class='ocrx_word' id='word_1_232' title='bbox 3232 622 3439 791; x_wconf 61' lang='lat' dir='ltr'><strong>lEonoTe</strong></span> <span class='ocrx_word' id='word_1_233' title='bbox 3467 735 3482 772; x_wconf 89' lang='lat'><strong>:</strong></span> 
     </span>
    </p>
   </div>
   <div class='ocr_carea' id='block_1_56' title="bbox 2189 792 3484 871">
    <p class='ocr_par' dir='ltr' id='par_1_56' title="bbox 2189 792 3484 871">
     <span class='ocr_line' id='line_1_59' title="bbox 2189 792 3484 871; baseline 0.012 -23"><span class='ocrx_word' id='word_1_234' title='bbox 2189 792 2362 849; x_wconf 86' lang='lat' dir='ltr'><strong>Gallia</strong></span> <span class='ocrx_word' id='word_1_235' title='bbox 2399 794 2693 861; x_wconf 84' lang='lat' dir='ltr'><strong>doctorem,</strong></span> <span class='ocrx_word' id='word_1_236' title='bbox 2736 796 2904 855; x_wconf 87' lang='lat' dir='ltr'><strong>Paulo</strong></span> <span class='ocrx_word' id='word_1_237' title='bbox 2930 799 3246 859; x_wconf 89' lang='lat' dir='ltr'><strong>instituente</strong></span> <span class='ocrx_word' id='word_1_238' title='bbox 3275 804 3327 871; x_wconf 73' lang='grc' dir='ltr'><strong>ι’,</strong></span> <span class='ocrx_word' id='word_1_239' title='bbox 3355 805 3484 862; x_wconf 88' lang='lat' dir='ltr'><strong>bea-</strong></span> 
     </span>
    </p>
   </div>
   <div class='ocr_carea' id='block_1_57' title="bbox 2187 896 3479 1060">
    <p class='ocr_par' dir='ltr' id='par_1_57' title="bbox 2187 896 3479 1060">
     <span class='ocr_line' id='line_1_60' title="bbox 2187 896 3479 1060; baseline 0.013 -30"><span class='ocrx_word' id='word_1_240' title='bbox 2187 976 2358 1044; x_wconf 85' lang='lat' dir='ltr'><strong>Quem</strong></span> <span class='ocrx_word' id='word_1_241' title='bbox 2381 977 2596 1045; x_wconf 84' lang='lat' dir='ltr'><strong>meruit,</strong></span> <span class='ocrx_word' id='word_1_242' title='bbox 2613 978 2831 1051; x_wconf 84' lang='lat' dir='ltr'><strong>gemino</strong></span> <span class='ocrx_word' id='word_1_243' title='bbox 2841 991 3116 1054; x_wconf 84' lang='lat' dir='ltr'><strong>comptum</strong></span> <span class='ocrx_word' id='word_1_244' title='bbox 3125 896 3479 1060; x_wconf 52' lang='lat' dir='ltr'><strong>junctgitiiizue</strong></span> 
     </span>
    </p>
   </div>
   <div class='ocr_carea' id='block_1_58' title="bbox 3113 1076 3406 1149">
    <p class='ocr_par' dir='ltr' id='par_1_58' title="bbox 3113 1076 3406 1149">
     <span class='ocr_line' id='line_1_61' title="bbox 3113 1076 3406 1149; baseline 0.02 -18"><span class='ocrx_word' id='word_1_245' title='bbox 3113 1076 3406 1149; x_wconf 87' lang='lat' dir='ltr'><strong>[ministro.</strong></span> 
     </span>
    </p>
   </div>
   <div class='ocr_carea' id='block_1_59' title="bbox 2183 1161 3482 1243">
    <p class='ocr_par' dir='ltr' id='par_1_59' title="bbox 2183 1161 3482 1243">
     <span class='ocr_line' id='line_1_62' title="bbox 2183 1161 3482 1243; baseline 0.012 -26"><span class='ocrx_word' id='word_1_246' title='bbox 2183 1161 2558 1232; x_wconf 83' lang='lat' dir='ltr'><strong>Domninoque</strong></span> <span class='ocrx_word' id='word_1_247' title='bbox 2599 1164 2717 1223; x_wconf 84' lang='lat' dir='ltr'><strong>Itali</strong></span> <span class='ocrx_word' id='word_1_248' title='bbox 2758 1165 2909 1225; x_wconf 75' lang='lat' dir='ltr'><strong>claro.</strong></span> <span class='ocrx_word' id='word_1_249' title='bbox 2951 1182 3076 1226; x_wconf 89' lang='lat' dir='ltr'><strong>cum</strong></span> <span class='ocrx_word' id='word_1_250' title='bbox 3104 1183 3342 1243; x_wconf 87' lang='lat' dir='ltr'><strong>martyre</strong></span> <span class='ocrx_word' id='word_1_251' title='bbox 3380 1176 3482 1231; x_wconf 82' lang='lat' dir='ltr'><strong>ful-</strong></span> 
     </span>
    </p>
   </div>
   <div class='ocr_carea' id='block_1_60' title="bbox 1898 1263 3475 1417">
    <p class='ocr_par' dir='ltr' id='par_1_60' title="bbox 1898 1263 3475 1417">
     <span class='ocr_line' id='line_1_63' title="bbox 1898 1263 3475 1417; baseline 0.012 -21"><span class='ocrx_word' id='word_1_252' title='bbox 1898 1340 2021 1403; x_wconf 82' lang='lat' dir='ltr'><strong>Dies</strong></span> <span class='ocrx_word' id='word_1_253' title='bbox 2074 1343 2144 1400; x_wconf 85' lang='lat' dir='ltr'><strong>lO</strong></span> <span class='ocrx_word' id='word_1_254' title='bbox 2181 1344 2351 1402; x_wconf 88' lang='lat' dir='ltr'><strong>Senas</strong></span> <span class='ocrx_word' id='word_1_255' title='bbox 2372 1348 2598 1417; x_wconf 67' lang='lat' dir='ltr'><strong>iustitiae</strong></span> <span class='ocrx_word' id='word_1_256' title='bbox 2624 1349 2795 1406; x_wconf 88' lang='lat' dir='ltr'><strong>titulis</strong></span> <span class='ocrx_word' id='word_1_257' title='bbox 2818 1350 2921 1408; x_wconf 87' lang='lat' dir='ltr'><strong>Lot</strong></span> <span class='ocrx_word' id='word_1_258' title='bbox 2967 1263 3475 1417; x_wconf 46' lang='lat' dir='ltr'><strong>sanctuskgdrnat.</strong></span> 
     </span>
    </p>
   </div>
   <div class='ocr_carea' id='block_1_61' title="bbox 2178 1436 3476 1511">
    <p class='ocr_par' dir='ltr' id='par_1_61' title="bbox 2178 1436 3476 1511">
     <span class='ocr_line' id='line_1_64' title="bbox 2178 1436 3476 1511; baseline 0.012 -18"><span class='ocrx_word' id='word_1_259' title='bbox 2178 1436 2398 1495; x_wconf 87' lang='lat' dir='ltr'><strong>Cassius</strong></span> <span class='ocrx_word' id='word_1_260' title='bbox 2419 1447 2477 1495; x_wconf 90' lang='lat' dir='ltr'><strong>et</strong></span> <span class='ocrx_word' id='word_1_261' title='bbox 2513 1439 2752 1508; x_wconf 89' lang='lat' dir='ltr'><strong>Gereon,</strong></span> <span class='ocrx_word' id='word_1_262' title='bbox 2787 1440 2973 1500; x_wconf 78' lang='lat' dir='ltr'><strong>Victor</strong></span> <span class='ocrx_word' id='word_1_263' title='bbox 2998 1485 3013 1511; x_wconf 94' lang='lat'><strong>,</strong></span> <span class='ocrx_word' id='word_1_264' title='bbox 3048 1446 3355 1506; x_wconf 83' lang='lat' dir='ltr'><strong>Florentius</strong></span> <span class='ocrx_word' id='word_1_265' title='bbox 3391 1464 3476 1507; x_wconf 90' lang='lat' dir='ltr'><strong>at-</strong></span> 
     </span>
    </p>
   </div>
   <div class='ocr_carea' id='block_1_62' title="bbox 3317 1555 3404 1607">
    <p class='ocr_par' dir='ltr' id='par_1_62' title="bbox 3317 1555 3404 1607">
     <span class='ocr_line' id='line_1_65' title="bbox 3317 1555 3404 1607; baseline 0 -11"><span class='ocrx_word' id='word_1_266' title='bbox 3317 1555 3404 1607; x_wconf 85' lang='lat' dir='ltr'><strong>ue,</strong></span> 
     </span>
    </p>
   </div>
   <div class='ocr_carea' id='block_1_63' title="bbox 2175 1540 3472 1699">
    <p class='ocr_par' dir='ltr' id='par_1_63' title="bbox 2175 1540 3472 1699">
     <span class='ocr_line' id='line_1_66' title="bbox 2175 1540 3472 1699; baseline 0.009 -20"><span class='ocrx_word' id='word_1_267' title='bbox 2175 1620 2346 1694; x_wconf 73' lang='lat' dir='ltr'><strong>Marty</strong></span> <span class='ocrx_word' id='word_1_268' title='bbox 2354 1622 2420 1679; x_wconf 86' lang='lat' dir='ltr'><strong>ril</strong></span> <span class='ocrx_word' id='word_1_269' title='bbox 2441 1625 2669 1682; x_wconf 88' lang='lat' dir='ltr'><strong>comites</strong></span> <span class='ocrx_word' id='word_1_270' title='bbox 2678 1625 2830 1697; x_wconf 86' lang='lat' dir='ltr'><strong>plebs</strong></span> <span class='ocrx_word' id='word_1_271' title='bbox 2845 1635 2961 1697; x_wconf 74' lang='lat' dir='ltr'><strong>tum</strong></span> <span class='ocrx_word' id='word_1_272' title='bbox 2977 1629 3204 1699; x_wconf 85' lang='lat' dir='ltr'><strong>conjunc</strong></span> <span class='ocrx_word' id='word_1_273' title='bbox 3211 1540 3472 1691; x_wconf 45' lang='lat' dir='ltr'><strong>mulli-liftin-</strong></span> 
     </span>
    </p>
   </div>
   <div class='ocr_carea' id='block_1_64' title="bbox 3218 1721 3472 1796">
    <p class='ocr_par' dir='ltr' id='par_1_64' title="bbox 3218 1721 3472 1796">
     <span class='ocr_line' id='line_1_67' title="bbox 3218 1721 3472 1796; baseline -0.016 -17"><span class='ocrx_word' id='word_1_274' title='bbox 3218 1721 3394 1796; x_wconf 88' lang='lat' dir='ltr'><strong>[pbat.</strong></span> <span class='ocrx_word' id='word_1_275' title='bbox 3468 1770 3472 1775; x_wconf 85' lang='lat'><strong>.</strong></span> 
     </span>
    </p>
   </div>
   <div class='ocr_carea' id='block_1_65' title="bbox 2258 1824 3468 1902">
    <p class='ocr_par' dir='ltr' id='par_1_65' title="bbox 2258 1824 3468 1902">
     <span class='ocr_line' id='line_1_68' title="bbox 2258 1824 3468 1902; baseline 0.012 -23"><span class='ocrx_word' id='word_1_276' title='bbox 2258 1824 2326 1880; x_wconf 84' lang='lat' dir='ltr'><strong>In</strong></span> <span class='ocrx_word' id='word_1_277' title='bbox 2347 1826 2551 1897; x_wconf 80' lang='lat' dir='ltr'><strong>Africa,</strong></span> <span class='ocrx_word' id='word_1_278' title='bbox 2576 1828 2809 1895; x_wconf 81' lang='lat' dir='ltr'><strong>Eusebii,</strong></span> <span class='ocrx_word' id='word_1_279' title='bbox 2844 1830 3083 1900; x_wconf 86' lang='lat' dir='ltr'><strong>Heracli,</strong></span> <span class='ocrx_word' id='word_1_280' title='bbox 3113 1844 3162 1889; x_wconf 89' lang='lat' dir='ltr'><strong>et</strong></span> <span class='ocrx_word' id='word_1_281' title='bbox 3186 1834 3337 1902; x_wconf 85' lang='lat' dir='ltr'><strong>alibi,</strong></span> <span class='ocrx_word' id='word_1_282' title='bbox 3366 1836 3468 1893; x_wconf 84' lang='lat' dir='ltr'><strong>Se-</strong></span> 
     </span>
    </p>
   </div>
   <div class='ocr_carea' id='block_1_66' title="bbox 2245 1919 3469 1997">
    <p class='ocr_par' dir='ltr' id='par_1_66' title="bbox 2245 1919 3469 1997">
     <span class='ocr_line' id='line_1_69' title="bbox 2245 1919 3469 1997; baseline 0.008 -24"><span class='ocrx_word' id='word_1_283' title='bbox 2245 1966 2249 1973; x_wconf 94' lang='lat'><strong>.</strong></span> <span class='ocrx_word' id='word_1_284' title='bbox 2315 1920 2448 1983; x_wconf 86' lang='lat' dir='ltr'><strong>reni,</strong></span> <span class='ocrx_word' id='word_1_285' title='bbox 2480 1928 2528 1972; x_wconf 90' lang='lat' dir='ltr'><strong>et</strong></span> <span class='ocrx_word' id='word_1_286' title='bbox 2555 1919 2834 1987; x_wconf 80' lang='lat' dir='ltr'><strong>Crescenti,</strong></span> <span class='ocrx_word' id='word_1_287' title='bbox 2861 1931 2911 1976; x_wconf 85' lang='lat' dir='ltr'><strong>et</strong></span> <span class='ocrx_word' id='word_1_288' title='bbox 2933 1924 3211 1979; x_wconf 81' lang='lat' dir='ltr'><strong>translatio</strong></span> <span class='ocrx_word' id='word_1_289' title='bbox 3234 1928 3469 1997; x_wconf 86' lang='lat' dir='ltr'><strong>corporis</strong></span> 
     </span>
    </p>
   </div>
   <div class='ocr_carea' id='block_1_67' title="bbox 2313 2008 2909 2065">
    <p class='ocr_par' dir='ltr' id='par_1_67' title="bbox 2313 2008 2909 2065">
     <span class='ocr_line' id='line_1_70' title="bbox 2313 2008 2909 2065; baseline 0.005 -3"><span class='ocrx_word' id='word_1_290' title='bbox 2313 2009 2598 2063; x_wconf 79' lang='lat' dir='ltr'><strong>beatissimi</strong></span> <span class='ocrx_word' id='word_1_291' title='bbox 2623 2008 2909 2065; x_wconf 70' lang='lat' dir='ltr'><strong>Martialis.</strong></span> 
     </span>
    </p>
   </div>
   <div class='ocr_carea' id='block_1_68' title="bbox 2066 2097 3466 2168">
    <p class='ocr_par' dir='ltr' id='par_1_68' title="bbox 2066 2097 3466 2168">
     <span class='ocr_line' id='line_1_71' title="bbox 2066 2097 3466 2168; baseline 0.007 -14"><span class='ocrx_word' id='word_1_292' title='bbox 2066 2099 2127 2154; x_wconf 82' lang='grc' dir='ltr'>Η</span> <span class='ocrx_word' id='word_1_293' title='bbox 2168 2099 2373 2167; x_wconf 84' lang='lat' dir='ltr'><strong>Quinas</strong></span> <span class='ocrx_word' id='word_1_294' title='bbox 2395 2115 2520 2155; x_wconf 82' lang='lat' dir='ltr'><strong>mox</strong></span> <span class='ocrx_word' id='word_1_295' title='bbox 2548 2097 2806 2167; x_wconf 88' lang='lat' dir='ltr'><strong>Taracus,</strong></span> <span class='ocrx_word' id='word_1_296' title='bbox 2834 2101 3065 2168; x_wconf 85' lang='lat' dir='ltr'><strong>Probus,</strong></span> <span class='ocrx_word' id='word_1_297' title='bbox 3093 2102 3466 2165; x_wconf 85' lang='lat' dir='ltr'><strong>Andronicus-</strong></span> 
     </span>
    </p>
   </div>
   <div class='ocr_carea' id='block_1_69' title="bbox 2949 2190 3387 2263">
    <p class='ocr_par' dir='ltr' id='par_1_69' title="bbox 2949 2190 3387 2263">
     <span class='ocr_line' id='line_1_72' title="bbox 2949 2190 3387 2263; baseline 0.018 -19"><span class='ocrx_word' id='word_1_298' title='bbox 2949 2190 3077 2263; x_wconf 85' lang='lat' dir='ltr'><strong>[que</strong></span> <span class='ocrx_word' id='word_1_299' title='bbox 3108 2204 3387 2261; x_wconf 88' lang='lat' dir='ltr'><strong>coronant,</strong></span> 
     </span>
    </p>
   </div>
   <div class='ocr_carea' id='block_1_70' title="bbox 2169 2279 3467 2354">
    <p class='ocr_par' dir='ltr' id='par_1_70' title="bbox 2169 2279 3467 2354">
     <span class='ocr_line' id='line_1_73' title="bbox 2169 2279 3467 2354; baseline 0.008 -20"><span class='ocrx_word' id='word_1_300' title='bbox 2169 2279 2413 2346; x_wconf 82' lang='lat' dir='ltr'><strong>Virtutis,</strong></span> <span class='ocrx_word' id='word_1_301' title='bbox 2456 2280 2755 2352; x_wconf 89' lang='lat' dir='ltr'><strong>mortisque</strong></span> <span class='ocrx_word' id='word_1_302' title='bbox 2782 2295 2938 2353; x_wconf 89' lang='lat' dir='ltr'><strong>pares</strong></span> <span class='ocrx_word' id='word_1_303' title='bbox 2965 2298 3103 2353; x_wconf 88' lang='lat' dir='ltr'><strong>quos</strong></span> <span class='ocrx_word' id='word_1_304' title='bbox 3149 2284 3317 2354; x_wconf 88' lang='lat' dir='ltr'><strong>gloria</strong></span> <span class='ocrx_word' id='word_1_305' title='bbox 3346 2288 3467 2344; x_wconf 87' lang='lat' dir='ltr'><strong>red-</strong></span> 
     </span>
    </p>
   </div>
   <div class='ocr_carea' id='block_1_71' title="bbox 3265 2375 3386 2447">
    <p class='ocr_par' dir='ltr' id='par_1_71' title="bbox 3265 2375 3386 2447">
     <span class='ocr_line' id='line_1_74' title="bbox 3265 2375 3386 2447; baseline 0.008 -17"><span class='ocrx_word' id='word_1_306' title='bbox 3265 2375 3386 2447; x_wconf 84' lang='lat' dir='ltr'><strong>[dit.</strong></span> 
     </span>
    </p>
   </div>
   <div class='ocr_carea' id='block_1_72' title="bbox 2233 2460 3463 2530">
    <p class='ocr_par' dir='ltr' id='par_1_72' title="bbox 2233 2460 3463 2530">
     <span class='ocr_line' id='line_1_75' title="bbox 2233 2460 3463 2530; baseline 0.006 -14"><span class='ocrx_word' id='word_1_307' title='bbox 2233 2461 2301 2516; x_wconf 89' lang='lat' dir='ltr'><strong>In</strong></span> <span class='ocrx_word' id='word_1_308' title='bbox 2321 2463 2523 2517; x_wconf 84' lang='lat' dir='ltr'><strong>Acerno</strong></span> <span class='ocrx_word' id='word_1_309' title='bbox 2552 2460 2773 2530; x_wconf 66' lang='lat' dir='ltr'><strong>Siciliae,</strong></span> <span class='ocrx_word' id='word_1_310' title='bbox 2800 2464 2977 2519; x_wconf 88' lang='lat' dir='ltr'><strong>natale</strong></span> <span class='ocrx_word' id='word_1_311' title='bbox 2991 2474 3293 2523; x_wconf 86' lang='lat' dir='ltr'><strong>sanctorum</strong></span> <span class='ocrx_word' id='word_1_312' title='bbox 3315 2465 3463 2522; x_wconf 78' lang='lat' dir='ltr'><strong>Fau-</strong></span> 
     </span>
    </p>
   </div>
   <div class='ocr_carea' id='block_1_73' title="bbox 2305 2552 2702 2617">
    <p class='ocr_par' dir='ltr' id='par_1_73' title="bbox 2305 2552 2702 2617">
     <span class='ocr_line' id='line_1_76' title="bbox 2305 2552 2702 2617; baseline 0 -11"><span class='ocrx_word' id='word_1_313' title='bbox 2305 2554 2394 2617; x_wconf 87' lang='lat' dir='ltr'><strong>sti,</strong></span> <span class='ocrx_word' id='word_1_314' title='bbox 2434 2552 2702 2606; x_wconf 81' lang='lat' dir='ltr'><strong>Januarii.</strong></span> 
     </span>
    </p>
   </div>
   <div class='ocr_carea' id='block_1_74' title="bbox 2052 2643 3381 2721">
    <p class='ocr_par' dir='ltr' id='par_1_74' title="bbox 2052 2643 3381 2721">
     <span class='ocr_line' id='line_1_77' title="bbox 2052 2643 3381 2721; baseline 0.006 -23"><span class='ocrx_word' id='word_1_315' title='bbox 2052 2643 2121 2698; x_wconf 72' lang='grc'>12</span> <span class='ocrx_word' id='word_1_316' title='bbox 2152 2644 2278 2699; x_wconf 88' lang='lat' dir='ltr'><strong>ldus</strong></span> <span class='ocrx_word' id='word_1_317' title='bbox 2302 2650 2413 2697; x_wconf 89' lang='lat' dir='ltr'><strong>tam</strong></span> <span class='ocrx_word' id='word_1_318' title='bbox 2439 2653 2661 2713; x_wconf 86' lang='lat' dir='ltr'><strong>quartas</strong></span> <span class='ocrx_word' id='word_1_319' title='bbox 2695 2644 2905 2699; x_wconf 90' lang='lat' dir='ltr'><strong>meritis</strong></span> <span class='ocrx_word' id='word_1_320' title='bbox 2931 2644 3171 2703; x_wconf 86' lang='lat' dir='ltr'><strong>Edistius</strong></span> <span class='ocrx_word' id='word_1_321' title='bbox 3199 2659 3381 2721; x_wconf 90' lang='lat' dir='ltr'><strong>auget,</strong></span> 
     </span>
    </p>
   </div>
   <div class='ocr_carea' id='block_1_75' title="bbox 2163 2733 3456 2814">
    <p class='ocr_par' dir='ltr' id='par_1_75' title="bbox 2163 2733 3456 2814">
     <span class='ocr_line' id='line_1_78' title="bbox 2163 2733 3456 2814; baseline 0.004 -20"><span class='ocrx_word' id='word_1_322' title='bbox 2163 2734 2305 2794; x_wconf 87' lang='lat' dir='ltr'><strong>Urbs</strong></span> <span class='ocrx_word' id='word_1_323' title='bbox 2351 2733 2609 2789; x_wconf 82' lang='lat' dir='ltr'><strong>Ravenna</strong></span> <span class='ocrx_word' id='word_1_324' title='bbox 2654 2749 2752 2791; x_wconf 90' lang='lat' dir='ltr'><strong>suo</strong></span> <span class='ocrx_word' id='word_1_325' title='bbox 2798 2734 2999 2791; x_wconf 86' lang='lat' dir='ltr'><strong>celebri</strong></span> <span class='ocrx_word' id='word_1_326' title='bbox 3054 2752 3163 2807; x_wconf 90' lang='lat' dir='ltr'><strong>quo</strong></span> <span class='ocrx_word' id='word_1_327' title='bbox 3218 2752 3456 2814; x_wconf 85' lang='lat' dir='ltr'><strong>martyre</strong></span> 
     </span>
    </p>
   </div>
   <div class='ocr_carea' id='block_1_76' title="bbox 3179 2829 3363 2902">
    <p class='ocr_par' dir='ltr' id='par_1_76' title="bbox 3179 2829 3363 2902">
     <span class='ocr_line' id='line_1_79' title="bbox 3179 2829 3363 2902; baseline 0.027 -19"><span class='ocrx_word' id='word_1_328' title='bbox 3179 2829 3363 2902; x_wconf 89' lang='lat' dir='ltr'><strong>[pollet</strong></span> 
     </span>
    </p>
   </div>
   <div class='ocr_carea' id='block_1_77' title="bbox 2221 2914 3455 2987">
    <p class='ocr_par' dir='ltr' id='par_1_77' title="bbox 2221 2914 3455 2987">
     <span class='ocr_line' id='line_1_80' title="bbox 2221 2914 3455 2987; baseline 0.007 -17"><span class='ocrx_word' id='word_1_329' title='bbox 2221 2916 2290 2970; x_wconf 84' lang='lat' dir='ltr'><strong>In</strong></span> <span class='ocrx_word' id='word_1_330' title='bbox 2329 2914 2621 2987; x_wconf 85' lang='lat' dir='ltr'><strong>Campania</strong></span> <span class='ocrx_word' id='word_1_331' title='bbox 2664 2918 2892 2985; x_wconf 88' lang='lat' dir='ltr'><strong>civitate,</strong></span> <span class='ocrx_word' id='word_1_332' title='bbox 2934 2920 3112 2977; x_wconf 76' lang='lat' dir='ltr'><strong>natale</strong></span> <span class='ocrx_word' id='word_1_333' title='bbox 3149 2932 3455 2979; x_wconf 84' lang='lat' dir='ltr'><strong>sanctorum</strong></span> 
     </span>
    </p>
   </div>
   <div class='ocr_carea' id='block_1_78' title="bbox 2305 3008 2975 3068">
    <p class='ocr_par' dir='ltr' id='par_1_78' title="bbox 2305 3008 2975 3068">
     <span class='ocr_line' id='line_1_81' title="bbox 2305 3008 2975 3068; baseline 0.007 -5"><span class='ocrx_word' id='word_1_334' title='bbox 2305 3008 2591 3065; x_wconf 82' lang='lat' dir='ltr'><strong>Fortunati</strong></span> <span class='ocrx_word' id='word_1_335' title='bbox 2611 3020 2660 3065; x_wconf 89' lang='lat' dir='ltr'><strong>et</strong></span> <span class='ocrx_word' id='word_1_336' title='bbox 2691 3011 2975 3068; x_wconf 83' lang='lat' dir='ltr'><strong>Prisciani.</strong></span> 
     </span>
    </p>
   </div>
   <div class='ocr_carea' id='block_1_79' title="bbox 2047 3101 3452 3171">
    <p class='ocr_par' dir='ltr' id='par_1_79' title="bbox 2047 3101 3452 3171">
     <span class='ocr_line' id='line_1_82' title="bbox 2047 3101 3452 3171; baseline 0.006 -15"><span class='ocrx_word' id='word_1_337' title='bbox 2047 3101 2118 3157; x_wconf 73' lang='lat' dir='ltr'><strong>lii</strong></span> <span class='ocrx_word' id='word_1_338' title='bbox 2155 3101 2363 3158; x_wconf 86' lang='lat' dir='ltr'><strong>Ternas</strong></span> <span class='ocrx_word' id='word_1_339' title='bbox 2406 3101 2718 3171; x_wconf 74' lang='lat' dir='ltr'><strong>Marcellus,</strong></span> <span class='ocrx_word' id='word_1_340' title='bbox 2740 3103 2996 3171; x_wconf 83' lang='lat' dir='ltr'><strong>Faustus,</strong></span> <span class='ocrx_word' id='word_1_341' title='bbox 3026 3102 3318 3164; x_wconf 74' lang='lat' dir='ltr'><strong>Ianuarius</strong></span> <span class='ocrx_word' id='word_1_342' title='bbox 3346 3109 3452 3164; x_wconf 90' lang='lat' dir='ltr'><strong>im-</strong></span> 
     </span>
    </p>
   </div>
   <div class='ocr_carea' id='block_1_80' title="bbox 3184 3197 3374 3271">
    <p class='ocr_par' dir='ltr' id='par_1_80' title="bbox 3184 3197 3374 3271">
     <span class='ocr_line' id='line_1_83' title="bbox 3184 3197 3374 3271; baseline 0.005 -19"><span class='ocrx_word' id='word_1_343' title='bbox 3184 3197 3374 3271; x_wconf 90' lang='lat' dir='ltr'><strong>[plent.</strong></span> 
     </span>
    </p>
   </div>
   <div class='ocr_carea' id='block_1_81' title="bbox 2154 3284 3448 3360">
    <p class='ocr_par' dir='ltr' id='par_1_81' title="bbox 2154 3284 3448 3360">
     <span class='ocr_line' id='line_1_84' title="bbox 2154 3284 3448 3360; baseline 0.006 -21"><span class='ocrx_word' id='word_1_344' title='bbox 2154 3284 2291 3340; x_wconf 80' lang='lat' dir='ltr'><strong>Tum</strong></span> <span class='ocrx_word' id='word_1_345' title='bbox 2320 3299 2536 3356; x_wconf 88' lang='lat' dir='ltr'><strong>quoque</strong></span> <span class='ocrx_word' id='word_1_346' title='bbox 2560 3286 2722 3342; x_wconf 78' lang='lat' dir='ltr'><strong>Petro</strong></span> <span class='ocrx_word' id='word_1_347' title='bbox 2750 3286 2868 3353; x_wconf 85' lang='lat' dir='ltr'><strong>tibi,</strong></span> <span class='ocrx_word' id='word_1_348' title='bbox 2898 3286 3222 3360; x_wconf 81' lang='lat' dir='ltr'><strong>Dionysique</strong></span> <span class='ocrx_word' id='word_1_349' title='bbox 3261 3306 3448 3347; x_wconf 88' lang='lat' dir='ltr'><strong>sacra-</strong></span> 
     </span>
    </p>
   </div>
   <div class='ocr_carea' id='block_1_82' title="bbox 3240 3380 3379 3453">
    <p class='ocr_par' dir='ltr' id='par_1_82' title="bbox 3240 3380 3379 3453">
     <span class='ocr_line' id='line_1_85' title="bbox 3240 3380 3379 3453; baseline 0 -17"><span class='ocrx_word' id='word_1_350' title='bbox 3240 3380 3379 3453; x_wconf 88' lang='lat' dir='ltr'><strong>[tum</strong></span> 
     </span>
    </p>
   </div>
   <div class='ocr_carea' id='block_1_83' title="bbox 2152 3469 3452 3543">
    <p class='ocr_par' dir='ltr' id='par_1_83' title="bbox 2152 3469 3452 3543">
     <span class='ocr_line' id='line_1_86' title="bbox 2152 3469 3452 3543; baseline 0.003 -19"><span class='ocrx_word' id='word_1_351' title='bbox 2152 3469 2465 3539; x_wconf 89' lang='lat' dir='ltr'><strong>Templum;</strong></span> <span class='ocrx_word' id='word_1_352' title='bbox 2499 3478 2555 3525; x_wconf 84' lang='lat' dir='ltr'><strong>et</strong></span> <span class='ocrx_word' id='word_1_353' title='bbox 2578 3469 2942 3541; x_wconf 87' lang='lat' dir='ltr'><strong>Cbrysantho,</strong></span> <span class='ocrx_word' id='word_1_354' title='bbox 2988 3471 3270 3543; x_wconf 83' lang='lat' dir='ltr'><strong>Dariaeque</strong></span> <span class='ocrx_word' id='word_1_355' title='bbox 3297 3487 3452 3529; x_wconf 88' lang='lat' dir='ltr'><strong>coru-</strong></span> 
     </span>
    </p>
   </div>
   <div class='ocr_carea' id='block_1_84' title="bbox 3002 3560 3373 3633">
    <p class='ocr_par' dir='ltr' id='par_1_84' title="bbox 3002 3560 3373 3633">
     <span class='ocr_line' id='line_1_87' title="bbox 3002 3560 3373 3633; baseline 0.003 -16"><span class='ocrx_word' id='word_1_356' title='bbox 3002 3560 3146 3633; x_wconf 88' lang='lat' dir='ltr'><strong>[scat</strong></span> <span class='ocrx_word' id='word_1_357' title='bbox 3173 3573 3228 3619; x_wconf 88' lang='lat' dir='ltr'><strong>et</strong></span> <span class='ocrx_word' id='word_1_358' title='bbox 3254 3579 3373 3630; x_wconf 90' lang='lat' dir='ltr'><strong>ara,</strong></span> 
     </span>
    </p>
   </div>
   <div class='ocr_carea' id='block_1_85' title="bbox 2142 3649 3445 3721">
    <p class='ocr_par' dir='ltr' id='par_1_85' title="bbox 2142 3649 3445 3721">
     <span class='ocr_line' id='line_1_88' title="bbox 2142 3649 3445 3721; baseline 0.004 -17"><span class='ocrx_word' id='word_1_359' title='bbox 2142 3649 2336 3720; x_wconf 87' lang='lat' dir='ltr'><strong>Tulpia</strong></span> <span class='ocrx_word' id='word_1_360' title='bbox 2361 3666 2487 3705; x_wconf 88' lang='lat' dir='ltr'><strong>cum</strong></span> <span class='ocrx_word' id='word_1_361' title='bbox 2509 3651 2670 3720; x_wconf 88' lang='lat' dir='ltr'><strong>plano</strong></span> <span class='ocrx_word' id='word_1_362' title='bbox 2688 3665 2796 3720; x_wconf 92' lang='lat' dir='ltr'><strong>quo</strong></span> <span class='ocrx_word' id='word_1_363' title='bbox 2813 3650 3096 3720; x_wconf 57' lang='lat' dir='ltr'><strong>praeminet</strong></span> <span class='ocrx_word' id='word_1_364' title='bbox 3113 3665 3329 3721; x_wconf 69' lang='lat' dir='ltr'><strong>aequore</strong></span> <span class='ocrx_word' id='word_1_365' title='bbox 3354 3668 3445 3709; x_wconf 91' lang='lat' dir='ltr'><strong>ca-</strong></span> 
     </span>
    </p>
   </div>
   <div class='ocr_carea' id='block_1_86' title="bbox 3153 3740 3369 3815">
    <p class='ocr_par' dir='ltr' id='par_1_86' title="bbox 3153 3740 3369 3815">
     <span class='ocr_line' id='line_1_89' title="bbox 3153 3740 3369 3815; baseline 0.014 -18"><span class='ocrx_word' id='word_1_366' title='bbox 3153 3740 3369 3815; x_wconf 82' lang='lat' dir='ltr'><strong>[strum.</strong></span> 
     </span>
    </p>
   </div>
   <div class='ocr_carea' id='block_1_87' title="bbox 2186 3850 3444 3922">
    <p class='ocr_par' dir='ltr' id='par_1_87' title="bbox 2186 3850 3444 3922">
     <span class='ocr_line' id='line_1_90' title="bbox 2186 3850 3444 3922; baseline 0.005 -18"><span class='ocrx_word' id='word_1_367' title='bbox 2186 3850 2283 3920; x_wconf 64' lang='lat' dir='ltr'><strong>Jn</strong></span> <span class='ocrx_word' id='word_1_368' title='bbox 2331 3850 2566 3922; x_wconf 88' lang='lat' dir='ltr'><strong>Spaniis,</strong></span> <span class='ocrx_word' id='word_1_369' title='bbox 2592 3851 2838 3906; x_wconf 81' lang='lat' dir='ltr'><strong>Corduba</strong></span> <span class='ocrx_word' id='word_1_370' title='bbox 2882 3851 3110 3918; x_wconf 85' lang='lat' dir='ltr'><strong>civitate,</strong></span> <span class='ocrx_word' id='word_1_371' title='bbox 3140 3864 3444 3910; x_wconf 85' lang='lat' dir='ltr'><strong>sanctorum</strong></span> 
     </span>
    </p>
   </div>
   <div class='ocr_carea' id='block_1_88' title="bbox 2281 3942 3442 4001">
    <p class='ocr_par' dir='ltr' id='par_1_88' title="bbox 2281 3942 3442 4001">
     <span class='ocr_line' id='line_1_91' title="bbox 2281 3942 3442 4001; baseline 0.005 -6"><span class='ocrx_word' id='word_1_372' title='bbox 2281 3942 2473 3998; x_wconf 85' lang='lat' dir='ltr'><strong>Fausti</strong></span> <span class='ocrx_word' id='word_1_373' title='bbox 2504 3954 2551 3998; x_wconf 88' lang='lat' dir='ltr'><strong>et</strong></span> <span class='ocrx_word' id='word_1_374' title='bbox 2574 3943 2813 3998; x_wconf 67' lang='lat' dir='ltr'><strong>Marciae.</strong></span> <span class='ocrx_word' id='word_1_375' title='bbox 2849 3943 3150 3998; x_wconf 85' lang='lat' dir='ltr'><strong>Lemovicas</strong></span> <span class='ocrx_word' id='word_1_376' title='bbox 3180 3945 3442 4001; x_wconf 83' lang='lat' dir='ltr'><strong>dedicatio</strong></span> 
     </span>
    </p>
   </div>
   <div class='ocr_carea' id='block_1_89' title="bbox 2280 4036 3442 4103">
    <p class='ocr_par' dir='ltr' id='par_1_89' title="bbox 2280 4036 3442 4103">
     <span class='ocr_line' id='line_1_92' title="bbox 2280 4036 3442 4103; baseline 0.004 -12"><span class='ocrx_word' id='word_1_377' title='bbox 2280 4038 2449 4091; x_wconf 87' lang='lat' dir='ltr'><strong>sancti</strong></span> <span class='ocrx_word' id='word_1_378' title='bbox 2478 4036 2792 4103; x_wconf 78' lang='lat' dir='ltr'><strong>Saluatoris,</strong></span> <span class='ocrx_word' id='word_1_379' title='bbox 2815 4046 2865 4092; x_wconf 90' lang='lat' dir='ltr'><strong>et</strong></span> <span class='ocrx_word' id='word_1_380' title='bbox 2886 4038 3054 4093; x_wconf 88' lang='lat' dir='ltr'><strong>sancti</strong></span> <span class='ocrx_word' id='word_1_381' title='bbox 3078 4037 3294 4094; x_wconf 82' lang='lat' dir='ltr'><strong>Geraldi</strong></span> <span class='ocrx_word' id='word_1_382' title='bbox 3318 4056 3442 4096; x_wconf 90' lang='lat' dir='ltr'><strong>con-</strong></span> 
     </span>
    </p>
   </div>
   <div class='ocr_carea' id='block_1_90' title="bbox 2278 4128 2511 4199">
    <p class='ocr_par' dir='ltr' id='par_1_90' title="bbox 2278 4128 2511 4199">
     <span class='ocr_line' id='line_1_93' title="bbox 2278 4128 2511 4199; baseline 0 -17"><span class='ocrx_word' id='word_1_383' title='bbox 2278 4128 2511 4199; x_wconf 80' lang='lat' dir='ltr'><strong>fessoris.</strong></span> 
     </span>
    </p>
   </div>
   <div class='ocr_carea' id='block_1_91' title="bbox 2034 4216 3441 4291">
    <p class='ocr_par' dir='ltr' id='par_1_91' title="bbox 2034 4216 3441 4291">
     <span class='ocr_line' id='line_1_94' title="bbox 2034 4216 3441 4291; baseline 0.004 -20"><span class='ocrx_word' id='word_1_384' title='bbox 2034 4217 2103 4272; x_wconf 72' lang='grc' dir='ltr'>Η</span> <span class='ocrx_word' id='word_1_385' title='bbox 2141 4216 2392 4273; x_wconf 88' lang='lat' dir='ltr'><strong>Callistus</strong></span> <span class='ocrx_word' id='word_1_386' title='bbox 2420 4218 2598 4289; x_wconf 82' lang='lat' dir='ltr'><strong>prime</strong></span> <span class='ocrx_word' id='word_1_387' title='bbox 2628 4218 2855 4274; x_wconf 83' lang='lat' dir='ltr'><strong>antistes</strong></span> <span class='ocrx_word' id='word_1_388' title='bbox 2884 4229 3198 4291; x_wconf 86' lang='lat' dir='ltr'><strong>martyrque</strong></span> <span class='ocrx_word' id='word_1_389' title='bbox 3236 4227 3441 4291; x_wconf 69' lang='lat' dir='ltr'><strong>tropaeo</strong></span> 
     </span>
    </p>
   </div>
   <div class='ocr_carea' id='block_1_92' title="bbox 2139 4313 3441 4399">
    <p class='ocr_par' dir='ltr' id='par_1_92' title="bbox 2139 4313 3441 4399">
     <span class='ocr_line' id='line_1_95' title="bbox 2139 4313 3441 4399; baseline 0.001 -30"><span class='ocrx_word' id='word_1_390' title='bbox 2139 4313 2473 4382; x_wconf 70' lang='lat' dir='ltr'><strong>Praecellens,</strong></span> <span class='ocrx_word' id='word_1_391' title='bbox 2507 4315 2675 4370; x_wconf 91' lang='lat' dir='ltr'><strong>multo</strong></span> <span class='ocrx_word' id='word_1_392' title='bbox 2700 4323 2756 4372; x_wconf 90' lang='lat' dir='ltr'><strong>et</strong></span> <span class='ocrx_word' id='word_1_393' title='bbox 2773 4315 3061 4371; x_wconf 88' lang='lat' dir='ltr'><strong>comitatus</strong></span> <span class='ocrx_word' id='word_1_394' title='bbox 3084 4323 3320 4399; x_wconf 85' lang='lat' dir='ltr'><strong>martyre</strong></span> <span class='ocrx_word' id='word_1_395' title='bbox 3340 4315 3441 4370; x_wconf 82' lang='lat' dir='ltr'><strong>ful-</strong></span> 
     </span>
    </p>
   </div>
   <div class='ocr_carea' id='block_1_93' title="bbox 3233 4402 3363 4478">
    <p class='ocr_par' dir='ltr' id='par_1_93' title="bbox 3233 4402 3363 4478">
     <span class='ocr_line' id='line_1_96' title="bbox 3233 4402 3363 4478; baseline 0.008 -19"><span class='ocrx_word' id='word_1_396' title='bbox 3233 4402 3363 4478; x_wconf 87' lang='lat' dir='ltr'><strong>[get.</strong></span> 
     </span>
    </p>
   </div>
   <div class='ocr_carea' id='block_1_94' title="bbox 2211 4516 3433 4585">
    <p class='ocr_par' dir='ltr' id='par_1_94' title="bbox 2211 4516 3433 4585">
     <span class='ocr_line' id='line_1_97' title="bbox 2211 4516 3433 4585; baseline 0.002 -15"><span class='ocrx_word' id='word_1_397' title='bbox 2211 4516 2413 4585; x_wconf 77' lang='lat' dir='ltr'><strong>Romw,</strong></span> <span class='ocrx_word' id='word_1_398' title='bbox 2450 4518 2531 4573; x_wconf 88' lang='lat' dir='ltr'><strong>via</strong></span> <span class='ocrx_word' id='word_1_399' title='bbox 2578 4518 2812 4584; x_wconf 79' lang='lat' dir='ltr'><strong>Aurelia,</strong></span> <span class='ocrx_word' id='word_1_400' title='bbox 2864 4519 2919 4572; x_wconf 91' lang='lat' dir='ltr'><strong>in</strong></span> <span class='ocrx_word' id='word_1_401' title='bbox 2966 4519 3206 4585; x_wconf 87' lang='lat' dir='ltr'><strong>civitate,</strong></span> <span class='ocrx_word' id='word_1_402' title='bbox 3256 4518 3433 4574; x_wconf 87' lang='lat' dir='ltr'><strong>natale</strong></span> 
     </span>
    </p>
   </div>
   <div class='ocr_carea' id='block_1_95' title="bbox 2279 4609 2947 4679">
    <p class='ocr_par' dir='ltr' id='par_1_95' title="bbox 2279 4609 2947 4679">
     <span class='ocr_line' id='line_1_98' title="bbox 2279 4609 2947 4679; baseline 0.001 -17"><span class='ocrx_word' id='word_1_403' title='bbox 2279 4611 2446 4662; x_wconf 88' lang='lat' dir='ltr'><strong>sancti</strong></span> <span class='ocrx_word' id='word_1_404' title='bbox 2485 4609 2680 4664; x_wconf 79' lang='lat' dir='ltr'><strong>Calixti</strong></span> <span class='ocrx_word' id='word_1_405' title='bbox 2701 4610 2947 4679; x_wconf 88' lang='lat' dir='ltr'><strong>episcopi.</strong></span> 
     </span>
    </p>
   </div>
   <div class='ocr_carea' id='block_1_96' title="bbox 2033 4695 3359 4763">
    <p class='ocr_par' dir='ltr' id='par_1_96' title="bbox 2033 4695 3359 4763">
     <span class='ocr_line' id='line_1_99' title="bbox 2033 4695 3359 4763; baseline 0 -13"><span class='ocrx_word' id='word_1_406' title='bbox 2033 4695 2101 4757; x_wconf 78' lang='grc'><strong>15</strong></span> <span class='ocrx_word' id='word_1_407' title='bbox 2135 4696 2317 4752; x_wconf 71' lang='lat' dir='ltr'><strong>Idibus</strong></span> <span class='ocrx_word' id='word_1_408' title='bbox 2343 4697 2466 4751; x_wconf 91' lang='lat' dir='ltr'><strong>inde</strong></span> <span class='ocrx_word' id='word_1_409' title='bbox 2489 4697 2583 4751; x_wconf 92' lang='lat' dir='ltr'><strong>tibi</strong></span> <span class='ocrx_word' id='word_1_410' title='bbox 2610 4697 2919 4753; x_wconf 89' lang='lat' dir='ltr'><strong>Maurorum</strong></span> <span class='ocrx_word' id='word_1_411' title='bbox 2939 4698 3098 4752; x_wconf 88' lang='lat' dir='ltr'><strong>turba</strong></span> <span class='ocrx_word' id='word_1_412' title='bbox 3112 4704 3359 4763; x_wconf 86' lang='lat' dir='ltr'><strong>vocatur,</strong></span> 
     </span>
    </p>
   </div>
   <div class='ocr_carea' id='block_1_97' title="bbox 2144 4786 3363 4860">
    <p class='ocr_par' dir='ltr' id='par_1_97' title="bbox 2144 4786 3363 4860">
     <span class='ocr_line' id='line_1_100' title="bbox 2144 4786 3363 4860; baseline -0.001 -18"><span class='ocrx_word' id='word_1_413' title='bbox 2144 4788 2438 4860; x_wconf 86' lang='lat' dir='ltr'><strong>Agrippina</strong></span> <span class='ocrx_word' id='word_1_414' title='bbox 2458 4788 2653 4843; x_wconf 90' lang='lat' dir='ltr'><strong>animis</strong></span> <span class='ocrx_word' id='word_1_415' title='bbox 2682 4788 2886 4858; x_wconf 91' lang='lat' dir='ltr'><strong>pariter</strong></span> <span class='ocrx_word' id='word_1_416' title='bbox 2910 4802 3030 4859; x_wconf 55' lang='lat' dir='ltr'><strong>qua</strong></span> <span class='ocrx_word' id='word_1_417' title='bbox 3050 4786 3169 4843; x_wconf 76' lang='lat' dir='ltr'><strong>lzcta</strong></span> <span class='ocrx_word' id='word_1_418' title='bbox 3191 4788 3363 4842; x_wconf 88' lang='lat' dir='ltr'><strong>beatis</strong></span> 
     </span>
    </p>
   </div>
   <div class='ocr_carea' id='block_1_98' title="bbox 2141 4878 3356 4935">
    <p class='ocr_par' dir='ltr' id='par_1_98' title="bbox 2141 4878 3356 4935">
     <span class='ocr_line' id='line_1_101' title="bbox 2141 4878 3356 4935; baseline -0.001 -2"><span class='ocrx_word' id='word_1_419' title='bbox 2141 4878 2384 4934; x_wconf 82' lang='lat' dir='ltr'><strong>Militiam</strong></span> <span class='ocrx_word' id='word_1_420' title='bbox 2410 4878 2625 4935; x_wconf 88' lang='lat' dir='ltr'><strong>Christo</strong></span> <span class='ocrx_word' id='word_1_421' title='bbox 2636 4880 2837 4935; x_wconf 83' lang='lat' dir='ltr'><strong>virtute</strong></span> <span class='ocrx_word' id='word_1_422' title='bbox 2860 4887 2921 4933; x_wconf 85' lang='lat' dir='ltr'><strong>et</strong></span> <span class='ocrx_word' id='word_1_423' title='bbox 2942 4887 3115 4933; x_wconf 89' lang='lat' dir='ltr'><strong>morte</strong></span> <span class='ocrx_word' id='word_1_424' title='bbox 3138 4878 3356 4934; x_wconf 85' lang='lat' dir='ltr'><strong>dicavit.</strong></span> 
     </span>
    </p>
   </div>
   <div class='ocr_carea' id='block_1_99' title="bbox 2215 4987 3430 5065">
    <p class='ocr_par' dir='ltr' id='par_1_99' title="bbox 2215 4987 3430 5065">
     <span class='ocr_line' id='line_1_102' title="bbox 2215 4987 3430 5065; baseline -0.001 -20"><span class='ocrx_word' id='word_1_425' title='bbox 2215 4987 2283 5045; x_wconf 88' lang='lat' dir='ltr'><strong>In</strong></span> <span class='ocrx_word' id='word_1_426' title='bbox 2303 4987 2508 5061; x_wconf 86' lang='lat' dir='ltr'><strong>Capua,</strong></span> <span class='ocrx_word' id='word_1_427' title='bbox 2538 4990 2621 5047; x_wconf 84' lang='lat' dir='ltr'><strong>via</strong></span> <span class='ocrx_word' id='word_1_428' title='bbox 2647 4987 2881 5065; x_wconf 68' lang='lat' dir='ltr'><strong>Aurelia,</strong></span> <span class='ocrx_word' id='word_1_429' title='bbox 2912 4988 3086 5044; x_wconf 85' lang='lat' dir='ltr'><strong>natale</strong></span> <span class='ocrx_word' id='word_1_430' title='bbox 3105 4989 3272 5044; x_wconf 88' lang='lat' dir='ltr'><strong>sancti</strong></span> <span class='ocrx_word' id='word_1_431' title='bbox 3292 4987 3430 5044; x_wconf 85' lang='lat' dir='ltr'><strong>For-</strong></span> 
     </span>
    </p>
   </div>
   <div class='ocr_carea' id='block_1_100' title="bbox 2275 5080 2464 5133">
    <p class='ocr_par' dir='ltr' id='par_1_100' title="bbox 2275 5080 2464 5133">
     <span class='ocr_line' id='line_1_103' title="bbox 2275 5080 2464 5133; baseline 0.005 -1"><span class='ocrx_word' id='word_1_432' title='bbox 2275 5080 2464 5133; x_wconf 84' lang='lat' dir='ltr'><strong>tunati.</strong></span> 
     </span>
    </p>
   </div>
   <div class='ocr_carea' id='block_1_101' title="bbox 226 5232 3427 5317">
    <p class='ocr_par' dir='ltr' id='par_1_101' title="bbox 226 5232 3427 5317">
     <span class='ocr_line' id='line_1_104' title="bbox 226 5232 3427 5317; baseline -0.001 -26"><span class='ocrx_word' id='word_1_433' title='bbox 226 5249 259 5280; x_wconf 79' lang='grc' dir='ltr'>ι</span> <span class='ocrx_word' id='word_1_434' title='bbox 282 5232 835 5317; x_wconf 41' lang='lat' dir='ltr'><strong>Antisiodorumzﬂic</strong></span> <span class='ocrx_word' id='word_1_435' title='bbox 859 5250 1080 5317; x_wconf 75' lang='lat' dir='ltr'><strong>monere</strong></span> <span class='ocrx_word' id='word_1_436' title='bbox 1101 5235 1256 5305; x_wconf 80' lang='lat' dir='ltr'><strong>juvat</strong></span> <span class='ocrx_word' id='word_1_437' title='bbox 1289 5237 1344 5292; x_wconf 91' lang='lat' dir='ltr'><strong>in</strong></span> <span class='ocrx_word' id='word_1_438' title='bbox 1367 5237 1553 5294; x_wconf 90' lang='lat' dir='ltr'><strong>codice</strong></span> <span class='ocrx_word' id='word_1_439' title='bbox 1578 5237 1748 5310; x_wconf 87' lang='lat' dir='ltr'><strong>Regio</strong></span> <span class='ocrx_word' id='word_1_440' title='bbox 1849 5236 2169 5317; x_wconf 71' lang='lat' dir='ltr'><strong>Dionysium</strong></span> <span class='ocrx_word' id='word_1_441' title='bbox 2187 5236 2568 5317; x_wconf 60' lang='lat' dir='ltr'><strong>Areopagitam</strong></span> <span class='ocrx_word' id='word_1_442' title='bbox 2598 5235 2652 5290; x_wconf 92' lang='lat' dir='ltr'><strong>in</strong></span> <span class='ocrx_word' id='word_1_443' title='bbox 2674 5233 2887 5317; x_wconf 62' lang='lat' dir='ltr'><strong>Gallias</strong></span> <span class='ocrx_word' id='word_1_444' title='bbox 2913 5233 3427 5317; x_wconf 44' lang='lat' dir='ltr'><strong>nunquamnenisse</strong></span> 
     </span>
    </p>
   </div>
   <div class='ocr_carea' id='block_1_102' title="bbox 135 5306 3422 5388">
    <p class='ocr_par' dir='ltr' id='par_1_102' title="bbox 135 5306 3422 5388">
     <span class='ocr_line' id='line_1_105' title="bbox 135 5306 3422 5388; baseline -0.002 -22"><span class='ocrx_word' id='word_1_445' title='bbox 135 5321 436 5388; x_wconf 52' lang='lat' dir='ltr'><strong>numam</strong></span> <span class='ocrx_word' id='word_1_446' title='bbox 464 5321 575 5388; x_wconf 83' lang='lat' dir='ltr'><strong>non</strong></span> <span class='ocrx_word' id='word_1_447' title='bbox 605 5307 771 5388; x_wconf 80' lang='lat' dir='ltr'><strong>scribi</strong></span> <span class='ocrx_word' id='word_1_448' title='bbox 800 5307 1207 5388; x_wconf 65' lang='lat' dir='ltr'><strong>Autisioderum.</strong></span> <span class='ocrx_word' id='word_1_449' title='bbox 1386 5379 1396 5388; x_wconf 83' lang='lat'><strong>_</strong></span> <span class='ocrx_word' id='word_1_450' title='bbox 1444 5380 1455 5388; x_wconf 85' lang='lat'>_</span> <span class='ocrx_word' id='word_1_451' title='bbox 1662 5306 1684 5310; x_wconf 62' lang='grc'>⁷</span> <span class='ocrx_word' id='word_1_452' title='bbox 1849 5306 2006 5388; x_wconf 60' lang='grc' dir='ltr'><strong>ἰξθοίιὲ</strong></span> <span class='ocrx_word' id='word_1_453' title='bbox 2044 5308 2236 5388; x_wconf 73' lang='lat' dir='ltr'><strong>credo;</strong></span> <span class='ocrx_word' id='word_1_454' title='bbox 2269 5322 2391 5362; x_wconf 88' lang='lat' dir='ltr'><strong>cum</strong></span> <span class='ocrx_word' id='word_1_455' title='bbox 2417 5306 2475 5361; x_wconf 89' lang='lat' dir='ltr'><strong>S.</strong></span> <span class='ocrx_word' id='word_1_456' title='bbox 2505 5306 2815 5388; x_wconf 80' lang='lat' dir='ltr'><strong>Dionysius,</strong></span> <span class='ocrx_word' id='word_1_457' title='bbox 2848 5306 3091 5388; x_wconf 57' lang='lat' dir='ltr'><strong>Corinthi</strong></span> <span class='ocrx_word' id='word_1_458' title='bbox 3117 5306 3422 5386; x_wconf 69' lang='lat' dir='ltr'><strong>episcppus,</strong></span> 
     </span>
    </p>
   </div>
   <div class='ocr_carea' id='block_1_103' title="bbox 224 5374 3423 5458">
    <p class='ocr_par' dir='ltr' id='par_1_103' title="bbox 224 5374 3423 5458">
     <span class='ocr_line' id='line_1_106' title="bbox 224 5374 3423 5458; baseline -0 -27"><span class='ocrx_word' id='word_1_459' title='bbox 224 5374 468 5458; x_wconf 52' lang='lat' dir='ltr'><strong>{&#39;Paalg</strong></span> <span class='ocrx_word' id='word_1_460' title='bbox 502 5378 822 5458; x_wconf 68' lang='lat' dir='ltr'><strong>instituente.</strong></span> <span class='ocrx_word' id='word_1_461' title='bbox 856 5377 1267 5458; x_wconf 77' lang='lat' dir='ltr'><strong>Hic__vulgarem</strong></span> <span class='ocrx_word' id='word_1_462' title='bbox 1310 5379 1619 5458; x_wconf 67' lang='lat' dir='ltr'><strong>opinionem</strong></span> <span class='ocrx_word' id='word_1_463' title='bbox 1660 5395 1746 5435; x_wconf 88' lang='lat' dir='ltr'><strong>se-</strong></span> <span class='ocrx_word' id='word_1_464' title='bbox 1828 5378 2183 5458; x_wconf 38' lang='lat' dir='ltr'><strong>Areopagitae</strong></span> <span class='ocrx_word' id='word_1_465' title='bbox 2204 5391 2338 5458; x_wconf 79' lang='lat' dir='ltr'><strong>pene</strong></span> <span class='ocrx_word' id='word_1_466' title='bbox 2362 5392 2579 5448; x_wconf 89' lang='lat' dir='ltr'><strong>suppar,</strong></span> <span class='ocrx_word' id='word_1_467' title='bbox 2605 5374 3423 5458; x_wconf 52' lang='lat' dir='ltr'><strong>téstetur-eumtuisgepri-mum</strong></span> 
     </span>
    </p>
   </div>
   <div class='ocr_carea' id='block_1_104' title="bbox 1844 5444 3418 5527">
    <p class='ocr_par' dir='ltr' id='par_1_104' title="bbox 1844 5444 3418 5527">
     <span class='ocr_line' id='line_1_107' title="bbox 1844 5444 3418 5527; baseline -0.003 -24"><span class='ocrx_word' id='word_1_468' title='bbox 1844 5444 2183 5527; x_wconf 49' lang='lat' dir='ltr'><strong>Athenarum</strong></span> <span class='ocrx_word' id='word_1_469' title='bbox 2204 5444 2219 5447; x_wconf 69' lang='grc'><strong><em>“</em></strong></span> <span class='ocrx_word' id='word_1_470' title='bbox 2239 5444 2549 5527; x_wconf 60' lang='lat' dir='ltr'><strong>episcopum</strong></span> <span class='ocrx_word' id='word_1_471' title='bbox 2571 5488 2586 5511; x_wconf 90' lang='lat'><strong>,</strong></span> <span class='ocrx_word' id='word_1_472' title='bbox 2638 5448 2778 5527; x_wconf 65' lang='lat' dir='ltr'><strong>apud</strong></span> <span class='ocrx_word' id='word_1_473' title='bbox 2831 5446 3028 5527; x_wconf 87' lang='lat' dir='ltr'><strong>Euseb.</strong></span> <span class='ocrx_word' id='word_1_474' title='bbox 3060 5445 3213 5527; x_wconf 44' lang='grc' dir='ltr'><strong>ἐξίει.</strong></span> <span class='ocrx_word' id='word_1_475' title='bbox 3272 5444 3418 5527; x_wconf 79' lang='lat' dir='ltr'><strong>Eccl.</strong></span> 
     </span>
    </p>
   </div>
   <div class='ocr_carea' id='block_1_105' title="bbox 1844 5515 3418 5586">
    <p class='ocr_par' dir='ltr' id='par_1_105' title="bbox 1844 5515 3418 5586">
     <span class='ocr_line' id='line_1_108' title="bbox 1844 5515 3418 5586; baseline -0.001 -15"><span class='ocrx_word' id='word_1_476' title='bbox 1844 5518 1936 5574; x_wconf 93' lang='lat' dir='ltr'><strong>lib.</strong></span> <span class='ocrx_word' id='word_1_477' title='bbox 1972 5535 2053 5581; x_wconf 83' lang='grc' dir='ltr'><strong>ιιι,</strong></span> <span class='ocrx_word' id='word_1_478' title='bbox 2103 5532 2223 5586; x_wconf 88' lang='lat' dir='ltr'><strong>cap.</strong></span> <span class='ocrx_word' id='word_1_479' title='bbox 2274 5515 2331 5571; x_wconf 58' lang='grc' dir='ltr'><strong>λι.</strong></span> <span class='ocrx_word' id='word_1_480' title='bbox 2366 5515 2470 5571; x_wconf 75' lang='lat' dir='ltr'><strong>Sed</strong></span> <span class='ocrx_word' id='word_1_481' title='bbox 2519 5515 3032 5586; x_wconf 53' lang='lat' dir='ltr'><strong>quod&#39;Fortunatus</strong></span> <span class='ocrx_word' id='word_1_482' title='bbox 3060 5515 3418 5581; x_wconf 86' lang='lat' dir='ltr'><strong>Pictavensis,</strong></span> 
     </span>
    </p>
   </div>
   <div class='ocr_carea' id='block_1_106' title="bbox 1844 5586 3423 5659">
    <p class='ocr_par' dir='ltr' id='par_1_106' title="bbox 1844 5586 3423 5659">
     <span class='ocr_line' id='line_1_109' title="bbox 1844 5586 3423 5659; baseline -0.004 -15"><span class='ocrx_word' id='word_1_483' title='bbox 1844 5590 1988 5659; x_wconf 90' lang='lat' dir='ltr'><strong>quod</strong></span> <span class='ocrx_word' id='word_1_484' title='bbox 2017 5589 2209 5643; x_wconf 87' lang='lat' dir='ltr'><strong>deinde</strong></span> <span class='ocrx_word' id='word_1_485' title='bbox 2254 5602 2396 5642; x_wconf 90' lang='lat' dir='ltr'><strong>anno</strong></span> <span class='ocrx_word' id='word_1_486' title='bbox 2434 5588 2541 5659; x_wconf 59' lang='lat'><strong>825</strong></span> <span class='ocrx_word' id='word_1_487' title='bbox 2569 5586 2863 5659; x_wconf 81' lang='lat' dir='ltr'><strong>Galliarum</strong></span> <span class='ocrx_word' id='word_1_488' title='bbox 2907 5587 3143 5657; x_wconf 86' lang='lat' dir='ltr'><strong>episcopi</strong></span> <span class='ocrx_word' id='word_1_489' title='bbox 3171 5586 3423 5659; x_wconf 81' lang='lat' dir='ltr'><strong>_sc_ripse-</strong></span> 
     </span>
    </p>
   </div>
   <div class='ocr_carea' id='block_1_107' title="bbox 1845 5654 3421 5734">
    <p class='ocr_par' dir='ltr' id='par_1_107' title="bbox 1845 5654 3421 5734">
     <span class='ocr_line' id='line_1_110' title="bbox 1845 5654 3421 5734; baseline -0.004 -20"><span class='ocrx_word' id='word_1_490' title='bbox 1845 5654 1991 5724; x_wconf 75' lang='lat' dir='ltr'><strong>runt,</strong></span> <span class='ocrx_word' id='word_1_491' title='bbox 2024 5659 2335 5734; x_wconf 77' lang='lat' dir='ltr'><strong>Dionysium</strong></span> <span class='ocrx_word' id='word_1_492' title='bbox 2365 5659 2416 5711; x_wconf 91' lang='lat' dir='ltr'><strong>in</strong></span> <span class='ocrx_word' id='word_1_493' title='bbox 2446 5656 2647 5713; x_wconf 86' lang='lat' dir='ltr'><strong>Gallias</strong></span> <span class='ocrx_word' id='word_1_494' title='bbox 2674 5674 2717 5734; x_wconf 85' lang='lat' dir='ltr'><strong>a_</strong></span> <span class='ocrx_word' id='word_1_495' title='bbox 2742 5654 3039 5734; x_wconf 75' lang='lat' dir='ltr'><strong>Clemente,</strong></span> <span class='ocrx_word' id='word_1_496' title='bbox 3066 5654 3215 5734; x_wconf 52' lang='lat' dir='ltr'><strong>urbis</strong></span> <span class='ocrx_word' id='word_1_497' title='bbox 3238 5654 3421 5734; x_wconf 56' lang='lat' dir='ltr'><strong>Romae</strong></span> 
     </span>
    </p>
   </div>
   <div class='ocr_carea' id='block_1_108' title="bbox 1842 5725 3420 5806">
    <p class='ocr_par' dir='ltr' id='par_1_108' title="bbox 1842 5725 3420 5806">
     <span class='ocr_line' id='line_1_111' title="bbox 1842 5725 3420 5806; baseline -0.004 -22"><span class='ocrx_word' id='word_1_498' title='bbox 1842 5730 2118 5806; x_wconf 86' lang='lat' dir='ltr'><strong>episcopo,</strong></span> <span class='ocrx_word' id='word_1_499' title='bbox 2164 5725 2414 5806; x_wconf 56' lang='lat' dir='ltr'><strong>missurn</strong></span> <span class='ocrx_word' id='word_1_500' title='bbox 2450 5744 2593 5794; x_wconf 89' lang='lat' dir='ltr'><strong>esse,</strong></span> <span class='ocrx_word' id='word_1_501' title='bbox 2639 5728 2752 5783; x_wconf 89' lang='lat' dir='ltr'><strong>sola</strong></span> <span class='ocrx_word' id='word_1_502' title='bbox 2791 5728 3046 5806; x_wconf 68' lang='lat' dir='ltr'><strong>Gregorii</strong></span> <span class='ocrx_word' id='word_1_503' title='bbox 3088 5725 3420 5806; x_wconf 77' lang='lat' dir='ltr'><strong>Turonensis</strong></span> 
     </span>
    </p>
   </div>
   <div class='ocr_carea' id='block_1_109' title="bbox 1843 5796 3416 5870">
    <p class='ocr_par' dir='ltr' id='par_1_109' title="bbox 1843 5796 3416 5870">
     <span class='ocr_line' id='line_1_112' title="bbox 1843 5796 3416 5870; baseline -0.006 -16"><span class='ocrx_word' id='word_1_504' title='bbox 1843 5796 2161 5855; x_wconf 78' lang='lat' dir='ltr'><strong>auctoritate</strong></span> <span class='ocrx_word' id='word_1_505' title='bbox 2189 5798 2414 5855; x_wconf 86' lang='lat' dir='ltr'><strong>convelli</strong></span> <span class='ocrx_word' id='word_1_506' title='bbox 2441 5816 2544 5853; x_wconf 88' lang='lat' dir='ltr'><strong>non</strong></span> <span class='ocrx_word' id='word_1_507' title='bbox 2573 5814 2730 5870; x_wconf 85' lang='lat' dir='ltr'><strong>posse</strong></span> <span class='ocrx_word' id='word_1_508' title='bbox 2763 5796 3136 5866; x_wconf 79' lang='lat' dir='ltr'><strong>mihiquidem</strong></span> <span class='ocrx_word' id='word_1_509' title='bbox 3180 5796 3416 5851; x_wconf 89' lang='lat' dir='ltr'><strong>videtur.</strong></span> 
     </span>
    </p>
   </div>
   <div class='ocr_carea' id='block_1_110' title="bbox 134 5446 1739 5525">
    <p class='ocr_par' dir='ltr' id='par_1_110' title="bbox 134 5446 1739 5525">
     <span class='ocr_line' id='line_1_113' title="bbox 134 5446 1739 5525; baseline 0 -21"><span class='ocrx_word' id='word_1_510' title='bbox 134 5450 371 5525; x_wconf 75' lang='lat' dir='ltr'><strong>quitur_</strong></span> <span class='ocrx_word' id='word_1_511' title='bbox 398 5446 842 5525; x_wconf 73' lang='lat' dir='ltr'><strong>Wandalbertus,</strong></span> <span class='ocrx_word' id='word_1_512' title='bbox 875 5446 1106 5525; x_wconf 56' lang='lat' dir='ltr'><strong>scilicet</strong></span> <span class='ocrx_word' id='word_1_513' title='bbox 1121 5446 1391 5525; x_wconf 34' lang='lat' dir='ltr'><strong>primum;</strong></span> <span class='ocrx_word' id='word_1_514' title='bbox 1410 5449 1739 5525; x_wconf 60' lang='lat' dir='ltr'><strong>Parisiorum</strong></span> 
     </span>
    </p>
   </div>
   <div class='ocr_carea' id='block_1_111' title="bbox 134 5516 1738 5593">
    <p class='ocr_par' dir='ltr' id='par_1_111' title="bbox 134 5516 1738 5593">
     <span class='ocr_line' id='line_1_114' title="bbox 134 5516 1738 5593; baseline -0.001 -17"><span class='ocrx_word' id='word_1_515' title='bbox 134 5516 470 5593; x_wconf 62' lang='lat' dir='ltr'><strong>ipestolum</strong></span> <span class='ocrx_word' id='word_1_516' title='bbox 496 5517 967 5593; x_wconf 23' lang='lat' dir='ltr'><strong>_ba‘ud‘diversum</strong></span> <span class='ocrx_word' id='word_1_517' title='bbox 1007 5516 1175 5593; x_wconf 68' lang='lat' dir='ltr'><strong>fuisse</strong></span> <span class='ocrx_word' id='word_1_518' title='bbox 1227 5517 1296 5573; x_wconf 90' lang='lat' dir='ltr'><strong>ab</strong></span> <span class='ocrx_word' id='word_1_519' title='bbox 1338 5518 1429 5593; x_wconf 76' lang='lat' dir='ltr'><strong>illo</strong></span> <span class='ocrx_word' id='word_1_520' title='bbox 1459 5516 1738 5593; x_wconf 82' lang='lat' dir='ltr'><strong>Dionysio,</strong></span> 
     </span>
    </p>
   </div>
   <div class='ocr_carea' id='block_1_112' title="bbox 132 5588 1741 5660">
    <p class='ocr_par' dir='ltr' id='par_1_112' title="bbox 132 5588 1741 5660">
     <span class='ocr_line' id='line_1_115' title="bbox 132 5588 1741 5660; baseline 0.001 -16"><span class='ocrx_word' id='word_1_521' title='bbox 132 5588 317 5660; x_wconf 72' lang='lat' dir='ltr'><strong>cilius</strong></span> <span class='ocrx_word' id='word_1_522' title='bbox 339 5588 548 5643; x_wconf 90' lang='lat' dir='ltr'><strong>mensio</strong></span> <span class='ocrx_word' id='word_1_523' title='bbox 581 5588 725 5660; x_wconf 5' lang='lat' dir='ltr'><strong>litin,</strong></span> <span class='ocrx_word' id='word_1_524' title='bbox 754 5588 903 5644; x_wconf 88' lang='lat' dir='ltr'><strong>Actis</strong></span> <span class='ocrx_word' id='word_1_525' title='bbox 927 5588 1310 5660; x_wconf 81' lang='lat' dir='ltr'><strong>apostolorum.</strong></span> <span class='ocrx_word' id='word_1_526' title='bbox 1341 5589 1512 5656; x_wconf 86' lang='lat' dir='ltr'><strong>Quam</strong></span> <span class='ocrx_word' id='word_1_527' title='bbox 1536 5588 1741 5660; x_wconf 56' lang='lat' dir='ltr'><strong>opinio-</strong></span> 
     </span>
    </p>
   </div>
   <div class='ocr_carea' id='block_1_113' title="bbox 134 5659 1739 5717">
    <p class='ocr_par' dir='ltr' id='par_1_113' title="bbox 134 5659 1739 5717">
     <span class='ocr_line' id='line_1_116' title="bbox 134 5659 1739 5717; baseline -0.001 -1"><span class='ocrx_word' id='word_1_528' title='bbox 134 5659 286 5717; x_wconf 83' lang='lat' dir='ltr'><strong>nem</strong></span> <span class='ocrx_word' id='word_1_529' title='bbox 318 5674 443 5714; x_wconf 92' lang='lat' dir='ltr'><strong>cum</strong></span> <span class='ocrx_word' id='word_1_530' title='bbox 471 5674 535 5713; x_wconf 85' lang='lat' dir='ltr'><strong>ex</strong></span> <span class='ocrx_word' id='word_1_531' title='bbox 569 5659 764 5714; x_wconf 89' lang='lat' dir='ltr'><strong>animis</strong></span> <span class='ocrx_word' id='word_1_532' title='bbox 816 5660 1091 5714; x_wconf 83' lang='lat' dir='ltr'><strong>hominum</strong></span> <span class='ocrx_word' id='word_1_533' title='bbox 1138 5659 1368 5715; x_wconf 90' lang='lat' dir='ltr'><strong>evellere</strong></span> <span class='ocrx_word' id='word_1_534' title='bbox 1408 5659 1739 5715; x_wconf 84' lang='lat' dir='ltr'><strong>conarentur</strong></span> 
     </span>
    </p>
   </div>
   <div class='ocr_carea' id='block_1_114' title="bbox 135 5730 1736 5802">
    <p class='ocr_par' dir='ltr' id='par_1_114' title="bbox 135 5730 1736 5802">
     <span class='ocr_line' id='line_1_117' title="bbox 135 5730 1736 5802; baseline -0.001 -17"><span class='ocrx_word' id='word_1_535' title='bbox 135 5732 263 5802; x_wconf 77' lang='lat' dir='ltr'><strong>viri</strong></span> <span class='ocrx_word' id='word_1_536' title='bbox 330 5738 523 5802; x_wconf 65' lang='lat' dir='ltr'><strong>nostra</strong></span> <span class='ocrx_word' id='word_1_537' title='bbox 556 5737 715 5802; x_wconf 78' lang='lat' dir='ltr'><strong>aetate</strong></span> <span class='ocrx_word' id='word_1_538' title='bbox 768 5730 1083 5802; x_wconf 82' lang='lat' dir='ltr'><strong>doctissimi,</strong></span> <span class='ocrx_word' id='word_1_539' title='bbox 1134 5730 1444 5802; x_wconf 73' lang='lat' dir='ltr'><strong>Dionysium</strong></span> <span class='ocrx_word' id='word_1_540' title='bbox 1493 5741 1736 5802; x_wconf 82' lang='lat' dir='ltr'><strong>nostrum</strong></span> 
     </span>
    </p>
   </div>
   <div class='ocr_carea' id='block_1_115' title="bbox 133 5796 1749 5872">
    <p class='ocr_par' dir='ltr' id='par_1_115' title="bbox 133 5796 1749 5872">
     <span class='ocr_line' id='line_1_118' title="bbox 133 5796 1749 5872; baseline -0.001 -15"><span class='ocrx_word' id='word_1_541' title='bbox 133 5796 465 5860; x_wconf 69' lang='lat' dir='ltr'><strong>statuerent</strong></span> <span class='ocrx_word' id='word_1_542' title='bbox 492 5797 653 5854; x_wconf 90' lang='lat' dir='ltr'><strong>Decio</strong></span> <span class='ocrx_word' id='word_1_543' title='bbox 675 5800 984 5871; x_wconf 87' lang='lat' dir='ltr'><strong>imperatori</strong></span> <span class='ocrx_word' id='word_1_544' title='bbox 1012 5796 1340 5856; x_wconf 75' lang='lat' dir='ltr'><strong>coaetaneum</strong></span> <span class='ocrx_word' id='word_1_545' title='bbox 1362 5800 1547 5857; x_wconf 83' lang='lat' dir='ltr'><strong>fuisse.</strong></span> <span class='ocrx_word' id='word_1_546' title='bbox 1572 5800 1749 5872; x_wconf 73' lang='lat' dir='ltr'><strong>Atqui</strong></span> 
     </span>
    </p>
   </div>
  </div>
