  <div class='ocr_page' id='page_1' title='image "/cluster/home/n/w/nwhite01/storage/ocr_20150623/121/hvd.32044015471642/313.png"; bbox 0 0 4000 6352; ppageno 0'>
   <div class='ocr_carea' id='block_1_1' title="bbox 611 374 716 430">
    <p class='ocr_par' dir='ltr' id='par_1_1' title="bbox 611 374 716 430">
     <span class='ocr_line' id='line_1_1' title="bbox 611 374 716 430; baseline 0 0"><span class='ocrx_word' id='word_1_1' title='bbox 611 374 716 430; x_wconf 80' lang='grc'><strong>615</strong></span> 
     </span>
    </p>
   </div>
   <div class='ocr_carea' id='block_1_2' title="bbox 583 440 2271 559">
    <p class='ocr_par' dir='ltr' id='par_1_2' title="bbox 583 440 2271 559">
     <span class='ocr_line' id='line_1_2' title="bbox 583 440 2271 559; baseline -0.008 -13"><span class='ocrx_word' id='word_1_2' title='bbox 583 440 741 546; x_wconf 54' lang='grc' dir='ltr'><strong>’Βὶσι</strong></span> <span class='ocrx_word' id='word_1_3' title='bbox 789 488 853 543; x_wconf 79' lang='grc'><strong>16</strong></span> <span class='ocrx_word' id='word_1_4' title='bbox 891 487 1122 559; x_wconf 86' lang='lat' dir='ltr'><strong>Septeno</strong></span> <span class='ocrx_word' id='word_1_5' title='bbox 1150 486 1401 555; x_wconf 77' lang='lat' dir='ltr'><strong>denoque</strong></span> <span class='ocrx_word' id='word_1_6' title='bbox 1438 483 1792 539; x_wconf 83' lang='lat' dir='ltr'><strong>Novembrem</strong></span> <span class='ocrx_word' id='word_1_7' title='bbox 1838 483 1930 553; x_wconf 88' lang='lat' dir='ltr'><strong>qui</strong></span> <span class='ocrx_word' id='word_1_8' title='bbox 1967 481 2191 536; x_wconf 83' lang='lat' dir='ltr'><strong>venien-</strong></span> <span class='ocrx_word' id='word_1_9' title='bbox 2219 479 2271 541; x_wconf 68' lang='grc' dir='ltr'><strong>Α</strong></span> 
     </span>
    </p>
   </div>
   <div class='ocr_carea' id='block_1_3' title="bbox 1592 324 3753 426">
    <p class='ocr_par' dir='ltr' id='par_1_3' title="bbox 1592 324 3753 426">
     <span class='ocr_line' id='line_1_3' title="bbox 1592 324 3753 426; baseline -0.004 -4"><span class='ocrx_word' id='word_1_10' title='bbox 1592 366 2098 423; x_wconf 74' lang='lat' dir='ltr'><strong>WANDALBERTI</strong></span> <span class='ocrx_word' id='word_1_11' title='bbox 2140 359 2560 419; x_wconf 84' lang='lat' dir='ltr'><strong>PRUMIENSIS</strong></span> <span class='ocrx_word' id='word_1_12' title='bbox 2597 324 2909 416; x_wconf 78' lang='lat' dir='ltr'><strong>MONACHI</strong></span> <span class='ocrx_word' id='word_1_13' title='bbox 3684 371 3753 426; x_wconf 63' lang='grc' dir='ltr'><strong>διδ</strong></span> 
     </span>
    </p>
   </div>
   <div class='ocr_carea' id='block_1_4' title="bbox 1988 570 2118 642">
    <p class='ocr_par' dir='ltr' id='par_1_4' title="bbox 1988 570 2118 642">
     <span class='ocr_line' id='line_1_4' title="bbox 1988 570 2118 642; baseline 0 -18"><span class='ocrx_word' id='word_1_14' title='bbox 1988 570 2118 642; x_wconf 90' lang='lat' dir='ltr'><strong>[tem</strong></span> 
     </span>
    </p>
   </div>
   <div class='ocr_carea' id='block_1_5' title="bbox 897 662 2189 737">
    <p class='ocr_par' dir='ltr' id='par_1_5' title="bbox 897 662 2189 737">
     <span class='ocr_line' id='line_1_5' title="bbox 897 662 2189 737; baseline -0.005 -16"><span class='ocrx_word' id='word_1_15' title='bbox 897 667 1209 737; x_wconf 64' lang='lat' dir='ltr'><strong>Praesignat,</strong></span> <span class='ocrx_word' id='word_1_16' title='bbox 1238 664 1422 721; x_wconf 88' lang='lat' dir='ltr'><strong>Gallus</strong></span> <span class='ocrx_word' id='word_1_17' title='bbox 1450 664 1645 719; x_wconf 77' lang='lat' dir='ltr'><strong>colitur</strong></span> <span class='ocrx_word' id='word_1_18' title='bbox 1671 662 1980 727; x_wconf 80' lang='lat' dir='ltr'><strong>confessor;</strong></span> <span class='ocrx_word' id='word_1_19' title='bbox 2003 671 2058 715; x_wconf 90' lang='lat' dir='ltr'><strong>et</strong></span> <span class='ocrx_word' id='word_1_20' title='bbox 2082 676 2189 715; x_wconf 87' lang='lat' dir='ltr'><strong>una</strong></span> 
     </span>
    </p>
   </div>
   <div class='ocr_carea' id='block_1_6' title="bbox 898 758 2189 827">
    <p class='ocr_par' dir='ltr' id='par_1_6' title="bbox 898 758 2189 827">
     <span class='ocr_line' id='line_1_6' title="bbox 898 758 2189 827; baseline -0.005 -14"><span class='ocrx_word' id='word_1_21' title='bbox 898 758 989 815; x_wconf 87' lang='lat' dir='ltr'><strong>Bis</strong></span> <span class='ocrx_word' id='word_1_22' title='bbox 1024 765 1240 815; x_wconf 91' lang='lat' dir='ltr'><strong>centum</strong></span> <span class='ocrx_word' id='word_1_23' title='bbox 1262 766 1318 813; x_wconf 88' lang='lat' dir='ltr'><strong>et</strong></span> <span class='ocrx_word' id='word_1_24' title='bbox 1345 758 1523 813; x_wconf 81' lang='lat' dir='ltr'><strong>decies</strong></span> <span class='ocrx_word' id='word_1_25' title='bbox 1548 764 1753 827; x_wconf 78' lang='lat' dir='ltr'><strong>septem</strong></span> <span class='ocrx_word' id='word_1_26' title='bbox 1798 763 2189 818; x_wconf 75' lang='lat' dir='ltr'><strong>memorantur,</strong></span> 
     </span>
    </p>
   </div>
   <div class='ocr_carea' id='block_1_7' title="bbox 1880 848 2122 919">
    <p class='ocr_par' dir='ltr' id='par_1_7' title="bbox 1880 848 2122 919">
     <span class='ocr_line' id='line_1_7' title="bbox 1880 848 2122 919; baseline -0.004 -18"><span class='ocrx_word' id='word_1_27' title='bbox 1880 848 2122 919; x_wconf 90' lang='lat' dir='ltr'><strong>[iniquus</strong></span> 
     </span>
    </p>
   </div>
   <div class='ocr_carea' id='block_1_8' title="bbox 899 936 2193 1010">
    <p class='ocr_par' dir='ltr' id='par_1_8' title="bbox 899 936 2193 1010">
     <span class='ocr_line' id='line_1_8' title="bbox 899 936 2193 1010; baseline -0.006 -12"><span class='ocrx_word' id='word_1_28' title='bbox 899 942 1045 1010; x_wconf 81' lang='lat' dir='ltr'><strong>Quos</strong></span> <span class='ocrx_word' id='word_1_29' title='bbox 1074 942 1226 997; x_wconf 82' lang='lat' dir='ltr'><strong>furor</strong></span> <span class='ocrx_word' id='word_1_30' title='bbox 1247 942 1318 997; x_wconf 89' lang='lat' dir='ltr'><strong>ob</strong></span> <span class='ocrx_word' id='word_1_31' title='bbox 1335 939 1609 997; x_wconf 78' lang='lat' dir='ltr'><strong>Christum</strong></span> <span class='ocrx_word' id='word_1_32' title='bbox 1630 938 1791 994; x_wconf 83' lang='lat' dir='ltr'><strong>simili</strong></span> <span class='ocrx_word' id='word_1_33' title='bbox 1815 937 2072 993; x_wconf 85' lang='lat' dir='ltr'><strong>mactavit</strong></span> <span class='ocrx_word' id='word_1_34' title='bbox 2092 936 2193 991; x_wconf 91' lang='lat' dir='ltr'><strong>ho-</strong></span> 
     </span>
    </p>
   </div>
   <div class='ocr_carea' id='block_1_9' title="bbox 1946 1028 2119 1096">
    <p class='ocr_par' dir='ltr' id='par_1_9' title="bbox 1946 1028 2119 1096">
     <span class='ocr_line' id='line_1_9' title="bbox 1946 1028 2119 1096; baseline -0.006 -12"><span class='ocrx_word' id='word_1_35' title='bbox 1946 1028 2119 1096; x_wconf 70' lang='lat' dir='ltr'><strong>inore.</strong></span> 
     </span>
    </p>
   </div>
   <div class='ocr_carea' id='block_1_10' title="bbox 974 1123 2199 1197">
    <p class='ocr_par' dir='ltr' id='par_1_10' title="bbox 974 1123 2199 1197">
     <span class='ocr_line' id='line_1_10' title="bbox 974 1123 2199 1197; baseline -0.004 -16"><span class='ocrx_word' id='word_1_36' title='bbox 974 1127 1043 1195; x_wconf 80' lang='lat' dir='ltr'><strong>In</strong></span> <span class='ocrx_word' id='word_1_37' title='bbox 1064 1127 1270 1197; x_wconf 77' lang='lat' dir='ltr'><strong>Africa,</strong></span> <span class='ocrx_word' id='word_1_38' title='bbox 1294 1125 1470 1180; x_wconf 80' lang='lat' dir='ltr'><strong>natale</strong></span> <span class='ocrx_word' id='word_1_39' title='bbox 1493 1133 1793 1180; x_wconf 87' lang='lat' dir='ltr'><strong>sanctorum</strong></span> <span class='ocrx_word' id='word_1_40' title='bbox 1822 1124 1983 1179; x_wconf 91' lang='lat' dir='ltr'><strong>Nerei</strong></span> <span class='ocrx_word' id='word_1_41' title='bbox 2007 1134 2056 1178; x_wconf 93' lang='lat' dir='ltr'><strong>et</strong></span> <span class='ocrx_word' id='word_1_42' title='bbox 2093 1123 2199 1179; x_wconf 89' lang='lat' dir='ltr'><strong>Sa-</strong></span> 
     </span>
    </p>
   </div>
   <div class='ocr_carea' id='block_1_11' title="bbox 1042 1219 1261 1272">
    <p class='ocr_par' dir='ltr' id='par_1_11' title="bbox 1042 1219 1261 1272">
     <span class='ocr_line' id='line_1_11' title="bbox 1042 1219 1261 1272; baseline 0.005 -1"><span class='ocrx_word' id='word_1_43' title='bbox 1042 1219 1261 1272; x_wconf 86' lang='lat' dir='ltr'><strong>turnini.</strong></span> 
     </span>
    </p>
   </div>
   <div class='ocr_carea' id='block_1_12' title="bbox 794 1307 2195 1364">
    <p class='ocr_par' dir='ltr' id='par_1_12' title="bbox 794 1307 2195 1364">
     <span class='ocr_line' id='line_1_12' title="bbox 794 1307 2195 1364; baseline -0.002 0"><span class='ocrx_word' id='word_1_44' title='bbox 794 1311 857 1364; x_wconf 79' lang='grc'><strong>17</strong></span> <span class='ocrx_word' id='word_1_45' title='bbox 897 1308 1236 1364; x_wconf 82' lang='lat' dir='ltr'><strong>Sedecimum</strong></span> <span class='ocrx_word' id='word_1_46' title='bbox 1257 1322 1413 1363; x_wconf 85' lang='lat' dir='ltr'><strong>sacer</strong></span> <span class='ocrx_word' id='word_1_47' title='bbox 1433 1309 1660 1362; x_wconf 80' lang='lat' dir='ltr'><strong>antistes</strong></span> <span class='ocrx_word' id='word_1_48' title='bbox 1690 1307 1997 1362; x_wconf 86' lang='lat' dir='ltr'><strong>Florentius</strong></span> <span class='ocrx_word' id='word_1_49' title='bbox 2012 1316 2195 1363; x_wconf 90' lang='lat' dir='ltr'><strong>ornat.</strong></span> 
     </span>
    </p>
   </div>
   <div class='ocr_carea' id='block_1_13' title="bbox 971 1398 2199 1465">
    <p class='ocr_par' dir='ltr' id='par_1_13' title="bbox 971 1398 2199 1465">
     <span class='ocr_line' id='line_1_13' title="bbox 971 1398 2199 1465; baseline -0.001 -11"><span class='ocrx_word' id='word_1_50' title='bbox 971 1400 1040 1454; x_wconf 87' lang='lat' dir='ltr'><strong>In</strong></span> <span class='ocrx_word' id='word_1_51' title='bbox 1077 1398 1425 1465; x_wconf 79' lang='lat' dir='ltr'><strong>Mauritania,</strong></span> <span class='ocrx_word' id='word_1_52' title='bbox 1473 1399 1648 1453; x_wconf 84' lang='lat' dir='ltr'><strong>natale</strong></span> <span class='ocrx_word' id='word_1_53' title='bbox 1671 1408 1970 1453; x_wconf 85' lang='lat' dir='ltr'><strong>sanctorum</strong></span> <span class='ocrx_word' id='word_1_54' title='bbox 2003 1398 2199 1453; x_wconf 89' lang='lat' dir='ltr'><strong>Donati</strong></span> 
     </span>
    </p>
   </div>
   <div class='ocr_carea' id='block_1_14' title="bbox 1047 1492 1288 1547">
    <p class='ocr_par' dir='ltr' id='par_1_14' title="bbox 1047 1492 1288 1547">
     <span class='ocr_line' id='line_1_14' title="bbox 1047 1492 1288 1547; baseline -0.004 0"><span class='ocrx_word' id='word_1_55' title='bbox 1047 1503 1096 1547; x_wconf 89' lang='lat' dir='ltr'><strong>et</strong></span> <span class='ocrx_word' id='word_1_56' title='bbox 1116 1492 1288 1546; x_wconf 85' lang='lat' dir='ltr'><strong>Des...</strong></span> 
     </span>
    </p>
   </div>
   <div class='ocr_carea' id='block_1_15' title="bbox 800 1585 2201 1656">
    <p class='ocr_par' dir='ltr' id='par_1_15' title="bbox 800 1585 2201 1656">
     <span class='ocr_line' id='line_1_15' title="bbox 800 1585 2201 1656; baseline -0.002 -13"><span class='ocrx_word' id='word_1_57' title='bbox 800 1588 867 1644; x_wconf 72' lang='lat'><strong>18</strong></span> <span class='ocrx_word' id='word_1_58' title='bbox 904 1586 1078 1641; x_wconf 89' lang='lat' dir='ltr'><strong>Lucas</strong></span> <span class='ocrx_word' id='word_1_59' title='bbox 1114 1594 1199 1640; x_wconf 87' lang='lat' dir='ltr'><strong>ter</strong></span> <span class='ocrx_word' id='word_1_60' title='bbox 1218 1586 1441 1655; x_wconf 90' lang='lat' dir='ltr'><strong>quinum</strong></span> <span class='ocrx_word' id='word_1_61' title='bbox 1472 1585 1611 1641; x_wconf 81' lang='lat' dir='ltr'><strong>festo</strong></span> <span class='ocrx_word' id='word_1_62' title='bbox 1632 1585 1915 1656; x_wconf 82' lang='lat' dir='ltr'><strong>olIicioque</strong></span> <span class='ocrx_word' id='word_1_63' title='bbox 1936 1586 2201 1653; x_wconf 89' lang='lat' dir='ltr'><strong>dicatum,</strong></span> 
     </span>
    </p>
   </div>
   <div class='ocr_carea' id='block_1_16' title="bbox 907 1678 2205 1744">
    <p class='ocr_par' dir='ltr' id='par_1_16' title="bbox 907 1678 2205 1744">
     <span class='ocr_line' id='line_1_16' title="bbox 907 1678 2205 1744; baseline -0.002 -9"><span class='ocrx_word' id='word_1_64' title='bbox 907 1678 1186 1743; x_wconf 81' lang='lat' dir='ltr'><strong>Monstrat,</strong></span> <span class='ocrx_word' id='word_1_65' title='bbox 1219 1678 1403 1744; x_wconf 87' lang='lat' dir='ltr'><strong>Paule,</strong></span> <span class='ocrx_word' id='word_1_66' title='bbox 1435 1686 1526 1734; x_wconf 91' lang='lat' dir='ltr'><strong>tuo</strong></span> <span class='ocrx_word' id='word_1_67' title='bbox 1548 1678 1825 1735; x_wconf 86' lang='lat' dir='ltr'><strong>Christum</strong></span> <span class='ocrx_word' id='word_1_68' title='bbox 1851 1693 2101 1735; x_wconf 89' lang='lat' dir='ltr'><strong>sermone</strong></span> <span class='ocrx_word' id='word_1_69' title='bbox 2124 1678 2205 1733; x_wconf 93' lang='lat' dir='ltr'><strong>lo-</strong></span> 
     </span>
    </p>
   </div>
   <div class='ocr_carea' id='block_1_17' title="bbox 1927 1768 2129 1841">
    <p class='ocr_par' dir='ltr' id='par_1_17' title="bbox 1927 1768 2129 1841">
     <span class='ocr_line' id='line_1_17' title="bbox 1927 1768 2129 1841; baseline -0.005 -18"><span class='ocrx_word' id='word_1_70' title='bbox 1927 1768 2129 1841; x_wconf 91' lang='lat' dir='ltr'><strong>[cutus.</strong></span> 
     </span>
    </p>
   </div>
   <div class='ocr_carea' id='block_1_18' title="bbox 910 1843 2283 1935">
    <p class='ocr_par' dir='ltr' id='par_1_18' title="bbox 910 1843 2283 1935">
     <span class='ocr_line' id='line_1_18' title="bbox 910 1843 2283 1935; baseline -0.001 -15"><span class='ocrx_word' id='word_1_71' title='bbox 910 1863 1085 1935; x_wconf 89' lang='lat' dir='ltr'><strong>Regni</strong></span> <span class='ocrx_word' id='word_1_72' title='bbox 1116 1862 1377 1919; x_wconf 85' lang='lat' dir='ltr'><strong>calcatrix</strong></span> <span class='ocrx_word' id='word_1_73' title='bbox 1416 1863 1573 1933; x_wconf 83' lang='lat' dir='ltr'><strong>juxta</strong></span> <span class='ocrx_word' id='word_1_74' title='bbox 1606 1873 1665 1920; x_wconf 87' lang='lat' dir='ltr'><strong>et</strong></span> <span class='ocrx_word' id='word_1_75' title='bbox 1692 1864 1991 1935; x_wconf 89' lang='lat' dir='ltr'><strong>Tripbonia</strong></span> <span class='ocrx_word' id='word_1_76' title='bbox 2011 1864 2204 1920; x_wconf 90' lang='lat' dir='ltr'><strong>claret.</strong></span> <span class='ocrx_word' id='word_1_77' title='bbox 2233 1843 2283 1906; x_wconf 80' lang='grc' dir='ltr'><strong>Β</strong></span> 
     </span>
    </p>
   </div>
   <div class='ocr_carea' id='block_1_19' title="bbox 915 1954 2209 2026">
    <p class='ocr_par' dir='ltr' id='par_1_19' title="bbox 915 1954 2209 2026">
     <span class='ocr_line' id='line_1_19' title="bbox 915 1954 2209 2026; baseline 0 -16"><span class='ocrx_word' id='word_1_78' title='bbox 915 1954 1199 2026; x_wconf 86' lang='lat' dir='ltr'><strong>(Scorpius</strong></span> <span class='ocrx_word' id='word_1_79' title='bbox 1227 1956 1471 2010; x_wconf 84' lang='lat' dir='ltr'><strong>autumni</strong></span> <span class='ocrx_word' id='word_1_80' title='bbox 1489 1956 1616 2011; x_wconf 88' lang='lat' dir='ltr'><strong>hinc</strong></span> <span class='ocrx_word' id='word_1_81' title='bbox 1637 1955 1946 2011; x_wconf 87' lang='lat' dir='ltr'><strong>moderatur</strong></span> <span class='ocrx_word' id='word_1_82' title='bbox 1966 1963 2209 2025; x_wconf 88' lang='lat' dir='ltr'><strong>tempora</strong></span> 
     </span>
    </p>
   </div>
   <div class='ocr_carea' id='block_1_20' title="bbox 1945 2045 2137 2119">
    <p class='ocr_par' dir='ltr' id='par_1_20' title="bbox 1945 2045 2137 2119">
     <span class='ocr_line' id='line_1_20' title="bbox 1945 2045 2137 2119; baseline -0.005 -21"><span class='ocrx_word' id='word_1_83' title='bbox 1945 2045 2137 2119; x_wconf 47' lang='grc' dir='ltr'><strong>μεριξ.)</strong></span> 
     </span>
    </p>
   </div>
   <div class='ocr_carea' id='block_1_21' title="bbox 986 2135 2213 2206">
    <p class='ocr_par' dir='ltr' id='par_1_21' title="bbox 986 2135 2213 2206">
     <span class='ocr_line' id='line_1_21' title="bbox 986 2135 2213 2206; baseline 0.001 -15"><span class='ocrx_word' id='word_1_84' title='bbox 986 2135 1055 2191; x_wconf 84' lang='grc' dir='ltr'><em>1η</em></span> <span class='ocrx_word' id='word_1_85' title='bbox 1082 2136 1314 2203; x_wconf 75' lang='lat' dir='ltr'><strong>Oriente,</strong></span> <span class='ocrx_word' id='word_1_86' title='bbox 1335 2136 1610 2191; x_wconf 73' lang='lat' dir='ltr'><strong>translatio</strong></span> <span class='ocrx_word' id='word_1_87' title='bbox 1623 2138 1856 2206; x_wconf 84' lang='lat' dir='ltr'><strong>corporis</strong></span> <span class='ocrx_word' id='word_1_88' title='bbox 1868 2138 2039 2191; x_wconf 90' lang='lat' dir='ltr'><strong>sancti</strong></span> <span class='ocrx_word' id='word_1_89' title='bbox 2053 2135 2213 2192; x_wconf 72' lang='lat' dir='ltr'><strong>Luca:</strong></span> 
     </span>
    </p>
   </div>
   <div class='ocr_carea' id='block_1_22' title="bbox 1056 2227 1405 2297">
    <p class='ocr_par' dir='ltr' id='par_1_22' title="bbox 1056 2227 1405 2297">
     <span class='ocr_line' id='line_1_22' title="bbox 1056 2227 1405 2297; baseline 0 -15"><span class='ocrx_word' id='word_1_90' title='bbox 1056 2227 1405 2297; x_wconf 59' lang='lat' dir='ltr'><strong>evangelista.</strong></span> 
     </span>
    </p>
   </div>
   <div class='ocr_carea' id='block_1_23' title="bbox 808 2316 2207 2390">
    <p class='ocr_par' dir='ltr' id='par_1_23' title="bbox 808 2316 2207 2390">
     <span class='ocr_line' id='line_1_23' title="bbox 808 2316 2207 2390; baseline -0.001 -16"><span class='ocrx_word' id='word_1_91' title='bbox 808 2317 873 2374; x_wconf 78' lang='lat' dir='ltr'><strong>l9</strong></span> <span class='ocrx_word' id='word_1_92' title='bbox 912 2316 1207 2373; x_wconf 89' lang='lat' dir='ltr'><strong>Beronicus</strong></span> <span class='ocrx_word' id='word_1_93' title='bbox 1224 2316 1308 2374; x_wconf 90' lang='lat' dir='ltr'><strong>bis</strong></span> <span class='ocrx_word' id='word_1_94' title='bbox 1331 2327 1552 2389; x_wconf 90' lang='lat' dir='ltr'><strong>septeno</strong></span> <span class='ocrx_word' id='word_1_95' title='bbox 1574 2327 1735 2389; x_wconf 89' lang='lat' dir='ltr'><strong>atque</strong></span> <span class='ocrx_word' id='word_1_96' title='bbox 1762 2318 1979 2390; x_wconf 87' lang='lat' dir='ltr'><strong>Pelagia</strong></span> <span class='ocrx_word' id='word_1_97' title='bbox 2007 2318 2207 2390; x_wconf 79' lang='lat' dir='ltr'><strong>fulget;</strong></span> 
     </span>
    </p>
   </div>
   <div class='ocr_carea' id='block_1_24' title="bbox 918 2411 2215 2483">
    <p class='ocr_par' dir='ltr' id='par_1_24' title="bbox 918 2411 2215 2483">
     <span class='ocr_line' id='line_1_24' title="bbox 918 2411 2215 2483; baseline 0 -16"><span class='ocrx_word' id='word_1_98' title='bbox 918 2411 1064 2479; x_wconf 85' lang='lat' dir='ltr'><strong>Quos</strong></span> <span class='ocrx_word' id='word_1_99' title='bbox 1089 2412 1295 2482; x_wconf 87' lang='lat' dir='ltr'><strong>pariter</strong></span> <span class='ocrx_word' id='word_1_100' title='bbox 1316 2413 1676 2483; x_wconf 81' lang='lat' dir='ltr'><strong>quadraginta</strong></span> <span class='ocrx_word' id='word_1_101' title='bbox 1702 2421 1862 2482; x_wconf 87' lang='lat' dir='ltr'><strong>atque</strong></span> <span class='ocrx_word' id='word_1_102' title='bbox 1890 2427 2083 2467; x_wconf 90' lang='lat' dir='ltr'><strong>novem</strong></span> <span class='ocrx_word' id='word_1_103' title='bbox 2122 2426 2215 2467; x_wconf 91' lang='lat' dir='ltr'><strong>co-</strong></span> 
     </span>
    </p>
   </div>
   <div class='ocr_carea' id='block_1_25' title="bbox 1833 2502 2138 2575">
    <p class='ocr_par' dir='ltr' id='par_1_25' title="bbox 1833 2502 2138 2575">
     <span class='ocr_line' id='line_1_25' title="bbox 1833 2502 2138 2575; baseline 0 -18"><span class='ocrx_word' id='word_1_104' title='bbox 1833 2502 2138 2575; x_wconf 85' lang='lat' dir='ltr'><strong>[mitantur.</strong></span> 
     </span>
    </p>
   </div>
   <div class='ocr_carea' id='block_1_26' title="bbox 987 2597 2215 2668">
    <p class='ocr_par' dir='ltr' id='par_1_26' title="bbox 987 2597 2215 2668">
     <span class='ocr_line' id='line_1_26' title="bbox 987 2597 2215 2668; baseline -0.002 -15"><span class='ocrx_word' id='word_1_105' title='bbox 987 2598 1056 2653; x_wconf 84' lang='lat' dir='ltr'><strong>In</strong></span> <span class='ocrx_word' id='word_1_106' title='bbox 1112 2599 1389 2653; x_wconf 79' lang='lat' dir='ltr'><strong>Antiochia</strong></span> <span class='ocrx_word' id='word_1_107' title='bbox 1435 2597 1637 2668; x_wconf 62' lang='lat' dir='ltr'><strong>Syriae,</strong></span> <span class='ocrx_word' id='word_1_108' title='bbox 1684 2597 1858 2652; x_wconf 89' lang='lat' dir='ltr'><strong>natale</strong></span> <span class='ocrx_word' id='word_1_109' title='bbox 1916 2607 2215 2652; x_wconf 84' lang='lat' dir='ltr'><strong>sanctorum</strong></span> 
     </span>
    </p>
   </div>
   <div class='ocr_carea' id='block_1_27' title="bbox 1060 2684 2213 2758">
    <p class='ocr_par' dir='ltr' id='par_1_27' title="bbox 1060 2684 2213 2758">
     <span class='ocr_line' id='line_1_27' title="bbox 1060 2684 2213 2758; baseline 0.003 -18"><span class='ocrx_word' id='word_1_110' title='bbox 1060 2684 1312 2758; x_wconf 64' lang='lat' dir='ltr'><strong>Pelagia,</strong></span> <span class='ocrx_word' id='word_1_111' title='bbox 1342 2696 1390 2741; x_wconf 90' lang='lat' dir='ltr'><strong>et</strong></span> <span class='ocrx_word' id='word_1_112' title='bbox 1417 2688 1643 2742; x_wconf 83' lang='lat' dir='ltr'><strong>aliorum</strong></span> <span class='ocrx_word' id='word_1_113' title='bbox 1686 2689 2037 2758; x_wconf 82' lang='lat' dir='ltr'><strong>quadraginta</strong></span> <span class='ocrx_word' id='word_1_114' title='bbox 2078 2697 2213 2745; x_wconf 88' lang='lat' dir='ltr'><strong>octo.</strong></span> 
     </span>
    </p>
   </div>
   <div class='ocr_carea' id='block_1_28' title="bbox 746 2780 2211 2851">
    <p class='ocr_par' dir='ltr' id='par_1_28' title="bbox 746 2780 2211 2851">
     <span class='ocr_line' id='line_1_28' title="bbox 746 2780 2211 2851; baseline -0.002 -15"><span class='ocrx_word' id='word_1_115' title='bbox 746 2793 759 2805; x_wconf 82' lang='grc'><em>’</em></span> <span class='ocrx_word' id='word_1_116' title='bbox 812 2781 884 2836; x_wconf 85' lang='grc'><strong>20</strong></span> <span class='ocrx_word' id='word_1_117' title='bbox 922 2782 1159 2837; x_wconf 90' lang='lat' dir='ltr'><strong>Ternum</strong></span> <span class='ocrx_word' id='word_1_118' title='bbox 1190 2796 1315 2836; x_wconf 90' lang='lat' dir='ltr'><strong>cum</strong></span> <span class='ocrx_word' id='word_1_119' title='bbox 1331 2780 1703 2851; x_wconf 87' lang='lat' dir='ltr'><strong>denoCaprasi</strong></span> <span class='ocrx_word' id='word_1_120' title='bbox 1730 2790 1938 2851; x_wconf 85' lang='lat' dir='ltr'><strong>martyr</strong></span> <span class='ocrx_word' id='word_1_121' title='bbox 1957 2781 2211 2835; x_wconf 87' lang='lat' dir='ltr'><strong>honoras.</strong></span> 
     </span>
    </p>
   </div>
   <div class='ocr_carea' id='block_1_29' title="bbox 811 2871 2218 2951">
    <p class='ocr_par' dir='ltr' id='par_1_29' title="bbox 811 2871 2218 2951">
     <span class='ocr_line' id='line_1_29' title="bbox 811 2871 2218 2951; baseline -0.003 -23"><span class='ocrx_word' id='word_1_122' title='bbox 811 2873 875 2928; x_wconf 77' lang='grc'><strong>21</strong></span> <span class='ocrx_word' id='word_1_123' title='bbox 920 2872 1213 2943; x_wconf 88' lang='lat' dir='ltr'><strong>Presbyter</strong></span> <span class='ocrx_word' id='word_1_124' title='bbox 1252 2872 1499 2927; x_wconf 85' lang='lat' dir='ltr'><strong>Asterius</strong></span> <span class='ocrx_word' id='word_1_125' title='bbox 1544 2872 1790 2927; x_wconf 92' lang='lat' dir='ltr'><strong>duodeno</strong></span> <span class='ocrx_word' id='word_1_126' title='bbox 1826 2871 1946 2926; x_wconf 84' lang='lat' dir='ltr'><strong>luce</strong></span> <span class='ocrx_word' id='word_1_127' title='bbox 1968 2878 2218 2951; x_wconf 80' lang='lat' dir='ltr'><strong>coruscat</strong></span> 
     </span>
    </p>
   </div>
   <div class='ocr_carea' id='block_1_30' title="bbox 920 2963 2215 3033">
    <p class='ocr_par' dir='ltr' id='par_1_30' title="bbox 920 2963 2215 3033">
     <span class='ocr_line' id='line_1_30' title="bbox 920 2963 2215 3033; baseline -0.002 -15"><span class='ocrx_word' id='word_1_128' title='bbox 920 2963 1169 3033; x_wconf 75' lang='lat' dir='ltr'><strong>Egregia,</strong></span> <span class='ocrx_word' id='word_1_129' title='bbox 1196 2963 1395 3017; x_wconf 92' lang='lat' dir='ltr'><strong>multos</strong></span> <span class='ocrx_word' id='word_1_130' title='bbox 1422 2963 1604 3018; x_wconf 91' lang='lat' dir='ltr'><strong>docuit</strong></span> <span class='ocrx_word' id='word_1_131' title='bbox 1625 2963 1717 3033; x_wconf 92' lang='lat' dir='ltr'><strong>qui</strong></span> <span class='ocrx_word' id='word_1_132' title='bbox 1738 2964 1955 3018; x_wconf 87' lang='lat' dir='ltr'><strong>vincere</strong></span> <span class='ocrx_word' id='word_1_133' title='bbox 1977 2970 2215 3027; x_wconf 88' lang='lat' dir='ltr'><strong>sanctos,</strong></span> 
     </span>
    </p>
   </div>
   <div class='ocr_carea' id='block_1_31' title="bbox 927 3052 2221 3123">
    <p class='ocr_par' dir='ltr' id='par_1_31' title="bbox 927 3052 2221 3123">
     <span class='ocr_line' id='line_1_31' title="bbox 927 3052 2221 3123; baseline 0 -14"><span class='ocrx_word' id='word_1_134' title='bbox 927 3052 1175 3123; x_wconf 87' lang='lat' dir='ltr'><strong>Undique</strong></span> <span class='ocrx_word' id='word_1_135' title='bbox 1214 3052 1355 3108; x_wconf 89' lang='lat' dir='ltr'><strong>bella</strong></span> <span class='ocrx_word' id='word_1_136' title='bbox 1383 3053 1487 3123; x_wconf 92' lang='lat' dir='ltr'><strong>piis</strong></span> <span class='ocrx_word' id='word_1_137' title='bbox 1510 3054 1700 3108; x_wconf 88' lang='lat' dir='ltr'><strong>duram</strong></span> <span class='ocrx_word' id='word_1_138' title='bbox 1738 3055 2043 3109; x_wconf 87' lang='lat' dir='ltr'><strong>minitantia</strong></span> <span class='ocrx_word' id='word_1_139' title='bbox 2072 3069 2221 3110; x_wconf 89' lang='lat' dir='ltr'><strong>mor-</strong></span> 
     </span>
    </p>
   </div>
   <div class='ocr_carea' id='block_1_32' title="bbox 1963 3144 2145 3217">
    <p class='ocr_par' dir='ltr' id='par_1_32' title="bbox 1963 3144 2145 3217">
     <span class='ocr_line' id='line_1_32' title="bbox 1963 3144 2145 3217; baseline 0.005 -18"><span class='ocrx_word' id='word_1_140' title='bbox 1963 3144 2094 3217; x_wconf 89' lang='lat' dir='ltr'><strong>[tem</strong></span> <span class='ocrx_word' id='word_1_141' title='bbox 2129 3165 2145 3200; x_wconf 88' lang='lat'><strong>:</strong></span> 
     </span>
    </p>
   </div>
   <div class='ocr_carea' id='block_1_33' title="bbox 927 3232 2215 3293">
    <p class='ocr_par' dir='ltr' id='par_1_33' title="bbox 927 3232 2215 3293">
     <span class='ocr_line' id='line_1_33' title="bbox 927 3232 2215 3293; baseline 0.004 -5"><span class='ocrx_word' id='word_1_142' title='bbox 927 3232 1082 3288; x_wconf 83' lang='lat' dir='ltr'><strong>Hunc</strong></span> <span class='ocrx_word' id='word_1_143' title='bbox 1110 3242 1163 3289; x_wconf 91' lang='lat' dir='ltr'><strong>et</strong></span> <span class='ocrx_word' id='word_1_144' title='bbox 1192 3232 1431 3287; x_wconf 85' lang='lat' dir='ltr'><strong>Hilarion</strong></span> <span class='ocrx_word' id='word_1_145' title='bbox 1454 3235 1621 3289; x_wconf 86' lang='lat' dir='ltr'><strong>eremi</strong></span> <span class='ocrx_word' id='word_1_146' title='bbox 1643 3234 1816 3291; x_wconf 88' lang='lat' dir='ltr'><strong>bonus</strong></span> <span class='ocrx_word' id='word_1_147' title='bbox 1832 3238 2015 3292; x_wconf 88' lang='lat' dir='ltr'><strong>accola</strong></span> <span class='ocrx_word' id='word_1_148' title='bbox 2031 3238 2215 3293; x_wconf 91' lang='lat' dir='ltr'><strong>comit.</strong></span> 
     </span>
    </p>
   </div>
   <div class='ocr_carea' id='block_1_34' title="bbox 924 3323 2219 3396">
    <p class='ocr_par' dir='ltr' id='par_1_34' title="bbox 924 3323 2219 3396">
     <span class='ocr_line' id='line_1_34' title="bbox 924 3323 2219 3396; baseline 0 -16"><span class='ocrx_word' id='word_1_149' title='bbox 924 3324 1077 3381; x_wconf 88' lang='lat' dir='ltr'><strong>Tunc</strong></span> <span class='ocrx_word' id='word_1_150' title='bbox 1101 3338 1389 3379; x_wconf 88' lang='lat' dir='ltr'><strong>numerosa</strong></span> <span class='ocrx_word' id='word_1_151' title='bbox 1420 3324 1579 3379; x_wconf 90' lang='lat' dir='ltr'><strong>simul</strong></span> <span class='ocrx_word' id='word_1_152' title='bbox 1599 3323 1773 3379; x_wconf 84' lang='lat' dir='ltr'><strong>Rheni</strong></span> <span class='ocrx_word' id='word_1_153' title='bbox 1794 3340 1891 3396; x_wconf 90' lang='lat' dir='ltr'><strong>per</strong></span> <span class='ocrx_word' id='word_1_154' title='bbox 1915 3326 2093 3381; x_wconf 90' lang='lat' dir='ltr'><strong>littora</strong></span> <span class='ocrx_word' id='word_1_155' title='bbox 2113 3327 2219 3381; x_wconf 79' lang='lat' dir='ltr'><strong>tul-</strong></span> 
     </span>
    </p>
   </div>
   <div class='ocr_carea' id='block_1_35' title="bbox 2057 3426 2150 3473">
    <p class='ocr_par' dir='ltr' id='par_1_35' title="bbox 2057 3426 2150 3473">
     <span class='ocr_line' id='line_1_35' title="bbox 2057 3426 2150 3473; baseline -0.022 0"><span class='ocrx_word' id='word_1_156' title='bbox 2057 3426 2150 3473; x_wconf 87' lang='lat' dir='ltr'><strong>ent</strong></span> 
     </span>
    </p>
   </div>
   <div class='ocr_carea' id='block_1_36' title="bbox 917 3416 2128 3585">
    <p class='ocr_par' dir='ltr' id='par_1_36' title="bbox 917 3416 2128 3585">
     <span class='ocr_line' id='line_1_36' title="bbox 2057 3432 2121 3473; baseline -0.031 0"><span class='ocrx_word' id='word_1_157' title='bbox 2057 3432 2121 3473; x_wconf 77' lang='lat' dir='ltr'><strong>ell</strong></span> 
     </span>
     <span class='ocr_line' id='line_1_37' title="bbox 917 3416 2128 3585; baseline 0.001 -18"><span class='ocrx_word' id='word_1_158' title='bbox 917 3510 1137 3568; x_wconf 85' lang='lat' dir='ltr'><strong>Christo</strong></span> <span class='ocrx_word' id='word_1_159' title='bbox 1157 3512 1416 3585; x_wconf 78' lang='lat' dir='ltr'><strong>virgineis</strong></span> <span class='ocrx_word' id='word_1_160' title='bbox 1436 3522 1617 3568; x_wconf 86' lang='lat' dir='ltr'><strong>erecta</strong></span> <span class='ocrx_word' id='word_1_161' title='bbox 1648 3520 1848 3583; x_wconf 86' lang='lat' dir='ltr'><strong>tropaea</strong></span> <span class='ocrx_word' id='word_1_162' title='bbox 1878 3416 2128 3583; x_wconf 56' lang='lat' dir='ltr'><strong>maniglis</strong></span> 
     </span>
    </p>
   </div>
   <div class='ocr_carea' id='block_1_37' title="bbox 921 3603 2220 3675">
    <p class='ocr_par' dir='ltr' id='par_1_37' title="bbox 921 3603 2220 3675">
     <span class='ocr_line' id='line_1_38' title="bbox 921 3603 2220 3675; baseline 0.001 -17"><span class='ocrx_word' id='word_1_163' title='bbox 921 3603 1227 3675; x_wconf 78' lang='lat' dir='ltr'><strong>Agrippinae</strong></span> <span class='ocrx_word' id='word_1_164' title='bbox 1266 3605 1407 3669; x_wconf 89' lang='lat' dir='ltr'><strong>urbi,</strong></span> <span class='ocrx_word' id='word_1_165' title='bbox 1438 3619 1665 3674; x_wconf 89' lang='lat' dir='ltr'><strong>quarum</strong></span> <span class='ocrx_word' id='word_1_166' title='bbox 1699 3604 1848 3659; x_wconf 85' lang='lat' dir='ltr'><strong>furor</strong></span> <span class='ocrx_word' id='word_1_167' title='bbox 1873 3604 2068 3674; x_wconf 89' lang='lat' dir='ltr'><strong>impius</strong></span> <span class='ocrx_word' id='word_1_168' title='bbox 2090 3603 2220 3659; x_wconf 89' lang='lat' dir='ltr'><strong>olim</strong></span> 
     </span>
    </p>
   </div>
   <div class='ocr_carea' id='block_1_38' title="bbox 924 3692 2220 3750">
    <p class='ocr_par' dir='ltr' id='par_1_38' title="bbox 924 3692 2220 3750">
     <span class='ocr_line' id='line_1_39' title="bbox 924 3692 2220 3750; baseline 0.002 -3"><span class='ocrx_word' id='word_1_169' title='bbox 924 3692 1088 3748; x_wconf 84' lang='lat' dir='ltr'><strong>Millia</strong></span> <span class='ocrx_word' id='word_1_170' title='bbox 1131 3693 1742 3749; x_wconf 87' lang='lat' dir='ltr'><strong>mactavitductricibus</strong></span> <span class='ocrx_word' id='word_1_171' title='bbox 1787 3693 1971 3749; x_wconf 91' lang='lat' dir='ltr'><strong>inclita</strong></span> <span class='ocrx_word' id='word_1_172' title='bbox 1996 3696 2220 3750; x_wconf 90' lang='lat' dir='ltr'><strong>sanctis.</strong></span> 
     </span>
    </p>
   </div>
   <div class='ocr_carea' id='block_1_39' title="bbox 817 3782 2223 3857">
    <p class='ocr_par' dir='ltr' id='par_1_39' title="bbox 817 3782 2223 3857">
     <span class='ocr_line' id='line_1_40' title="bbox 817 3782 2223 3857; baseline 0.001 -18"><span class='ocrx_word' id='word_1_173' title='bbox 817 3783 892 3839; x_wconf 88' lang='grc'><strong>22</strong></span> <span class='ocrx_word' id='word_1_174' title='bbox 929 3783 1285 3840; x_wconf 86' lang='lat' dir='ltr'><strong>Undecimum</strong></span> <span class='ocrx_word' id='word_1_175' title='bbox 1316 3782 1456 3841; x_wconf 84' lang='lat' dir='ltr'><strong>festo</strong></span> <span class='ocrx_word' id='word_1_176' title='bbox 1496 3784 1776 3856; x_wconf 87' lang='lat' dir='ltr'><strong>Philippus</strong></span> <span class='ocrx_word' id='word_1_177' title='bbox 1816 3784 2101 3857; x_wconf 88' lang='lat' dir='ltr'><strong>episcopus</strong></span> <span class='ocrx_word' id='word_1_178' title='bbox 2127 3802 2223 3841; x_wconf 86' lang='lat' dir='ltr'><strong>au-</strong></span> 
     </span>
    </p>
   </div>
   <div class='ocr_carea' id='block_1_40' title="bbox 1999 3874 2150 3947">
    <p class='ocr_par' dir='ltr' id='par_1_40' title="bbox 1999 3874 2150 3947">
     <span class='ocr_line' id='line_1_41' title="bbox 1999 3874 2150 3947; baseline -0.013 -16"><span class='ocrx_word' id='word_1_179' title='bbox 1999 3874 2113 3947; x_wconf 85' lang='lat' dir='ltr'><strong>[get</strong></span> <span class='ocrx_word' id='word_1_180' title='bbox 2136 3893 2150 3929; x_wconf 88' lang='lat'><strong>:</strong></span> 
     </span>
    </p>
   </div>
   <div class='ocr_carea' id='block_1_41' title="bbox 926 3964 2224 4036">
    <p class='ocr_par' dir='ltr' id='par_1_41' title="bbox 926 3964 2224 4036">
     <span class='ocr_line' id='line_1_42' title="bbox 926 3964 2224 4036; baseline 0.002 -16"><span class='ocrx_word' id='word_1_181' title='bbox 926 3964 1154 4023; x_wconf 85' lang='lat' dir='ltr'><strong>Hermes</strong></span> <span class='ocrx_word' id='word_1_182' title='bbox 1181 3966 1285 4022; x_wconf 85' lang='lat' dir='ltr'><strong>hoc</strong></span> <span class='ocrx_word' id='word_1_183' title='bbox 1311 3965 1429 4036; x_wconf 92' lang='lat' dir='ltr'><strong>ipso</strong></span> <span class='ocrx_word' id='word_1_184' title='bbox 1459 3978 1486 4008; x_wconf 71' lang='grc' dir='ltr'>ι</span> <span class='ocrx_word' id='word_1_185' title='bbox 1513 3966 1670 4032; x_wconf 90' lang='lat' dir='ltr'><strong>nitet,</strong></span> <span class='ocrx_word' id='word_1_186' title='bbox 1703 3965 2074 4036; x_wconf 87' lang='lat' dir='ltr'><strong>Eusebiusque</strong></span> <span class='ocrx_word' id='word_1_187' title='bbox 2098 3967 2224 4022; x_wconf 88' lang='lat' dir='ltr'><strong>bea-</strong></span> 
     </span>
    </p>
   </div>
   <div class='ocr_carea' id='block_1_42' title="bbox 2016 4057 2147 4130">
    <p class='ocr_par' dir='ltr' id='par_1_42' title="bbox 2016 4057 2147 4130">
     <span class='ocr_line' id='line_1_43' title="bbox 2016 4057 2147 4130; baseline 0.015 -21"><span class='ocrx_word' id='word_1_188' title='bbox 2016 4057 2147 4130; x_wconf 74' lang='grc' dir='ltr'><strong>[ωε.</strong></span> 
     </span>
    </p>
   </div>
   <div class='ocr_carea' id='block_1_43' title="bbox 998 4148 2224 4219">
    <p class='ocr_par' dir='ltr' id='par_1_43' title="bbox 998 4148 2224 4219">
     <span class='ocr_line' id='line_1_44' title="bbox 998 4148 2224 4219; baseline 0 -16"><span class='ocrx_word' id='word_1_189' title='bbox 998 4148 1068 4204; x_wconf 85' lang='lat' dir='ltr'><strong>In</strong></span> <span class='ocrx_word' id='word_1_190' title='bbox 1115 4148 1342 4204; x_wconf 81' lang='lat' dir='ltr'><strong>Thracia</strong></span> <span class='ocrx_word' id='word_1_191' title='bbox 1379 4149 1604 4214; x_wconf 82' lang='lat' dir='ltr'><strong>civitate,</strong></span> <span class='ocrx_word' id='word_1_192' title='bbox 1626 4150 1799 4219; x_wconf 91' lang='lat' dir='ltr'><strong>passio</strong></span> <span class='ocrx_word' id='word_1_193' title='bbox 1831 4149 2000 4203; x_wconf 85' lang='lat' dir='ltr'><strong>sancti</strong></span> <span class='ocrx_word' id='word_1_194' title='bbox 2020 4148 2224 4203; x_wconf 85' lang='lat' dir='ltr'><strong>Leode-</strong></span> 
     </span>
    </p>
   </div>
   <div class='ocr_carea' id='block_1_44' title="bbox 1064 4238 1989 4314">
    <p class='ocr_par' dir='ltr' id='par_1_44' title="bbox 1064 4238 1989 4314">
     <span class='ocr_line' id='line_1_45' title="bbox 1064 4238 1989 4314; baseline -0.002 -17"><span class='ocrx_word' id='word_1_195' title='bbox 1064 4242 1191 4314; x_wconf 87' lang='lat' dir='ltr'><strong>gali,</strong></span> <span class='ocrx_word' id='word_1_196' title='bbox 1228 4254 1275 4297; x_wconf 90' lang='lat' dir='ltr'><strong>et</strong></span> <span class='ocrx_word' id='word_1_197' title='bbox 1295 4242 1461 4296; x_wconf 88' lang='lat' dir='ltr'><strong>sancti</strong></span> <span class='ocrx_word' id='word_1_198' title='bbox 1490 4238 1723 4311; x_wconf 86' lang='lat' dir='ltr'><strong>Philippi</strong></span> <span class='ocrx_word' id='word_1_199' title='bbox 1746 4242 1989 4312; x_wconf 88' lang='lat' dir='ltr'><strong>episcopi.</strong></span> 
     </span>
    </p>
   </div>
   <div class='ocr_carea' id='block_1_45' title="bbox 826 4330 2187 4399">
    <p class='ocr_par' dir='ltr' id='par_1_45' title="bbox 826 4330 2187 4399">
     <span class='ocr_line' id='line_1_46' title="bbox 826 4330 2187 4399; baseline -0.001 -11"><span class='ocrx_word' id='word_1_200' title='bbox 826 4330 898 4388; x_wconf 77' lang='grc'><strong>25</strong></span> <span class='ocrx_word' id='word_1_201' title='bbox 934 4330 1213 4399; x_wconf 88' lang='lat' dir='ltr'><strong>Severine,</strong></span> <span class='ocrx_word' id='word_1_202' title='bbox 1242 4340 1363 4386; x_wconf 90' lang='lat' dir='ltr'><strong>tuos</strong></span> <span class='ocrx_word' id='word_1_203' title='bbox 1385 4331 1597 4387; x_wconf 90' lang='lat' dir='ltr'><strong>decimo</strong></span> <span class='ocrx_word' id='word_1_204' title='bbox 1625 4346 1779 4387; x_wconf 91' lang='lat' dir='ltr'><strong>sacer</strong></span> <span class='ocrx_word' id='word_1_205' title='bbox 1808 4332 1934 4387; x_wconf 92' lang='lat' dir='ltr'><strong>inde</strong></span> <span class='ocrx_word' id='word_1_206' title='bbox 1966 4331 2187 4387; x_wconf 90' lang='lat' dir='ltr'><strong>colonos</strong></span> 
     </span>
    </p>
   </div>
   <div class='ocr_carea' id='block_1_46' title="bbox 926 4423 2220 4496">
    <p class='ocr_par' dir='ltr' id='par_1_46' title="bbox 926 4423 2220 4496">
     <span class='ocr_line' id='line_1_47' title="bbox 926 4423 2220 4496; baseline -0.002 -15"><span class='ocrx_word' id='word_1_207' title='bbox 926 4424 1221 4496; x_wconf 84' lang='lat' dir='ltr'><strong>lnspectas,</strong></span> <span class='ocrx_word' id='word_1_208' title='bbox 1244 4423 1407 4494; x_wconf 90' lang='lat' dir='ltr'><strong>primi</strong></span> <span class='ocrx_word' id='word_1_209' title='bbox 1434 4423 1652 4480; x_wconf 89' lang='lat' dir='ltr'><strong>radians</strong></span> <span class='ocrx_word' id='word_1_210' title='bbox 1672 4424 1738 4478; x_wconf 90' lang='lat' dir='ltr'><strong>de</strong></span> <span class='ocrx_word' id='word_1_211' title='bbox 1758 4424 1993 4480; x_wconf 90' lang='lat' dir='ltr'><strong>culmine</strong></span> <span class='ocrx_word' id='word_1_212' title='bbox 2018 4423 2220 4496; x_wconf 91' lang='lat' dir='ltr'><strong>templi.</strong></span> 
     </span>
    </p>
   </div>
   <div class='ocr_carea' id='block_1_47' title="bbox 1002 4512 1932 4584">
    <p class='ocr_par' dir='ltr' id='par_1_47' title="bbox 1002 4512 1932 4584">
     <span class='ocr_line' id='line_1_48' title="bbox 1002 4512 1932 4584; baseline -0.002 -16"><span class='ocrx_word' id='word_1_213' title='bbox 1002 4514 1070 4568; x_wconf 84' lang='lat' dir='ltr'><strong>In</strong></span> <span class='ocrx_word' id='word_1_214' title='bbox 1093 4512 1436 4584; x_wconf 85' lang='lat' dir='ltr'><strong>Trajanopoli</strong></span> <span class='ocrx_word' id='word_1_215' title='bbox 1457 4512 1634 4569; x_wconf 77' lang='lat' dir='ltr'><strong>Severi</strong></span> <span class='ocrx_word' id='word_1_216' title='bbox 1654 4523 1701 4567; x_wconf 92' lang='lat' dir='ltr'><strong>et</strong></span> <span class='ocrx_word' id='word_1_217' title='bbox 1720 4512 1932 4567; x_wconf 86' lang='lat' dir='ltr'><strong>Donati.</strong></span> 
     </span>
    </p>
   </div>
   <div class='ocr_carea' id='block_1_48' title="bbox 820 4606 2224 4680">
    <p class='ocr_par' dir='ltr' id='par_1_48' title="bbox 820 4606 2224 4680">
     <span class='ocr_line' id='line_1_49' title="bbox 820 4606 2224 4680; baseline -0.001 -13"><span class='ocrx_word' id='word_1_218' title='bbox 820 4610 892 4667; x_wconf 75' lang='grc'><strong>24</strong></span> <span class='ocrx_word' id='word_1_219' title='bbox 930 4609 1083 4666; x_wconf 87' lang='lat' dir='ltr'><strong>Nono</strong></span> <span class='ocrx_word' id='word_1_220' title='bbox 1096 4609 1428 4680; x_wconf 87' lang='lat' dir='ltr'><strong>quadrageni</strong></span> <span class='ocrx_word' id='word_1_221' title='bbox 1449 4606 1705 4678; x_wconf 77' lang='lat' dir='ltr'><strong>eﬂ‘ulgent</strong></span> <span class='ocrx_word' id='word_1_222' title='bbox 1724 4624 1928 4679; x_wconf 77' lang='lat' dir='ltr'><strong>sexque</strong></span> <span class='ocrx_word' id='word_1_223' title='bbox 1950 4609 2224 4679; x_wconf 88' lang='lat' dir='ltr'><strong>triumpho</strong></span> 
     </span>
    </p>
   </div>
   <div class='ocr_carea' id='block_1_49' title="bbox 925 4698 2148 4765">
    <p class='ocr_par' dir='ltr' id='par_1_49' title="bbox 925 4698 2148 4765">
     <span class='ocr_line' id='line_1_50' title="bbox 925 4698 2148 4765; baseline -0.002 -10"><span class='ocrx_word' id='word_1_224' title='bbox 925 4700 1130 4765; x_wconf 63' lang='lat' dir='ltr'><strong>Romae,</strong></span> <span class='ocrx_word' id='word_1_225' title='bbox 1160 4698 1352 4753; x_wconf 90' lang='lat' dir='ltr'><strong>militia</strong></span> <span class='ocrx_word' id='word_1_226' title='bbox 1377 4706 1433 4753; x_wconf 91' lang='lat' dir='ltr'><strong>et</strong></span> <span class='ocrx_word' id='word_1_227' title='bbox 1453 4706 1642 4753; x_wconf 90' lang='lat' dir='ltr'><strong>sancto</strong></span> <span class='ocrx_word' id='word_1_228' title='bbox 1667 4699 1966 4754; x_wconf 89' lang='lat' dir='ltr'><strong>certamine</strong></span> <span class='ocrx_word' id='word_1_229' title='bbox 1995 4698 2148 4754; x_wconf 91' lang='lat' dir='ltr'><strong>clari.</strong></span> 
     </span>
    </p>
   </div>
   <div class='ocr_carea' id='block_1_50' title="bbox 929 4788 2225 4859">
    <p class='ocr_par' dir='ltr' id='par_1_50' title="bbox 929 4788 2225 4859">
     <span class='ocr_line' id='line_1_51' title="bbox 929 4788 2225 4859; baseline 0.005 -15"><span class='ocrx_word' id='word_1_230' title='bbox 929 4788 1328 4859; x_wconf 82' lang='lat' dir='ltr'><strong>Martinumque</strong></span> <span class='ocrx_word' id='word_1_231' title='bbox 1370 4790 1398 4829; x_wconf 68' lang='grc' dir='ltr'>δ</span> <span class='ocrx_word' id='word_1_232' title='bbox 1428 4804 1584 4845; x_wconf 89' lang='lat' dir='ltr'><strong>suum</strong></span> <span class='ocrx_word' id='word_1_233' title='bbox 1627 4789 1911 4856; x_wconf 80' lang='lat' dir='ltr'><strong>celebrans</strong></span> <span class='ocrx_word' id='word_1_234' title='bbox 1954 4792 2225 4850; x_wconf 85' lang='lat' dir='ltr'><strong>Vertanus</strong></span> 
     </span>
    </p>
   </div>
   <div class='ocr_carea' id='block_1_51' title="bbox 1163 4873 2149 4956">
    <p class='ocr_par' dir='ltr' id='par_1_51' title="bbox 1163 4873 2149 4956">
     <span class='ocr_line' id='line_1_52' title="bbox 1163 4873 2149 4956; baseline 0.009 -24"><span class='ocrx_word' id='word_1_235' title='bbox 1163 4873 1178 4889; x_wconf 86' lang='lat'><strong>&#39;</strong></span> <span class='ocrx_word' id='word_1_236' title='bbox 1878 4883 2149 4956; x_wconf 88' lang='lat' dir='ltr'><strong>[adornat.</strong></span> 
     </span>
    </p>
   </div>
   <div class='ocr_carea' id='block_1_52' title="bbox 1002 4969 2225 5041">
    <p class='ocr_par' dir='ltr' id='par_1_52' title="bbox 1002 4969 2225 5041">
     <span class='ocr_line' id='line_1_53' title="bbox 1002 4969 2225 5041; baseline 0.007 -16"><span class='ocrx_word' id='word_1_237' title='bbox 1002 4970 1069 5025; x_wconf 87' lang='lat' dir='ltr'><strong>In</strong></span> <span class='ocrx_word' id='word_1_238' title='bbox 1113 4969 1424 5027; x_wconf 85' lang='lat' dir='ltr'><strong>Nicomedia</strong></span> <span class='ocrx_word' id='word_1_239' title='bbox 1481 4973 1650 5027; x_wconf 89' lang='lat' dir='ltr'><strong>sancti</strong></span> <span class='ocrx_word' id='word_1_240' title='bbox 1691 4971 1896 5041; x_wconf 81' lang='lat' dir='ltr'><strong>Vitatis,</strong></span> <span class='ocrx_word' id='word_1_241' title='bbox 1944 4972 2140 5032; x_wconf 82' lang='lat' dir='ltr'><strong>Felicis</strong></span> <span class='ocrx_word' id='word_1_242' title='bbox 2173 4986 2225 5032; x_wconf 86' lang='lat' dir='ltr'><strong>et</strong></span> 
     </span>
    </p>
   </div>
   <div class='ocr_carea' id='block_1_53' title="bbox 1080 5059 1323 5116">
    <p class='ocr_par' dir='ltr' id='par_1_53' title="bbox 1080 5059 1323 5116">
     <span class='ocr_line' id='line_1_54' title="bbox 1080 5059 1323 5116; baseline 0.008 -2"><span class='ocrx_word' id='word_1_243' title='bbox 1080 5059 1323 5116; x_wconf 84' lang='lat' dir='ltr'><strong>Victoris.</strong></span> 
     </span>
    </p>
   </div>
   <div class='ocr_carea' id='block_1_54' title="bbox 824 5152 2224 5231">
    <p class='ocr_par' dir='ltr' id='par_1_54' title="bbox 824 5152 2224 5231">
     <span class='ocr_line' id='line_1_55' title="bbox 824 5152 2224 5231; baseline 0.005 -22"><span class='ocrx_word' id='word_1_244' title='bbox 824 5152 895 5209; x_wconf 85' lang='grc'><strong>25</strong></span> <span class='ocrx_word' id='word_1_245' title='bbox 932 5153 1191 5211; x_wconf 86' lang='lat' dir='ltr'><strong>Octavum</strong></span> <span class='ocrx_word' id='word_1_246' title='bbox 1259 5154 1540 5227; x_wconf 89' lang='lat' dir='ltr'><strong>Crispinus</strong></span> <span class='ocrx_word' id='word_1_247' title='bbox 1604 5156 1767 5212; x_wconf 88' lang='lat' dir='ltr'><strong>habet</strong></span> <span class='ocrx_word' id='word_1_248' title='bbox 1835 5172 1958 5213; x_wconf 90' lang='lat' dir='ltr'><strong>cum</strong></span> <span class='ocrx_word' id='word_1_249' title='bbox 2014 5158 2224 5231; x_wconf 90' lang='lat' dir='ltr'><strong>Crispi-</strong></span> 
     </span>
    </p>
   </div>
   <div class='ocr_carea' id='block_1_55' title="bbox 1937 5249 2152 5322">
    <p class='ocr_par' dir='ltr' id='par_1_55' title="bbox 1937 5249 2152 5322">
     <span class='ocr_line' id='line_1_56' title="bbox 1937 5249 2152 5322; baseline 0.005 -16"><span class='ocrx_word' id='word_1_250' title='bbox 1937 5249 2121 5322; x_wconf 90' lang='lat' dir='ltr'><strong>[niano</strong></span> <span class='ocrx_word' id='word_1_251' title='bbox 2137 5294 2152 5319; x_wconf 92' lang='lat'><strong>,</strong></span> 
     </span>
    </p>
   </div>
   <div class='ocr_carea' id='block_1_56' title="bbox 922 5334 2223 5414">
    <p class='ocr_par' dir='ltr' id='par_1_56' title="bbox 922 5334 2223 5414">
     <span class='ocr_line' id='line_1_57' title="bbox 922 5334 2223 5414; baseline 0.007 -24"><span class='ocrx_word' id='word_1_252' title='bbox 922 5334 1194 5392; x_wconf 86' lang='lat' dir='ltr'><strong>Flammas</strong></span> <span class='ocrx_word' id='word_1_253' title='bbox 1212 5337 1303 5407; x_wconf 91' lang='lat' dir='ltr'><strong>qui</strong></span> <span class='ocrx_word' id='word_1_254' title='bbox 1327 5338 1471 5409; x_wconf 88' lang='lat' dir='ltr'><strong>passi</strong></span> <span class='ocrx_word' id='word_1_255' title='bbox 1491 5354 1691 5395; x_wconf 65' lang='lat' dir='ltr'><strong>saevum</strong></span> <span class='ocrx_word' id='word_1_256' title='bbox 1716 5340 1893 5396; x_wconf 87' lang='lat' dir='ltr'><strong>vicere</strong></span> <span class='ocrx_word' id='word_1_257' title='bbox 1917 5349 2223 5414; x_wconf 89' lang='lat' dir='ltr'><strong>tyrannum.</strong></span> 
     </span>
    </p>
   </div>
   <div class='ocr_carea' id='block_1_57' title="bbox 925 5427 2222 5503">
    <p class='ocr_par' dir='ltr' id='par_1_57' title="bbox 925 5427 2222 5503">
     <span class='ocr_line' id='line_1_58' title="bbox 925 5427 2222 5503; baseline 0.007 -21"><span class='ocrx_word' id='word_1_258' title='bbox 925 5427 1181 5483; x_wconf 90' lang='lat' dir='ltr'><strong>Gemmas</strong></span> <span class='ocrx_word' id='word_1_259' title='bbox 1260 5432 1504 5501; x_wconf 89' lang='lat' dir='ltr'><strong>martyrii</strong></span> <span class='ocrx_word' id='word_1_260' title='bbox 1579 5433 1822 5503; x_wconf 89' lang='lat' dir='ltr'><strong>geminas</strong></span> <span class='ocrx_word' id='word_1_261' title='bbox 1898 5450 2222 5493; x_wconf 87' lang='lat' dir='ltr'><strong>veneramur</strong></span> 
     </span>
    </p>
   </div>
   <div class='ocr_carea' id='block_1_58' title="bbox 1914 5526 2147 5600">
    <p class='ocr_par' dir='ltr' id='par_1_58' title="bbox 1914 5526 2147 5600">
     <span class='ocr_line' id='line_1_59' title="bbox 1914 5526 2147 5600; baseline 0.004 -18"><span class='ocrx_word' id='word_1_262' title='bbox 1914 5526 2147 5600; x_wconf 90' lang='lat' dir='ltr'><strong>[eodem,</strong></span> 
     </span>
    </p>
   </div>
   <div class='ocr_carea' id='block_1_59' title="bbox 646 5695 2225 5823">
    <p class='ocr_par' dir='ltr' id='par_1_59' title="bbox 646 5695 2225 5823">
     <span class='ocr_line' id='line_1_60' title="bbox 646 5695 2225 5823; baseline 0.008 -74"><span class='ocrx_word' id='word_1_263' title='bbox 646 5768 694 5823; x_wconf 72' lang='grc' dir='ltr'><em>Ε</em></span> <span class='ocrx_word' id='word_1_264' title='bbox 723 5709 749 5738; x_wconf 75' lang='grc' dir='ltr'>ι</span> <span class='ocrx_word' id='word_1_265' title='bbox 786 5695 1003 5753; x_wconf 85' lang='lat' dir='ltr'><strong>Hermes</strong></span> <span class='ocrx_word' id='word_1_266' title='bbox 1051 5699 1145 5753; x_wconf 81' lang='lat' dir='ltr'><strong>hoc</strong></span> <span class='ocrx_word' id='word_1_267' title='bbox 1181 5700 1313 5770; x_wconf 88' lang='lat' dir='ltr'><strong>ipso.</strong></span> <span class='ocrx_word' id='word_1_268' title='bbox 1362 5699 1419 5754; x_wconf 87' lang='lat' dir='ltr'><strong>In</strong></span> <span class='ocrx_word' id='word_1_269' title='bbox 1470 5702 1654 5760; x_wconf 91' lang='lat' dir='ltr'><strong>codice</strong></span> <span class='ocrx_word' id='word_1_270' title='bbox 1699 5706 1827 5776; x_wconf 85' lang='lat' dir='ltr'><strong>Reg.</strong></span> <span class='ocrx_word' id='word_1_271' title='bbox 1870 5714 1922 5762; x_wconf 88' lang='lat' dir='ltr'><strong>et</strong></span> <span class='ocrx_word' id='word_1_272' title='bbox 1959 5706 2013 5761; x_wconf 92' lang='lat' dir='ltr'><strong>in</strong></span> <span class='ocrx_word' id='word_1_273' title='bbox 2054 5706 2225 5777; x_wconf 87' lang='lat' dir='ltr'><strong>Bigot,</strong></span> 
     </span>
     <span class='ocr_line' id='line_1_61' title="bbox 700 5785 857 5823; baseline 0 -1"><span class='ocrx_word' id='word_1_274' title='bbox 700 5785 857 5823; x_wconf 86' lang='lat' dir='ltr'><strong>rmas.</strong></span> 
     </span>
    </p>
   </div>
   <div class='ocr_carea' id='block_1_60' title="bbox 700 5785 857 5823">
    <p class='ocr_par' dir='ltr' id='par_1_60' title="bbox 700 5785 857 5823">
     <span class='ocr_line' id='line_1_62' title="bbox 700 5785 857 5823; baseline -0.006 0"><span class='ocrx_word' id='word_1_275' title='bbox 700 5785 857 5823; x_wconf 72' lang='grc'><strong>1⁸11108.</strong></span> 
     </span>
    </p>
   </div>
   <div class='ocr_carea' id='block_1_61' title="bbox 2244 3188 2293 3247">
    <p class='ocr_par' dir='ltr' id='par_1_61' title="bbox 2244 3188 2293 3247">
     <span class='ocr_line' id='line_1_63' title="bbox 2244 3188 2293 3247; baseline 0 0"><span class='ocrx_word' id='word_1_276' title='bbox 2244 3188 2293 3247; x_wconf 75' lang='grc' dir='ltr'>υ</span> 
     </span>
    </p>
   </div>
   <div class='ocr_carea' id='block_1_62' title="bbox 2248 4543 2305 4606">
    <p class='ocr_par' dir='ltr' id='par_1_62' title="bbox 2248 4543 2305 4606">
     <span class='ocr_line' id='line_1_64' title="bbox 2248 4543 2305 4606; baseline 0 -2"><span class='ocrx_word' id='word_1_277' title='bbox 2248 4543 2305 4606; x_wconf 87' lang='lat' dir='ltr'><strong>D</strong></span> 
     </span>
    </p>
   </div>
   <div class='ocr_carea' id='block_1_63' title="bbox 2575 473 3756 551">
    <p class='ocr_par' dir='ltr' id='par_1_63' title="bbox 2575 473 3756 551">
     <span class='ocr_line' id='line_1_65' title="bbox 2575 473 3756 551; baseline 0.008 -19"><span class='ocrx_word' id='word_1_278' title='bbox 2575 474 2959 548; x_wconf 89' lang='lat' dir='ltr'><strong>Chrysantum,</strong></span> <span class='ocrx_word' id='word_1_279' title='bbox 3002 473 3337 546; x_wconf 88' lang='lat' dir='ltr'><strong>Dariamque,</strong></span> <span class='ocrx_word' id='word_1_280' title='bbox 3378 494 3500 534; x_wconf 78' lang='lat' dir='ltr'><strong>novo</strong></span> <span class='ocrx_word' id='word_1_281' title='bbox 3534 496 3641 551; x_wconf 89' lang='lat' dir='ltr'><strong>quos</strong></span> <span class='ocrx_word' id='word_1_282' title='bbox 3678 503 3756 541; x_wconf 89' lang='lat' dir='ltr'><strong>mu-</strong></span> 
     </span>
    </p>
   </div>
   <div class='ocr_carea' id='block_1_64' title="bbox 3413 570 3712 643">
    <p class='ocr_par' dir='ltr' id='par_1_64' title="bbox 3413 570 3712 643">
     <span class='ocr_line' id='line_1_66' title="bbox 3413 570 3712 643; baseline 0.023 -18"><span class='ocrx_word' id='word_1_283' title='bbox 3413 570 3546 643; x_wconf 86' lang='lat' dir='ltr'><strong>[nere</strong></span> <span class='ocrx_word' id='word_1_284' title='bbox 3562 576 3712 632; x_wconf 82' lang='lat' dir='ltr'><strong>Christi</strong></span> 
     </span>
    </p>
   </div>
   <div class='ocr_carea' id='block_1_65' title="bbox 2583 660 3757 725">
    <p class='ocr_par' dir='ltr' id='par_1_65' title="bbox 2583 660 3757 725">
     <span class='ocr_line' id='line_1_67' title="bbox 2583 660 3757 725; baseline 0.002 -11"><span class='ocrx_word' id='word_1_285' title='bbox 2583 660 2755 716; x_wconf 90' lang='lat' dir='ltr'><strong>Roma</strong></span> <span class='ocrx_word' id='word_1_286' title='bbox 2781 676 2925 715; x_wconf 88' lang='lat' dir='ltr'><strong>nunc</strong></span> <span class='ocrx_word' id='word_1_287' title='bbox 2965 668 3167 725; x_wconf 84' lang='lat' dir='ltr'><strong>vectos,</strong></span> <span class='ocrx_word' id='word_1_288' title='bbox 3200 661 3408 716; x_wconf 88' lang='lat' dir='ltr'><strong>tumulis</strong></span> <span class='ocrx_word' id='word_1_289' title='bbox 3432 662 3557 717; x_wconf 77' lang='lat' dir='ltr'><strong>Nova</strong></span> <span class='ocrx_word' id='word_1_290' title='bbox 3575 665 3684 721; x_wconf 82' lang='lat' dir='ltr'><strong>Cella</strong></span> <span class='ocrx_word' id='word_1_291' title='bbox 3702 685 3757 724; x_wconf 75' lang='lat' dir='ltr'><strong>ve.</strong></span> 
     </span>
    </p>
   </div>
   <div class='ocr_carea' id='block_1_66' title="bbox 3562 768 3712 812">
    <p class='ocr_par' dir='ltr' id='par_1_66' title="bbox 3562 768 3712 812">
     <span class='ocr_line' id='line_1_68' title="bbox 3562 768 3712 812; baseline 0.02 -3"><span class='ocrx_word' id='word_1_292' title='bbox 3562 768 3712 812; x_wconf 86' lang='lat' dir='ltr'><strong>nuslat.</strong></span> 
     </span>
    </p>
   </div>
   <div class='ocr_carea' id='block_1_67' title="bbox 2580 755 3758 916">
    <p class='ocr_par' dir='ltr' id='par_1_67' title="bbox 2580 755 3758 916">
     <span class='ocr_line' id='line_1_69' title="bbox 3562 768 3712 812; baseline 0.02 -3"><span class='ocrx_word' id='word_1_293' title='bbox 3562 768 3712 812; x_wconf 86' lang='lat' dir='ltr'><strong>nuslat.</strong></span> 
     </span>
     <span class='ocr_line' id='line_1_70' title="bbox 2580 755 3758 916; baseline 0.004 -15"><span class='ocrx_word' id='word_1_294' title='bbox 2580 846 2693 913; x_wconf 83' lang='lat' dir='ltr'><strong>Qua</strong></span> <span class='ocrx_word' id='word_1_295' title='bbox 2720 844 2896 900; x_wconf 85' lang='lat' dir='ltr'><strong>Rheni</strong></span> <span class='ocrx_word' id='word_1_296' title='bbox 2924 844 3084 900; x_wconf 88' lang='lat' dir='ltr'><strong>celsis</strong></span> <span class='ocrx_word' id='word_1_297' title='bbox 3126 755 3611 916; x_wconf 67' lang='lat' dir='ltr'><strong>succeduntmquiira</strong></span> <span class='ocrx_word' id='word_1_298' title='bbox 3643 852 3758 908; x_wconf 75' lang='lat' dir='ltr'><strong>silvis.</strong></span> 
     </span>
    </p>
   </div>
   <div class='ocr_carea' id='block_1_68' title="bbox 2581 936 3764 1011">
    <p class='ocr_par' dir='ltr' id='par_1_68' title="bbox 2581 936 3764 1011">
     <span class='ocr_line' id='line_1_71' title="bbox 2581 936 3764 1011; baseline 0.007 -20"><span class='ocrx_word' id='word_1_299' title='bbox 2581 936 2801 992; x_wconf 85' lang='lat' dir='ltr'><strong>Hilarus</strong></span> <span class='ocrx_word' id='word_1_300' title='bbox 2841 938 2931 992; x_wconf 91' lang='lat' dir='ltr'><strong>hic</strong></span> <span class='ocrx_word' id='word_1_301' title='bbox 2973 937 3136 991; x_wconf 88' lang='lat' dir='ltr'><strong>etiam</strong></span> <span class='ocrx_word' id='word_1_302' title='bbox 3177 938 3311 992; x_wconf 89' lang='lat' dir='ltr'><strong>nitet</strong></span> <span class='ocrx_word' id='word_1_303' title='bbox 3347 939 3504 1008; x_wconf 89' lang='lat' dir='ltr'><strong>amplo</strong></span> <span class='ocrx_word' id='word_1_304' title='bbox 3530 944 3764 1011; x_wconf 70' lang='lat' dir='ltr'><strong>pmsulbo</strong></span> 
     </span>
    </p>
   </div>
   <div class='ocr_carea' id='block_1_69' title="bbox 2654 1032 3765 1175">
    <p class='ocr_par' dir='ltr' id='par_1_69' title="bbox 2654 1032 3765 1175">
     <span class='ocr_line' id='line_1_72' title="bbox 2654 1032 3765 1175; baseline 0.001 -21"><span class='ocrx_word' id='word_1_305' title='bbox 2654 1100 2856 1154; x_wconf 89' lang='lat' dir='ltr'><strong>Eodem</strong></span> <span class='ocrx_word' id='word_1_306' title='bbox 2883 1100 2968 1153; x_wconf 89' lang='lat' dir='ltr'><strong>die</strong></span> <span class='ocrx_word' id='word_1_307' title='bbox 2990 1100 3165 1153; x_wconf 88' lang='lat' dir='ltr'><strong>natale</strong></span> <span class='ocrx_word' id='word_1_308' title='bbox 3190 1101 3357 1153; x_wconf 90' lang='lat' dir='ltr'><strong>sancti</strong></span> <span class='ocrx_word' id='word_1_309' title='bbox 3388 1032 3765 1175; x_wconf 56' lang='lat' dir='ltr'><strong>Frontotiingpriico.</strong></span> 
     </span>
    </p>
   </div>
   <div class='ocr_carea' id='block_1_70' title="bbox 2715 1189 3192 1259">
    <p class='ocr_par' dir='ltr' id='par_1_70' title="bbox 2715 1189 3192 1259">
     <span class='ocr_line' id='line_1_73' title="bbox 2715 1189 3192 1259; baseline 0 -16"><span class='ocrx_word' id='word_1_310' title='bbox 2715 1191 2769 1259; x_wconf 87' lang='lat' dir='ltr'><strong>pi</strong></span> <span class='ocrx_word' id='word_1_311' title='bbox 2791 1198 2839 1244; x_wconf 90' lang='lat' dir='ltr'><strong>et</strong></span> <span class='ocrx_word' id='word_1_312' title='bbox 2861 1189 3192 1258; x_wconf 79' lang='lat' dir='ltr'><strong>confessoris.</strong></span> 
     </span>
    </p>
   </div>
   <div class='ocr_carea' id='block_1_71' title="bbox 2297 1278 3767 1354">
    <p class='ocr_par' dir='ltr' id='par_1_71' title="bbox 2297 1278 3767 1354">
     <span class='ocr_line' id='line_1_74' title="bbox 2297 1278 3767 1354; baseline 0.004 -20"><span class='ocrx_word' id='word_1_313' title='bbox 2297 1278 2425 1334; x_wconf 84' lang='lat' dir='ltr'><strong>Dies</strong></span> <span class='ocrx_word' id='word_1_314' title='bbox 2473 1278 2543 1334; x_wconf 89' lang='grc'><strong>26</strong></span> <span class='ocrx_word' id='word_1_315' title='bbox 2581 1278 2873 1335; x_wconf 76' lang='lat' dir='ltr'><strong>Pontifices</strong></span> <span class='ocrx_word' id='word_1_316' title='bbox 2937 1278 3103 1345; x_wconf 82' lang='lat' dir='ltr'><strong>fama,</strong></span> <span class='ocrx_word' id='word_1_317' title='bbox 3170 1280 3352 1350; x_wconf 86' lang='lat' dir='ltr'><strong>signis,</strong></span> <span class='ocrx_word' id='word_1_318' title='bbox 3408 1282 3677 1354; x_wconf 87' lang='lat' dir='ltr'><strong>tumulisque</strong></span> <span class='ocrx_word' id='word_1_319' title='bbox 3707 1300 3767 1341; x_wconf 88' lang='lat' dir='ltr'><strong>oo-</strong></span> 
     </span>
    </p>
   </div>
   <div class='ocr_carea' id='block_1_72' title="bbox 3564 1374 3722 1447">
    <p class='ocr_par' dir='ltr' id='par_1_72' title="bbox 3564 1374 3722 1447">
     <span class='ocr_line' id='line_1_75' title="bbox 3564 1374 3722 1447; baseline 0.013 -18"><span class='ocrx_word' id='word_1_320' title='bbox 3564 1374 3722 1447; x_wconf 80' lang='lat' dir='ltr'><strong>[ruscos</strong></span> 
     </span>
    </p>
   </div>
   <div class='ocr_carea' id='block_1_73' title="bbox 2588 1460 3768 1532">
    <p class='ocr_par' dir='ltr' id='par_1_73' title="bbox 2588 1460 3768 1532">
     <span class='ocr_line' id='line_1_76' title="bbox 2588 1460 3768 1532; baseline 0.004 -15"><span class='ocrx_word' id='word_1_321' title='bbox 2588 1460 2862 1532; x_wconf 89' lang='lat' dir='ltr'><strong>Septimus</strong></span> <span class='ocrx_word' id='word_1_322' title='bbox 2895 1462 3152 1529; x_wconf 86' lang='lat' dir='ltr'><strong>ostendit,</strong></span> <span class='ocrx_word' id='word_1_323' title='bbox 3178 1477 3306 1518; x_wconf 88' lang='lat' dir='ltr'><strong>vero</strong></span> <span class='ocrx_word' id='word_1_324' title='bbox 3333 1464 3395 1519; x_wconf 92' lang='lat' dir='ltr'><strong>de</strong></span> <span class='ocrx_word' id='word_1_325' title='bbox 3429 1464 3613 1520; x_wconf 87' lang='lat' dir='ltr'><strong>nomine</strong></span> <span class='ocrx_word' id='word_1_326' title='bbox 3629 1465 3768 1524; x_wconf 66' lang='lat' dir='ltr'><strong>Amani</strong></span> 
     </span>
    </p>
   </div>
   <div class='ocr_carea' id='block_1_74' title="bbox 3596 1556 3723 1629">
    <p class='ocr_par' dir='ltr' id='par_1_74' title="bbox 3596 1556 3723 1629">
     <span class='ocr_line' id='line_1_77' title="bbox 3596 1556 3723 1629; baseline -0.047 0"><span class='ocrx_word' id='word_1_327' title='bbox 3596 1556 3723 1629; x_wconf 81' lang='lat' dir='ltr'><strong>ldum.</strong></span> 
     </span>
    </p>
   </div>
   <div class='ocr_carea' id='block_1_75' title="bbox 2589 1642 3771 1718">
    <p class='ocr_par' dir='ltr' id='par_1_75' title="bbox 2589 1642 3771 1718">
     <span class='ocr_line' id='line_1_78' title="bbox 2589 1642 3771 1718; baseline 0.004 -20"><span class='ocrx_word' id='word_1_328' title='bbox 2589 1642 3010 1715; x_wconf 79' lang='lat' dir='ltr'><strong>Vedastumque,</strong></span> <span class='ocrx_word' id='word_1_329' title='bbox 3064 1645 3225 1701; x_wconf 88' lang='lat' dir='ltr'><strong>simul</strong></span> <span class='ocrx_word' id='word_1_330' title='bbox 3271 1647 3463 1701; x_wconf 88' lang='lat' dir='ltr'><strong>meritis</strong></span> <span class='ocrx_word' id='word_1_331' title='bbox 3511 1655 3558 1702; x_wconf 94' lang='lat' dir='ltr'><strong>et</strong></span> <span class='ocrx_word' id='word_1_332' title='bbox 3604 1655 3771 1718; x_wconf 85' lang='lat' dir='ltr'><strong>tempore</strong></span> 
     </span>
    </p>
   </div>
   <div class='ocr_carea' id='block_1_76' title="bbox 3525 1738 3723 1810">
    <p class='ocr_par' dir='ltr' id='par_1_76' title="bbox 3525 1738 3723 1810">
     <span class='ocr_line' id='line_1_79' title="bbox 3525 1738 3723 1810; baseline 0 -18"><span class='ocrx_word' id='word_1_333' title='bbox 3525 1738 3543 1810; x_wconf 93' lang='lat'>[</span> <span class='ocrx_word' id='word_1_334' title='bbox 3549 1739 3723 1809; x_wconf 83' lang='lat' dir='ltr'><strong>junctus.</strong></span> 
     </span>
    </p>
   </div>
   <div class='ocr_carea' id='block_1_77' title="bbox 2664 1827 3771 1895">
    <p class='ocr_par' dir='ltr' id='par_1_77' title="bbox 2664 1827 3771 1895">
     <span class='ocr_line' id='line_1_80' title="bbox 2664 1827 3771 1895; baseline 0.003 -14"><span class='ocrx_word' id='word_1_335' title='bbox 2664 1827 2731 1883; x_wconf 88' lang='lat' dir='ltr'><strong>In</strong></span> <span class='ocrx_word' id='word_1_336' title='bbox 2763 1828 3074 1883; x_wconf 87' lang='lat' dir='ltr'><strong>Nicomedia</strong></span> <span class='ocrx_word' id='word_1_337' title='bbox 3102 1829 3276 1883; x_wconf 89' lang='lat' dir='ltr'><strong>natale</strong></span> <span class='ocrx_word' id='word_1_338' title='bbox 3303 1839 3571 1883; x_wconf 82' lang='lat' dir='ltr'><strong>sanctorum</strong></span> <span class='ocrx_word' id='word_1_339' title='bbox 3602 1829 3771 1895; x_wconf 78' lang='lat' dir='ltr'><strong>aniani,</strong></span> 
     </span>
    </p>
   </div>
   <div class='ocr_carea' id='block_1_78' title="bbox 2727 1915 3774 1990">
    <p class='ocr_par' dir='ltr' id='par_1_78' title="bbox 2727 1915 3774 1990">
     <span class='ocr_line' id='line_1_81' title="bbox 2727 1915 3774 1990; baseline -0.001 -16"><span class='ocrx_word' id='word_1_340' title='bbox 2727 1915 3012 1974; x_wconf 81' lang='lat' dir='ltr'><strong>Marciani.</strong></span> <span class='ocrx_word' id='word_1_341' title='bbox 3081 1918 3375 1975; x_wconf 85' lang='lat' dir='ltr'><strong>Translatio</strong></span> <span class='ocrx_word' id='word_1_342' title='bbox 3433 1922 3627 1990; x_wconf 85' lang='lat' dir='ltr'><strong>corporis</strong></span> <span class='ocrx_word' id='word_1_343' title='bbox 3664 1921 3774 1975; x_wconf 79' lang='lat' dir='ltr'><strong>sancti</strong></span> 
     </span>
    </p>
   </div>
   <div class='ocr_carea' id='block_1_79' title="bbox 2735 2009 2983 2063">
    <p class='ocr_par' dir='ltr' id='par_1_79' title="bbox 2735 2009 2983 2063">
     <span class='ocr_line' id='line_1_82' title="bbox 2735 2009 2983 2063; baseline -0.008 0"><span class='ocrx_word' id='word_1_344' title='bbox 2735 2009 2983 2063; x_wconf 82' lang='lat' dir='ltr'><strong>Amandi.</strong></span> 
     </span>
    </p>
   </div>
   <div class='ocr_carea' id='block_1_80' title="bbox 2486 2099 3776 2172">
    <p class='ocr_par' dir='ltr' id='par_1_80' title="bbox 2486 2099 3776 2172">
     <span class='ocr_line' id='line_1_83' title="bbox 2486 2099 3776 2172; baseline 0.002 -17"><span class='ocrx_word' id='word_1_345' title='bbox 2486 2100 2554 2155; x_wconf 88' lang='grc'><strong>27</strong></span> <span class='ocrx_word' id='word_1_346' title='bbox 2595 2099 2734 2155; x_wconf 84' lang='lat' dir='ltr'><strong>Hinc</strong></span> <span class='ocrx_word' id='word_1_347' title='bbox 2784 2108 2998 2156; x_wconf 80' lang='lat' dir='ltr'><strong>sextum</strong></span> <span class='ocrx_word' id='word_1_348' title='bbox 3027 2110 3238 2172; x_wconf 87' lang='lat' dir='ltr'><strong>martyr</strong></span> <span class='ocrx_word' id='word_1_349' title='bbox 3283 2116 3509 2172; x_wconf 81' lang='lat' dir='ltr'><strong>pugnans</strong></span> <span class='ocrx_word' id='word_1_350' title='bbox 3550 2101 3776 2157; x_wconf 80' lang='lat' dir='ltr'><strong>Vincentius</strong></span> 
     </span>
    </p>
   </div>
   <div class='ocr_carea' id='block_1_81' title="bbox 3570 2194 3729 2265">
    <p class='ocr_par' dir='ltr' id='par_1_81' title="bbox 3570 2194 3729 2265">
     <span class='ocr_line' id='line_1_84' title="bbox 3570 2194 3729 2265; baseline 0 -17"><span class='ocrx_word' id='word_1_351' title='bbox 3570 2194 3704 2265; x_wconf 88' lang='lat' dir='ltr'><strong>[ornat</strong></span> <span class='ocrx_word' id='word_1_352' title='bbox 3720 2214 3729 2248; x_wconf 76' lang='grc' dir='ltr'>ε</span> 
     </span>
    </p>
   </div>
   <div class='ocr_carea' id='block_1_82' title="bbox 2594 2280 3776 2357">
    <p class='ocr_par' dir='ltr' id='par_1_82' title="bbox 2594 2280 3776 2357">
     <span class='ocr_line' id='line_1_85' title="bbox 2594 2280 3776 2357; baseline 0.002 -21"><span class='ocrx_word' id='word_1_353' title='bbox 2594 2280 2866 2339; x_wconf 88' lang='lat' dir='ltr'><strong>Christete</strong></span> <span class='ocrx_word' id='word_1_354' title='bbox 2927 2283 3031 2338; x_wconf 89' lang='lat' dir='ltr'><strong>hoc</strong></span> <span class='ocrx_word' id='word_1_355' title='bbox 3080 2283 3310 2353; x_wconf 89' lang='lat' dir='ltr'><strong>pariter,</strong></span> <span class='ocrx_word' id='word_1_356' title='bbox 3366 2284 3631 2357; x_wconf 86' lang='lat' dir='ltr'><strong>Sabinaque</strong></span> <span class='ocrx_word' id='word_1_357' title='bbox 3679 2284 3776 2353; x_wconf 75' lang='lat' dir='ltr'><strong>virgo</strong></span> 
     </span>
    </p>
   </div>
   <div class='ocr_carea' id='block_1_83' title="bbox 3464 2376 3727 2448">
    <p class='ocr_par' dir='ltr' id='par_1_83' title="bbox 3464 2376 3727 2448">
     <span class='ocr_line' id='line_1_86' title="bbox 3464 2376 3727 2448; baseline -0.011 -17"><span class='ocrx_word' id='word_1_358' title='bbox 3464 2376 3481 2448; x_wconf 81' lang='lat'><strong>[</strong></span> <span class='ocrx_word' id='word_1_359' title='bbox 3487 2377 3727 2447; x_wconf 84' lang='lat' dir='ltr'><strong>triumphat.</strong></span> 
     </span>
    </p>
   </div>
   <div class='ocr_carea' id='block_1_84' title="bbox 2674 2465 3777 2538">
    <p class='ocr_par' dir='ltr' id='par_1_84' title="bbox 2674 2465 3777 2538">
     <span class='ocr_line' id='line_1_87' title="bbox 2674 2465 3777 2538; baseline 0 -19"><span class='ocrx_word' id='word_1_360' title='bbox 2674 2465 2743 2519; x_wconf 86' lang='lat' dir='ltr'><strong>Et</strong></span> <span class='ocrx_word' id='word_1_361' title='bbox 2772 2467 2952 2537; x_wconf 83' lang='lat' dir='ltr'><strong>vigilia</strong></span> <span class='ocrx_word' id='word_1_362' title='bbox 2999 2478 3359 2538; x_wconf 80' lang='lat' dir='ltr'><strong>apostotorum</strong></span> <span class='ocrx_word' id='word_1_363' title='bbox 3383 2468 3584 2525; x_wconf 83' lang='lat' dir='ltr'><strong>Simonis</strong></span> <span class='ocrx_word' id='word_1_364' title='bbox 3604 2480 3640 2523; x_wconf 86' lang='lat' dir='ltr'><strong>et</strong></span> <span class='ocrx_word' id='word_1_365' title='bbox 3659 2467 3777 2521; x_wconf 72' lang='lat' dir='ltr'><strong>lude.</strong></span> 
     </span>
    </p>
   </div>
   <div class='ocr_carea' id='block_1_85' title="bbox 2492 2555 3779 2631">
    <p class='ocr_par' dir='ltr' id='par_1_85' title="bbox 2492 2555 3779 2631">
     <span class='ocr_line' id='line_1_88' title="bbox 2492 2555 3779 2631; baseline 0.002 -21"><span class='ocrx_word' id='word_1_366' title='bbox 2492 2555 2563 2611; x_wconf 88' lang='grc'><strong>28</strong></span> <span class='ocrx_word' id='word_1_367' title='bbox 2600 2556 2839 2612; x_wconf 89' lang='lat' dir='ltr'><strong>Simonis</strong></span> <span class='ocrx_word' id='word_1_368' title='bbox 2864 2567 2919 2613; x_wconf 87' lang='lat' dir='ltr'><strong>et</strong></span> <span class='ocrx_word' id='word_1_369' title='bbox 2945 2556 3097 2614; x_wconf 63' lang='lat' dir='ltr'><strong>Iudae</strong></span> <span class='ocrx_word' id='word_1_370' title='bbox 3123 2562 3395 2631; x_wconf 70' lang='lat' dir='ltr'><strong>praecellet</strong></span> <span class='ocrx_word' id='word_1_371' title='bbox 3417 2563 3607 2631; x_wconf 88' lang='lat' dir='ltr'><strong>quintus</strong></span> <span class='ocrx_word' id='word_1_372' title='bbox 3624 2562 3779 2620; x_wconf 81' lang='lat' dir='ltr'><strong>honore,</strong></span> 
     </span>
    </p>
   </div>
   <div class='ocr_carea' id='block_1_86' title="bbox 2601 2647 3779 2718">
    <p class='ocr_par' dir='ltr' id='par_1_86' title="bbox 2601 2647 3779 2718">
     <span class='ocr_line' id='line_1_89' title="bbox 2601 2647 3779 2718; baseline 0.008 -16"><span class='ocrx_word' id='word_1_373' title='bbox 2601 2647 2749 2715; x_wconf 86' lang='lat' dir='ltr'><strong>Quos</strong></span> <span class='ocrx_word' id='word_1_374' title='bbox 2762 2648 3013 2718; x_wconf 85' lang='lat' dir='ltr'><strong>opulenta</strong></span> <span class='ocrx_word' id='word_1_375' title='bbox 3036 2651 3152 2705; x_wconf 87' lang='lat' dir='ltr'><strong>Deo</strong></span> <span class='ocrx_word' id='word_1_376' title='bbox 3166 2651 3344 2707; x_wconf 87' lang='lat' dir='ltr'><strong>Persis</strong></span> <span class='ocrx_word' id='word_1_377' title='bbox 3359 2652 3576 2706; x_wconf 85' lang='lat' dir='ltr'><strong>mittente</strong></span> <span class='ocrx_word' id='word_1_378' title='bbox 3596 2658 3779 2718; x_wconf 59' lang='lat' dir='ltr'><strong>receptos.</strong></span> 
     </span>
    </p>
   </div>
   <div class='ocr_carea' id='block_1_87' title="bbox 2601 2738 3781 2814">
    <p class='ocr_par' dir='ltr' id='par_1_87' title="bbox 2601 2738 3781 2814">
     <span class='ocr_line' id='line_1_90' title="bbox 2601 2738 3781 2814; baseline 0.001 -22"><span class='ocrx_word' id='word_1_379' title='bbox 2601 2738 2764 2795; x_wconf 88' lang='lat' dir='ltr'><strong>Fidos</strong></span> <span class='ocrx_word' id='word_1_380' title='bbox 2793 2742 3054 2811; x_wconf 87' lang='lat' dir='ltr'><strong>martyrio</strong></span> <span class='ocrx_word' id='word_1_381' title='bbox 3083 2752 3137 2797; x_wconf 89' lang='lat' dir='ltr'><strong>et</strong></span> <span class='ocrx_word' id='word_1_382' title='bbox 3165 2745 3332 2814; x_wconf 89' lang='lat' dir='ltr'><strong>signis</strong></span> <span class='ocrx_word' id='word_1_383' title='bbox 3353 2744 3587 2799; x_wconf 89' lang='lat' dir='ltr'><strong>tumulare</strong></span> <span class='ocrx_word' id='word_1_384' title='bbox 3604 2751 3781 2813; x_wconf 81' lang='lat' dir='ltr'><strong>patronos</strong></span> 
     </span>
    </p>
   </div>
   <div class='ocr_carea' id='block_1_88' title="bbox 2600 2831 3780 2895">
    <p class='ocr_par' dir='ltr' id='par_1_88' title="bbox 2600 2831 3780 2895">
     <span class='ocr_line' id='line_1_91' title="bbox 2600 2831 3780 2895; baseline -0.002 -10"><span class='ocrx_word' id='word_1_385' title='bbox 2600 2831 2926 2895; x_wconf 87' lang='lat' dir='ltr'><strong>Promeruit,</strong></span> <span class='ocrx_word' id='word_1_386' title='bbox 2960 2832 3085 2887; x_wconf 80' lang='lat' dir='ltr'><strong>fidei</strong></span> <span class='ocrx_word' id='word_1_387' title='bbox 3130 2834 3332 2889; x_wconf 79' lang='lat' dir='ltr'><strong>cultrix</strong></span> <span class='ocrx_word' id='word_1_388' title='bbox 3359 2836 3402 2889; x_wconf 91' lang='lat' dir='ltr'><strong>si</strong></span> <span class='ocrx_word' id='word_1_389' title='bbox 3444 2834 3608 2889; x_wconf 89' lang='lat' dir='ltr'><strong>deinde</strong></span> <span class='ocrx_word' id='word_1_390' title='bbox 3641 2831 3780 2885; x_wconf 80' lang='lat' dir='ltr'><strong>fuisset.</strong></span> 
     </span>
    </p>
   </div>
   <div class='ocr_carea' id='block_1_89' title="bbox 2601 2922 3780 2997">
    <p class='ocr_par' dir='ltr' id='par_1_89' title="bbox 2601 2922 3780 2997">
     <span class='ocr_line' id='line_1_92' title="bbox 2601 2922 3780 2997; baseline -0.002 -20"><span class='ocrx_word' id='word_1_391' title='bbox 2601 2922 2816 2978; x_wconf 73' lang='lat' dir='ltr'><strong>Cmsare</strong></span> <span class='ocrx_word' id='word_1_392' title='bbox 2842 2932 2966 2978; x_wconf 87' lang='lat' dir='ltr'><strong>nata</strong></span> <span class='ocrx_word' id='word_1_393' title='bbox 2993 2926 3162 2980; x_wconf 88' lang='lat' dir='ltr'><strong>micat.</strong></span> <span class='ocrx_word' id='word_1_394' title='bbox 3183 2927 3342 2982; x_wconf 89' lang='lat' dir='ltr'><strong>Decio</strong></span> <span class='ocrx_word' id='word_1_395' title='bbox 3364 2927 3445 2982; x_wconf 87' lang='lat' dir='ltr'><strong>hic</strong></span> <span class='ocrx_word' id='word_1_396' title='bbox 3472 2924 3780 2997; x_wconf 83' lang='lat' dir='ltr'><strong>Cyrilla,beatis</strong></span> 
     </span>
    </p>
   </div>
   <div class='ocr_carea' id='block_1_90' title="bbox 2604 3010 3784 3083">
    <p class='ocr_par' dir='ltr' id='par_1_90' title="bbox 2604 3010 3784 3083">
     <span class='ocr_line' id='line_1_93' title="bbox 2604 3010 3784 3083; baseline -0.002 -18"><span class='ocrx_word' id='word_1_397' title='bbox 2604 3011 2769 3083; x_wconf 81' lang='lat' dir='ltr'><strong>Virgo</strong></span> <span class='ocrx_word' id='word_1_398' title='bbox 2823 3013 3040 3080; x_wconf 90' lang='lat' dir='ltr'><strong>animis,</strong></span> <span class='ocrx_word' id='word_1_399' title='bbox 3088 3023 3147 3069; x_wconf 90' lang='lat' dir='ltr'><strong>et</strong></span> <span class='ocrx_word' id='word_1_400' title='bbox 3193 3016 3279 3070; x_wconf 90' lang='lat' dir='ltr'><strong>cui</strong></span> <span class='ocrx_word' id='word_1_401' title='bbox 3306 3015 3487 3070; x_wconf 89' lang='lat' dir='ltr'><strong>Decius</strong></span> <span class='ocrx_word' id='word_1_402' title='bbox 3515 3014 3633 3070; x_wconf 88' lang='lat' dir='ltr'><strong>haud</strong></span> <span class='ocrx_word' id='word_1_403' title='bbox 3669 3010 3784 3066; x_wconf 84' lang='lat' dir='ltr'><strong>editor</strong></span> 
     </span>
    </p>
   </div>
   <div class='ocr_carea' id='block_1_91' title="bbox 3609 3104 3741 3176">
    <p class='ocr_par' dir='ltr' id='par_1_91' title="bbox 3609 3104 3741 3176">
     <span class='ocr_line' id='line_1_94' title="bbox 3609 3104 3741 3176; baseline 0 -20"><span class='ocrx_word' id='word_1_404' title='bbox 3609 3104 3741 3176; x_wconf 75' lang='lat' dir='ltr'><strong>[esset</strong></span> 
     </span>
    </p>
   </div>
   <div class='ocr_carea' id='block_1_92' title="bbox 2612 3194 3783 3269">
    <p class='ocr_par' dir='ltr' id='par_1_92' title="bbox 2612 3194 3783 3269">
     <span class='ocr_line' id='line_1_95' title="bbox 2612 3194 3783 3269; baseline -0.004 -18"><span class='ocrx_word' id='word_1_405' title='bbox 2612 3195 2713 3252; x_wconf 83' lang='lat' dir='ltr'><strong>Hic</strong></span> <span class='ocrx_word' id='word_1_406' title='bbox 2730 3197 2895 3251; x_wconf 89' lang='lat' dir='ltr'><strong>etiam</strong></span> <span class='ocrx_word' id='word_1_407' title='bbox 2921 3197 3187 3255; x_wconf 58' lang='lat' dir='ltr'><strong>Matronae</strong></span> <span class='ocrx_word' id='word_1_408' title='bbox 3208 3199 3395 3256; x_wconf 90' lang='lat' dir='ltr'><strong>colitur</strong></span> <span class='ocrx_word' id='word_1_409' title='bbox 3414 3215 3500 3269; x_wconf 89' lang='lat' dir='ltr'><strong>per</strong></span> <span class='ocrx_word' id='word_1_410' title='bbox 3520 3200 3665 3253; x_wconf 87' lang='lat' dir='ltr'><strong>littora</strong></span> <span class='ocrx_word' id='word_1_411' title='bbox 3681 3194 3783 3250; x_wconf 77' lang='lat' dir='ltr'><strong>Fato.</strong></span> 
     </span>
    </p>
   </div>
   <div class='ocr_carea' id='block_1_93' title="bbox 2503 3285 3787 3360">
    <p class='ocr_par' dir='ltr' id='par_1_93' title="bbox 2503 3285 3787 3360">
     <span class='ocr_line' id='line_1_96' title="bbox 2503 3285 3787 3360; baseline -0.003 -19"><span class='ocrx_word' id='word_1_412' title='bbox 2503 3286 2573 3343; x_wconf 87' lang='grc'><strong>29</strong></span> <span class='ocrx_word' id='word_1_413' title='bbox 2611 3287 2902 3358; x_wconf 87' lang='lat' dir='ltr'><strong>Presbyter</strong></span> <span class='ocrx_word' id='word_1_414' title='bbox 2928 3288 3056 3344; x_wconf 91' lang='lat' dir='ltr'><strong>hinc</strong></span> <span class='ocrx_word' id='word_1_415' title='bbox 3078 3290 3325 3347; x_wconf 89' lang='lat' dir='ltr'><strong>retinens</strong></span> <span class='ocrx_word' id='word_1_416' title='bbox 3348 3300 3575 3360; x_wconf 86' lang='lat' dir='ltr'><strong>quartum</strong></span> <span class='ocrx_word' id='word_1_417' title='bbox 3600 3285 3787 3343; x_wconf 81' lang='lat' dir='ltr'><strong>Zenobius</strong></span> 
     </span>
    </p>
   </div>
   <div class='ocr_carea' id='block_1_94' title="bbox 3596 3378 3743 3452">
    <p class='ocr_par' dir='ltr' id='par_1_94' title="bbox 3596 3378 3743 3452">
     <span class='ocr_line' id='line_1_97' title="bbox 3596 3378 3743 3452; baseline -0.02 -19"><span class='ocrx_word' id='word_1_418' title='bbox 3596 3378 3743 3452; x_wconf 66' lang='lat' dir='ltr'><strong>[ornat</strong></span> 
     </span>
    </p>
   </div>
   <div class='ocr_carea' id='block_1_95' title="bbox 2677 3460 3791 3539">
    <p class='ocr_par' dir='ltr' id='par_1_95' title="bbox 2677 3460 3791 3539">
     <span class='ocr_line' id='line_1_98' title="bbox 2677 3460 3791 3539; baseline -0.007 -15"><span class='ocrx_word' id='word_1_419' title='bbox 2677 3469 2747 3524; x_wconf 85' lang='lat' dir='ltr'><strong>In</strong></span> <span class='ocrx_word' id='word_1_420' title='bbox 2772 3469 3032 3536; x_wconf 87' lang='lat' dir='ltr'><strong>Luciana,</strong></span> <span class='ocrx_word' id='word_1_421' title='bbox 3063 3471 3244 3527; x_wconf 89' lang='lat' dir='ltr'><strong>natale</strong></span> <span class='ocrx_word' id='word_1_422' title='bbox 3267 3473 3426 3527; x_wconf 86' lang='lat' dir='ltr'><strong>sancti</strong></span> <span class='ocrx_word' id='word_1_423' title='bbox 3456 3467 3657 3539; x_wconf 79' lang='lat' dir='ltr'><strong>Quintim&#39;</strong></span> <span class='ocrx_word' id='word_1_424' title='bbox 3676 3460 3791 3520; x_wconf 65' lang='lat' dir='ltr'><strong>etFr</strong></span> 
     </span>
    </p>
   </div>
   <div class='ocr_carea' id='block_1_96' title="bbox 2746 3561 2945 3617">
    <p class='ocr_par' dir='ltr' id='par_1_96' title="bbox 2746 3561 2945 3617">
     <span class='ocr_line' id='line_1_99' title="bbox 2746 3561 2945 3617; baseline 0.015 -3"><span class='ocrx_word' id='word_1_425' title='bbox 2746 3561 2945 3617; x_wconf 85' lang='lat' dir='ltr'><strong>liciani.</strong></span> 
     </span>
    </p>
   </div>
   <div class='ocr_carea' id='block_1_97' title="bbox 2499 3650 3747 3727">
    <p class='ocr_par' dir='ltr' id='par_1_97' title="bbox 2499 3650 3747 3727">
     <span class='ocr_line' id='line_1_100' title="bbox 2499 3650 3747 3727; baseline -0.001 -21"><span class='ocrx_word' id='word_1_426' title='bbox 2499 3650 2570 3707; x_wconf 78' lang='grc'><strong>50</strong></span> <span class='ocrx_word' id='word_1_427' title='bbox 2608 3651 2786 3707; x_wconf 88' lang='lat' dir='ltr'><strong>Temo</strong></span> <span class='ocrx_word' id='word_1_428' title='bbox 2812 3653 3099 3710; x_wconf 84' lang='lat' dir='ltr'><strong>Marcellus</strong></span> <span class='ocrx_word' id='word_1_429' title='bbox 3121 3655 3328 3713; x_wconf 89' lang='lat' dir='ltr'><strong>Christi</strong></span> <span class='ocrx_word' id='word_1_430' title='bbox 3351 3656 3572 3727; x_wconf 87' lang='lat' dir='ltr'><strong>galeatus</strong></span> <span class='ocrx_word' id='word_1_431' title='bbox 3595 3663 3747 3713; x_wconf 84' lang='lat' dir='ltr'><strong>amore,</strong></span> 
     </span>
    </p>
   </div>
   <div class='ocr_carea' id='block_1_98' title="bbox 2608 3743 3791 3822">
    <p class='ocr_par' dir='ltr' id='par_1_98' title="bbox 2608 3743 3791 3822">
     <span class='ocr_line' id='line_1_101' title="bbox 2608 3743 3791 3822; baseline -0.004 -23"><span class='ocrx_word' id='word_1_432' title='bbox 2608 3743 2922 3801; x_wconf 88' lang='lat' dir='ltr'><strong>Centuriam</strong></span> <span class='ocrx_word' id='word_1_433' title='bbox 2953 3747 3089 3803; x_wconf 62' lang='lat' dir='ltr'><strong>coelo</strong></span> <span class='ocrx_word' id='word_1_434' title='bbox 3129 3748 3350 3822; x_wconf 88' lang='lat' dir='ltr'><strong>dignam</strong></span> <span class='ocrx_word' id='word_1_435' title='bbox 3378 3747 3655 3819; x_wconf 87' lang='lat' dir='ltr'><strong>geminaque</strong></span> <span class='ocrx_word' id='word_1_436' title='bbox 3676 3752 3791 3796; x_wconf 77' lang='lat' dir='ltr'><strong>sacra-</strong></span> 
     </span>
    </p>
   </div>
   <div class='ocr_carea' id='block_1_99' title="bbox 3654 3832 3749 3906">
    <p class='ocr_par' dir='ltr' id='par_1_99' title="bbox 3654 3832 3749 3906">
     <span class='ocr_line' id='line_1_102' title="bbox 3654 3832 3749 3906; baseline -0.011 -20"><span class='ocrx_word' id='word_1_437' title='bbox 3654 3832 3749 3906; x_wconf 80' lang='lat' dir='ltr'><strong>[vit,</strong></span> 
     </span>
    </p>
   </div>
   <div class='ocr_carea' id='block_1_100' title="bbox 2608 3920 3793 4000">
    <p class='ocr_par' dir='ltr' id='par_1_100' title="bbox 2608 3920 3793 4000">
     <span class='ocr_line' id='line_1_103' title="bbox 2608 3920 3793 4000; baseline -0.006 -18"><span class='ocrx_word' id='word_1_438' title='bbox 2608 3926 2935 4000; x_wconf 82' lang='lat' dir='ltr'><strong>Martyribus</strong></span> <span class='ocrx_word' id='word_1_439' title='bbox 2976 3928 3061 3985; x_wconf 85' lang='lat' dir='ltr'><strong>bis</strong></span> <span class='ocrx_word' id='word_1_440' title='bbox 3104 3939 3326 3986; x_wconf 88' lang='lat' dir='ltr'><strong>centum</strong></span> <span class='ocrx_word' id='word_1_441' title='bbox 3354 3938 3406 3986; x_wconf 90' lang='lat' dir='ltr'><strong>et</strong></span> <span class='ocrx_word' id='word_1_442' title='bbox 3431 3930 3507 3987; x_wconf 90' lang='lat' dir='ltr'><strong>bis</strong></span> <span class='ocrx_word' id='word_1_443' title='bbox 3539 3927 3663 3983; x_wconf 86' lang='lat' dir='ltr'><strong>denis</strong></span> <span class='ocrx_word' id='word_1_444' title='bbox 3684 3920 3793 3978; x_wconf 84' lang='lat' dir='ltr'><strong>comi-</strong></span> 
     </span>
    </p>
   </div>
   <div class='ocr_carea' id='block_1_101' title="bbox 3616 4018 3750 4093">
    <p class='ocr_par' dir='ltr' id='par_1_101' title="bbox 3616 4018 3750 4093">
     <span class='ocr_line' id='line_1_104' title="bbox 3616 4018 3750 4093; baseline -0.037 -21"><span class='ocrx_word' id='word_1_445' title='bbox 3616 4018 3750 4093; x_wconf 69' lang='lat' dir='ltr'><strong>[tatus</strong></span> 
     </span>
    </p>
   </div>
   <div class='ocr_carea' id='block_1_102' title="bbox 2683 4102 3893 4185">
    <p class='ocr_par' dir='ltr' id='par_1_102' title="bbox 2683 4102 3893 4185">
     <span class='ocr_line' id='line_1_105' title="bbox 2683 4102 3893 4185; baseline -0.008 -20"><span class='ocrx_word' id='word_1_446' title='bbox 2683 4110 2751 4165; x_wconf 86' lang='lat' dir='ltr'><strong>Et</strong></span> <span class='ocrx_word' id='word_1_447' title='bbox 2773 4112 3050 4167; x_wconf 87' lang='lat' dir='ltr'><strong>translatio</strong></span> <span class='ocrx_word' id='word_1_448' title='bbox 3118 4115 3352 4185; x_wconf 84' lang='lat' dir='ltr'><strong>corporis</strong></span> <span class='ocrx_word' id='word_1_449' title='bbox 3406 4113 3558 4168; x_wconf 89' lang='lat' dir='ltr'><strong>sancti</strong></span> <span class='ocrx_word' id='word_1_450' title='bbox 3602 4102 3796 4163; x_wconf 67' lang='lat' dir='ltr'><strong>Saturnini</strong></span> <span class='ocrx_word' id='word_1_451' title='bbox 3892 4116 3893 4151; x_wconf 43' lang='grc' dir='ltr'>γ</span> 
     </span>
    </p>
   </div>
   <div class='ocr_carea' id='block_1_103' title="bbox 2751 4204 2997 4275">
    <p class='ocr_par' dir='ltr' id='par_1_103' title="bbox 2751 4204 2997 4275">
     <span class='ocr_line' id='line_1_106' title="bbox 2751 4204 2997 4275; baseline 0.008 -19"><span class='ocrx_word' id='word_1_452' title='bbox 2751 4204 2997 4275; x_wconf 85' lang='lat' dir='ltr'><strong>episcopi.</strong></span> 
     </span>
    </p>
   </div>
   <div class='ocr_carea' id='block_1_104' title="bbox 2504 4288 3893 4365">
    <p class='ocr_par' dir='ltr' id='par_1_104' title="bbox 2504 4288 3893 4365">
     <span class='ocr_line' id='line_1_107' title="bbox 2504 4288 3893 4365; baseline -0.008 -8"><span class='ocrx_word' id='word_1_453' title='bbox 2504 4290 2567 4347; x_wconf 69' lang='grc'><strong>31</strong></span> <span class='ocrx_word' id='word_1_454' title='bbox 2613 4289 2931 4357; x_wconf 82' lang='lat' dir='ltr'><strong>Quintinum</strong></span> <span class='ocrx_word' id='word_1_455' title='bbox 2956 4294 3132 4364; x_wconf 87' lang='lat' dir='ltr'><strong>pridie</strong></span> <span class='ocrx_word' id='word_1_456' title='bbox 3160 4297 3434 4353; x_wconf 85' lang='lat' dir='ltr'><strong>celebrant</strong></span> <span class='ocrx_word' id='word_1_457' title='bbox 3459 4310 3545 4352; x_wconf 83' lang='lat' dir='ltr'><strong>sua</strong></span> <span class='ocrx_word' id='word_1_458' title='bbox 3570 4298 3689 4365; x_wconf 84' lang='lat' dir='ltr'><strong>gesta</strong></span> <span class='ocrx_word' id='word_1_459' title='bbox 3715 4288 3797 4341; x_wconf 64' lang='lat' dir='ltr'><strong>bea-</strong></span> <span class='ocrx_word' id='word_1_460' title='bbox 3892 4298 3893 4319; x_wconf 82' lang='lat'>‘</span> 
     </span>
    </p>
   </div>
   <div class='ocr_carea' id='block_1_105' title="bbox 3626 4381 3750 4455">
    <p class='ocr_par' dir='ltr' id='par_1_105' title="bbox 3626 4381 3750 4455">
     <span class='ocr_line' id='line_1_108' title="bbox 3626 4381 3750 4455; baseline 0.032 -19"><span class='ocrx_word' id='word_1_461' title='bbox 3626 4381 3750 4455; x_wconf 66' lang='lat' dir='ltr'><strong>[tumi</strong></span> 
     </span>
    </p>
   </div>
   <div class='ocr_carea' id='block_1_106' title="bbox 2616 4468 3893 4545">
    <p class='ocr_par' dir='ltr' id='par_1_106' title="bbox 2616 4468 3893 4545">
     <span class='ocr_line' id='line_1_109' title="bbox 2616 4468 3893 4545; baseline 0.003 -19"><span class='ocrx_word' id='word_1_462' title='bbox 2616 4471 2718 4539; x_wconf 79' lang='lat' dir='ltr'><strong>Qui</strong></span> <span class='ocrx_word' id='word_1_463' title='bbox 2742 4471 2939 4545; x_wconf 89' lang='lat' dir='ltr'><strong>insigni</strong></span> <span class='ocrx_word' id='word_1_464' title='bbox 2958 4483 3015 4532; x_wconf 90' lang='lat' dir='ltr'><strong>et</strong></span> <span class='ocrx_word' id='word_1_465' title='bbox 3035 4476 3193 4535; x_wconf 87' lang='lat' dir='ltr'><strong>vario</strong></span> <span class='ocrx_word' id='word_1_466' title='bbox 3220 4479 3291 4536; x_wconf 92' lang='lat' dir='ltr'><strong>ob</strong></span> <span class='ocrx_word' id='word_1_467' title='bbox 3316 4478 3571 4535; x_wconf 88' lang='lat' dir='ltr'><strong>Christum</strong></span> <span class='ocrx_word' id='word_1_468' title='bbox 3588 4468 3798 4531; x_wconf 63' lang='lat' dir='ltr'><strong>certamine</strong></span> <span class='ocrx_word' id='word_1_469' title='bbox 3892 4540 3893 4543; x_wconf 23' lang='grc' dir='ltr'><strong>η</strong></span> 
     </span>
    </p>
   </div>
   <div class='ocr_carea' id='block_1_107' title="bbox 3058 4561 3753 4618">
    <p class='ocr_par' dir='ltr' id='par_1_107' title="bbox 3058 4561 3753 4618">
     <span class='ocr_line' id='line_1_110' title="bbox 3058 4561 3753 4618; baseline 0.001 -1"><span class='ocrx_word' id='word_1_470' title='bbox 3058 4606 3063 4611; x_wconf 83' lang='grc'><strong>.</strong></span> <span class='ocrx_word' id='word_1_471' title='bbox 3593 4561 3753 4618; x_wconf 70' lang='grc' dir='ltr'><strong>[νὶειοτι</strong></span> 
     </span>
    </p>
   </div>
   <div class='ocr_carea' id='block_1_108' title="bbox 2608 4561 3799 4730">
    <p class='ocr_par' dir='ltr' id='par_1_108' title="bbox 2608 4561 3799 4730">
     <span class='ocr_line' id='line_1_111' title="bbox 3058 4561 3753 4618; baseline 0.004 -3"><span class='ocrx_word' id='word_1_472' title='bbox 3058 4606 3063 4611; x_wconf 85' lang='grc'><strong>.</strong></span> <span class='ocrx_word' id='word_1_473' title='bbox 3612 4561 3753 4618; x_wconf 67' lang='lat' dir='ltr'><strong>victor.</strong></span> 
     </span>
     <span class='ocr_line' id='line_1_112' title="bbox 2608 4561 3799 4730; baseline -0.006 -21"><span class='ocrx_word' id='word_1_474' title='bbox 2608 4653 2937 4711; x_wconf 88' lang='lat' dir='ltr'><strong>Octimbrem</strong></span> <span class='ocrx_word' id='word_1_475' title='bbox 2967 4656 3153 4712; x_wconf 88' lang='lat' dir='ltr'><strong>clauso</strong></span> <span class='ocrx_word' id='word_1_476' title='bbox 3181 4658 3452 4730; x_wconf 87' lang='lat' dir='ltr'><strong>componit</strong></span> <span class='ocrx_word' id='word_1_477' title='bbox 3488 4657 3539 4712; x_wconf 89' lang='lat' dir='ltr'><strong>in</strong></span> <span class='ocrx_word' id='word_1_478' title='bbox 3565 4561 3670 4709; x_wconf 69' lang='lat' dir='ltr'><strong>oibe</strong></span> <span class='ocrx_word' id='word_1_479' title='bbox 3692 4659 3799 4702; x_wconf 84' lang='lat' dir='ltr'><strong>ruen-</strong></span> 
     </span>
    </p>
   </div>
   <div class='ocr_carea' id='block_1_109' title="bbox 3644 4739 3753 4814">
    <p class='ocr_par' dir='ltr' id='par_1_109' title="bbox 3644 4739 3753 4814">
     <span class='ocr_line' id='line_1_113' title="bbox 3644 4739 3753 4814; baseline -0.055 -21"><span class='ocrx_word' id='word_1_480' title='bbox 3644 4739 3753 4814; x_wconf 85' lang='lat' dir='ltr'><strong>[tem.</strong></span> 
     </span>
    </p>
   </div>
   <div class='ocr_carea' id='block_1_110' title="bbox 2712 4834 3527 4913">
    <p class='ocr_par' dir='ltr' id='par_1_110' title="bbox 2712 4834 3527 4913">
     <span class='ocr_line' id='line_1_114' title="bbox 2712 4834 3527 4913; baseline 0.007 -25"><span class='ocrx_word' id='word_1_481' title='bbox 2712 4834 2780 4888; x_wconf 87' lang='lat' dir='ltr'><strong>Et</strong></span> <span class='ocrx_word' id='word_1_482' title='bbox 2804 4838 2972 4892; x_wconf 87' lang='lat' dir='ltr'><strong>sancti</strong></span> <span class='ocrx_word' id='word_1_483' title='bbox 2998 4836 3253 4895; x_wconf 86' lang='lat' dir='ltr'><strong>Foilnani</strong></span> <span class='ocrx_word' id='word_1_484' title='bbox 3271 4841 3527 4913; x_wconf 80' lang='lat' dir='ltr'><strong>martyris.</strong></span> 
     </span>
    </p>
   </div>
   <div class='ocr_carea' id='block_1_111' title="bbox 2917 4948 3313 5006">
    <p class='ocr_par' dir='ltr' id='par_1_111' title="bbox 2917 4948 3313 5006">
     <span class='ocr_line' id='line_1_115' title="bbox 2917 4948 3313 5006; baseline 0.008 -3"><span class='ocrx_word' id='word_1_485' title='bbox 2917 4948 3313 5006; x_wconf 79' lang='lat' dir='ltr'><strong>NOVEMBER.</strong></span> 
     </span>
    </p>
   </div>
   <div class='ocr_carea' id='block_1_112' title="bbox 2613 5058 3802 5138">
    <p class='ocr_par' dir='ltr' id='par_1_112' title="bbox 2613 5058 3802 5138">
     <span class='ocr_line' id='line_1_116' title="bbox 2613 5058 3802 5138; baseline -0.006 -23"><span class='ocrx_word' id='word_1_486' title='bbox 2613 5059 2766 5116; x_wconf 91' lang='lat' dir='ltr'><strong>Nunc</strong></span> <span class='ocrx_word' id='word_1_487' title='bbox 2809 5076 3024 5133; x_wconf 88' lang='lat' dir='ltr'><strong>quoque</strong></span> <span class='ocrx_word' id='word_1_488' title='bbox 3052 5066 3177 5136; x_wconf 91' lang='lat' dir='ltr'><strong>quis</strong></span> <span class='ocrx_word' id='word_1_489' title='bbox 3202 5066 3360 5135; x_wconf 85' lang='lat' dir='ltr'><strong>longa</strong></span> <span class='ocrx_word' id='word_1_490' title='bbox 3386 5066 3555 5138; x_wconf 88' lang='lat' dir='ltr'><strong>vigilet</strong></span> <span class='ocrx_word' id='word_1_491' title='bbox 3598 5061 3676 5117; x_wconf 86' lang='lat' dir='ltr'><strong>sub</strong></span> <span class='ocrx_word' id='word_1_492' title='bbox 3698 5058 3802 5111; x_wconf 78' lang='lat' dir='ltr'><strong>nocte</strong></span> 
     </span>
    </p>
   </div>
   <div class='ocr_carea' id='block_1_113' title="bbox 3481 5149 3757 5228">
    <p class='ocr_par' dir='ltr' id='par_1_113' title="bbox 3481 5149 3757 5228">
     <span class='ocr_line' id='line_1_117' title="bbox 3481 5149 3757 5228; baseline -0.004 -19"><span class='ocrx_word' id='word_1_493' title='bbox 3481 5149 3757 5228; x_wconf 70' lang='lat' dir='ltr'><strong>[Novembeb</strong></span> 
     </span>
    </p>
   </div>
   <div class='ocr_carea' id='block_1_114' title="bbox 2619 5234 3803 5319">
    <p class='ocr_par' dir='ltr' id='par_1_114' title="bbox 2619 5234 3803 5319">
     <span class='ocr_line' id='line_1_118' title="bbox 2619 5234 3803 5319; baseline -0.006 -23"><span class='ocrx_word' id='word_1_494' title='bbox 2619 5240 2765 5307; x_wconf 87' lang='lat' dir='ltr'><strong>Quos</strong></span> <span class='ocrx_word' id='word_1_495' title='bbox 2813 5243 3047 5314; x_wconf 88' lang='lat' dir='ltr'><strong>igilando</strong></span> <span class='ocrx_word' id='word_1_496' title='bbox 3098 5254 3257 5302; x_wconf 88' lang='lat' dir='ltr'><strong>canat</strong></span> <span class='ocrx_word' id='word_1_497' title='bbox 3305 5260 3593 5319; x_wconf 90' lang='lat' dir='ltr'><strong>promemus</strong></span> <span class='ocrx_word' id='word_1_498' title='bbox 3637 5234 3803 5296; x_wconf 81' lang='lat' dir='ltr'><strong>carmine</strong></span> 
     </span>
    </p>
   </div>
   <div class='ocr_carea' id='block_1_115' title="bbox 3561 5335 3757 5409">
    <p class='ocr_par' dir='ltr' id='par_1_115' title="bbox 3561 5335 3757 5409">
     <span class='ocr_line' id='line_1_119' title="bbox 3561 5335 3757 5409; baseline -0.046 -20"><span class='ocrx_word' id='word_1_499' title='bbox 3561 5335 3757 5409; x_wconf 72' lang='lat' dir='ltr'><strong>[sanctos</strong></span> 
     </span>
    </p>
   </div>
   <div class='ocr_carea' id='block_1_116' title="bbox 2394 5422 3801 5500">
    <p class='ocr_par' dir='ltr' id='par_1_116' title="bbox 2394 5422 3801 5500">
     <span class='ocr_line' id='line_1_120' title="bbox 2394 5422 3801 5500; baseline -0.004 -21"><span class='ocrx_word' id='word_1_500' title='bbox 2394 5422 2518 5479; x_wconf 88' lang='lat' dir='ltr'><strong>Dies</strong></span> <span class='ocrx_word' id='word_1_501' title='bbox 2559 5424 2583 5478; x_wconf 87' lang='grc'><strong>1</strong></span> <span class='ocrx_word' id='word_1_502' title='bbox 2623 5423 2886 5481; x_wconf 59' lang='lat' dir='ltr'><strong>Caesarius</strong></span> <span class='ocrx_word' id='word_1_503' title='bbox 2940 5427 3111 5497; x_wconf 90' lang='lat' dir='ltr'><strong>prima</strong></span> <span class='ocrx_word' id='word_1_504' title='bbox 3162 5428 3407 5500; x_wconf 90' lang='lat' dir='ltr'><strong>designat</strong></span> <span class='ocrx_word' id='word_1_505' title='bbox 3449 5429 3606 5484; x_wconf 85' lang='lat' dir='ltr'><strong>fronte</strong></span> <span class='ocrx_word' id='word_1_506' title='bbox 3644 5422 3801 5477; x_wconf 61' lang='lat' dir='ltr'><strong>Novem&#39;</strong></span> 
     </span>
    </p>
   </div>
   <div class='ocr_carea' id='block_1_117' title="bbox 3613 5513 3759 5585">
    <p class='ocr_par' dir='ltr' id='par_1_117' title="bbox 3613 5513 3759 5585">
     <span class='ocr_line' id='line_1_121' title="bbox 3613 5513 3759 5585; baseline -0.034 -18"><span class='ocrx_word' id='word_1_507' title='bbox 3613 5513 3759 5585; x_wconf 69' lang='lat' dir='ltr'><strong>[brum</strong></span> 
     </span>
    </p>
   </div>
   <div class='ocr_carea' id='block_1_118' title="bbox 2399 5708 3807 5784">
    <p class='ocr_par' dir='ltr' id='par_1_118' title="bbox 2399 5708 3807 5784">
     <span class='ocr_line' id='line_1_122' title="bbox 2399 5708 3807 5784; baseline -0.001 -21"><span class='ocrx_word' id='word_1_508' title='bbox 2399 5710 2428 5749; x_wconf 68' lang='grc' dir='ltr'>δ</span> <span class='ocrx_word' id='word_1_509' title='bbox 2471 5709 2877 5784; x_wconf 54' lang='lat' dir='ltr'><strong>Hominumque.</strong></span> <span class='ocrx_word' id='word_1_510' title='bbox 2922 5712 3076 5770; x_wconf 82' lang='lat' dir='ltr'><strong>Hunc</strong></span> <span class='ocrx_word' id='word_1_511' title='bbox 3119 5731 3336 5773; x_wconf 85' lang='lat' dir='ltr'><strong>versum</strong></span> <span class='ocrx_word' id='word_1_512' title='bbox 3360 5711 3673 5784; x_wconf 87' lang='lat' dir='ltr'><strong>ascripsimus</strong></span> <span class='ocrx_word' id='word_1_513' title='bbox 3698 5717 3721 5758; x_wconf 86' lang='lat' dir='ltr'><strong>e</strong></span> <span class='ocrx_word' id='word_1_514' title='bbox 3750 5708 3807 5752; x_wconf 79' lang='grc' dir='ltr'><strong>ω·</strong></span> 
     </span>
    </p>
   </div>
   <div class='ocr_carea' id='block_1_119' title="bbox 2332 5780 2676 5851">
    <p class='ocr_par' dir='ltr' id='par_1_119' title="bbox 2332 5780 2676 5851">
     <span class='ocr_line' id='line_1_123' title="bbox 2332 5780 2676 5851; baseline 0 -15"><span class='ocrx_word' id='word_1_515' title='bbox 2332 5780 2451 5836; x_wconf 83' lang='lat' dir='ltr'><strong>dice</strong></span> <span class='ocrx_word' id='word_1_516' title='bbox 2491 5781 2676 5851; x_wconf 76' lang='lat' dir='ltr'><strong>Regio.</strong></span> 
     </span>
    </p>
   </div>
  </div>
