4000 6352
194 312 307 367 617

1551 615 1680 656 cens
1696 639 1712 662 ν

1525 599 1712 672 [cens,

487 697 610 757 Uno
631 711 822 769 omnes
835 705 1053 753 sanctos
1078 695 1361 751 celebrans
1387 692 1663 765 conjungit
1689 692 1789 746 ho-

1559 798 1712 849 nore,

1559 798 1712 849 nore,

487 880 660 954 Regia
690 894 829 952 quos
871 878 994 935 ρωιὶ
1028 877 1235 950 pariter
1285 783 1590 946 retinetqtfie
1620 874 1794 930 fovet-

1631 984 1720 1023 ue.

1570 968 1720 1042 [que.

485 1066 736 1136 Quartis,
758 1063 1070 1132 Victorine,
1111 1079 1268 1121 sacer
1307 1073 1628 1136 martyrque
1665 1063 1797 1118 bea-

1570 1173 1644 1213 I‘IS
1672 1169 1722 1210 ⁸.

1599 1158 1610 1169 .
1672 1169 1722 1210 ﬂ

186 1250 329 1308 Dies
399 1251 436 1308 2
473 1249 687 1307 Nonis:
720 1247 808 1305 his
834 1249 1000 1305 etiam
1036 1247 1246 1320 fulgent
1278 1248 1527 1305 Julianus
1542 1157 1798 1318 Erﬁisque
1880 1225 1888 1231 ’

1429 1339 1728 1412 [Benignus

484 1433 800 1508 Presbyteri
863 1433 1074 1505 fulgent
1137 1432 1340 1489 virtute
1413 1439 1470 1488 et
1533 1429 1800 1502 sanguine

1546 1523 1726 1598 [clari.

1526 298 2152 359 MARTYROLOGIUM.
2221 303 2225 306 ’

1820 420 1866 479 Α
1898 414 2025 471 Dies
2075 416 2135 470 ll
2184 414 2369 472 Menas
2397 423 2619 472 sanctas
2643 422 2770 470 ovat
2790 413 2959 470 ternis
2980 387 3181 473 virtute
3207 415 3440 489 ﬁdeque.

482 424 696 482 Eximio
724 421 881 493 cujus
907 420 1118 476 lmtalur
1149 421 1318 474 Roma
1351 419 1647 490 triumpho.

487 515 689 572 Mensis
715 523 771 569 et
808 514 897 568 hic
925 512 1162 582 reliquos
1198 510 1415 567 stellato
1441 509 1644 565 vertice
1669 507 1789 562 vin-

417 1621 454 1676 '5
487 1619 685 1676 Ternis
707 1619 1034 1685 Germanus,
1073 1620 1286 1685 Vitalis,
1317 1619 1714 1689 Caesariusque,

491 1710 932 1782 Theophilusque
958 1713 1076 1782 pari
1111 1711 1384 1768 collucent
1412 1712 1617 1766 lumine
1647 1709 1792 1766 festi.

631 1811 700 1866 In
742 1811 1016 1882 Trajecto,
1059 1812 1319 1883 depositio
1367 1812 1540 1866 sancti
1577 1808 1799 1864 Huccu-
1831 1786 1881 1849 Β

697 1905 828 1958 berti
855 1904 1103 1974 episcopi.

421 1996 456 2050 4
495 1994 698 2052 Praesul
743 1996 875 2052 hinc
937 1995 1112 2066 pridie
1161 1995 1444 2051 Ruthenos
1507 1991 1798 2049 Amantius

803 2107 810 2113 ·
1521 2083 1706 2156 [ornat

629 2177 700 2234 In
747 2179 962 2250 Africa,
1008 2177 1184 2234 natale
1228 2186 1532 2232 sanctorum
1584 2174 1796 2243 Primi,

701 2269 977 2341 Perpetua:
998 2279 1046 2324 et
1080 2268 1324 2338 Victoris.

417 2360 454 2416 5
483 2361 649 2417 Nonis
675 2363 969 2418 Zacharias
994 2370 1145 2418 vates
1167 2401 1184 2427 ,
1213 2358 1506 2430 templique
1537 2358 1797 2415 sacerdos

474 2453 708 2518 Eminet,
734 2452 964 2508 ablatam
988 2454 1016 2493 ιι
1047 2453 1162 2508 nati
1193 2453 1285 2522 qui
1321 2466 1548 2508 munere
1580 2465 1794 2517 vocem,

481 2541 632 2598 Vatis
659 2550 713 2599 et
741 2541 976 2599 cilicium
1000 2543 1182 2613 prisco
1211 2542 1278 2596 de
1306 2556 1458 2596 more
1484 2540 1712 2611 recepit.

484 2633 703 2705 Hasque
723 2649 880 2691 sacer
903 2633 1082 2703 Felix,
1103 2634 1522 2704 monaclmsque
1531 2630 1798 2688 Eusebius

1479 2723 1721 2796 [augent.

630 2820 702 2876 Et
722 2831 922 2877 sanctw
948 2818 1141 2876 Mariae
1163 2829 1213 2874 et
1243 2817 1521 2875 Secundae.

415 2913 456 2967 6
488 2911 673 2969 Idibus
697 2913 907 2968 octonis
937 2921 1145 2982 martyr
1172 2909 1325 2966 Felix
1356 2908 1686 2966 celebratur.

562 3016 631 3071 In
652 3019 857 3073 civitate
880 3014 1109 3070 Redonis
1131 3011 1335 3080 Gallice,
1353 3013 1608 3084 depositio
1627 3011 1797 3068 sancti

637 3107 835 3162 Melani
885 3107 1151 3177 episcopi,
1205 3114 1256 3160 et
1305 3104 1476 3160 sancti
1528 3103 1794 3160 Leonardi

638 3198 977 3269 confessoris.

420 3290 456 3345 7
489 3289 754 3363 Septenas
825 3291 1121 3346 Amarante
1167 3289 1260 3361 pia
1325 3289 1393 3344 de
1451 3296 1631 3344 morte
1701 3301 1796 3343 sa-

1491 3380 1678 3454 [crasti
1708 3397 1722 3435 :

491 3473 602 3531 Has
638 3488 851 3547 quoque
879 3471 1276 3531 Willebrordus
1317 3474 1500 3540 habet,
1526 3488 1635 3545 quo
1654 3472 1799 3544 prin-

1339 3565 1482 3638 [cipe
1517 3565 1691 3636 plebis

491 3657 791 3714 Fresonum
835 3657 990 3713 multi
1030 3655 1308 3713 Christum
1342 3671 1563 3713 sensere
1599 3670 1798 3712 vocan-

1565 3747 1722 3822 Item.

630 3853 700 3909 In
738 3853 1052 3909 Nicomedia
1074 3895 1089 3922 ,
1125 3850 1341 3923 Rogati,
1371 3851 1589 3917 Donati,
1622 3848 1796 3905 Primi

705 3954 753 3998 et
776 3943 962 3998 Julite.
1137 3945 1142 3950 ’

420 4045 458 4100 8
495 4042 669 4100 Senas
695 4052 955 4098 ornantes
988 4041 1113 4098 Idus
1140 4042 1336 4097 merito
1363 4050 1526 4111 atque
1548 4055 1762 4104 cruore,

490 4134 701 4200 Claudi,
727 4133 962 4199 Castori,
989 4132 1252 4205 Simplici,
1281 4131 1676 4204 Symphoriane
1711 4142 1758 4196 ο,

493 4224 564 4279 Et
590 4224 920 4293 Nicostrate,
945 4223 1063 4296 pari
1090 4222 1310 4295 fulgetis
1335 4222 1457 4278 luce
1485 4235 1719 4278 coronae.

635 4324 706 4381 In
728 4317 1068 4392 Nicomedia,
1079 4325 1256 4381 natale
1275 4335 1578 4381 sanctorum
1598 4321 1794 4382 Eusebi

707 4428 753 4471 et
788 4416 1046 4472 Eustasii.

421 4516 462 4573 9
491 4515 681 4585 Quinte
723 4532 846 4572 mox
902 4517 1024 4573 ldus
1052 4517 1338 4574 Theodoro
1384 4527 1626 4588 martyre
1668 4531 1790 4572 ver-
1815 4529 1868 4590 ι)

1536 4608 1710 4681 [nant.

1825 3173 1872 3237 C

389 4699 454 4755 i0
490 4687 710 4768 Quartis
736 4699 1029 4767 Modestus,
1053 4699 1350 4768 Florentia,
1377 4701 1740 4771 Tiberiusque

488 4795 656 4850 Trino
688 4797 949 4866 martyrio
976 4797 1116 4851 trino
1145 4811 1243 4866 pro
1270 4795 1486 4851 nomine
1516 4794 1740 4866 fulgent.

639 4893 706 4951 In
730 4897 1027 4958 Antiochia,
1057 4896 1231 4950 natale
1267 4905 1570 4950 sanctorum
1602 4895 1792 4948 Deme-

707 4989 778 5041 tri
809 4988 1059 5059 episcopi.
1105 4986 1312 5054 Romae,
1344 4988 1598 5059 depositio
1623 4987 1795 5042 sancti

705 5077 897 5134 Leonis
921 5079 1171 5150 episcopi.

275 5227 304 5258 ι
346 5212 657 5285 Hartyrque
701 5213 892 5268 bearis.
941 5213 1000 5268 In
1045 5213 1232 5270 codice
1271 5213 1465 5286 Regio,
1495 5213 1797 5284 meritisque

151 5289 409 5346 beatus.

273 5356 303 5395 δ
341 5355 557 5409 Eminet
604 5355 858 5410 ablatam.
917 5353 1010 5410 Sic
1063 5355 1467 5411 emendavimus
1522 5369 1554 5410 e
1608 5355 1797 5411 codice

149 5429 406 5498 Bigot.,
439 5441 563 5481 cum
595 5435 755 5482 antea
785 5435 1040 5496 corrupte
1075 5426 1360 5498 legeretur,
1394 5426 1629 5498 oblitam.

275 5509 299 5535 ε
339 5496 756 5569 βῃηιριιονίαηε.
788 5498 845 5552 In
872 5499 1060 5553 codice
1093 5496 1263 5569 Regio
1289 5508 1345 5553 et
1372 5499 1424 5553 in
1452 5497 1626 5568 Bigot.
1661 5497 1794 5569 legi-

151 5583 182 5627 ι
195 5587 248 5624 υ
263 5585 294 5621 r
325 5566 728 5638 Sfmproniane.

269 5638 300 5678 δ
332 5636 575 5693 Festiros
618 5639 859 5709 populos.

146 5717 280 5772 ita
310 5709 556 5781 vulgaris
582 5709 758 5766 locum
807 5712 950 5766 hunc
977 5709 1385 5781 deformaverit,
1419 5711 1506 5765 vix
1543 5711 1794 5768 dubitare

902 5639 1040 5711 Quin
1072 5640 1342 5711 ignoratio
1370 5639 1616 5695 vocabuli
1649 5639 1794 5696 haud

610 5803 883 5865 Psrnon.
921 5804 1144 5869 CXXI.

3378 300 3483 356 (iis

2170 507 2462 565 Confessor
2489 507 2717 575 merito,
2744 507 2920 564 ollicio
2944 548 2959 576 ,
2998 517 3056 565 et
3095 524 3349 568 sermone
3374 510 3480 568 Sa-

3169 603 3409 678 [cerdos,

2173 692 2347 763 Atque
2375 693 2478 750 ﬁde
2499 693 2721 766 Martyr,
2745 694 2857 751 lato
2890 694 3130 752 famosus
3157 698 3211 751 in
3241 698 3375 754 orbe

2177 787 2460 852 Martinus,
2488 788 2652 853 votis,
2677 788 2924 859 festoque
2947 800 3172 846 vocatur
3194 793 3404 848 eodem.

2175 879 2461 948 Exsilium,
2487 876 2932 953 ﬂagella,initias,
2959 890 3228 939 tormenta
3257 899 3479 940 necem-

3282 973 3412 1046 [que

2176 1061 2282 1119 Pro
2295 1061 2512 1120 Christo
2529 1078 2787 1135 perpessa
2809 1063 2968 1120 simul
2994 1065 3266 1121 Domitilla
3289 1066 3484 1122 trium-

3129 1179 3134 1182 ·
3231 1157 3410 1231 [phat.

2325 1246 2394 1302 In
2421 1246 2609 1304 Galliis
2623 1250 2852 1314 civitate,
2875 1249 3123 1306 dormitio
3149 1253 3320 1307 sancti
3335 1250 3488 1307 Mar-

2393 1341 2489 1395 tini
2521 1343 2766 1412 episcopi.
2794 1342 2864 1396 Et
2887 1345 3056 1397 sancti
3079 1342 3307 1398 Menam.

2075 1432 2144 1488 1?.
2176 1431 2469 1503 Agrippina
2493 1441 2618 1490 tuus
2645 1435 2819 1504 pridie
2847 1419 3084 1490 “excellit
3112 1433 3438 1489 Cunibertus
3468 1450 3485 1488 :

2183 1524 2443 1580 Leonium
2491 1523 2757 1597 Sequanae
2792 1526 3037 1582 recolunt
3064 1541 3279 1598 quoque
3305 1525 3490 1582 littora

3120 1616 3414 1688 [sanctum.

2330 1706 2398 1762 In
2424 1706 2666 1762 thsarea
2689 1706 3053 1777 Cappadociaz,
3081 1706 3258 1761 natale
3280 1713 3494 1760 sancto.

2407 1817 2525 1853 rum
2551 1797 2798 1853 Germani
2821 1810 2867 1853 et
2901 1799 3136 1854 Eusebii.

2081 1886 2147 1942 I5
2184 1885 2308 1942 idus
2332 1896 2461 1944 tunc
2486 1889 2658 1944 barres
2677 1896 2827 1954 tuus,
2849 1904 2882 1943 o
2910 1887 3160 1950 Martiae,
3181 1895 3423 1944 retentat

2141 1997 2146 2002 ο
2182 1977 2396 2036 Bricius
2432 1980 2658 2047 exsilio,
2709 1980 3001 2052 lacrymis,
3033 1965 3311 2050 signisque
3361 1993 3490 2050 pro-

3217 2070 3304 2144 [ha
3314 2080 3420 2126 tus.

2322 2178 2390 2236 Et
2415 2181 2472 2236 in
2497 2181 2758 2246 Malbod.,
2801 2179 3079 2236 translatio
3102 2181 3340 2252 corporis
3369 2195 3495 2235 san-

2397 2284 2496 2328 cta:
2523 2272 2870 2344 Aldegundis.

2077 2361 2143 2417 id
2182 2361 2438 2420 Octavam
2481 2364 2854 2435 decimamque
2881 2349 3208 2421 Decembres
3231 2373 3356 2420 ante
3388 2362 3494 2419 Ka-

2915 2497 2920 2501 «
3177 2453 3388 2527 [lendas

2181 2546 2551 2606 Clementitms
2599 2547 2764 2606 habet
2788 2588 2804 2616 ,
2837 2547 3495 2612 Theodotus.,.Pbilomi-

3162 2639 3418 2714 [nusque,

2188 2729 2302 2786 Ilac
2327 2731 2537 2802 pariter
2560 2731 2707 2802 passi
2744 2731 2964 2786 tortoris
2997 2731 3150 2802 jussa
3187 2733 3420 2788 cruenti.

2254 2822 2321 2876 In
2373 2819 2633 2877 Heraclea
2672 2821 2901 2886 civitate,
2951 2821 3126 2876 natale
3188 2831 3495 2877 sanctorum

2324 2915 2669 2981 Clementini,
2717 2913 2954 2970 Heracli.
3009 2914 3133 2986 Ipso
3181 2917 3266 2970 die
3315 2918 3492 2987 passio

2327 3010 2498 3064 sancti
2537 3009 2570 3063 J
2578 3012 2702 3064 usti.

2080 3101 2147 3156 15
2185 3100 2418 3173 Septena
2440 3099 2734 3174 Eugenius,
2751 3110 2961 3172 martyr
2980 3100 3227 3171 denaque
3251 3100 3491 3156 nitescit.

2261 3191 2329 3245 In
2351 3191 2533 3262 Africa
2564 3191 2792 3257 ciuitate,
2827 3189 3004 3245 natale
3032 3199 3336 3246 sanctorum
3384 3188 3492 3246 Sa-

2335 3283 2536 3338 turnini
2566 3283 2890 3348 et-Demetri,
2917 3292 2965 3337 et
2995 3282 3166 3337 sancti
3190 3282 3434 3338 Cwsarii.

2081 3373 2151 3430 16
2183 3375 2487 3432 Eucherius
2513 3384 2723 3432 sextam
2749 3390 2874 3430 cum
2895 3377 3056 3442 dena,
3090 3374 3494 3446 Gregoriusque

2187 3467 2436 3538 Impleat,
2463 3465 2712 3537 Lugduni
2741 3465 2850 3531 hic,
2880 3464 3243 3522 Neocaesarea:
3268 3464 3358 3520 ille
3398 3479 3490 3520 sa-

3177 3558 3415 3630 [cerdos.

2255 3657 2322 3710 In
2351 3654 2556 3727 Capua,
2612 3655 2788 3710 natale
2837 3666 3142 3709 sanctorum
3201 3651 3393 3708 Vitalis
3440 3661 3492 3708 et

2326 3747 2596 3802 Januarii.

2079 3838 2146 3892 17
2182 3837 2537 3906 Quindecima
2588 3836 2819 3892 antistes
2869 3834 3080 3908 Ligeris
3130 3851 3229 3904 per
3280 3835 3488 3904 littora,

3189 3925 3416 3999 [Perque

2187 4019 2436 4077 Festivos
2460 4016 2688 4090 populos
2709 4015 2760 4084 ἀ,
2788 4017 3031 4072 Anianus
3058 4016 3216 4072 laude
3239 4026 3491 4073 coruscat

2182 4110 2436 4177 Aiterna,
2465 4110 2684 4176 merito,
2711 4109 2900 4180 signis,
2937 4123 3122 4180 prece,
3153 4109 3490 4180 consilioque

2185 4202 2389 4260 Urbem
2418 4201 2509 4273 qui
2553 4201 2828 4273 propriam
2858 4201 3041 4258 hostili
3089 4201 3157 4258 de
3200 4200 3353 4258 clade
3402 4217 3490 4257 re-

3227 4293 3412 4348 demit.

3227 4293 3412 4348 demit.

2181 4384 2528 4456 (Arcitenens
2577 4383 2753 4455 gelido
2795 4383 2923 4440 hinc
2971 4291 3262 4440 contristat
3308 4383 3488 4439 sidere

3143 4473 3413 4547 [cmlum.)

2251 4593 2318 4646 In
2369 4593 2573 4648 civitate
2626 4591 2920 4662 Hierapoli,
2973 4590 3151 4645 natale
3185 4599 3488 4646 sanctorum

2337 4682 2576 4746 Victoris,
2612 4681 2798 4753 Alphei
2821 4692 2870 4738 et
2899 4682 3157 4754 Romolw.

2075 4795 2141 4854 18
2180 4796 2480 4869 Hesychius
2527 4804 2734 4867 martyr
2760 4805 3013 4867 quartam
3044 4797 3349 4869 denamque
3389 4813 3483 4855 co-

3201 4907 3378 4957 ronat,

3201 4907 3228 4945 r
3266 4905 3330 4946 na
3363 4933 3378 4957 ,

2194 4983 2595 5054 Romanusque,
2634 4983 2766 5040 urbs
2790 4981 3043 5040 Antiochi
3072 4889 3196 5055 qui:
3229 4899 3357 5039 feet;
3381 4998 3487 5055 Are-
3540 4965 3547 4968 ’

3195 5075 3411 5149 (currit.

1898 5231 2152 5290 possum;
2181 5229 2315 5290 nam
2328 5229 2452 5270 cum
2472 5227 2634 5290 voces
2653 5212 2756 5290 illa;
2776 5213 2987 5285 festivos
3017 5212 3236 5290 popnlos
3262 5214 3354 5290 hic
3377 5229 3488 5290 non

1901 5284 2034 5346 satis
2093 5287 2460 5349 conveniant,
2511 5284 2790 5355 probabile
2833 5294 2919 5356 est
2968 5284 3148 5356 pOpuli
3203 5285 3488 5356 cujusdam

1901 5375 2097 5416 nomen
2120 5359 2220 5413 sub
2239 5371 2369 5412 voce
2394 5354 2602 5416 festinos
2627 5356 2817 5410 latere.
2842 5355 2901 5411 Id
2921 5354 3233 5412 vero-fuerit
3253 5354 3490 5409 Belsivo—

1902 5447 2042 5495 rum,
2071 5438 2164 5483 aut
2189 5435 2338 5484 certe
2363 5423 2719 5490 Belsinorum,
2759 5428 2864 5482 hoc
2887 5436 2974 5482 est
3006 5441 3195 5483 eorum
3223 5425 3316 5496 qui
3335 5495 3341 5496 ί
3359 5423 3488 5496 Bel-

1897 5503 2053 5566 siam,
2082 5500 2244 5571 vulgo
2278 5497 2810 5571 Beauce,_incolunt:
2845 5497 3004 5571 hujus
3022 5498 3167 5571 enim
3194 5495 3490 5571 proyinciat

1899 5565 2099 5627 nomen
2128 5565 2253 5624 ante
2297 5568 2669 5624 Wandalberti
2710 5565 2926 5623 aetatem
2959 5569 3010 5625 in
3048 5565 3265 5638 scriptis
3288 5565 3488 5638 Fortu-

1902 5642 2011 5696 nati
2043 5643 2350 5711 reperitur;
2378 5641 2732 5709 quamobrem
2771 5641 2858 5695 hic
2886 5639 3118 5696 libenter
3145 5633 3327 5708 legero
3365 5633 3490 5689 Bel-

1901 5714 2042 5768 sinos
2071 5711 2309 5784 populos.

2977 5806 3054 5865 20
