4000 6352
1521 345 2032 413 WANDAUBERTI
2070 350 2496 409 PRUMIENSIS
2533 348 2821 409 MONACH

840 471 1172 541 Promeruit,
1197 481 1409 528 sextum
1433 469 1613 527 sancit
1637 467 1946 526 lustrata'ue
1979 466 2150 523 Joan-
2181 470 2231 529 Α
2328 467 2520 539 Egisse
2546 475 2709 536 atque
2738 464 2831 535 pii,
2855 462 3138 522 concutior
3164 463 3359 531 nimis;

1934 559 2075 632 [nes.

800 698 801 701 η
837 633 853 641 ’
909 659 979 714 In
996 656 1228 729 Epheso,
1249 656 1541 728 assumptio
1560 654 1729 710 sancti
1752 652 1789 708 .1
1794 654 1979 708 cannis
2001 669 2157 709 evan-
2266 695 2271 699 .

992 752 1209 823 gelistaz.

561 844 684 899 Dies
741 842 812 901 28
851 840 1121 899 Uberibus
1154 850 1393 898 matrum
1421 840 1604 911 rapuit
1623 852 1760 909 quos
1791 839 1908 894 dira
1936 835 2150 906 cupido,

842 929 1235 1001 Regnandique
1272 927 1393 985 sitis
1412 967 1428 994 ,
1449 926 1730 983 Christum
1750 923 1879 980 dum
1928 922 2157 992 perdere

757 1088 759 1091 ι
974 1086 980 1091 η
1869 1014 2082 1087 [natum

839 1114 1093 1171 Herodes
1122 1113 1292 1185 cupit,
1313 1112 1552 1169 infantes
1581 1110 1775 1182 quinto
1798 1123 2150 1164 veneramur.

731 1207 804 1263 29
845 1205 1014 1264 Vates
1041 1221 1248 1278 rexque
1272 1207 1430 1277 .pius,
1466 1205 1665 1263 divinae
1689 1210 1745 1259 et
1773 1202 1960 1273 stirpis
1978 1201 2153 1271 origo,

839 1299 1073 1371 lnsignit
1101 1307 1353 1369 quartum
1376 1298 1556 1353 David
1592 1310 1850 1352 sermone
1893 1293 2109 1363 ﬁdeque
2138 1306 2154 1345 :

770 1480 773 1483 ν
838 1389 1097 1462 Urbsque
1120 1389 1311 1447 Arelas
1338 1389 1637 1461 Trophimo
1671 1387 1914 1458 gaudens
1940 1394 2158 1456 pastore

1785 1476 2082 1550 [coruscat.

912 1570 983 1629 In
1018 1571 1225 1644 Africa,
1272 1571 1450 1628 natale
1500 1579 1803 1627 sanctorum
1856 1564 2155 1632 Saturnini,

1052 1662 1057 1665 ’
1488 1662 1755 1733 Honorati
1780 1670 1830 1715 et
1866 1657 2085 1714 Felicis.
2126 1699 2137 1711 .

731 1758 804 1817 30
840 1757 1165 1816 Mansuetus
1195 1766 1412 1815 ternum
1443 1755 1605 1813 simul
1626 1762 1682 1810 et
1714 1751 2025 1809 Florentius
2067 1764 2159 1806 or-

1850 1842 2017 1916 [nant
2052 1852 2084 1883 ι
2185 1837 2237 1902 Β

918 1941 988 1996 Et
1010 1941 1187 1997 natale
1214 1939 1419 1997 Serani.

735 2033 800 2090 3|
843 2030 1124 2105 Sylvester
1143 2033 1319 2103 pridie
1340 2032 1642 2087 Romanam
1680 2042 1816 2099 papa
1846 2041 1945 2096 per
1964 2024 2154 2080 urbem

845 2122 1123 2178 Lietantes
1153 2123 1382 2193 populos
1410 2123 1549 2176 votis
1579 2121 1682 2176 sibi
1712 2119 1895 2174 subdit
1940 2116 2153 2183 amicis,

841 2214 1166 2271 Pontiﬁcum
1195 2214 1402 2285 primus
1428 2210 1773 2282 tranquillam
1797 2223 2025 2265 cernere
2054 2222 2154 2279 pa-

1963 2314 2083 2355 cem

844 2394 951 2464 Qui
976 2394 1202 2461 meruit,
1234 2393 1591 2463 dominosque
1619 2390 1771 2449 orbis
1799 2298 2132 2463 purggizmla

1868 2478 2077 2553 [vacro.

839 2577 1006 2653 Virgo
1029 2578 1293 2637 Columna
1330 2574 1495 2634 simul
1534 2573 1776 2648 palmam
1817 2572 2023 2627 virtute
2066 2582 2159 2642 pe-

1799 2660 2082 2735 [[rennem

834 2762 1104 2836 Percipis,
1127 2758 1301 2819 ell‘uso
1327 2758 1605 2817 Christum
1627 2756 1889 2814 comitata
1917 2768 2152 2813 cruore:

831 2855 1082 2929 Cumque
1110 2854 1451 2919 Potentiano,
1490 2851 1818 2908 Sabinianus
1846 2848 2050 2905 eodem

837 2947 1094 3006 Occurrit
1123 2946 1286 3015 festo,
1315 2944 1554 3019 aquales
1595 2958 1691 3001 ara
1737 2950 1904 3015 atque
1952 2941 2154 2997 trium-

1973 3035 2078 3091 ho:

832 3129 1049 3187 Urbem
1062 3130 1157 3201 qui
1178 3128 1454 3187 Senonum
1476 3127 1638 3200 primi
1660 3128 1895 3184 docuere
1911 3032 2131 3198 altisoni

842 3223 972 3283 Haec
992 3225 1210 3284 tandem
1234 3224 1495 3282 claudunt
1526 3232 1839 3279 extremum
1867 3220 2013 3299 festa
2042 3219 2154 3276 De-
2180 3206 2228 3272 C

1760 3312 2078 3388 [cembrem.

1158 3500 1568 3561 CONCLUSIO.

774 3619 806 3663 δ
838 3616 970 3677 Haec
994 3632 1164 3686 nunc,
1194 3615 1430 3682 Christe,
1461 3623 1556 3671 tuo
1586 3613 1752 3680 Deus,

626 3711 938 3784 Conscripsi
964 3711 1207 3768 breviter
1240 3722 1466 3765 munere
1489 3704 1762 3771 carmina,

554 3805 825 3864 Constans
848 3805 1077 3877 expetiit
1102 3818 1224 3876 quae
1253 3802 1434 3859 studio
1462 3798 1710 3873 pervigili
1749 3795 1904 3852 ﬁdes.

772 3896 870 3953 llis
895 3896 1108 3967 digesta
1136 3894 1343 3951 micant
1362 3891 1527 3949 simul

629 3988 885 4047 Caelestis
908 3988 1105 4058 patriae
1139 3994 1197 4042 et
1221 3983 1431 4041 militiae
1459 3981 1699 4054 agmina,

556 4076 783 4136 Summo
803 4076 1051 4149 perpetui
1077 4091 1199 4146 quae
1214 4073 1441 4129 radiant
1459 4071 1666 4127 aethere
1686 4064 1925 4123 luminis.

776 4167 1017 4237 Quorum
1039 4176 1092 4223 te
1114 4165 1329 4222 veniam
1358 4176 1520 4235 prece

631 4261 893 4333 indignus
914 4259 1160 4331 rogitans
1180 4256 1411 4313 obsecro
1435 4252 1725 4310 criminum
1754 4266 1770 4304 :

558 4351 729 4410 Multo
754 4350 1003 4423 supplicii
1032 4362 1269 4420 namque
1293 4360 1512 4419 premor
1534 4340 1785 4416 perpetui
1807 4349 1977 4397 metu.

778 4440 961 4498 Trinis
983 4454 1113 4496 ecce
1137 4436 1421 4496 decenniis
1746 4493 1752 4499 ,

630 4533 816 4590 Vitam
842 4533 984 4606 dego
1008 4532 1210 4596 miser;
1237 4529 1464 4601 quintus
1486 4534 1542 4584 et
1568 4526 1791 4596 insuper

438 4666 452 4681 .
554 4624 682 4685 Ενί
720 4625 1010 4683 curriculis
1043 4623 1194 4681 orbis
1223 4620 1381 4677 adest
1406 4628 1571 4691 atque
1613 4616 1905 4676 meatibus.

768 4719 853 4775 Me
882 4732 1029 4775 nunc
1052 4716 1131 4773 nil
1152 4714 1401 4774 recolens
1426 4712 1557 4770 boni

624 4890 656 4959 ξι
695 4877 926 4959 anant.
957 4875 1202 4959 Uterque
1224 4874 1423 4959 codex,
1452 4878 1668 4959 curant.

625 4948 656 4991 ιι
696 4949 926 5006 Metrum
981 4936 1418 5006 choriambicum
1444 4978 1465 5011 ,
1516 4938 1832 5014 gliconium,
1882 4936 2151 5013 asclepia-

548 5016 742 5089 deum,
780 5019 1067 5081 alcaicum.

2475 652 2709 723 Lapsum
2725 651 2841 721 jam
2872 650 3074 716 releva,
3096 650 3280 718 Pater,

2328 747 2572 803 Tandem
2600 753 2655 801 et
2675 744 2968 816 prazteritis
2992 761 3135 801 exue
3154 744 3428 811 sordibus,

2257 840 2482 915 Squalet
2535 838 2755 896 conscia
2804 838 2928 908 quis
2973 853 3163 906 mens,
3206 840 3499 910 nimiisque
3547 842 3808 912 angoribus

3718 354 3800 409 ωι

2257 560 2413 617 Curae
2432 576 2556 615 nam
2581 559 2862 616 stimulant
2886 558 3175 614 horribiles
3196 559 3391 615 mentis
3419 558 3490 613 ad
3516 558 3717 616 intima.

3544 930 3754 1005 [tremit.

2471 1024 2796 1082 Sanctorum
2828 1024 2986 1083 retuli
3016 1039 3218 1081 canens

2327 1117 2427 1174 Hic
2453 1119 2777 1184 certamina,
2806 1117 3179 1189 praeclaraque
3202 1124 3506 1186 martyrum

2257 1211 2465 1269 Vexilla
2498 1222 2626 1268 ante
2650 1210 2834 1267 oculos
2868 1210 3146 1274 constitui,
3180 1208 3443 1281 signaque
3474 1206 3757 1263 ovantium.

2471 1302 2676 1360 Horum
2714 1302 3009 1375 gloriﬁca-t,
3036 1302 3223 1367 Pater,

2324 1394 2557 1468 Sanguis
2585 1404 2661 1461 te,
2689 1394 2893 1466 jngiter
2919 1408 3067 1448 mors
3095 1393 3337 1461 loquitur
3358 1391 3446 1462 pia
3481 1409 3497 1445 :

2258 1489 2460 1546 Vivunt
2485 1501 2718 1559 namque
2745 1494 2839 1541 tuo
2870 1485 3123 1557 praesidio
3151 1493 3208 1541 et
3228 1484 3350 1540 luce
3381 1482 3707 1555 perenniter.

2936 1633 3161 1648 ﬂ

2512 1723 2536 1753 ο
2568 1708 2861 1768 HYMNUS
2892 1709 2961 1766 IN
2998 1707 3233 1767 OMNES
3268 1704 3606 1765 SANCTOS.

2406 1851 2641 1918 Christe,
2668 1849 2932 1908 cmlorum
2961 1846 3247 1904 modulans
3275 1855 3497 1901 caterva

2399 1946 2570 2015 Quem
2598 1944 2768 2009 canit,
2799 1943 2985 1999 laudat
3009 1940 3221 2007 sitiens,
3252 1939 3532 2010 cupitque.

2400 2036 2682 2093 Consonas
2707 2035 2917 2100 laudes,
2949 2033 3184 2103 petimus
3206 2031 3464 2088 clientum

2619 2129 2796 2183 Cerne
2826 2126 3075 2181 favendo.

2400 2219 2477 2276 Te
2501 2220 2652 2276 chori
2686 2220 2884 2289 Regem
2912 2217 3189 2273 celebrant
3218 2214 3464 2285 superni,

2400 2315 2613 2371 Civium
2644 2322 2836 2368 turma:
2856 2320 2909 2367 et
2930 2310 3179 2366 recinunt
3204 2309 3416 2380 piorum
3438 2325 3454 2373 ;

2400 2405 2558 2464 Celsa
2581 2417 2724 2475 quos
2752 2401 2876 2458 coeli
2912 2401 3152 2467 retinens
3176 2406 3428 2457 coruscat

2616 2494 2778 2560 Aula,
2810 2494 3082 2562 fovetque.
3158 2528 3161 2529 ν

2401 2586 2843 2643 Patriarcbarum
2871 2581 3182 2637 veneranda
3211 2590 3374 2651 teque

2403 2678 2584 2734 Turba
2611 2675 2928 2732 collaudans
2942 2672 3148 2745 jngiter
3170 2671 3351 2736 beata,

2402 2769 2641 2841 Percipit
2670 2768 2795 2822 vitae
2822 2766 3014 2821 sitiens
3043 2763 3301 2835 perennis
3400 2764 3403 2767 ’

2616 2858 2839 2923 Munera
2854 2871 3099 2927 semper.

2402 2953 2480 3011 Te
2506 2952 2894 3024 prophetarum
2927 2956 3185 3003 resonant
3208 2943 3526 3016 loquentum

2406 3043 2672 3113 Spiritus;
2702 3038 2855 3095 missi
2884 3051 3102 3108 quoque
3125 3045 3177 3091 te
3203 3050 3299 3107 per
3323 3035 3515 3090 orbem

2404 3135 2707 3191 Praedicant
2738 3130 2890 3187 verbi
2921 3129 3129 3200 pariter
3155 3126 3393 3183 ministri

2618 3224 2666 3280 Ὗ
2668 3238 2767 3279 oce
2792 3235 3083 3291 manuque.

2406 3318 2706 3389 Martyrum
2729 3312 2951 3385 sanguis
2973 3310 3135 3367 simul
3162 3317 3217 3366 et
3243 3306 3591 3378 triumphans

2403 3412 2540 3466 Cum
2569 3407 2913 3465 sacerdotum
2942 3413 3090 3460 tonat
3118 3417 3247 3469 ore;
3283 3408 3435 3457 casta

2401 3502 2653 3575 Virgines
2672 3500 2907 3570 jungunt
2934 3495 3111 3552 viduae
3138 3504 3194 3550 et
3221 3493 3439 3551 canoris

2608 3592 2890 3664 Tympana
2917 3588 3117 3645 sistris.

2403 3686 2595 3748 Omnis
2618 3683 2855 3741 ostendit
2884 3680 3170 3738 Dominum
3200 3679 3463 3747 docetque

2402 3783 2481 3839 Te
2505 3779 2614 3853 poli
2646 3789 2859 3835 summo
2887 3773 3106 3830 radians
3132 3771 3186 3825 in
3217 3784 3318 3825 axe

2402 3875 2574 3942 Ordo,
2602 3881 2656 3928 te
2682 3869 2825 3927 servi
2848 3868 3097 3925 canimus
3117 3863 3261 3920 ﬁdeli

2617 3963 2811 4021 Cordis
2840 3962 3067 4016 honore.

2398 4060 2484 4117 Tu
2511 4058 2687 4114 libens
2716 4062 2964 4110 nostrum
2989 4049 3225 4120 petimus
3251 4052 3463 4101 reatum

2400 4150 2584 4213 Solve,
2620 4157 2677 4202 tu
2704 4154 2908 4202 castam
2938 4140 3155 4197 famulis
3181 4140 3438 4210 piamque

2399 4240 2593 4300 Mentis
2613 4237 2861 4308 aspirans
2885 4232 3101 4290 cumula
3122 4229 3360 4305 benigno

2613 4330 2839 4386 Munere
2864 4325 3104 4385 laudem.

2401 4425 2642 4484 Gloriam
2672 4421 2797 4479 caeli
2827 4417 2925 4479 tibi
2953 4438 3056 4478 vox
3085 4432 3377 4492 perennem

2400 4518 2614 4578 Reddat
2641 4516 2945 4581 exsultans,
2970 4513 3152 4578 Pater,
3177 4520 3339 4581 atque
3361 4507 3519 4573 Nate,

2402 4609 2663 4684 Spiritus,
2694 4622 2863 4680 regno
2891 4606 3089 4677 quibus
3113 4603 3254 4659 alme
3280 4612 3506 4671 compar

2621 4707 2772 4765 Vivis
2799 4705 3013 4762 eodem.

2326 4884 2358 4915 ι
2393 4870 2624 4929 Mettum
2652 4864 3002 4940 dactylicum,
3026 4855 3370 4933 sapphicum,
3395 4847 3789 4925 pentametri!!!-
