4000 6352
214 388 324 443 625'
1102 386 1192 445 ne
1232 384 1323 444 xu
1385 386 1699 445 uuuswu
1741 385 2142 457 NOMlNlBUS,
2184 388 2428 456 srcms,
2465 388 2600 448 ure.
3280 474 3288 480 .
3362 362 3489 452 res

1644 680 2073 759 INCIPIT

743 816 871 986 un
945 885 1442 989 DUODEGIM
1512 883 1947 986 MENSIUM
2019 882 2589 1017 NOMINIBUS,
2660 883 2958 987 sums

1398 1089 1748 1158 AERISQUE
1786 1078 2396 1185 QUALlTATlBLTSy/
2455 1125 2615 1133 μω

207 1364 533 1424 Nominibus
562 1378 809 1421 mensum
836 1378 956 1434 qua:
982 1363 1052 1419 sit
1077 1361 1305 1419 rationis
1326 1358 1501 1432 origo,

204 1462 425 1516 Annum
451 1461 535 1515 bis
566 1474 699 1516 seno
726 1457 945 1512 volvunt
971 1458 1061 1527 qui
1088 1456 1264 1513 sidere
1291 1470 1568 1527 magnum,

204 1553 338 1620 Quae
370 1551 645 1606 illustrent
675 1548 882 1619 pariter
907 1546 1186 1604 duodenas
1217 1547 1370 1619 signa
1399 1536 1692 1611 Kalendas,

204 1640 350 1710 Quid
377 1656 622 1697 connexa
651 1639 794 1695 ferat
814 1654 1062 1696 mensum
1093 1638 1351 1694 discretio
1376 1639 1561 1705 terris,
1654 1635 1662 1643 ’

202 1734 357 1803 Quos
383 1749 513 1789 usus
542 1740 764 1804 generet
787 1731 985 1798 cultus,
1018 1747 1155 1801 quos
1182 1730 1379 1786 formet
1400 1730 1658 1798 habendi,

203 1824 443 1881 Servate
466 1823 705 1880 breviter
732 1822 1029 1879 referemus
1055 1820 1110 1876 in
1135 1821 1348 1890 ordine,
1372 1819 1562 1878 lector.

764 1962 857 2020 DE
893 1961 1253 2021 JANUARIO.

199 2100 379 2168 Quem
409 2099 644 2171 primum
676 2112 917 2155 mensem
949 2099 1155 2156 servari
1187 2098 1361 2155 Julius
1387 2099 1513 2155 anni

200 2190 481 2257 Decrevit,
503 2187 626 2246 Jani
648 2187 872 2246 eifertur
892 2189 1215 2264 cognomine
1248 2192 1413 2263 regis,

202 2281 432 2338 Saturni
462 2290 674 2352 gentem
706 2280 861 2338 Latio
889 2283 982 2354 qui
1020 2284 1180 2350 rexit,
1210 2297 1265 2340 et
1291 2287 1478 2342 urbem

200 2370 536 2427 Laurentum
565 2373 797 2444 sceptris
826 2372 1133 2445 populoque
1153 2385 1207 2430 et
1236 2374 1443 2445 legibus
1470 2385 1642 2432 auxtt.

202 2463 345 2519 IIuic
371 2464 589 2536 gemino
611 2473 853 2536 praesunt
876 2463 1193 2537 Capricorni
1220 2467 1398 2522 sidera
1428 2478 1692 2536 monstro,

199 2554 298 2609 Bis
326 2554 573 2609 duodena
603 2569 709 2610 uno
733 2554 936 2626 pariter
958 2555 1295 2626 splendentia
1324 2559 1499 2628 signo.

202 2645 345 2701 Tum
376 2656 587 2716 tempus
611 2644 820 2718 campis
846 2647 1055 2718 lepores
1079 2648 1312 2704 lustrare
1334 2650 1573 2716 nivosis;

198 2738 429 2792 Artibus
454 2747 509 2794 et
527 2738 695 2793 variis
724 2738 898 2809 pictas
926 2747 1149 2811 captare
1173 2739 1442 2805 volucres,

200 2828 310 2885 Per
339 2844 563 2898 campos
586 2829 813 2885 volitant
838 2829 1111 2901 collesque
1131 2839 1186 2887 et
1205 2830 1426 2885 ﬂumina
1457 2831 1683 2886 circum.

203 2927 343 2981 Dum
376 2941 564 2995 capus,
587 2924 955 2996 accipiterque
976 2925 1171 2997 placet,
1198 2926 1451 2996 curisque
1478 2926 1669 2982 solutis

200 3016 312 3072 Per
334 3018 581 3070 brumam
608 3016 766 3088 genio
794 3025 955 3071 vacat
976 3016 1276 3089 indulgere,
1310 3016 1563 3088 domique

203 3106 468 3162 Diversus
496 3121 626 3161 usus
660 3106 773 3161 veri
807 3105 1051 3177 proferre
1076 3106 1277 3164 futuro.

203 3196 346 3252 Nam
376 3211 553 3267 neque
576 3204 686 3252 tum
716 3212 907 3253 cervos
934 3212 1194 3256 cervasve
1219 3200 1426 3273 agitare
1456 3201 1692 3274 fugaces,

204 3288 321 3344 Nec
355 3287 655 3359 spumantis
682 3288 798 3359 apri
823 3288 931 3345 lato
954 3289 1224 3360 configere
1251 3290 1398 3347 ferro

202 3382 426 3445 Armes,
458 3395 523 3435 ex
556 3396 657 3436 usu
687 3389 771 3437 est
796 3398 810 3434 :
842 3381 1009 3435 borea
1036 3381 1382 3449 cohibentur,
1409 3392 1465 3440 et
1494 3392 1646 3440 artus

203 3471 418 3527 Exesos
447 3473 647 3528 macies
675 3473 892 3544 stringit
919 3483 1211 3545 tenuatque
1244 3475 1505 3533 ferarum.

203 3562 432 3617 Semina
459 3576 558 3619 nec
584 3563 742 3619 cultis
773 3562 932 3620 facile
957 3573 1041 3619 est
1067 3567 1409 3623 committere
1432 3568 1622 3636 terris;

206 3655 336 3711 Urit
359 3664 552 3711 cuncta
580 3655 724 3728 gelu,
754 3665 810 3712 et
832 3656 1032 3728 glacies
1058 3657 1197 3728 riget
1222 3658 1441 3715 horrida
1465 3662 1691 3732 campis.

204 3746 429 3801 Robora
466 3754 576 3801 tum
600 3746 754 3803 silvis
780 3748 1003 3817 prodest
1029 3756 1085 3804 et
1111 3747 1277 3804 fissile
1302 3749 1507 3821 lignqu

203 3838 465 3907 Caedere;
497 3848 612 3894 tum
633 3838 883 3895 domibus
908 3839 1176 3910 classique
1204 3850 1392 3911 aptare
1419 3857 1657 3901 secures.

738 3995 829 4052 DE
863 3995 1281 4055 FEBRUARIO.

204 4129 352 4184 Anni
389 4146 499 4201 quo
533 4146 819 4187 numerum
851 4147 1085 4203 regnans
1108 4132 1405 4203 Pompilius
1430 4133 1601 4199 auxit,

207 4222 332 4288 Quo
355 4237 512 4276 sacra
537 4222 654 4277 dira
681 4224 871 4278 urbem
897 4223 1112 4280 solitum
1137 4224 1372 4279 lustrare
1400 4232 1657 4295 togatam,

206 4312 412 4367 Inferni
435 4312 613 4368 Fcbru
638 4314 935 4370 retinemus
960 4315 1177 4371 nomine
1202 4315 1427 4370 dictum.

208 4406 306 4462 Bis
334 4412 429 4461 sex
459 4408 603 4463 hunc
626 4406 796 4463 stellis
821 4416 1026 4463 astrum
1050 4407 1339 4478 pmsignat
1363 4405 1567 4475 Aquari
1593 4422 1606 4460 :

208 4502 349 4557 Cum
381 4510 558 4556 tamen
591 4500 815 4556 australi
837 4501 977 4557 coelo
1003 4500 1289 4556 demittere
1319 4497 1521 4554 nimbis

209 4592 491 4659 Cernitur,
527 4593 643 4649 haec
670 4592 837 4665 fulget
865 4592 1087 4648 tricenis
1111 4591 1324 4663 ignibus
1354 4590 1517 4646 unda.

211 4686 372 4741 Hunc
400 4684 595 4741 hiemis
619 4684 870 4754 verisque
893 4691 1080 4742 tenent
1102 4682 1335 4739 confinia
1361 4696 1634 4749 mensem;

208 4779 443 4852 Frigore
467 4794 718 4851 nuncque
744 4779 906 4851 riget,
933 4794 1078 4835 nunc
1097 4791 1227 4832 vere
1254 4776 1461 4832 mulcet
1487 4773 1686 4831 amico.

211 4873 353 4928 Tum
383 4884 596 4944 tempus
625 4873 815 4929 tractis
845 4882 1049 4929 terram
1074 4870 1425 4941 proscindere
1443 4869 1665 4933 aratris,

213 4966 442 5023 Semina
464 4976 522 5023 et
550 4967 676 5024 hinc
701 4966 866 5023 sulcis
891 4967 1113 5037 prodest
1144 4964 1402 5020 mandare
1429 4963 1719 5028 secundis;

212 5057 430 5114 Ilerdes
456 5067 568 5114 tum
592 5057 802 5129 campis
823 5057 1054 5113 serimus
1076 5055 1360 5126 peregrina
1384 5069 1482 5125 per
1508 5068 1698 5125 agros;

210 5148 511 5219 Postquam
538 5150 733 5206 candet
756 5149 873 5204 avis
896 5147 1114 5219 pietatis
1136 5147 1356 5201 nomine
1378 5156 1642 5217 praestans
1665 5163 1681 5203 :

216 5238 435 5295 Vitibus
462 5240 592 5296 hinc
619 5239 822 5296 cultum
851 5254 969 5295 mos
990 5245 1075 5294 est
1098 5237 1359 5293 adhibere
1391 5236 1664 5308 putandis,

217 5332 636 5403 Sat-mentisque
662 5348 833 5389 novas
859 5347 1104 5404 gemmas
1128 5328 1373 5401 proferre
1396 5329 1606 5386 recisis.

216 5425 486 5498 Incipiunt
510 5427 703 5484 salices
726 5426 883 5483 nodis
907 5439 1201 5482 canescere
1236 5422 1475 5496 glaucis;

1824 1360 1878 1421 Α
1904 1354 2042 1412 Tum
2067 1354 2302 1427 primum
2333 1364 2389 1411 et
2418 1354 2589 1426 coryli
2614 1353 2841 1412 nucibus
2864 1352 3117 1410 frondere
3147 1354 3363 1412 futuris.

1905 1447 2057 1503 Tunc
2078 1449 2303 1504 canibus
2331 1464 2521 1505 cervas
2544 1448 2872 1520 spiculisque
2897 1449 3102 1519 agitare
3132 1459 3391 1521 repertas,

1900 1542 1980 1599 Ac
2006 1544 2184 1600 valido
2215 1559 2469 1615 aprorum
2496 1543 2776 1615 praztigere
2806 1558 3036 1615 corpora
3066 1543 3233 1609 ferro,

1902 1635 2273 1707 Informesque
2302 1638 2454 1693 canis
2482 1652 2637 1691 ursos
2660 1636 2895 1693 lustrare
2920 1638 3019 1693 sub
3050 1638 3226 1692 antris

1904 1725 2210 1783 Venantum
2239 1728 2306 1783 de
2344 1743 2493 1783 more
2515 1740 2540 1768 ει
2570 1727 2748 1796 placet
2779 1744 2792 1780 :
2827 1736 2955 1783 tunc
2982 1728 3222 1800 piscibus
3250 1727 3386 1783 altas

1901 1817 2234 1878 Praestruere
2258 1821 2546 1893 aggeribus
2573 1820 2789 1891 piscoso
2811 1819 2867 1876 in
2894 1818 3115 1878 flumine
3143 1834 3322 1892 sepes.

2495 1960 2585 2015 DE
2624 1958 2904 2017 MAR'PIO.

1902 2094 2127 2153 Martius
2155 2106 2406 2156 exortum
2434 2097 2625 2154 statuit
2650 2100 2737 2155 cui
2762 2096 3025 2155 Romulus
3062 2099 3211 2164 anni,

1902 2186 2074 2247 Marte
2104 2198 2254 2247 tenet
2274 2190 2518 2258 ductum,
2546 2188 2812 2248 bellorum
2842 2191 3111 2262 principe,
3137 2206 3337 2247 nomen
3369 2204 3386 2245 :

1902 2271 2074 2351 Quem
2098 2291 2374 2340 auctorem
2405 2284 2620 2356 generis
2646 2283 2818 2340 Remo
2837 2298 2963 2341 cum
2998 2284 3167 2340 fratre
3201 2283 3459 2352 Quirinus

1901 2370 2142 2429 Credidit
2168 2388 2289 2429 esse
2314 2374 2436 2440 sui;
2468 2373 2698 2444 duplicis
2724 2376 2811 2431 cui
2840 2374 3017 2431 sidera
3045 2374 3216 2432 Piscis

1901 2462 2171 2545 Praesunt,
2206 2465 2427 2521 tricenis
2456 2466 2708 2537 seriisque
2734 2466 2762 2506 ι’
2795 2466 3051 2522 micantia
3080 2466 3333 2523 flammis.

1902 2553 2058 2610 Hunc
2084 2570 2323 2612 mensem
2340 2554 2579 2625 jucunda
2602 2557 2788 2613 fovent
2813 2558 3035 2614 exordia
3072 2558 3246 2624 veris;

1902 2642 2005 2710 Qui
2034 2660 2205 2710 mare,
2229 2645 2324 2716 qui
2356 2653 2530 2701 terras
2551 2646 2733 2718 specie
2759 2647 3074 2717 tranquillat
3095 2664 3309 2705 amoena
3336 2666 3353 2706 :

1829 2723 1873 2783 B
1901 2733 2090 2790 Estus
2114 2734 2314 2792 Oceani
2342 2737 2445 2793 hoc
2475 2738 2711 2809 primum
2739 2753 3068 2812 consurgere
3100 2754 3345 2814 magnos,

1899 2826 2139 2885 Navibus
2164 2840 2220 2885 et
2244 2831 2419 2903 pelagi
2447 2832 2734 2889 diffundier
2758 2849 2978 2905 aequora
3000 2836 3163 2907 pictis

1900 2918 2209 2987 Cernimus,
2240 2929 2404 2992 atque
2433 2938 2601 2979 novus
2629 2925 3449 3000 esuscendereﬂttminapiscca
3475 2945 3489 2984 ε

1897 3009 1977 3074 Ca
1987 3009 2260 3084 rerula,per
2292 3014 2485 3069 sudum
2514 3016 2746 3072 volitans
2770 3026 2883 3073 tum
2905 3019 3103 3076 stridet
3124 3020 3379 3088 hirundo,

1899 3101 2212 3173 Aereasque
2234 3118 2398 3176 grues
2420 3107 2625 3177 campis
2657 3108 2917 3176 residere,
2944 3110 3185 3181 satisque

1901 3190 2125 3248 Anseris
2155 3193 2390 3250 invisum
2412 3196 2675 3254 decedere
2700 3200 2975 3257 cernimus
3008 3217 3222 3274 agmen.

1903 3283 2133 3357 Sepibus
2157 3286 2285 3343 hinc
2308 3288 2496 3345 hortos
2519 3291 2754 3359 primum
2783 3292 2995 3349 munire
3017 3298 3313 3353 novandas.

1900 3379 2287 3452 Immundoque
2322 3383 2451 3439 fimo
2476 3393 2532 3439 et
2562 3386 2755 3441 rastris
2786 3397 2808 3426 ο
2841 3402 3165 3458 componere
3199 3399 3428 3465 tempus,

1901 3472 2126 3530 Diversa
2152 3482 2208 3530 et
2229 3476 2464 3546 propriis
2483 3478 2827 3534 committere
2847 3480 3057 3535 semina
3088 3482 3271 3537 sulcis.

1902 3564 2040 3620 Tum
2069 3581 2282 3633 cervas,
2308 3583 2553 3639 capreas,
2581 3568 2793 3640 lepores
2812 3569 3045 3628 lustrare
3069 3573 3320 3643 voluptas

1901 3657 2134 3727 Imperat
2164 3675 2179 3712 :
2209 3659 2335 3714 hinc
2364 3660 2556 3729 apibus
2585 3661 2744 3716 sedes
2771 3661 3005 3717 statione
3024 3665 3279 3732 paranda:

1902 3748 2044 3804 Vere
2071 3763 2191 3815 suo,
2221 3765 2346 3806 cum
2360 3749 2476 3821 jam
2500 3751 2730 3807 stabulis
2755 3753 2904 3808 exire
2936 3753 3163 3809 reclusis

1900 3841 2098 3896 Invitat
2126 3841 2412 3898 stimulans
2440 3842 2608 3913 prolis
2630 3842 2913 3915 mellisque
2942 3846 3158 3916 cupido.

1903 3929 2089 4000 Deque
2124 3930 2257 3988 locis
2282 3932 2498 3989 steriles
2524 3933 2716 4004 primis
2743 3942 2857 3989 tum
2889 3934 3031 3993 ferre
3046 3938 3272 3993 ~uadices

1902 4021 2195 4087 Arborum,
2221 4030 2278 4078 et
2299 4023 2498 4096 ignotis
2524 4025 2807 4081 scrobibus
2834 4027 3104 4097 deponere
3129 4040 3365 4087 suetum.

1828 4082 1873 4145 Ο
1905 4114 2122 4170 Plantas
2142 4116 2274 4187 quin
2293 4082 2457 4172 etiam
2487 4116 2718 4191 fecunda
2746 4133 2815 4174 ex
2841 4082 3037 4176 arbore
3062 4120 3247 4177 lectas.

1866 4203 2130 4271 _Arboris
2158 4205 2383 4261 alterius
2413 4214 2574 4263 natus
2600 4208 2668 4263 de
2696 4210 2939 4278 germine
2961 4219 3161 4267 cortex

1903 4295 2134 4363 Accipit,
2165 4296 2328 4367 inque
2358 4298 2479 4353 sinu
2512 4298 2656 4355 ferro
2688 4300 2990 4370 patefactus
3018 4304 3084 4357 ad
3114 4320 3347 4375 unguem

1906 4387 2188 4454 Continet;
2224 4389 2327 4445 hoc
2347 4388 2456 4445 ια)ιί
2478 4401 2705 4462 surgunt
2732 4393 2798 4449 de
2818 4394 3026 4453 semine
3053 4394 3281 4452 fruetus.

2514 4548 2604 4605 DE
2628 4548 2887 4609 ,APRILI.

1907 4680 2077 4749 Quem
2108 4681 2307 4738 Veneri
2332 4696 2549 4739 sacrum
2569 4690 2626 4737 et
2656 4682 2932 4754 proprium
2957 4683 3144 4740 dixere
3168 4684 3378 4756 priores
3474 4663 3481 4669 ’

1908 4772 2181 4840 Mensem,
2208 4773 2314 4829 hoc
2353 4773 2498 4844 quod
2539 4772 2721 4845 vigeat
2760 4773 3075 4830 demulcens
3107 4783 3302 4831 cuncta
3335 4774 3494 4832 volu-

3216 4865 3388 4938 [ριειε.

1909 4953 2142 5010 Nomine
2168 4954 2237 5011 de
2267 4953 2437 5012 Graio
2454 4956 2683 5012 ductum
2707 4955 3015 5011 vocitamus
3039 4954 3280 5028 Aprilem
3311 4973 3325 5010 :

1909 5046 2009 5103 Vel
2047 5062 2203 5119 mage
2227 5048 2373 5119 quod
2401 5056 2578 5105 terras
2602 5047 3074 5122 brumali'frigore
3102 5047 3320 5107 clausas

1908 5139 1968 5195 In
1997 5141 2179 5196 varios
2200 5142 2382 5211 aperit
2407 5142 2572 5209 fetus,
2601 5143 2854 5213 cogitque
2885 5142 3140 5210 fovendo,

1914 5234 2159 5291 Romano
2189 5244 2399 5290 tantum
2423 5235 2655 5292 excellet
2679 5250 2934 5292 sermone
2964 5246 3231 5294 vocatus..

1915 5326 2106 5382 Stellet
2134 5326 2260 5386 huic
2281 5326 2439 5383 Aries
2467 5328 2641 5383 ternis
2667 5327 2930 5397 denisque
2955 5338 3247 5391 coruscat;

1836 5448 1892 5510 Β
1918 5417 2208 5491 Siguorum
2231 5418 2451 5490 obliquo
2490 5419 2581 5490 qui
2616 5416 2782 5491 fulget
2810 5418 2865 5474 in
2889 5419 3081 5476 ordine
3103 5421 3334 5493 primus.

291 5615 317 5644 ι
340 5601 636 5658 Venantum
658 5604 723 5663 de
739 5620 900 5659 more.
926 5603 1017 5659 Sic
1040 5602 1306 5660 edidimus
1321 5609 1383 5657 ut
1405 5615 1600 5657 sensus
1623 5610 1809 5673 postn-
1913 5608 2190 5673 commte.

216 5670 406 5746 labat;
440 5674 494 5729 in
516 5676 684 5746 priori
717 5675 973 5746 editione,
1002 5683 1263 5729 venatum.

1989 5667 2199 5725 eFinio
2230 5669 2509 5726 etraslris.
2557 5667 2650 5727 Sic
2690 5670 2861 5727 codex
2891 5670 3067 5742 Bigot.
3112 5668 3169 5724 In
3195 5667 3392 5742 editis,
3421 5684 3509 5720 ro-

252 5762 255 5763 ν
296 5745 323 5785 δ
350 5738 627 5817 Satisque.
668 5746 845 5800 Antea
888 5745 1185 5817 legebatur,
1225 5744 1502 5817 semisque.
1553 5743 1695 5817 infra
1734 5760 1811 5817 rex
1917 5744 2039 5817 stris
2062 5756 2168 5817 :_ex
2188 5744 2376 5798 eodem
2402 5741 2587 5817 codice
2609 5742 2923 5813 scripsimus
2942 5738 3150 5813 plantas
3176 5742 3301 5813 quin
3326 5738 3519 5802 aiunt,

216 5817 409 5893 codice
438 5816 609 5887 Bigot.
645 5817 909 5872 edidimus
936 5816 1242 5897 di/Tzcndiqr,
1275 5816 1365 5896 ubi
1388 5815 1506 5871 erat
1530 5815 1806 5885 cli/fundis.

1919 5815 2011 5870 ubi
2040 5814 2243 5870 editum
2275 5822 2392 5870 erat
2420 5813 2633 5882 plantis,
2657 5823 2764 5871 etc.
