4000 6352
535 381 638 439 ϐΞῚ

538 497 676 555 lluic
704 498 858 554 laetos
877 497 1058 554 crines
1076 493 1422 567 iucundaque
1454 505 1694 565 tempora
1726 495 1965 551 Phoebus

539 590 791 648 Floribus
818 607 884 647 ac
912 590 1073 645 viridi
1097 589 1334 659 primum
1363 589 1430 645 de
1464 588 1656 644 fronde
1680 585 1947 645 venusta't.

543 683 658 739 lloc
694 700 818 739 nam
841 690 1035 740 cuncta
1062 697 1188 739 suos
1209 691 1500 753 erumpunt
1531 680 1773 753 germina
1795 688 2018 752 partus;

541 775 658 832 Hoc
683 775 857 846 campi
883 776 1138 848 silvrcque
1159 784 1217 832 et
1235 784 1392 846 prata
1419 775 1659 830 recentia
1691 789 1914 839 mense,
2057 842 2066 852 ν

539 866 820 934 Gramine,
849 865 1066 935 fronde,
1099 867 1252 931 satis,
1277 866 1445 924 variis
1490 875 1829 938 vernantque
1870 861 2122 933 frutetis,

537 956 621 1012 Ad
642 965 966 1028 pastumque
987 971 1179 1028 greges
1212 957 1434 1013 mittunt
1464 957 1727 1028 pmscpia
1751 963 2000 1013 cunctos.

541 1044 678 1100 Tum
707 1045 996 1116 philomela
1022 1062 1149 1102 suos
1172 1046 1435 1102 exercitat
1464 1047 1693 1119 impigra
1715 1055 1930 1115 cantus,

536 1135 743 1205 Arguta
767 1144 822 1191 et
852 1135 1010 1192 tectis
1031 1138 1216 1194 nidum
1254 1138 1535 1208 suspendit
1560 1138 1792 1194 hirundo
1823 1156 1838 1192 :

536 1226 677 1282 Tum
705 1227 903 1294 sturni,
932 1227 1175 1293 merulae,
1204 1229 1372 1294 turdi,
1395 1229 1652 1300 silvisque
1678 1228 1929 1286 volucres

537 1318 740 1385 Suetaa,
767 1319 1058 1376 multisono
1078 1320 1415 1391 permulcent
1436 1336 1563 1377 aera
1595 1329 1778 1378 cantu.

539 1412 746 1468 Turtur
780 1423 891 1469 tum
915 1414 1117 1486 gemitu
1144 1415 1374 1486 pariter,
1407 1431 1693 1487 raucaeque
1720 1415 2003 1486 palumbes

536 1501 726 1559 Rurali
753 1498 1029 1560 oblectant
1065 1497 1239 1561 fes’sos
1266 1507 1446 1562 studio
1474 1515 1636 1577 atque
1661 1505 1874 1571 labore;

535 1593 783 1650 Venandi
813 1595 918 1650 hoc
944 1596 1137 1651 eadem
1158 1604 1242 1651 est
1265 1594 1600 1666 Martisquee
1629 1611 1815 1651 mense
1857 1592 2122 1665 voluptas.

533 1683 745 1739 interea
771 1685 1024 1755 agricolae
1050 1685 1328 1752 insistunt,
1357 1687 1647 1758 frugesque
1668 1685 1878 1742 futuras

536 1771 768 1844 Sepibus
789 1784 882 1831 aut
905 1775 1067 1832 fossis
1089 1786 1384 1850 properant
1411 1778 1623 1833 munire
1643 1778 1843 1834 caratis
1865 1789 1894 1818 ι

535 1862 696 1920 Prata
719 1866 804 1922 vel
829 1868 1046 1926 emissis
1073 1870 1315 1926 celerant
1343 1880 1530 1942 potare
1573 1870 1822 1937 ﬂuentis;

534 1952 751 2011 Vilibus
779 1967 872 2012 aut
893 1959 1064 2017 vallos
1089 1962 1295 2019 addunt
1317 1962 1606 2034 furcasque
1627 1963 1901 2026 bicornes,

535 2042 950 2118 Corticibusque
970 2050 1162 2130 ligant,
1187 2061 1380 2110 ventos
1403 2063 1465 2110 ut
1491 2063 1733 2110 temnere
1756 2052 1953 2111 ﬂantes

534 2133 844 2195 Pendentes
876 2139 1035 2197 facile
1056 2153 1112 2197 et
1132 2145 1346 2214 possint
1372 2155 1884 2216 portare'racemos,

533 2229 760 2287 Gratam
788 2248 894 2289 neu
922 2236 1159 2305 speciem
1188 2238 1368 2293 vineta
1390 2239 1628 2308 iacentia
1663 2248 1907 2312 turpent,

533 2320 645 2375 Aut
675 2323 913 2380 validum
952 2325 1178 2398 indigno
1207 2336 1419 2384 mutent
1462 2329 1802 2401 perdantque
1848 2345 2122 2402 saporem.

1169 2458 1258 2515 DE
1293 2458 1482 2518 MAIO.

534 2589 790 2649 Mercurii
818 2601 1012 2660 mater,
1039 2592 1178 2650 falso
1201 2595 1386 2652 delusa
1412 2595 1658 2668 priorum

536 2681 694 2738 ditas
715 2699 878 2755 quam
911 2685 1100 2752 caluit,
1130 2685 1351 2754 Maium,
1378 2689 1702 2758 cognomine
1736 2687 1882 2745 Maia

535 2774 788 2846 lnsignit;
832 2777 916 2833 vel
937 2777 1202 2849 majorum
1227 2779 1293 2834 de
1322 2779 1542 2835 nomine
1568 2788 1785 2852 patrum

538 2865 742 2929 Dictus,
768 2882 896 2936 pars
919 2869 1097 2939 populi
1126 2885 1252 2940 quas
1276 2869 1496 2943 dignior
1511 2873 1646 2928 urbe
1673 2879 1853 2943 togata

537 2955 761 3012 Exstitit
793 2975 808 3013 :
837 2958 963 3014 huic
991 2959 1204 3015 Taurus
1227 2970 1310 3016 ter
1332 2963 1501 3031 quino
1527 2963 1706 3018 sidere
1731 2963 1944 3034 fulgens

538 3047 889 3104 Auricomum
913 3049 1134 3119 praefert
1151 3051 1339 3106 aestiva
1371 3052 1619 3123 lampade
1644 3052 1908 3110 Phoebum
1925 3095 1944 3121 ,

536 3133 847 3208 luﬂexoque
876 3153 1016 3208 genu
1046 3142 1360 3198 scandentis
1390 3143 1442 3196 in
1470 3144 1672 3199 aethera
1697 3145 1862 3200 Tauri

540 3227 794 3284 Frontem
818 3229 1069 3287 .Maiades
1089 3234 1330 3303 septenis
1359 3235 1572 3306 ignibus
1597 3245 1818 3292 aurant.

541 3321 641 3379 llic
667 3322 813 3378 veris
833 3322 1092 3379 claudens
1111 3327 1325 3381 aestivos
1348 3327 1536 3398 incipit
1562 3330 1742 3392 orbes,

541 3415 886 3487 Tellurisque
911 3433 1078 3474 novas
1105 3417 1288 3490 fruges
1311 3420 1631 3478 mortalibus
1651 3423 1811 3494 :egris

542 3508 865 3578 Ostendens,
894 3511 1125 3567 calathis
1145 3513 1355 3583 primus
1381 3529 1478 3569 sua
1505 3515 1693 3584 pocula
1723 3516 1943 3583 miscet,

540 3600 826 3672 Fragaque
848 3603 915 3658 de
942 3604 1170 3661 modicis
1197 3605 1484 3674 praedulcia
1511 3606 1716 3676 colligit
1743 3607 1946 3662 herbis.

539 3693 597 3749 ln
636 3694 814 3765 spicas
840 3705 950 3750 tum
967 3696 1084 3767 jam
1108 3696 1394 3752 viridantia
1424 3698 1633 3752 semina
1674 3708 1922 3769 surgunt,

539 3785 867 3860 Auritosque
895 3796 1086 3858 tegunt
1113 3787 1325 3858 lepores
1353 3788 1611 3844 lactentia
1649 3787 1818 3844 farra.

543 3875 658 3932 Hoc
678 3878 861 3933 herbis
888 3879 1080 3934 durum
1112 3879 1332 3948 prodest
1354 3881 1566 3937 mollire
1586 3881 1804 3954 lyaeum,

542 3968 1001 4041 Praisumptisque
1027 3987 1383 4028 novercarum
1413 3975 1586 4030 vitare
1615 3989 1819 4031 venena

545 4061 785 4126 Potibus,
809 4063 861 4117 in
890 4065 1257 4134 variam.quos
1277 4066 1500 4137 gignunt
1528 4083 1658 4122 arva
1696 4066 1981 4123 medelam.

543 4149 685 4217 Quin
715 4159 776 4204 et
795 4160 1002 4209 mutato
1027 4162 1310 4223 serpentes
1337 4170 1464 4210 aere
1492 4155 1712 4210 morbos
1731 4196 1747 4220 ,

544 4239 681 4294 Tum
712 4240 922 4296 medica
947 4257 1014 4297 ex
1039 4258 1138 4299 usu
1169 4242 1326 4299 facile
1356 4253 1439 4299 est
1465 4244 1733 4313 depellere
1759 4259 1909 4299 cura.

544 4331 656 4388 lloc
684 4334 847 4387 etiam
875 4348 1062 4388 mense
1087 4343 1348 4391 autumno
1379 4349 1498 4404 qua:
1527 4335 1633 4390 rite
1659 4343 1942 4400 seruntur,

541 4424 808 4497 Agricolae
832 4425 1010 4481 ductis
1035 4426 1309 4482 invertunt
1335 4435 1483 4498 terga
1504 4425 1774 4497 iuvencis.

540 4517 674 4585 Hoc,
703 4519 902 4590 quibus
931 4519 1195 4576 armentis
1224 4535 1377 4576 amor
1401 4528 1484 4576 est
1510 4529 1566 4578 et
1593 4519 1772 4576 cultus
1795 4519 2052 4577 habendi.

539 4607 795 4665 Fecunda
822 4625 1002 4680 pecori
1032 4606 1229 4666 lectum
1261 4611 1329 4666 de
1353 4625 1504 4667 more
1534 4611 1792 4667 maritum

544 4700 827 4770 Emittunt,
856 4709 1071 4774 gentem
1099 4701 1332 4758 dominis
1357 4701 1450 4772 qui
1475 4711 1658 4760 servet
1675 4703 1951 4775 equinam.

545 4791 661 4852 Hoc
689 4805 907 4868 quoque
930 4796 1200 4854 delectum
1228 4798 1424 4855 castris
1450 4799 1676 4870 acieque
1695 4801 1934 4871 probare

545 4887 800 4954 Tironem
825 4898 979 4945 vetus
999 4890 1236 4946 instituit
1260 4891 1534 4958 doctrina,
1557 4893 1826 4963 simulque

544 4976 762 5033 Turmis
787 4988 844 5033 et
869 4978 1081 5051 legione
1105 4980 1280 5037 hostis
1304 4996 1556 5052 premere
1566 4998 1730 5038 arma
1757 4975 2019 5055 superbi:

545 5066 654 5123 Seu
685 5068 914 5126 classem
940 5070 1264 5129 instructam
1293 5075 1471 5130 ventis
1493 5084 1680 5146 aptare
1706 5077 1984 5132 secundis.

545 5156 792 5228 Tumque
821 5157 960 5220 favis
983 5171 1116 5218 testu
1144 5165 1357 5222 croceis
1381 5167 1578 5222 emissa
1603 5165 1863 5234 juventus

543 5246 685 5303 Aere
710 5247 811 5304 sub
839 5250 986 5307 nudo
1009 5250 1165 5320 ludit,
1196 5255 1531 5327 stabulisque
1558 5257 1762 5312 relictis

546 5338 762 5412 lgnotas
798 5353 1046 5412 quaerunt
1069 5347 1386 5420 vagabunda
1415 5349 1669 5404 examina
1691 5349 1850 5405 sedes
1868 5365 1892 5404 :

619 5506 645 5534 ι
677 5495 888 5576 tinnire
922 5502 1139 5576 caretis.
1167 5503 1225 5576 l_n
1260 5504 1445 5576 codice
1481 5497 1696 5576 Bigot.,'
1724 5505 1935 5572 calatis,
1963 5504 2122 5560 male.

545 5563 802 5647 Caratum
847 5569 898 5624 in
947 5572 1124 5628 media
1175 5573 1470 5647 Latinitate
1512 5563 1612 5647 pro
1659 5563 1802 5634 vallo
1838 5563 1936 5634 seu
1975 5576 2122 5631 fossa

547 5646 868 5722 usurpatum
888 5655 1009 5722 esse
1031 5645 1187 5712 pauci
1212 5645 1480 5722 ignorant.
1514 5645 1722 5703 'Statim
1761 5657 1917 5720 prata
1956 5647 2126 5722 edidi-

544 5706 694 5776 ωυεζ
715 5706 805 5764 "bi
854 5706 1132 5784 legebatur
1162 5706 1338 5786 grEta,
1364 5717 1516 5774 nullo
1535 5734 1730 5787 sensu;
1761 5706 1909 5777 'mox
1955 5721 2126 5774 vineta

1505 381 2014 440 WANDALBERTI
2051 381 2472 447 PRUMJENSIS
2519 381 2828 441 MONACHI
3709 383 3802 439 628

2151 496 2203 558 Α
2229 493 2345 550 Alis
2371 508 2513 565 saepe
2533 495 2695 552 etiam
2724 494 2924 554 bellum
2952 493 3295 566 stimulisque
3320 496 3618 562 lacessunt,

2228 589 2286 644 ln
2311 587 2705 660 pulchramque
2737 595 2900 643 ruunt
2922 587 3168 644 animoso
3196 597 3418 659 pectore
3440 596 3692 646 mortem.

2842 717 2932 773 DE
2967 717 3185 776 JUNlO.

2224 853 2266 908 A
2298 851 2436 910 Jano
2464 869 2680 911 senum
2709 853 2900 910 statuit
2925 869 3085 925 quem
3115 853 3289 912 Julius
3316 858 3442 913 anni

2227 945 2487 1011 Mensem,
2515 944 2744 1001 Junonis
2771 946 3067 1001 retinemus
3097 949 3316 1003 nomine
3347 949 3582 1012 dictum;

2224 1035 2332 1089 Aut
2361 1035 2588 1108 populus
2608 1035 2797 1105 junior
2824 1037 3070 1107 patribus
3092 1038 3159 1092 de
3187 1053 3339 1095 more
3367 1041 3662 1104 secundus,

2225 1127 2342 1184 Hoc
2369 1128 2541 1184 mensi
2571 1129 2830 1200 imposuit
2855 1136 3072 1185 servato
3098 1144 3164 1185 ex
3190 1131 3384 1186 ordine
3413 1148 3632 1187 nomen.

2225 1217 2366 1274 Huic
2391 1218 2603 1276 Gemini
2633 1232 2848 1291 aequata
2883 1221 3215 1294 praesignant
3251 1223 3499 1294 lampade
3524 1224 3802 1288 Pbmbum.

2227 1311 2418 1367 Sidere
2447 1320 2532 1367 ter
2555 1312 2721 1381 quino
2745 1312 2920 1368 celsus
2943 1328 3081 1383 quos
3107 1314 3332 1386 signifer
3351 1325 3528 1371 aurat.

2227 1402 2474 1459 Solstitio
2502 1404 2592 1459 hic
2619 1404 2857 1474 reliquos
2887 1414 3109 1476 superat
3135 1406 3418 1478 longisque
3444 1410 3637 1464 diebus

2226 1492 2458 1561 Menses,
2484 1495 2552 1550 ad
2581 1511 2821 1552 summos
2849 1498 2971 1552 (εωιὶ
2998 1499 3090 1570 qui
3118 1501 3369 1568 pervenit
3396 1501 3574 1556 orbes.

2226 1585 2456 1640 Torrida
2485 1595 2539 1642 ct
2566 1587 2669 1642 hoc
2695 1596 2855 1643 aestas
2879 1601 3091 1659 segetes
3120 1590 3284 1656 fovet,
3315 1607 3553 1663 arvaque
3576 1595 3802 1664 primum

2223 1676 2488 1732 Fluminis
2513 1677 2570 1733 in
2601 1683 2835 1749 speciem
2867 1681 3061 1736 culmis
3091 1683 3302 1737 undare
3329 1682 3544 1739 refertis

2227 1767 2400 1824 Eﬂicit
2429 1789 2441 1824 :
2471 1771 2574 1827 hoc
2600 1766 2787 1830 hortos
2818 1775 2982 1829 etiam
3010 1792 3108 1831 sua
3139 1794 3268 1832 cura
3298 1779 3508 1842 revisit,

2149 1856 2197 1919 Β
2225 1865 2399 1934 Atque
2419 1865 2625 1944 olerum
2646 1867 2758 1936 jam
2786 1879 2913 1924 tunc
2940 1871 3161 1941 prodest
3193 1882 3546 1942 transponere
3575 1874 3803 1943 plantas,

2227 1958 2367 2012 Dum
2390 1967 2588 2014 tenerae
2610 1961 2662 2015 in
2684 1960 2920 2017 fructum
2939 1972 3172 2034 possunt
3193 1965 3505 2020 adolescere
3522 1965 3801 2038 pinguem;

2225 2050 2345 2106 Mox
2375 2052 2567 2119 violas,
2597 2063 2759 2126 atque
2793 2055 2916 2111 inde
2945 2071 3120 2122 rosas,
3149 2065 3204 2112 et
3231 2057 3340 2110 lilia
3373 2065 3584 2128 tempus

2223 2142 2477 2212 Carpere,
2509 2153 2566 2199 et
2592 2143 2644 2198 in
2675 2144 2906 2200 calathis
2938 2145 3218 2217 hyacinthi
3244 2145 3473 2216 iungere
3502 2145 3715 2202 ﬂorem.

2224 2232 2362 2288 Hinc
2388 2249 2504 2288 mos
2530 2233 2738 2289 lactuca
2767 2249 2953 2291 comas
2978 2250 3301 2306 componere
3327 2236 3531 2299 dulces,

2225 2319 2494 2377 Suavibus
2520 2332 2684 2393 atque
2711 2324 2896 2380 herbis
2919 2324 3127 2380 validos
3154 2326 3398 2381 relevare
3424 2343 3651 2398 sapores

2221 2414 2381 2477 Allia,
2411 2429 2566 2486 cepe,
2593 2416 2706 2472 suis
2735 2425 2864 2472 tunc
2891 2426 3018 2472 sunt
3040 2419 3347 2488 gratissima
3375 2421 3571 2483 succis,

2224 2507 2360 2563 Tum
2382 2523 2596 2579 quoque
2617 2518 2798 2565 menta
2820 2511 3020 2581 placet,
3044 2519 3274 2582 tumque
3294 2521 3378 2566 est
3403 2513 3635 2567 satureia
3664 2512 3803 2565 salu-

3579 2600 3739 2673 [hris,

2222 2691 2357 2748 Cum
2385 2692 2612 2748 necdum
2642 2691 2850 2748 validas
2879 2693 3157 2748 concrevit
3188 2709 3382 2750 succus
3410 2692 3463 2748 in
3489 2693 3712 2748 herbas.

2224 2784 2376 2839 Tunc
2404 2791 2460 2839 et
2491 2784 2662 2840 dulcis
2697 2799 2854 2854 aquae
2880 2784 3165 2840 salientem
3195 2799 3443 2854 qumrere
3471 2799 3673 2840 venam

2221 2875 2429 2947 Jejunis
2460 2876 2654 2948 placet,
2680 2885 2844 2947 atque
2871 2878 3066 2932 haustu
3098 2876 3271 2931 vitare
3295 2875 3522 2931 calores.

2223 2967 2362 3023 Hinc
2386 2968 2550 3022 etiam
2580 2983 2766 3023 cerasa
2795 2968 3080 3023 arboribus
3113 2967 3406 3038 decerpere
3439 2976 3672 3036 tempus.

2225 3059 2478 3116 Puniceis
2505 3060 2710 3115 cerasis
2739 3061 3036 3114 succedunt
3070 3074 3226 3114 cerea
3253 3074 3450 3129 pruna.

2228 3150 2458 3221 Moxque
2486 3151 2633 3221 pyris
2663 3150 2852 3220 primis
2883 3149 3154 3204 adduntur
3178 3150 3330 3204 mitia
3361 3148 3526 3213 mala,

2150 3215 2195 3277 ο
2227 3244 2518 3314 Postquam
2543 3242 2764 3298 desecto
2791 3243 3079 3296 viduantur
3104 3252 3260 3314 prata
3289 3242 3489 3303 virore,

2227 3335 2491 3406 Agricolte
2517 3343 2572 3390 et
2607 3333 2792 3390 clauso
2820 3341 3172 3390 contemnunt
3202 3333 3400 3407 frigora
3431 3331 3593 3386 freno.

2225 3426 2534 3483 Glandifera
2563 3427 2690 3482 hinc
2716 3425 2904 3483 ﬂorem
2935 3442 3033 3498 per
3054 3425 3219 3482 silvas
3248 3425 3422 3481 induit
3448 3425 3629 3479 arbos.

2225 3521 2358 3591 ipsae
2386 3531 2441 3578 et
2466 3520 2648 3577 vicino
2675 3522 2813 3577 vites
2842 3537 2962 3577 cum
2988 3518 3119 3577 ﬂore
3149 3529 3456 3577 tumescunt

2843 3654 2933 3709 DE
2967 3652 3184 3711 JULlO.

2228 3785 2421 3842 Martis
2447 3786 2603 3858 origo
2632 3786 2737 3840 sibi
2768 3786 3016 3857 quintum
3043 3802 3205 3858 quem
3235 3787 3414 3861 signat
3438 3787 3491 3843 in
3516 3801 3677 3852 anno,

2229 3876 2630 3946 Quintilcmque
2657 3891 2785 3932 suos
2803 3874 2966 3945 jussit
2993 3877 3235 3933 vocitare
3266 3877 3547 3944 Quirinus,

2232 3971 2507 4040 Septimus
2533 3988 2562 4024 a
2591 3969 2728 4026 Jano
2758 3970 2996 4026 medium
3025 3986 3174 4027 nunc
3200 3969 3409 4026 obtinet
3431 3983 3614 4024 annur

2229 4063 2425 4128 Julius,
2454 4080 2485 4118 a
2515 4077 2820 4135 magnoque
2845 4062 3075 4118 excellet
3101 4061 3316 4118 Caesare
3343 4060 3544 4116 dictus.

2231 4156 2481 4213 Solstitio
2508 4155 2753 4211 ardentis
2773 4153 2994 4220 Cancri,
3022 4153 3112 4208 cui
3136 4153 3314 4209 sidera
3344 4151 3550 4222 fulgent

2231 4250 2478 4317 Quatuor
2502 4257 2559 4304 et
2585 4247 2740 4303 denis
2767 4247 2973 4317 pariter
3001 4246 3268 4302 radiantia
3304 4244 3560 4304 ﬂammis,

2232 4343 2387 4398 llunc
2413 4342 2636 4413 paribus
2659 4340 2850 4410 spatiis
2878 4339 3052 4396 centri
3077 4339 3312 4394 demissa
3337 4353 3436 4408 per
3463 4350 3620 4390 axem

2230 4433 2520 4491 Consociat
2549 4440 2704 4488 sexto
2731 4430 2860 4487 solis
2884 4431 2974 4485 lux
3001 4445 3164 4486 aurea
3199 4428 3396 4485 mensi.

2230 4528 2500 4584 Fecunda:
2526 4527 2631 4582 hoc
2661 4533 2870 4595 segetes
2898 4524 3092 4581 culmis
3125 4522 3420 4580 ﬂavescere
3444 4517 3663 4579 summis

2232 4618 2523 4687 Incipiunt,
2554 4624 2609 4672 et
2634 4629 2783 4686 spem
2813 4617 3005 4672 messis
3029 4625 3242 4670 matura
3273 4611 3478 4668 referre

2231 4708 2447 4764 Hordea
2474 4707 2574 4763 sub
2605 4707 2797 4778 primis
2825 4706 3068 4761 autumni
3093 4706 3239 4777 jacta
3268 4706 3497 4776 pruinis.

2233 4798 2347 4853 Hoc
2369 4811 2585 4868 quoque
2605 4795 3039 4866 quandoquidem
3063 4793 3229 4863 justis
3249 4795 3394 4850 fovet
3417 4794 3594 4866 igibus
3613 4805 3724 4846 arva

2232 4887 2489 4952 Phtebus,
2517 4887 2786 4941 triticeam
2814 4886 3056 4956 praebent
3082 4886 3221 4942 bona
3246 4887 3464 4941 ﬂamina
3501 4897 3731 4940 messem.

2235 4980 2372 5034 Hinc
2395 4979 2559 5034 etiam
2590 4978 2686 5033 lini
2715 4987 2951 5048 segetem
2973 4994 3170 5034 manus
3193 4987 3319 5049 apta
3348 4977 3605 5049 requirit;

2233 5071 2370 5127 Nam
2399 5079 2514 5125 sata
2541 5086 2669 5140 quae
2686 5070 2848 5126 fuerit
2871 5070 3061 5126 Martis
3088 5073 3189 5127 sub
3212 5087 3422 5134 mense,
3451 5071 3659 5126 refertis

2234 5161 2508 5217 Folliculis
2535 5161 2714 5217 reddit
2743 5169 3012 5216 maturant
3042 5162 3247 5228 Julius;
3279 5174 3447 5235 atque

2235 5253 2340 5308 Per
2361 5268 2605 5309 mensem
2630 5254 2660 5293 ιι
2688 5254 2914 5309 Veneris
2937 5255 3102 5311 sulcis
3128 5271 3250 5326 quze
3277 5257 3484 5312 credita
3511 5254 3664 5319 raris,

2235 5342 2478 5416 Augusto
2499 5359 2740 5400 mensem
2762 5360 2954 5415 campo
2976 5346 3125 5401 dabit
3151 5347 3266 5418 ipsa
3295 5356 3536 5418 perusto.

2246 5502 2490 5583 iacentia,
2531 5503 2622 5559 ubi
2676 5512 2798 5560 erat
2841 5505 3014 5559 uincta
3043 5505 3315 5575 jacentia;
3364 5515 3422 5565 et
3460 5507 3602 5563 favet
3643 5504 3785 5559 codex

2277 5583 2466 5698 ’ξοβετ
2496 5662 2744 5720 magna
2785 5646 2876 5720 Sic
2919 5646 3086 5703 codex
3116 5645 3296 5720 Bigot.
3331 5649 3504 5706 Antea
3545 5645 3782 5720 Iesebéiﬂl

2233 5729 2324 5785 per
2351 5717 2541 5772 mensis
2567 5733 2588 5772 .'
2615 5718 2668 5774 in
2714 5719 2902 5776 eodem
2938 5735 3096 5775 versu
3147 5709 3396 5778 voculam
3443 5739 3564 5792 quia.
3593 5709 3783 5773 addidi‘

2237 5801 2377 5840 mus.
