4000 6352
182 395 289 452 629

188 509 301 563 Hoc
324 517 537 575 quoque
566 513 749 557 mense
778 499 927 572 pyris
947 512 1161 555 mensas
1186 513 1381 554 ornare
1408 497 1694 565 secudans,

189 595 559 663 Prtedulcique
592 591 719 648 licet
747 590 1041 661 decerpere
1062 588 1274 659 persica
1302 596 1462 657 gustu

189 692 364 745 Parva
394 702 489 757 per
515 684 732 740 mstivos
768 682 1003 755 primum
1042 690 1254 735 matura
1278 680 1488 736 calores
1740 745 1767 773 .

187 783 322 850 Qua:
353 778 615 843 existunt,
662 774 874 846 reliqua
923 781 1185 829 autumno
1222 786 1348 827 nam
1399 769 1594 825 cedere
1648 769 1775 824 cer;

1431 861 1571 935 [tum
1593 871 1702 917 est.

186 967 361 1022 Farre
388 964 550 1020 etiam
574 963 749 1035 primo
770 961 1005 1018 imbutas
1036 958 1208 1015 libare
1241 971 1341 1030 per
1369 971 1493 1011 aras

189 1058 330 1113 Tum
354 1066 531 1122 vacat,
556 1071 620 1112 ac
646 1054 799 1111 laetos
832 1053 961 1109 anni
992 1053 1284 1122 deposcere
1312 1052 1539 1115 fructus,

186 1150 329 1206 Cum
386 1148 613 1205 necdum
662 1147 876 1219 plenam
926 1145 1158 1203 fundunt
1202 1159 1299 1199 sua
1355 1152 1598 1213 tempora
1632 1156 1777 1198 mes-

1566 1234 1705 1309 [sem

187 1334 482 1406 Frugibus,
512 1340 569 1389 et
592 1332 718 1390 coeli
747 1332 913 1388 facies
937 1332 1139 1389 oranda
1169 1331 1344 1387 sereni
1373 1338 1476 1386 est.

190 1424 499 1480 Venantum
526 1425 668 1480 hunc
689 1425 865 1481 studio
889 1424 1114 1495 pingues
1140 1424 1349 1495 agitare
1374 1430 1649 1493 repertum

187 1516 423 1582 Cervos,
448 1515 576 1573 hinc
612 1516 838 1571 canibus
862 1515 1013 1571 silvis
1042 1515 1274 1570 lustrare
1295 1514 1396 1570 sub
1414 1513 1561 1580 altis,

187 1605 435 1677 Corpora
465 1614 592 1660 tunc
616 1606 841 1660 maciem
871 1605 1105 1675 primum
1134 1604 1360 1659 vitantia
1395 1602 1632 1674 longam,

187 1694 369 1762 Quam
391 1694 573 1750 Venus
593 1702 649 1749 et
679 1694 849 1750 sterili
873 1702 1199 1765 pepererunt
1222 1691 1425 1763 frigora
1458 1700 1641 1763 pastu,

186 1784 353 1841 Flore
382 1801 520 1842 novo
546 1794 724 1842 certos
750 1794 1034 1857 postquam
1076 1785 1256 1838 vineta
1286 1798 1532 1839 racemos

188 1875 459 1950 Gignunt,
488 1877 603 1933 btec
646 1892 890 1934 mensem
924 1876 1067 1931 hunc
1096 1875 1274 1947 potior
1311 1890 1436 1931 nam
1466 1873 1643 1945 gratia
1684 1888 1777 1929 co-
1808 1864 1857 1927 Β

1569 1965 1711 2039 [mit.

754 2104 844 2161 DE
878 2102 1229 2162 AUGUSTO.

191 2241 423 2297 Sextum
478 2255 639 2311 quem
686 2256 915 2296 numero
961 2248 1018 2296 et
1065 2238 1317 2295 sextilem
1367 2238 1630 2294 Romulus
1682 2253 1784 2294 au-

1575 2330 1719 2405 [ctor

190 2426 427 2481 Nomine
453 2427 714 2491 decrevit,
741 2426 923 2482 Caesar
949 2434 1071 2496 post
1103 2423 1279 2481 Julius
1301 2424 1430 2479 anni

189 2520 422 2575 Censuit
442 2529 712 2585 octavum,
743 2518 970 2590 Augusti
1007 2517 1330 2590 cognomine
1351 2515 1525 2571 Roma

192 2610 437 2677 Mutans,
464 2610 755 2666 Octaviano
787 2610 1052 2681 insignem
1079 2608 1323 2680 principe
1347 2606 1504 2661 dixit.

194 2701 416 2772 Equali
449 2703 536 2757 hic
562 2702 737 2773 spatio
765 2700 905 2756 Maio
929 2715 1054 2756 cum
1084 2714 1268 2755 mense
1292 2706 1525 2765 rotatur,

196 2797 584 2866 Devexumque
618 2795 714 2850 tibi
741 2778 1027 2850 moderans
1062 2802 1387 2863 auctumque
1414 2790 1647 2859 remittit

195 2886 452 2941 Antehac
474 2884 863 2957 flammigeram
888 2884 1197 2939 volventem
1219 2882 1472 2952 lampada
1497 2880 1664 2937 solem
1680 2879 1722 2951 ς]

198 2981 389 3047 Denis,
419 2980 736 3051 octonisque
758 2980 963 3034 micant
990 2977 1077 3034 cui
1108 2977 1259 3048 signa
1285 2975 1483 3031 Leonis

196 3074 443 3146 Ignibus,
472 3072 687 3127 aestivos
719 3072 951 3126 fundunt
978 3086 1099 3141 quae
1121 3079 1366 3125 extrema
1390 3078 1626 3138 tepores,

197 3164 283 3219 Ac
311 3163 566 3219 Cererem
594 3162 802 3217 ﬂavam‘
816 3171 1057 3217 maturas
1079 3161 1345 3232 stringere
1376 3160 1577 3216 aristas

1078 385 1165 442 DE
1200 384 1294 441 ΧΠ
1332 383 1645 441 MENSIUM
1684 381 2088 449 NOMINIBUS,
2132 379 2378 447 SIGNIS,
2418 379 2572 436 E'I‘C.

3355 381 3469 439 σω,

1793 500 1844 561 Α
1872 494 2122 563 Sumere,
2149 505 2205 551 et
2225 494 2467 549 autumni
2491 492 2779 551 fecundum
2804 507 3030 566 poscere
3052 493 3327 552 Bacchum
3345 539 3362 565 ,

1872 585 2071 642 Mellita
2105 596 2267 656 atque
2285 586 2461 656 epulis
2487 594 2703 655 gustare
2726 585 3013 657 absynthia
3036 587 3295 657 sumptis,

1874 681 2130 737 Dulcibus
2158 690 2322 752 atque
2345 679 2484 736 favis
2512 679 2869 751 laticesjuvat
2924 682 3121 738 addere
3157 699 3341 755 puros.

2410 833 2498 889 DE
2536 832 2943 890 SEPTEMBRI.

1874 954 2083 1025 Nonum
2110 985 2253 1026 nunc
2275 969 2400 1025 anni
2427 985 2712 1027 censemus
2733 970 2785 1025 in
2812 971 3003 1026 ordine
3032 983 3271 1026 mensem
3297 986 3313 1024 :

1876 1059 2150 1131 Septimus
2178 1075 2207 1113 a
2232 1059 2421 1125 Marte,
2456 1060 2655 1131 primo,
2682 1068 2957 1116 statuente
2986 1059 3238 1127 Quirino,

1875 1152 1978 1219 Qui
2001 1151 2125 1217 fuit,
2152 1152 2376 1221 antiquo
2397 1167 2681 1208 numerum
2712 1153 2779 1207 de
2810 1152 3026 1207 nomine
3049 1151 3286 1223 priscum

1877 1247 2031 1304 Nunc
2054 1262 2293 1318 quoque,
2325 1255 2379 1300 et
2402 1248 2643 1301 autumni
2681 1246 2892 1317 pluvias
2923 1261 3049 1301 cum
3100 1253 3345 1314 tempore
3395 1243 3470 1297 si-

3468 1015 3480 1045 1

3177 1332 3396 1405 [guans,

1877 1425 2062 1501 Virgo,
2090 1427 2177 1484 cui
2203 1426 2359 1483 denis
2385 1426 2545 1483 simul
2582 1426 2906 1497 octonisque
2929 1439 3227 1482 coruscans

1878 1519 2083 1585 Stellis,
2112 1518 2419 1575 flectentem
2457 1518 2677 1591 praefert
2697 1517 2810 1588 jam
2837 1518 3038 1573 lumina
3067 1516 3361 1572 Phoebum.

1879 1611 1995 1667 Hoc
2021 1625 2210 1667 mense
2234 1610 2477 1682 Augusto
2503 1620 2727 1682 superat
2756 1610 2847 1681 qui
2880 1607 3020 1665 forte
3049 1607 3290 1663 laborem

1879 1701 2145 1773 Agricola:
2168 1702 2383 1767 messis,
2414 1700 2616 1757 clausis
2640 1716 2857 1772 quoque
2880 1699 3124 1769 frugibus
3154 1696 3400 1768 implent.

1881 1790 1997 1847 Hoc
2025 1807 2242 1863 quoque
2281 1792 2478 1847 vinetis
2505 1791 2759 1848 custodes
2788 1805 2993 1861 ponere
3023 1798 3258 1860 tempus,

1885 1880 1989 1949 Qui
2008 1896 2233 1938 accessu
2256 1880 2408 1938 fures
2428 1882 2643 1938 valeant
2664 1883 2957 1953 prohibere
2978 1889 3262 1953 vagantes.

1885 1971 1966 2027 Ac
2004 1971 2198 2043 laqueo
2223 1982 2280 2028 et
2299 1973 2455 2029 nodis
2482 1973 2669 2045 vulpes
2698 1988 2958 2045 prensare
2991 1972 3225 2027 dolosas.

1888 2061 2026 2118 Tum
2077 2063 2268 2131 funda,
2318 2064 2609 2122 horrisono
2657 2073 2713 2121 et
2773 2065 3004 2136 crepitu,
3069 2073 3276 2119 terrere
3317 2060 3474 2115 volu-

3261 2152 3405 2223 [cres

1888 2244 2132 2304 Sollicita
2160 2262 2391 2303 uvarum
2418 2247 2448 2289 δ
2480 2247 2685 2305 variam
2711 2247 2982 2303 vindemia
3004 2258 3234 2317 pestem,

1888 2336 2196 2394 Praedulces
2219 2338 2365 2394 celso
2394 2338 2640 2395 redolent
2660 2340 2786 2394 dum
2810 2339 2946 2394 colle
2977 2335 3200 2399 racemi,

1890 2430 2135 2501 Dumque
2161 2431 2347 2502 legens
2366 2432 2543 2503 carpit
2564 2439 2806 2486 maturas
2837 2431 3037 2486 vinitor
3069 2442 3223 2491 uvas,

1890 2519 2071 2577 Donec
2092 2521 2364 2592 spumanti
2394 2522 2550 2577 sudet
2575 2521 2845 2577 vindemia
2868 2529 3072 2584 musto,

1889 2614 1968 2670 Ac
1987 2614 2204 2685 plenum
2229 2614 2421 2669 fundat
2439 2613 2604 2684 pra‘lo
2625 2620 2911 2682 torquente
2941 2612 3157 2682 lyaeum,

1888 2691 2149 2773 Quam‘vis
2175 2718 2317 2775 saepe
2340 2719 2437 2775 per
2464 2702 2777 2760 imbriferos
2805 2703 3071 2772 tepefacta
3100 2701 3311 2756 calores

1889 2795 2036 2852 Luce
2061 2796 2164 2851 sub
2188 2794 2451 2867 aequanda
2494 2808 2804 2852 messuram
2848 2793 3004 2849 vinea
3036 2791 3229 2847 falcem

1891 2888 2131 2956 Quzerat,
2171 2895 2230 2944 et
2273 2886 2484 2956 abjecto
2515 2886 2679 2942 nudet
2716 2899 2812 2940 sua
2833 2899 2995 2941 crura
3028 2883 3293 2939 cmhurno

1892 2981 2106 3036 Vinitor
2136 2989 2391 3053 aggestas
2419 2979 2650 3051 pedibus
2670 2978 2766 3048 qui
2806 2984 3056 3034 conterat
3076 2989 3227 3030 uvas.

1894 3072 2172 3129 Servanda
2210 3072 2338 3128 hinc
2358 3071 2524 3126 etiam
2550 3071 2759 3126 bruma!
2786 3070 2893 3125 sub
2935 3067 3138 3139 frigore
3162 3080 3326 3138 poma

1895 3162 2156 3235 Carpere,
2190 3171 2247 3219 et
2273 3161 2474 3233 apricis
2496 3176 2614 3218 mos
2642 3170 2727 3217 est
2765 3174 3090 3231 componere
3120 3156 3300 3213 tectis.

198 3257 434 3327 Cogunt,
501 3254 737 3329 agricola
785 3255 853 3310 ad
906 3269 1141 3311 messem
1195 3269 1320 3308 cum
1374 3253 1611 3325 cingitur
1666 3267 1779 3307 om
1822 3225 1866 3289 (ἶ
1898 3225 2039 3313 Hinc
2085 3225 2324 3327 quoque-
2348 3252 2495 3309 farra
2545 3254 2659 3310 suis
2706 3225 2931 3325 prodest
2978 3250 3320 3307 committere
3373 3243 3476 3303 sul-

1588 3342 1718 3415 [ιιὶε.

198 3439 520 3509 Cunctaque
544 3437 799 3494 sudantes
820 3435 1117 3507 producunt
1145 3450 1274 3492 arva
1302 3436 1545 3493 colonos.

201 3529 322 3585 Hoc
348 3539 526 3584 tamen
553 3529 847 3585 immensos
873 3530 1045 3585 :ether
1072 3528 1199 3585 licet
1220 3545 1417 3585 aureus
1452 3529 1605 3600 ignes

200 3622 485 3677 Interdum
507 3632 749 3694 generet,
779 3622 955 3678 valido
983 3622 1291 3693 caelumque
1325 3630 1622 3678 tremescat

202 3714 505 3782 Murmure,
531 3724 587 3772 et
614 3715 771 3772 effusi
796 3716 1103 3772 convellant
1127 3732 1254 3772 aera
1289 3715 1477 3782 nimbi,

204 3808 477 3866 Estatem
503 3810 746 3869 autumni
772 3819 1105 3882 componunt
1125 3820 1368 3881 tempora
1415 3809 1554 3874 laeti;

206 3897 367 3955 Unde
388 3899 520 3969 viris
548 3915 761 3956 summo
786 3908 841 3957 et
864 3900 1028 3956 celeri
1050 3901 1290 3955 curanda
1318 3900 1504 3955 labore
1530 3906 1615 3955 est

204 3990 422 4053 Messis.
454 4000 511 4047 et
540 3990 595 4048 in
622 4003 859 4064 segetem
884 4000 1079 4048 cuncta
1105 3991 1411 4048 cremanda
1441 3990 1723 4061 juventus,

206 4086 452 4143 Maturas
477 4087 651 4144 imber
678 4087 891 4144 subitus
912 4102 979 4143 ne
1002 4086 1340 4158 prehendere
1369 4086 1555 4157 fruges

204 4178 413 4245 Possit,
440 4179 717 4237 incautum
743 4179 963 4236 deludat
992 4188 1137 4235 terra
1159 4179 1423 4234 laborem.

207 4267 325 4324 Nec
350 4268 512 4326 farris
540 4270 717 4326 solum
740 4270 980 4326 stimulat
1008 4278 1137 4326 tunc
1162 4285 1294 4326 cura
1319 4270 1559 4325 metendi

205 4362 477 4432 Agricolae
498 4362 759 4430 studium,
785 4361 1011 4434 parilem
1032 4362 1127 4418 sed
1155 4371 1347 4418 cuncta
1379 4368 1674 4432 reposcunt

207 4457 354 4511 Arva
377 4454 561 4521 simul,
600 4457 750 4512 vario
775 4457 975 4512 dudum
1010 4472 1129 4527 qua:
1153 4457 1358 4512 semine
1388 4457 1555 4521 culta,

207 4548 342 4603 Post
372 4548 579 4603 variam
605 4548 867 4615 tribuunt,
891 4548 1108 4605 diverso
1138 4558 1379 4621 tempore
1407 4565 1659 4607 messem.

207 4636 315 4694 Hic
350 4637 523 4695 linum
548 4654 791 4709 campus,
817 4639 997 4695 laetum
1021 4640 1161 4711 gerit
1183 4640 1271 4696 ille
1300 4640 1569 4712 legumen,

210 4729 332 4785 Huc
362 4730 557 4785 invitat
597 4746 784 4796 avena,
825 4739 1022 4786 vocant
1057 4731 1164 4786 huc
1182 4731 1384 4786 hordea
1409 4730 1629 4787 falcem.

211 4821 328 4878 Nec
359 4822 538 4879 tenuis
565 4822 718 4878 viciae
744 4822 887 4878 fetus
910 4821 1139 4879 lentisve
1158 4823 1381 4879 minuta:

213 4913 525 4978 Temuitur,
548 4913 713 4984 inque
736 4930 863 4970 suos
892 4913 1209 4986 rediguntur
1232 4914 1441 4987 singula
1480 4928 1725 4970 acervos.

212 5002 375 5061 Hunc
398 5020 613 5077 quoque
630 5021 729 5077 per
754 5021 999 5063 mensem
1024 5015 1268 5063 maturos
1293 5021 1521 5079 carpere
1548 5007 1717 5062 ramis

214 5097 473 5163 Fructus,
514 5107 679 5170 atque
705 5098 877 5170 epulis
927 5098 1009 5155 fas
1034 5108 1120 5155 est
1164 5099 1526 5170 superaddere
1549 5097 1801 5171 sumptis.

215 5189 298 5244 Ac
325 5188 469 5246 dulci
500 5190 629 5258 ficu,
658 5191 977 5263 prunisque,
1008 5192 1266 5265 pyrisque
1296 5192 1541 5249 volemus
1567 5204 1621 5261 ι,

214 5277 474 5337 Pluribus
497 5291 555 5338 et
577 5281 785 5339 nucleis
813 5290 998 5355 gratos
1026 5283 1258 5340 miscere
1280 5297 1522 5355 sapores,

218 5371 638 5447 Sacrandosque
669 5376 780 5433 aris
800 5376 1041 5434 modicos
1063 5376 1132 5433 de
1157 5376 1270 5432 vite
1300 5390 1548 5435 racemos

296 5566 324 5631 ξ
372 5551 632 5631 Pyrisqtte
681 5557 931 5615 volemus.
974 5557 1280 5631 Legebatur
1308 5558 1541 5631 volemis,
1590 5558 1809 5617 mallem

219 5623 483 5709 voluptas.
516 5623 657 5683 Infra
683 5645 750 5685 ex
776 5631 968 5687 codice
1004 5623 1180 5709 Bi'got.
1235 5623 1551 5709 scripsimus
1582 5647 1807 5709 sumere,

220 5698 315 5752 ubi
342 5696 548 5754 editum
577 5709 939 5775 erattumere,
962 5710 1018 5759 et
1046 5696 1113 5757 ei
1142 5696 1361 5775 ingenio
1381 5702 1575 5757 mellita
1603 5702 1690 5756 ubi
1725 5717 1809 5758 re-

220 5782 548 5839 pererunt!!!
571 5771 672 5826 mel
697 5772 791 5828 ita.

296 5840 324 5879 ³
354 5837 597 5897 Sollicita
627 5860 867 5900 uvarum.
896 5847 987 5903 Sic
1013 5845 1323 5914 maluimus,
1357 5859 1518 5917 quam
1562 5854 1623 5901 ut
1648 5852 1810 5901 antea

3284 3337 3409 3413 [cis,

1899 3441 2194 3515 Pinguibus
2227 3450 2390 3511 atque
2411 3440 2558 3497 arvis
2584 3452 2608 3481 ε
2638 3438 2823 3512 fruges
2846 3438 3109 3494 mandare
3136 3396 3367 3491 futuras.
3394 3396 3418 3441 Ἰ

1899 3534 2038 3591 Hinc
2061 3550 2249 3592 cervos
2271 3535 2537 3592 Venerem
2561 3534 2747 3605 pingui
2769 3532 2983 3588 fervore
3007 3528 3269 3602 petentesl

1899 3625 2006 3682 Per
2040 3640 2263 3681 nemora
2300 3635 2358 3682 et
2378 3626 2575 3681 densas
2602 3622 2823 3693 spiculis
2846 3621 3116 3692 conligere
3138 3620 3328 3686 silvas,

1897 3715 2033 3775 Cum
2055 3716 2281 3773 canibus
2304 3724 2433 3772 noto
2457 3714 2671 3785 delapsa
2703 3722 2789 3770 est
2811 3728 2941 3768 aura
2976 3712 3181 3775 favore,

1900 3810 2147 3866 Venandi
2170 3807 2412 3864 Francos
2432 3807 2616 3863 docuit
2638 3807 2877 3863 studiosa
2903 3804 3170 3874 voluptas.

1900 3902 2055 3959 Hunc
2101 3915 2343 3957 mensem
2378 3898 2493 3971 jam
2547 3908 2676 3955 tunc
2716 3896 2879 3953 Libra
2954 3897 3274 3952 moderante
3326 3907 3483 3949 ruens

3259 3984 3412 4056 [tem.

1899 4084 2139 4157 )Equato
2169 4083 2346 4156 spatio
2376 4082 2681 4156 junguntur
2705 4095 2921 4152 noxque
2940 4080 3183 4150 diesque,

1898 4183 2160 4239 Cursibus
2212 4180 2446 4252 hincque
2499 4178 2643 4235 diem
2679 4184 2901 4247 superat
2941 4191 3049 4232 nox
3102 4172 3324 4229 horrida
3370 4170 3491 4227 lon-

3312 4261 3419 4335 [gis

1898 4365 2122 4423 Vernali
2150 4364 2249 4421 sub
2271 4362 2385 4419 sole
2413 4361 2533 4434 pari
2559 4358 2850 4430 conjuncta
2877 4374 3129 4426 recursu,

1896 4456 2017 4516 Lux
2046 4458 2246 4514 iterum
2265 4454 2441 4511 donec
2462 4452 2705 4509 tenebris
2727 4452 2939 4522 potiora
2969 4458 3154 4505 tenere

1822 4580 1877 4642 Β
1902 4549 2130 4621 Incipiat
2171 4546 2368 4619 spatia,
2392 4552 2451 4600 et
2474 4542 2771 4615 fugientem
2817 4541 3086 4611 deprimat
3129 4535 3398 4592 umbram.

2482 4677 2573 4734 DE
2607 4673 2929 4732 OCTOBRI.

1905 4817 2213 4877 Anninunc
2237 4814 2508 4875 decimum
2536 4811 2871 4873 Oetimbrem
2918 4816 3065 4864 rotat
3112 4806 3291 4863 orbita
3342 4819 3493 4859 men-

3261 4896 3420 4968 [sem.

1909 5002 2172 5063 Octavum
2201 5009 2355 5058 vetus
2373 4997 2609 5055 instituit
2630 5008 2791 5067 quem
2823 4993 3033 5064 sphaera
3063 4988 3271 5045 vocari.

1909 5097 1961 5153 ls
1994 5108 2211 5166 quoque
2234 5091 2302 5148 de
2328 5103 2556 5147 numero
2578 5086 2817 5159 priscum
2864 5082 3103 5137 retinere
3128 5092 3387 5134 vocamen

1910 5192 2185 5257 Nascitur,
2231 5195 2395 5260 atque
2444 5185 2649 5243 imbres
2712 5178 2919 5253 pariter
2978 5176 3198 5247 signare
3243 5172 3501 5243 frequen-

3300 5262 3432 5338 [ιθεο

1909 5379 2074 5439 Libra
2097 5376 2183 5434 cui
2222 5386 2387 5446 pares
2403 5384 2545 5430 cauo
2575 5382 2699 5426 cum
2736 5363 2929 5423 fecerit
2950 5362 3142 5426 horas,

1910 5558 2172 5616 sollicitet.
2200 5570 2424 5626 quarum
2455 5564 2475 5605 :
2504 5566 2608 5607 nec
2648 5558 2831 5626 tamen
2874 5543 3233 5626 atilrtuamus.
3252 5540 3329 5596 ita
3357 5536 3498 5595 scri-

1912 5632 2086 5703 psisse
2113 5617 2576 5703 Wandalbertﬁum,
2605 5630 2665 5703 ut
2684 5617 3038 5703 coniecimus.
3060 5700 3074 5703 ᾼ
3098 5684 3118 5703 γ’
3141 5682 3229 5703 m2

1985 5682 2217 5753 illum
2243 5697 2401 5750 arvis.
2440 5682 2804 5748 Posteriorem
2834 5702 3020 5742 vocem
3054 5682 3378 5742 addidimus,
3395 5690 3515 5753 nec»

1911 5747 2592 5837 ullum—viorewopinamur
2627 5762 2718 5833 qui
2769 5775 2888 5815 eam
2920 5758 3097 5813 minus
3138 5747 3529 5809 necessariam.

1883 5897 1894 5909 ,
1915 5857 2039 5899 esse
2070 5840 2287 5907 iudicet.
