4000 6352
497 331 610 386 ,θδι
1478 317 1986 374 waxoawum
2041 312 2466 372 PRUMIENSIS
2507 310 2814 368 numam
2863 356 2872 362 .
3675 286 3811 366 632

511 441 838 498 llumentem
866 436 1032 494 volvit
1059 433 1291 492 breviori
1321 433 1538 488 tramite
1558 431 1845 496 Phoebum,
2121 436 2175 496 Α
2201 429 2543 498 Antiquaquc
2578 425 2777 480 fricant
2800 424 3112 481 solidandas
3137 423 3333 481 arbore
3361 434 3562 492 costas,

514 503 758 602 Quatuor
807 529 1049 587 extendit
1099 527 1385 582 retrahens
1430 539 1594 596 quam
1647 523 1870 579 brachia
1936 521 2093 577 οδω-
2195 517 2311 574 Ceti
2345 532 2446 573 nec
2471 518 2582 572 lato
2610 524 2857 571 metuunt
2881 515 3143 571 venabula
3172 514 3340 571 ferro.

1894 617 2024 689 [mis
2193 606 2348 689 Quod
2377 615 2646 678 superest,
2681 620 2841 660 curas
2867 606 3095 677 genialis
3128 623 3259 662 cura
3291 607 3572 664 resolvens

515 717 774 789 Scorpius
795 715 1094 780 ardentem,
1119 714 1274 785 juxta
1302 713 1698 786 Erigonemque
1718 678 1992 780 relinquit.

2230 697 2453 754 Dulcibus
2479 697 2546 752 ad
2574 696 2818 766 requiem
2846 695 3120 753 illecebris
3147 705 3341 763 vocat,
3382 698 3606 754 horrida
3636 709 3810 767 post-

511 787 669 865 Hunc
695 823 937 864 mensem
967 806 1140 877 plenis
1171 805 1396 876 supplex
1423 804 1695 860 vindemia
1716 802 1902 865 labris,
2353 876 2358 877 γ
3083 875 3090 877 Α
3383 802 3396 807 ·
3527 787 3726 860 [quam

511 899 776 967 Omnibus
834 875 999 970 atque
1052 897 1197 954 arvis
1237 875 1408 953 finitis
1472 912 1593 968 quae
1650 895 1939 967 pampinus
2005 905 2096 948 or-
2194 876 2449 970 Βυνθιεῗηᾏ
2481 877 2736 970 cohibent
2762 884 3046 932 νεηιοτιιιη
3071 875 3243 970 αλδτὲ
3269 877 3533 970 hilomin-

1883 986 2022 1060 [τιδι’
2196 969 2334 1024 Tum
2362 968 2546 1024 dulces
2574 968 2705 1033 ludi,
2735 977 2958 1038 tumque
2985 979 3073 1024 est
3098 969 3441 1041 gratissimus
3472 969 3639 1040 ignis,

510 1059 761 1156 Undique
791 1085 1074 1144 conductis
1104 1083 1312 1141 fervent
1339 1083 1521 1141 vineta
1549 1081 1794 1139 colonis:
1890 1059 1895 1060 ί

2192 1059 2370 1131 Atque
2394 1075 2534 1117 novo
2556 1059 2791 1117 oblectat
2811 1074 3059 1116 somnum
3083 1059 3316 1117 invitare
3340 1060 3499 1133 lyaeo.

508 1178 576 1233 Hi
615 1177 764 1234 ferro
788 1179 950 1234 mites
979 1179 1195 1236 exedunt
1218 1180 1283 1232 de
1313 1175 1534 1270 palmite
1559 1173 1787 1238 fructus,
2741 1213 2830 1268 DE
2868 1213 3234 1270 DECEMBRL

509 1271 807 1344 Congestos
831 1273 1072 1328 humeris
1110 1272 1166 1327 bi
1193 1272 1423 1342 gaudent
1452 1268 1596 1324 ferre
1629 1280 1894 1330 racemos,

507 1366 747 1439 Longius
777 1368 832 1422 hi
860 1369 1038 1423 ductis
1059 1376 1350 1439 exportant
1378 1365 1520 1419 vitea
1555 1362 1809 1432 plaustris
2193 1366 2505 1423 Extremum
2535 1367 2750 1424 bissena
2780 1367 2918 1439 regit
2947 1383 3090 1423 nunc
3118 1367 3258 1423 linea
3285 1384 3553 1435 mensem,

512 1458 752 1525 Munera,
785 1469 842 1515 at
870 1460 925 1515 hi
961 1458 1152 1516 validis
1173 1459 1397 1529 praelum
1421 1466 1674 1526 torquere
1695 1453 1916 1510 lacertis
2193 1459 2366 1526 Quem
2389 1461 2657 1516 decimum
2684 1467 2907 1515 auctore
2929 1459 3146 1530 scripsit
3169 1475 3305 1514 nova
3332 1459 3501 1515 Roma
3527 1460 3806 1527 Quirino.

510 1550 735 1614 Instant,
769 1565 835 1605 ac
864 1550 1006 1607 dulci
1033 1550 1346 1606 distendunt
1366 1549 1562 1605 robora
1589 1555 1789 1602 musto.
2192 1548 2424 1607 Nomine
2452 1552 2545 1621 qui
2577 1566 2860 1606 numerum
2889 1559 2946 1606 et
2972 1551 3187 1607 nimbos
3217 1552 3466 1623 designat
3493 1554 3715 1618 eodem,

508 1643 576 1696 lli
598 1658 810 1714 quoque
831 1643 914 1698 vel
940 1652 1156 1699 veteres
1191 1643 1499 1698 instaurant
1517 1641 1754 1710 undique
1779 1653 1971 1708 cupas,
2191 1640 2349 1696 Nune
2376 1641 2543 1697 etiam
2571 1641 2762 1697 Martis
2787 1641 2965 1698 dictus
2993 1641 3061 1696 de
3091 1658 3276 1698 mense
3299 1643 3601 1698 December
3625 1659 3642 1707 ;

509 1731 860 1788 Sulliciuntve
888 1747 1059 1789 novas
1093 1733 1265 1790 solido
1291 1734 1357 1788 de
1380 1735 1596 1797 robore,
1619 1741 1877 1787 cunctum
2119 1797 2164 1806 _
2194 1733 2516 1788 Arcitenens
2539 1733 2802 1790 Phaabum
2827 1736 3074 1806 angustis
3103 1736 3191 1790 cui
3220 1736 3472 1792 cursibus
3499 1735 3676 1800 etfert,

509 1817 737 1892 Provida
767 1827 889 1896 quis
914 1827 1042 1882 anni
1072 1826 1324 1882 claudant
1349 1825 1566 1881 cellaria
1598 1825 1804 1879 vinum.
2118 1797 2169 1859 Β
2199 1823 2390 1880 Ternis
2416 1840 2479 1880 ac
2503 1825 2657 1882 denis
2679 1797 3004 1898 praefulgens
3031 1828 3242 1899 ignibus
3271 1845 3400 1884 una.

506 1916 654 1972 Idem
705 1932 860 1974 amor
906 1919 1158 1976 accendit
1204 1927 1450 1982 cunctos,
1494 1917 1796 1987 eademque
1841 1929 1939 1986 per
1974 1930 2090 1970 om-
2193 1916 2307 1973 Hoc
2336 1933 2524 1974 mense
2550 1920 2842 1975 australem
2870 1921 2992 1975 eteli
3024 1922 3292 1978 demissus
3319 1922 3375 1977 in
3406 1937 3589 1990 axem,

1901 2007 2020 2080 [nes
2191 2007 2508 2079 Exiguoque
2537 2011 2726 2065 urbem
2757 2011 3095 2080 perlustrans
3125 2013 3344 2068 tramite
3368 2023 3615 2070 nostrum

507 2103 550 2153 lt
581 2115 730 2164 cura,
761 2109 817 2156 et
846 2103 1086 2174 requiem
1119 2103 1280 2160 fessis
1309 2104 1393 2159 vix
1423 2103 1542 2175 ipsa
1569 2101 1777 2158 referre
2193 2097 2307 2164 Sol,
2340 2098 2535 2154 iterum
2569 2101 2636 2155 ad
2666 2099 2884 2156 boream
2913 2103 3183 2158 convertit
3211 2103 3413 2158 lumina
3446 2105 3678 2161 celsum.

507 2189 624 2245 Nox
651 2190 816 2258 valet,
844 2203 1171 2264 exercetque
1190 2209 1380 2250 omnes
1419 2195 1573 2249 labor
1597 2209 1738 2248 unus
1763 2191 2014 2248 habendi.
2191 2189 2306 2244 Hoc
2331 2190 2497 2244 etiam
2528 2190 2755 2246 hiberno
2791 2200 2966 2248 terras
2996 2201 3188 2248 urente
3217 2194 3416 2262 rigore,

506 2279 660 2336 Tunc
682 2282 849 2339 etiam
872 2283 1021 2340 lento
1042 2293 1281 2340 mustum
1299 2290 1552 2355 congesta
1575 2297 1776 2353 vapore
2190 2279 2422 2336 Maxima
2453 2297 2559 2336 nox
2587 2282 2812 2338 modicae
2837 2294 3129 2339 causantes
3155 2300 3381 2339 munera
3416 2284 3555 2341 lucis

506 2371 745 2428 Flamma
777 2375 986 2446 coquit,
1011 2389 1334 2446 spumasque
1372 2374 1596 2430 undanti
1622 2372 1850 2429 effundit
1889 2371 2086 2437 aheno,
2189 2369 2470 2442 Agricolas
2493 2371 2659 2437 fovet,
2689 2371 2886 2428 oblitos
2915 2372 3240 2444 tandemque
3264 2373 3492 2437 laboris,

504 2461 772 2534 Claraque
809 2465 1135 2536 praedulcem
1161 2474 1380 2522 servant
1411 2465 1489 2521 sic
1519 2465 1642 2518 vina
1669 2477 1942 2532 saporem,
2189 2461 2542 2533 IngratOSQue
2569 2461 2669 2518 sibi
2701 2463 2930 2519 blandus
2963 2478 3125 2533 sopor
3151 2464 3341 2534 irrigat
3369 2473 3541 2519 artus.

506 2550 712 2624 lejunis
732 2557 948 2611 demum
969 2555 1184 2613 facilem
1213 2558 1564 2628 praebentque
1583 2554 1865 2610 medelam.
2190 2554 2304 2611 Nec
2329 2564 2508 2612 tamen
2539 2555 2816 2611 imbrifero
2843 2557 3036 2611 desunt
3065 2571 3161 2610 sua
3187 2573 3409 2611 munera
3437 2559 3632 2623 mensi,

507 2642 658 2701 Tunc
683 2662 900 2718 quoque
930 2647 1223 2704 etmtritum
1251 2647 1392 2702 mola
1421 2657 1672 2702 vertente
1719 2645 1894 2715 sinapi
2190 2645 2301 2702 Nec
2325 2647 2514 2718 gelidis
2543 2648 2688 2718 cogit
2719 2647 2934 2718 penitus
2961 2661 3180 2702 cessare
3210 2647 3310 2700 sub
3340 2648 3490 2701 auris

507 2733 734 2791 Prodest
763 2753 990 2794 uvarum
1015 2738 1195 2808 primo
1223 2739 1452 2794 miseere
1480 2737 1698 2808 liquori,
2191 2738 2447 2810 Tempus,
2476 2749 2534 2796 et
2559 2739 2612 2794 in
2643 2739 2835 2793 faciem
2865 2738 3020 2794 tellus
3049 2746 3298 2794 contecta
3327 2739 3592 2794 nivosam.

506 2829 646 2886 Hinc
672 2829 862 2901 epulas
885 2831 1026 2900 grati
1055 2829 1294 2886 relevent
1321 2838 1383 2884 ut
1411 2829 1605 2885 deinde
1630 2843 1872 2899 sapores.
2191 2828 2327 2884 Tum
2349 2845 2563 2900 quoque
2586 2845 2707 2885 cum
2730 2829 2926 2900 pluviis
2947 2845 3170 2900 campus
3197 2839 3466 2900 ventoque
3496 2831 3781 2895 madescit,

505 2920 621 2978 Hoc
647 2931 703 2977 et
730 2937 917 2978 mense
940 2937 1070 2978 sues
1096 2922 1234 2976 lucis
1268 2921 1524 2976 inducere
1553 2929 1784 2990 tempus,
2191 2921 2425 2976 Vomere
2453 2921 2605 2992 gleba
2623 2921 2811 2990 jacens
2839 2921 3091 2976 sulcanda
3124 2929 3231 2984 est,
3254 2921 3454 2976 hordea
3479 2924 3695 2977 demum

506 3011 718 3067 Maturo
745 3012 1030 3072 hibernam
1053 3011 1309 3083 frangant
1335 3020 1396 3066 ut
1422 3019 1663 3081 tempore
1689 3010 1959 3081 glandem.
2192 3013 2309 3080 Qua
2337 3030 2542 3079 serere,
2568 3024 2660 3069 aut
2686 3015 2864 3069 Ianum
2892 3014 3039 3084 cupit
3063 3029 3321 3068 exercere
3349 3013 3595 3084 legumen

2194 3104 2465 3174 Agricola,
2492 3104 2939 3174 itnmundumquo
2965 3105 3150 3158 ﬁmum
3169 3104 3382 3174 jactare
3405 3119 3500 3173 per
3521 3119 3681 3174 agros

1040 3149 1130 3212 DE
1168 3149 1539 3207 Νονωωκίο
2119 3176 2164 3238 c
2194 3149 2352 3250 i3};
2362 3149 2621 3250 1.3.1.1";
2629 3149 2946 3250 “avres;
2965 3149 3156 3250 eis;
3169 3149 3670 3264 “agamus:

508 3280 842 3339 Undecimus
871 3299 1066 3356 magno
1090 3301 1235 3341 nunc
1259 3285 1492 3341 volvitur
1519 3285 1649 3342 orbe
1679 3286 2001 3351 November,
2196 3283 2360 3339 Multa
2389 3284 2532 3340 domi
2562 3293 2740 3340 tamen
2767 3293 2820 3338 et
2851 3284 3008 3339 tectis
3034 3299 3331 3354 properare
3355 3283 3459 3338 sub
3487 3283 3637 3352 ipsis,

507 3375 667 3430 Anno
694 3391 857 3446 quem
885 3393 1086 3433 nonum
1117 3379 1343 3450 antiquo
1369 3379 1556 3435 dixere
1586 3390 1862 3450 parentes,
2195 3371 2319 3428 Mox
2348 3381 2525 3436 vacat,
2557 3371 2788 3442 algentis
2812 3371 3056 3427 relevent
3081 3387 3202 3442 quae
3225 3371 3426 3443 frigora
3455 3372 3679 3427 bruma.

509 3464 586 3517 Ex
610 3480 836 3521 numero
851 3474 1015 3537 atque
1033 3467 1190 3522 imbri
1214 3467 1444 3536 primum
1466 3483 1771 3538 nomenque
1793 3477 2087 3525 retentans.
2195 3463 2424 3520 Retibus
2453 3464 2580 3518 hinc
2603 3464 2786 3519 varias
2809 3451 2982 3534 pelagi
3011 3479 3272 3533 prensare
3296 3465 3564 3530 volucres,

511 3550 770 3622 Scorpius
793 3555 920 3610 huic
946 3555 1099 3612 denis
1123 3557 1328 3628 pariter
1354 3557 1522 3614 micat
1539 3566 1702 3628 atque
1728 3559 1954 3615 novenis
2195 3556 2304 3611 Aut
2329 3557 2438 3628 igni
2475 3565 2531 3612 et
2559 3557 2738 3612 sonitu
2765 3573 2862 3628 per
2890 3573 3112 3628 campos
3144 3557 3354 3624 fallere,
3388 3557 3504 3614 sive

511 3642 718 3709 Stellis,
747 3643 842 3700 sed
871 3644 1104 3702 “animae
1126 3663 1271 3704 nunc
1293 3647 1514 3706 Libram
1541 3657 1776 3720 quatuor
1799 3650 2046 3721 implent,
2196 3647 2493 3703 Lentandis
2525 3663 2623 3702 usu
2649 3649 2866 3718 pedicas
2892 3656 3080 3718 aptare
3110 3660 3390 3720 repertum

509 3735 800 3790 Astrorum
829 3737 1032 3805 cultrix
1053 3737 1249 3796 Chelas
1275 3756 1412 3810 quas
1437 3742 1678 3811 repperit
1705 3749 1858 3807 aetas,
2195 3737 2460 3794 Amnibus
2487 3738 2615 3794 hinc
2640 3739 2807 3794 etiam
2836 3739 3065 3809 piscosis
3089 3754 3297 3810 ponere
3323 3750 3506 3796 crates

513 3826 621 3882 Ter
647 3829 924 3900 quinoque
948 3831 1103 3887 ardet
1126 3849 1273 3889 nunc
1298 3841 1506 3890 tantum
1535 3833 1794 3905 Scorpius
1822 3836 1970 3908 igne.
2199 3829 2494 3896 Vimineas.
2525 3829 2828 3900 densosque
2856 3830 2924 3885 ad
2951 3831 3136 3886 lillora
3171 3831 3336 3902 ﬁgere
3371 3832 3565 3897 fasces.

514 3917 629 3973 noc
652 3934 838 3976 mense
863 3930 1153 3978 autumnus
1181 3925 1346 3980 hiemi
1378 3926 1638 3981 decedere
1664 3927 1813 3981 durte
2199 3918 2316 3985 Qua
2342 3919 2480 3974 vado
2511 3921 2758 3990 rapidum
2785 3921 3136 3992 tranquillam
3171 3919 3394 3976 ﬂumina
3421 3937 3643 3978 cursum

512 4008 727 4078 Incipit,
759 4022 814 4066 et
845 4013 1036 4083 gelidis
1062 4015 1364 4070 conﬂantur
1391 4015 1588 4087 frigora
1614 4019 1812 4084 ventis,

2198 4010 2258 4066 In
2284 4019 2520 4076 ventum,
2551 4010 2764 4068 facilem
2787 4013 3006 4083 capiant
3032 4022 3091 4068 ut
3117 4014 3251 4068 retia
3276 4015 3541 4084 praedam.

513 4101 656 4157 Aere
687 4105 780 4159 sed
811 4105 985 4162 dubio
1003 4107 1272 4164 diversam
1301 4118 1444 4164 terra
1476 4110 1702 4180 figuram
2200 4099 2316 4180 Hoc
2341 4101 2442 4157 Sth
2472 4117 2662 4159 mense
2695 4118 2822 4158 sues
2849 4113 3004 4173 P8813
3027 4101 3143 4173 iam
3166 4104 3362 4174 glande
3392 4106 3687 4170 madentes.

512 4195 784 4265 Concipit,
824 4198 877 4252 in
909 4198 1115 4268 pluvias
1145 4202 1381 4272 zephyro
1408 4175 1548 4256 nunc
1575 4200 1737 4256 flante
1768 4202 1964 4264 soluta,
2200 4175 2525 4249 Βῖεῑθηιοθι
2546 4193 2759 4264 Plenam
2783 4203 3149 4250 monstrantes
3175 4204 3366 4252 ventre
3396 4196 3659 4266 saginam.
3694 4221 3702 4226 '

515 4284 670 4341 Nunc
699 4289 862 4342 borea
887 4290 946 4360 in
981 4291 1204 4360 rigidam
1233 4293 1466 4361 speciem
1497 4302 1752 4348 concreta
1779 4292 2012 4348 furente.
2199 4281 2459 4350 Caedere,
2505 4293 2564 4340 et
2611 4285 2681 4340 ad
2727 4285 2969 4356 tepidum
3008 4300 3128 4341 mos
3175 4294 3262 4341 est
3315 4286 3646 4356 suspendere
3687 4283 3761 4338 fu-

514 4373 657 4430 lline
680 4391 802 4432 cum
826 4377 966 4433 forte
995 4380 1136 4435 datis
1170 4381 1295 4437 licet
1321 4396 1578 4437 exercere
1607 4382 1708 4437 sub
1733 4383 1881 4436 auris
3523 4377 3701 4450 [mum-

517 4466 764 4536 Terram,
797 4471 1084 4541 proscissis
1108 4474 1447 4530 committere
1470 4474 1676 4530 semina
1703 4475 1910 4546 campis
2129 4543 2157 4546 _
2203 4469 2380 4542 Terga
2404 4470 2557 4542 prius
2579 4469 2709 4526 salis
2735 4470 2937 4527 fuerint
2963 4487 3086 4526 cum
3118 4487 3305 4542 sparsa
3331 4472 3577 4527 madore.

513 4558 762 4628 Prodest,
791 4574 1051 4619 autumno
1083 4574 1342 4636 superant
1368 4582 1486 4637 qua:
1519 4566 1657 4623 forte
1685 4543 1924 4638 peracto,
2124 4543 2179 4604 D
2207 4561 2430 4616 Bissena
2454 4561 2556 4616 bos
2577 4561 2756 4616 cultus
2786 4571 3046 4617 renovant
3073 4563 3336 4632 vertigine
3365 4577 3596 4617 menses.

512 4653 917 4728 Porcorumque
947 4673 1136 4730 greges
1162 4660 1312 4715 silvis
1336 4673 1694 4717 consuescere
1723 4662 1890 4726 fretis,
2206 4649 2468 4724 Huncque
2490 4653 2710 4709 modum
2738 4661 2792 4710 et
2819 4669 3024 4709 morem
3065 4655 3168 4710 sibi
3196 4653 3404 4710 Gallica
3443 4670 3563 4709 rura
3596 4661 3750 4708 reten-

473 4744 476 4747 ’
518 4745 652 4801 Dum
683 4747 935 4818 pinguem
961 4760 1124 4805 vento
1157 4751 1342 4807 tribuit
1365 4761 1657 4821 quassante
1686 4753 1898 4808 ruinam
2408 4785 2424 4800 ο
2523 4741 2542 4766 “
3551 4743 3688 4816 im"

515 4837 779 4904 Quercus,
813 4850 866 4894 et
896 4840 1065 4895 ell‘usa
1101 4850 1419 4896 sternuntur
1446 4859 1665 4898 nemora
1695 4843 1908 4912 glande.
2206 4833 2378 4904 Quem
2409 4836 2650 4893 breviter
2677 4835 2900 4908 signans
2928 4836 3127 4908 digessi
3153 4837 3419 4901 carmine,
3445 4837 3623 4901 lector,

517 4927 670 4983 Tunc
697 4938 752 4983 et
779 4945 913 5000 apro
938 4931 1089 4986 silvis
1115 4949 1252 4987 cura.
1267 4941 1353 4988 est
1385 4950 1548 5004 quam
1583 4935 1817 4989 maxima
1844 4935 2008 4991 duros

2206 4928 2661 4986 WANDALBBRTUS
2686 4945 2810 5000 ego,
2842 4930 3058 4985 hortatu
3082 4929 3395 5000 compulsus
3416 4930 3590 4993 amici,

513 5022 790 5085 Qumrere,
819 5034 875 5076 et
904 5041 970 5078 ex
1002 5024 1125 5080 luco
1147 5027 1376 5081 canibus
1405 5027 1698 5095 producere
1726 5027 1900 5096 nigro,
2206 5020 2394 5079 Dulcia
2418 5037 2506 5078 me
2535 5022 2712 5077 Rheni
2737 5039 2846 5092 quo
2885 5031 3126 5092 tempore
3153 5021 3336 5077 littora
3367 5023 3592 5084 alebant,

515 5107 651 5162 Dum
683 5109 886 5168 validos
913 5114 1123 5169 crebris
1154 5116 1467 5184 pra-durant
1492 5115 1690 5171 ictibus
1713 5131 1919 5182 armos,
2208 5110 2442 5170 Maxima
2463 5113 2774 5185 Agrippina:
2801 5113 3002 5169 veleris
3027 5114 3154 5183 quis
3175 5113 3378 5170 ωωηὶδ
3403 5117 3642 5184 praesunt.

529 5251 3727 5279 ΜΨ

1578 5344 1972 5426 INCIPIT
2050 5345 2744 5424 HOROLOGIUM

1442 5494 1570 5539 PER
1629 5496 2027 5543 υυουιῖαικ
2087 5497 2438 5542 MENSIUM
2505 5498 2866 5543 PUNCTOS.

516 5678 664 5748 Quos
695 5695 854 5736 cursu
888 5679 1017 5736 solis
1040 5679 1275 5752 jungunt
1314 5699 1410 5737 sua
1438 5692 1680 5754 tempora
1713 5700 1949 5749 menses,
2204 5683 2379 5739 Janua
2403 5697 2546 5737 nunc
2569 5682 2695 5736 anni
2725 5691 2808 5736 est
2839 5678 3026 5742 Janus,
3058 5679 3287 5748 finisque
3317 5670 3607 5730 December.

515 5773 770 5834 Carmine
792 5790 952 5842 nunc,
985 5773 1172 5839 lector,
1202 5775 1412 5846 paucis,
1439 5775 1683 5844 adverte,
1705 5774 1930 5833 docebo.
2206 5772 2316 5829 Hos
2345 5787 2562 5830 menses
2587 5772 2793 5828 pariter
2821 5770 2951 5828 solis
2974 5777 3116 5826 rotat
3143 5767 3324 5825 orbita
3353 5761 3588 5837 punctis:
