4000 6352
171 369 269 428 635
1056 375 1509 435 HOROLOGIUM
1547 376 1682 433 PER
1720 378 1813 433 Xll
1855 378 2166 438 MENSlUM
2206 383 2543 442 PUNCTOS.
3329 391 3436 446 634

171 497 291 564 Quae
318 491 481 548 volvit
507 491 798 562 Februum,
831 492 1172 550 undecimum
1201 497 1339 570 regit
1362 496 1478 568 ipsa
1513 495 1736 552 Novem-
1763 500 1814 557 Α
1843 496 2060 554 Umbris
2087 500 2201 570 ipsa
2226 501 2413 556 decem
2439 502 2554 572 ﬁgit
2590 501 2747 557 sumul
2771 511 2933 571 atque
2959 520 3218 561 novenos.

1448 588 1624 662 [brem
1654 610 1666 644 :
1841 587 2052 646 Rursus
2079 599 2135 646 et
2160 592 2290 647 hinc
2320 592 2564 647 Geminis
2593 592 2706 648 sole
2728 603 3012 649 crescente
3033 595 3255 666 fugatis,

172 675 387 731 Martius
416 675 748 754 Oetimbrem
777 677 951 748 spatio
973 679 1076 735 sibi
1103 682 1275 736 nectit
1301 683 1489 737 eodem
1520 697 1536 737 :
1843 679 2061 752 Septem
2083 691 2276 752 quarta
2309 684 2474 753 pedes
2500 685 2700 739 retinet
2729 700 2980 740 mensura
3012 687 3327 759 decemque.

171 769 298 825 Tum
329 767 636 839 Septimbre
663 769 755 825 tibi
787 771 840 825 in
865 767 1132 842 sphaeram
1155 775 1433 830 concurrit
1453 775 1656 847 Aprilis
1683 790 1700 828 :
1841 769 1955 826 llac
1979 771 2143 826 etiam
2174 773 2318 828 binis
2345 773 2538 829 umbra
2570 775 2812 845 fugiente
2838 776 3049 842 recisis,

169 863 462 932 Augustum
497 860 671 916 Maius
701 871 890 919 centro
911 875 1222 935 prospectat
1253 867 1323 922 ab
1353 868 1470 938 ipso
1497 883 1513 922 :
1842 863 1950 919 Ter
1977 865 2160 934 quinis
2185 865 2430 936 quintam
2455 865 2685 937 pedibus
2709 882 2806 922 sua
2839 867 2981 923 linea
3013 869 3204 925 tendit.

168 951 319 1007 Junia
350 951 643 1020 Quintilem
671 955 939 1011 scandens
970 958 1137 1012 trahit
1164 958 1339 1013 orbita
1371 973 1639 1015 mensem.
1840 956 2099 1012 Centrum
2131 967 2354 1029 tumque
2379 960 2598 1015 brevem
2625 960 2741 1030 jam
2771 961 2885 1016 sole
2907 970 3132 1034 regente
3156 963 3366 1021 duobus

170 1043 306 1111 Quas
334 1043 500 1114 horas
530 1045 630 1100 sibi
657 1062 776 1116 quae
797 1047 1032 1118 jungunt
1068 1049 1121 1104 in
1153 1049 1330 1106 fronte
1360 1051 1562 1118 videto,
1839 1049 2072 1114 Abscisi,
2099 1059 2282 1106 ternos
2304 1052 2472 1106 denos
2506 1052 2608 1107 sibi
2641 1061 2795 1108 sexta
2823 1062 3074 1110 retentat.

169 1133 375 1200 Lector,
404 1143 461 1190 et
486 1135 538 1190 in
569 1139 778 1193 cunctis
805 1155 957 1209 atque
977 1139 1266 1198 observare
1301 1153 1596 1201 memento.
1841 1140 2093 1197 (laedendi
2124 1143 2267 1197 hunc
2289 1158 2496 1198 morem
2522 1144 2730 1198 muneri
2756 1145 2997 1200 servabis
3033 1145 3254 1216 ubique.

169 1223 343 1280 Mense
369 1226 513 1280 omni
552 1228 722 1296 prima
755 1231 1052 1286 undecimae
1077 1232 1420 1305 conjungitur
1447 1236 1594 1292 horae
1624 1250 1642 1292 :
2208 1271 2275 1311 οε
2312 1270 2609 1311 “nmmo
2647 1271 2716 1311 ετ
2757 1272 3044 1312 Novus“

169 1317 298 1372 Hinc
326 1318 536 1374 umbris
558 1320 826 1376 decimam
853 1323 1021 1378 nectit
1046 1339 1318 1397 cursuque
1341 1328 1610 1392 secunda;

167 1406 343 1464 Tertia
370 1427 495 1466 mox
522 1428 717 1467 nonam
746 1416 961 1484 punctis
984 1418 1364 1488 complectitur
1394 1421 1636 1488 hisdem;

167 1499 377 1556 Octavae
401 1503 611 1572 pariter
635 1506 947 1574 praecedens
973 1518 1166 1577 quarta
1194 1511 1462 1578 cohmret;

165 1592 411 1658 Quintam
449 1595 1046 1668 subsequiturlnumero
1072 1611 1194 1671 post
1223 1588 1453 1672 septima
1474 1603 1645 1674 justo.

166 1679 282 1735 Sola
313 1695 447 1737 suas
473 1692 679 1743 tantum
703 1702 988 1746 mensuras
1016 1700 1168 1746 sexta
1200 1701 1457 1748 retentat.

163 1771 422 1829 Omnibus
450 1774 568 1840 has,
605 1775 791 1842 lector,
826 1780 1156 1849 conjungens
1185 1785 1462 1840 mensibus
1486 1785 1668 1849 horas,

163 1861 272 1929 Quo
295 1872 559 1934 superent
590 1869 766 1937 spatio
803 1870 1140 1937 umbrarum,
1172 1875 1436 1930 cedantve
1459 1876 1640 1930 videto
1676 1894 1688 1928 :

162 1952 269 2008 lloe
299 1962 482 2012 tamen
515 1957 567 2011 in
601 1959 790 2028 primis
824 1977 1054 2018 noscens
1082 1964 1336 2029 retineto,
1377 1967 1518 2036 quod
1543 1966 1692 2023 orbis

162 2046 396 2102 Diversae
417 2058 598 2119 partes
622 2053 803 2107 varias
830 2052 1067 2110 forment
1094 2071 1308 2126 quoque
1338 2068 1510 2113 metas
1537 2076 1549 2111 :

161 2134 285 2190 Nam
319 2153 443 2206 quae
467 2138 643 2195 vicino
675 2149 948 2197 torrentur
976 2143 1090 2200 sole
1118 2147 1218 2200 sub
1243 2145 1526 2213 Austrum,
1846 2145 2108 2202 Cursibus
2137 2141 2425 2199 Octobrem
2457 2141 2676 2195 sibimet
2704 2139 2828 2208 quis
2853 2137 3078 2192 Martius
3100 2143 3304 2208 aequat,

162 2230 228 2286 Ut
256 2248 416 2303 mage
443 2233 562 2289 luce
590 2235 784 2302 nitent,
825 2237 1074 2294 minimas
1099 2240 1180 2295 sic
1209 2241 1429 2310 gignere
1453 2251 1683 2312 possunt
1845 2238 1981 2295 Octo
2010 2238 2174 2308 pedes
2203 2236 2374 2306 prima
2402 2244 2457 2288 et
2485 2233 2569 2288 bis
2601 2233 2769 2288 denos
2797 2231 2934 2286 linea
2982 2230 3117 2301 ﬁgit,

164 2322 394 2379 Umbras
424 2339 438 2377 :
472 2340 592 2394 quae
617 2326 798 2383 boreae
831 2327 1136 2398 frigentque
1168 2331 1462 2402 jacentqne
1493 2334 1592 2388 sub
1613 2350 1739 2400 axe,
1845 2331 2024 2386 Denos
2049 2338 2103 2384 et
2135 2336 2341 2398 septem
2369 2324 2604 2394 complet
2631 2323 2931 2391 statuitque
2965 2320 3233 2386 secunda;

162 2413 324 2470 Nocte
355 2418 528 2485 magis
557 2417 738 2490 longa,
772 2421 1118 2492 tenebrisque
1142 2433 1464 2494 premuntur
1485 2427 1691 2496 opacis.

1847 2421 2028 2476 Tertia
2050 2416 2337 2488 quindenis
2363 2414 2574 2470 thbo
2609 2412 2934 2466 ascendente
2967 2418 3204 2474 tenetur,

1842 1369 1972 1437 Quae
1999 1368 2272 1425 Februum
2296 1369 2658 1426 natura'tenet
2679 1370 2962 1441 sociatqne
2983 1370 3364 1438 Novembrem,

1842 1460 1951 1516 Ter
1974 1461 2128 1517 denis
2151 1461 2376 1530 pedibus
2412 1476 2698 1532 supremas
2729 1461 2934 1534 colligit
2963 1461 3206 1528 umbras,

1841 1551 2074 1623 Moxque
2095 1566 2287 1608 novem
2310 1559 2560 1606 constant
2579 1551 2804 1622 pedibus
2826 1552 3086 1622 denisque
3108 1561 3401 1622 sequentes
3424 1569 3439 1620 ;

1842 1645 2007 1700 Linea
2035 1653 2146 1700 tum
2175 1653 2381 1716 septem
2412 1626 2575 1714 atque
2595 1645 2782 1700 decem
2809 1645 2910 1699 sibi
2947 1645 3103 1700 tertia
3133 1645 3328 1701 tendit.

1843 1736 2044 1804 Quarta
2063 1736 2228 1806 pedes
2253 1735 2456 1806 pariter
2486 1745 2569 1790 ter
2600 1735 2794 1806 quinos
2828 1735 3030 1807 colligit
3051 1737 3267 1803 umbra,

1764 1857 1813 1916 Β
1842 1827 1980 1882 llinc
2004 1826 2232 1897 pedibus
2259 1827 2432 1882 ternis
2460 1842 2526 1882 ac
2551 1826 2704 1881 denis
2729 1826 2916 1896 quinta
2948 1826 3200 1897 patescit,

1848 1918 2320 1989 Scandentemque
2344 1926 2529 1973 rotam
2545 1918 2774 1973 undenis
2800 1933 2925 1972 mox
2948 1925 3103 1974 sexta
3126 1925 3363 1973 coercet.

2290 2047 2356 2084 DE
2392 2043 2597 2084 ulmo
2633 2045 2702 2083 ET
2742 2036 2987 2084 ocronnt.

163 2506 284 2572 Qua:
315 2509 511 2563 mediis
543 2511 608 2564 ab
640 2519 870 2582 utroque
890 2513 1160 2568 absistunt
1191 2515 1435 2584 partibus
1458 2533 1580 2584 axe,
1847 2514 2050 2582 Quarta
2078 2513 2264 2582 decem
2286 2508 2553 2564 excedens
2581 2504 2808 2574 pedibus
2848 2501 2984 2572 fugit
3031 2500 3212 2571 agnita
3247 2498 3436 2565 ternis,

160 2595 297 2652 Inter
347 2608 638 2669 utrumque
681 2600 846 2656 etiam
895 2601 1071 2658 lucem
1118 2605 1467 2661 moderantur
1516 2619 1572 2662 et
1621 2624 1742 2662 um-
1846 2605 1969 2660 Mox
1991 2603 2155 2658 etiam
2185 2600 2372 2671 quinta
2403 2597 2635 2652 undenis
2656 2594 2886 2664 spatiata
2915 2592 3164 2647 recedit:

1497 2696 1665 2771 [bras.
1847 2695 2012 2752 Sexta
2049 2707 2241 2748 novem
2282 2689 2508 2762 pedibus
2533 2687 2720 2757 pandit
2745 2701 2842 2740 sua
2872 2683 3076 2738 lumina
3106 2681 3320 2737 deinde.

160 2779 296 2852 Ergo
323 2797 446 2854 age,
475 2784 519 2838 si
552 2785 793 2856 subjecta
825 2787 1092 2859 legentem
1119 2791 1339 2860 pagina,
1373 2792 1564 2859 lector,
2269 2819 2335 2859 οε
2375 2815 2553 2856 APRIL!
2589 2815 2658 2854 ετ
2699 2811 3015 2853 sermnem.

161 2874 763 2994 Ξῗηπξξεζξιάξζεῖίυδπη
787 2882 1005 2984 regione
1030 2885 1306 2994 prohabi?’
1340 2885 1409 2994 ib
1433 2885 1550 2994 ίίξδθ
1847 2926 1978 2994 Quae
2004 2922 2099 2978 tibi
2127 2915 2448 2990 September
2468 2911 2750 2967 ﬂorentem
2781 2909 2946 2964 nectit
2976 2905 3239 2977 Aprilem,

158 2965 406 3074 Panubio
434 2967 706 3074 Hesperiae
729 2972 1083 3074 primos-quin
1100 2977 1281 3074 vergit
1308 2975 1576 3074 adortus,
1847 2965 2645 3074 ngdgi'slz‘Hé—glgigenis
2674 3003 2830 3056 doce;
2864 2965 3040 3055 orbita
3068 2965 3326 3069 primam,

157 3053 516 3127 Lngdunique
539 3061 692 3126 urbe,
721 3069 775 3114 et
803 3061 1050 3117 Rhodani
1079 3063 1334 3120 distincta
1363 3063 1600 3132 liuentis,

156 3148 402 3221 Respicit
427 3149 626 3207 Oceani
651 3153 974 3211 interclusos
999 3158 1133 3213 orbe
1154 3157 1466 3224 Britannos,

157 3239 266 3298 l-loc
294 3231 528 3313 quoque.
553 3252 603 3299 te
621 3244 768 3313 juste
794 3247 1050 3302 horarum
1084 3265 1339 3306 mensura
1369 3251 1632 3317 monebit,

157 3328 489 3388 Umbrarum
520 3344 699 3390 motus
728 3337 919 3406 primis
949 3352 1017 3392 ne
1043 3337 1183 3393 forte
1205 3339 1463 3396 Kalendis

156 3422 370 3482 Ponere
394 3434 450 3479 et
477 3426 545 3481 ad
576 3426 737 3483 ﬁnem
764 3429 898 3484 velis
927 3431 1224 3500 perducere
1253 3433 1454 3488 mensis
1487 3451 1502 3487 :

154 3516 286 3573 Nam
318 3521 498 3590 pridie
526 3523 843 3579 umbrarum
871 3523 1036 3580 fuerit
1055 3543 1176 3596 quae
1202 3537 1345 3584 meta
1382 3529 1624 3599 priorum

156 3607 265 3664 Sub
295 3621 516 3666 noctem
541 3611 728 3685 nequit
756 3617 810 3669 in
843 3618 1023 3673 varios
1046 3620 1279 3676 transire
1307 3636 1562 3678 recursus
1591 3637 1606 3676 :
2300 3617 2366 3656 DE
2409 3613 2537 3654 “‘0
2585 3613 2654 3652 ετ
2704 3609 2966 3652 Αυῧυετοο

1847 3110 1907 3164 ln
1937 3107 2162 3179 pedibus
2188 3104 2287 3159 sub
2310 3100 2598 3173 quindenis
2622 3098 2846 3170 ﬁgitque
2876 3095 3193 3159 secundum,

1770 3230 1816 3292 ρ
1849 3201 2044 3255 Ternis
2067 3213 2129 3252 ac
2155 3196 2310 3251 denis
2337 3209 2560 3250 cursum
2588 3203 2804 3262 quoque
2832 3189 2989 3244 tertia
3022 3186 3232 3251 fracnat,

1850 3290 2089 3348 Undenis
2114 3301 2369 3342 crescens
2389 3284 2612 3356 pedibus
2638 3289 2748 3336 tum
2773 3287 2964 3351 quarta
2993 3277 3218 3342 recedit,

1848 3384 2046 3452 Quinta
2077 3394 2269 3435 novem
2300 3377 2527 3447 pedibus
2551 3388 2769 3428 cursum
2799 3369 3106 3440 clauditque
3134 3375 3434 3440 patentem,

1849 3474 2206 3546 Septenisque
2235 3484 2364 3524 suos
2398 3465 2673 3536 componit
2701 3471 2853 3519 sexta
2882 3469 3111 3516 meatus.

151 3700 194 3752 Α
221 3701 408 3757 medio
435 3703 486 3756 in
515 3705 750 3759 medium
777 3707 979 3762 sensim
1012 3711 1106 3764 sed
1132 3725 1382 3767 crescere
1410 3727 1653 3768 mensem
1847 3725 2147 3796 Augustum
2174 3725 2227 3774 et
2253 3714 2450 3770 Maium
2469 3711 2646 3784 jungit
2679 3725 2800 3780 quae
2827 3708 2968 3761 linea
2999 3703 3256 3775 primum,

153 3789 466 3848 Diminuive
488 3793 712 3850 umbras
736 3811 864 3851 vera
898 3797 1110 3853 ratione
1135 3799 1413 3867 docemur,
1846 3789 2123 3875 Bis'denis
2151 3814 2355 3869 umbrae
2379 3807 2605 3880 pedibus
2637 3813 2782 3860 meat
2809 3813 2972 3871 atque
2999 3794 3299 3870 quaternis.

151 3881 196 3936 A
227 3885 412 3940 medio
439 3885 494 3940 in
522 3887 757 3943 medium
783 3888 1061 3959 signorum
1091 3899 1150 3946 ut
1178 3891 1411 3948 volvitur
1441 3900 1614 3952 ortus.
1846 3912 1982 3969 Cum
2010 3907 2164 3964 denis
2189 3916 2372 3961 ternos
2395 3899 2664 3957 excrescit
2685 3909 2920 3966 moxque
2957 3890 3224 3956 secunda;

1847 4000 2093 4059 Undenis
2121 3998 2324 4052 clarum
2355 3990 2632 4050 concludit
2657 3988 2818 4044 tertia
2851 3997 3073 4042 cursum
3103 3999 3116 4036 :

1848 4095 2052 4164 Quarta
2080 4097 2229 4162 patet
2251 4087 2478 4160 pedibus
2501 4082 2640 4140 coelo
2667 4077 2930 4151 tepefacta
2959 4071 3226 4164 novenis:

151 4163 478 4228 Horarum
503 4166 637 4246 jam
669 4187 842 4233 nunc
895 4175 1191 4235 texemus
1222 4172 1290 4235 in
1322 4173 1550 4238 ordine
1613 4193 1749 4239 me-
1851 4158 2287 4256 Septem-quinta
2316 4186 2463 4233 tenet
2485 4171 2724 4246 propriis
2750 4168 2901 4223 ﬁnita
2936 4164 3037 4221 sub
3071 4158 3281 4256 umbris
3317 4177 3332 4214 :

427 4325 439 4346 ς
669 4329 680 4341 α
935 4337 947 4346 .
1035 4336 1047 4346 .
1513 4259 1667 4346 [ίδδὲ
1850 4253 2124 4346 Sextaque
2150 4281 2265 4328 tum
2291 4268 2472 4340 quinis
2493 4262 2726 4321 ferventi
2750 4266 2929 4317 cessat
2954 4257 3012 4313 in
3045 4253 3199 4311 orbe.

149 4324 442 4388 Humani
479 4326 720 4406 ignaris
743 4336 1055 4395 monstrat
1087 4350 1248 4414 quas
1285 4324 1752 4415 corporisuni-

1511 4415 1668 4492 [bra.
2365 4423 2432 4463 ne
2469 4420 2620 4462 mmo
2657 4419 2726 4459 er
2762 4415 2934 4458 Juuo.

1851 4533 2120 4588 Horarum
2145 4526 2247 4582 sibi
2274 4521 2569 4592 Quintilem
2595 4517 2718 4589 quis
2747 4515 2942 4571 Junius
2965 4519 3168 4582 aequat,

553 4585 620 4624 DE
653 4587 912 4630 “Num”
950 4588 1020 4630 ΕΤ
1058 4589 1343 4632 meum"
1775 4583 1823 4644 Β
1852 4583 2118 4679 liis—denis
2142 4583 2320 4687 prima
2341 4614 2393 4667 in
2415 4583 2642 4681 pedibus
2670 4615 2819 4675 patet
2841 4611 3002 4672 atque
3024 4599 3265 4662 duobus,

147 4706 323 4762 Linea
358 4723 478 4778 qua:
499 4709 617 4766 Jani
648 4713 822 4782 prima
849 4722 933 4770 est
956 4715 1268 4786 pariterque
1295 4717 1630 4784 Decembris,
1850 4710 2201 4777 Undenisque
2223 4717 2410 4760 means
2437 4697 2743 4754 ostenditur
2771 4693 2897 4765 inde
2923 4689 3187 4753 secunda,

148 4796 409 4855 Tricenis
434 4801 658 4870 pedibus
684 4805 935 4877 binisque
959 4807 1258 4878 exporrigit
1295 4809 1561 4872 umbram,
1853 4802 2040 4860 Tertia
2064 4810 2298 4866 moxque
2319 4793 2485 4866 pedes
2513 4787 2697 4859 explet
2723 4797 3042 4878 comprensa
3072 4793 3333 4841 novenos,

149 4886 515 4961 Undenisque
541 4891 771 4963 sequens
798 4875 1392 4966 pedibusimox'umbra
1416 4898 1605 4954 recisis
1854 4896 2070 4955 Estivo
2101 4898 2309 4962 septem
2335 4901 2462 4971 mox
2489 4882 2662 4938 tendit
2692 4887 2887 4973 quarta
2918 4875 3124 4973 calore,
3209 4962 3221 4973 '
3268 4959 3279 4971 .

150 4979 395 5036 Tantum
422 4983 505 5039 bis
529 4985 683 5042 denis
711 5003 926 5058 unoque
954 4997 1179 5046 extensa
1213 4990 1462 5061 patescit.
1855 4989 2164 5058 Quintaqne
2189 4991 2302 5038 tum
2330 4969 2558 5051 pedibus
2591 4969 2909 5028 conscendit
2948 4968 3090 5021 linea
3132 4968 3334 5034 (ιιιῖιηεν

148 5073 328 5134 Linea
362 5088 583 5153 tamque
624 5083 789 5154 pedes
817 5084 1108 5143 concidens
1134 5087 1293 5143 tertia
1315 5086 1498 5151 binos,
1857 5081 1997 5137 llinc
2021 5083 2211 5133 centro
2237 5081 2450 5129 torrens
2470 5076 2656 5123 ternos
2681 5062 2786 5120 sibi
2827 5068 2979 5120 sexta
3007 5062 3241 5114 retentat
