4000 6352
550 355 653 412 6ὅῖ

573 506 1815 537 Mod

1515 346 2025 407 WANDALBERTI
2078 338 2501 401 PRUMIENSIS
2543 337 2853 396 MONACHI

2042 642 2336 705 INCIPIT

1378 834 1558 947 DE
1652 828 2459 945 CREATIONE
2550 828 3012 947 MUNDI
3118 873 3247 899 κη

1721 1086 1838 1127 PER
1885 1085 2174 1129 ORDINEM
2222 1083 2469 1129 DIEBUM
2515 1083 2661 1129 SEX.

1013 1368 1081 1409 nn
1119 1367 1223 1409 uno
1258 1368 1329 1408 ετ
1370 1350 1531 1408 τωιιὲο
1559 1364 1667 1408 ιιῑο

915 1481 942 1510 ι
971 1464 1235 1537 Simplex,
1265 1479 1433 1535 purus
1462 1472 1517 1520 et
1537 1478 1699 1527 unus,

908 1547 1128 1614 Eterni
1162 1556 1328 1610 Pater
1353 1563 1518 1625 atque
1536 1603 1557 1623 ,

918 1651 1159 1706 Summa:
1188 1647 1309 1704 fons
1333 1647 1615 1711 bonitatis.

913 1742 1166 1798 Existens
1200 1740 1320 1796 sine
1343 1739 1451 1795 line

915 1833 1040 1891 ΑΞνί
1070 1833 1467 1906 principioque,

917 1925 1208 1985 Concrevit
1230 1925 1372 1982 Deus
1398 1924 1586 1980 orbem
1615 1942 1628 1977 :

912 2019 1088 2074 Verbo
1113 2025 1309 2073 cuncta
1340 2024 1580 2081 creante,

918 2110 1120 2166 Rerum
1150 2110 1402 2165 machina
1433 2116 1666 2173 constat,

924 2198 1151 2257 Volvens
1176 2215 1339 2269 quam
1368 2207 1516 2254 rotat
1543 2199 1663 2253 axis
1690 2215 1704 2251 ;

917 2290 1023 2346 Par
1044 2289 1191 2345 Patri
1215 2289 1520 2359 Genitoque
1539 2329 1557 2354 ,

912 2382 1172 2440 Lustrans
1201 2382 1405 2438 lumine
1432 2389 1647 2449 cuncta,

917 2475 1175 2530 Mundum
1209 2472 1447 2543 Spiritus
1476 2473 1665 2544 implet
1686 2490 1701 2528 :

918 2572 1037 2628 Una
1068 2576 1125 2626 et
1150 2569 1290 2624 trina
1315 2560 1577 2639 potestas

915 2662 1182 2718 Distincto
1218 2660 1557 2724 moderatur,

912 2750 1204 2822 Complexa
1226 2749 1427 2813 omnia,
1461 2758 1621 2804 nutu.

1136 2861 1219 2917 De
1256 2862 1340 2917 die
1376 2861 1568 2933 primo.

918 2975 1100 3030 Prima
1129 2974 1257 3031 hinc
1279 2980 1460 3029 exstat
1487 2971 1664 3043 origo,

900 3067 1112 3124 -Carnis
1144 3067 1314 3122 libera
1341 3081 1503 3131 nexu,

921 3160 1059 3217 Coeli
1085 3173 1205 3229 qua:
1239 3165 1388 3212 tenet
1413 3155 1617 3219 aulam,

923 3250 1123 3321 Regem
1151 3262 1376 3318 quaaque
1402 3245 1657 3311 videndo.

916 3342 1112 3413 Legem
1157 3356 1289 3397 vere
1328 3341 1544 3395 beatam

919 3435 1134 3499 Servat,
1163 3432 1543 3503 militiamque.

923 3527 1065 3580 Vero
1090 3525 1211 3579 luce
1231 3523 1435 3577 lumine
1466 3520 1628 3576 nobis

922 3616 1033 3669 Lux
1062 3630 1092 3669 e
1118 3615 1264 3669 fonte
1286 3613 1509 3685 perenni

922 3707 1192 3779 Illustrata
1220 3705 1490 3776 patescit:

918 3797 1071 3853 Hanc
1099 3813 1220 3869 qua:
1247 3807 1442 3869 sponte
1472 3796 1692 3868 reliquit

916 3888 1073 3955 Pars,
1103 3891 1229 3946 dum
1248 3904 1393 3945 caeca
1427 3890 1693 3960 superbit,

922 3980 1088 4036 Nocte
1113 3981 1229 4036 haec
1256 3981 1443 4037 horret
1468 3990 1525 4035 et
1547 3980 1752 4035 umbris
1778 3997 1800 4032 ι

921 4072 1193 4128 Discernit
1217 4073 1312 4128 sed
1340 4081 1626 4141 utramque

922 4163 1199 4233 Regnator
1225 4164 1390 4229 Deus,
1421 4163 1584 4232 inque

920 4252 1122 4324 Dignos
1146 4254 1387 4323 disparat
1406 4262 1580 4309 ortus.

925 4344 1053 4399 Ilaec
1080 4344 1380 4415 spernenda
1411 4343 1611 4399 furoris

925 4437 1084 4492 Virus
1109 4437 1470 4507 nequitiaque

925 4527 1096 4584 Cascis
1121 4528 1440 4584 mortalibus
1461 4528 1607 4584 addit
1635 4543 1655 4583 τ

935 4622 1074 4679 Vitae
1097 4631 1181 4679 ast
1205 4621 1293 4677 illa
1316 4621 1511 4688 beatae,

918 4714 1254 4787 Virtutisque
1289 4714 1537 4786 benigna:

918 4804 1135 4862 Sensim
1164 4807 1370 4877 spargit
1400 4821 1664 4861 amorem.

916 4898 1038 4954 Mox
1066 4898 1262 4955 caelum
1294 4898 1436 4954 Deus
1457 4898 1648 4962 altum.

917 4990 1245 5058 lnl‘ormique
1267 4989 1474 5044 creavit

920 5077 1149 5132 Mersam
1180 5077 1417 5148 pondere
1446 5087 1671 5144 terram,

921 5168 1053 5236 Qua:
1083 5183 1337 5238 magnum
1362 5181 1460 5238 per
1489 5167 1649 5221 inane

918 5260 1079 5317 Lucis
1100 5276 1324 5316 munere
1353 5261 1611 5331 primum,

921 5350 1088 5408 Undis
1110 5359 1275 5415 tecta,
1308 5357 1538 5406 careret.

919 5444 1015 5501 His
1040 5452 1296 5501 concreta
1323 5442 1537 5497 fuerunt

914 5536 1057 5607 Ignis
1086 5537 1292 5592 semina
1317 5536 1461 5606 puri,

920 5632 1217 5700 Siccusque
1246 5628 1388 5684 aeris
1411 5628 1625 5684 humor.

633 5778 661 5811 ι
696 5765 925 5824 Μειιιιιιη
958 5764 1338 5821 ferecraticum
1363 5760 1689 5819 trimetrum.

2170 1351 2220 1408 Δ

2605 1345 2809 1417 Nempe
2836 1346 2920 1402 his
2951 1355 3143 1404 cuncta
3171 1348 3373 1406 coactis

2604 1439 2778 1494 Sensu
2806 1454 3032 1509 corpora
3059 1438 3208 1498 nullo

2606 1527 2865 1586 Alllatore
2901 1540 3210 1588 moventur.

2804 1643 2883 1697 De
2902 1642 2988 1698 die
3008 1645 3255 1699 secundo.

2605 1753 2741 1811 (Ζωιί
2769 1756 2897 1811 hinc
2920 1758 3168 1826 proxima
3208 1759 3372 1814 terris

2605 1848 2740 1903 Pars
2764 1857 2849 1904 est
2874 1851 3116 1917 condita,
3146 1852 3302 1907 tetris

2604 1940 2760 2011 Saepe
2787 1939 3017 1997 obnoxia
3046 1942 3240 2000 furnis.

2606 2032 2776 2089 Undae
2806 2050 3041 2105 namque
3068 2052 3317 2108 superna:

2607 2125 2989 2197 Telluremque
3019 2136 3283 2201 tegentes,

2607 2218 2799 2273 Juncta
2827 2219 2966 2275 mole
2993 2221 3243 2276 ruebant.

2607 2310 2717 2366 llas
2747 2312 2893 2367 inter
2916 2314 3057 2368 Deus
3085 2323 3277 2371 auctor

2606 2401 2867 2458 Firmavit
2890 2404 3204 2460 nebulosam

2608 2496 2889 2566 Spltreram
2919 2495 3349 2568 nubiferamque.

2609 2587 2733 2645 Ilaec
2758 2590 2840 2645 vis
2867 2605 3060 2660 nempe
3090 2591 3350 2662 liquentis

2615 2680 2991 2752 Undantisque
3013 2682 3291 2750 elementi,

2610 2773 2744 2831 (ἓωιί
2772 2783 3039 2846 temperat
3066 2775 3236 2844 ignes.

2916 2888 2995 2944 De
3021 2890 3106 2945 die
3136 2889 3310 2945 tertio.

2608 2999 2723 3058 lloc
2755 3018 2823 3058 ex
2855 3003 3048 3060 ordine
3076 3005 3291 3061 demum

2606 3092 2854 3150 Formosi
2883 3105 3034 3149 sator
3057 3093 3207 3150 orbis

2602 3184 2772 3241 Undis
2808 3201 2936 3240 arva
2965 3187 3192 3251 retexit;

2608 3278 2831 3350 Magnos
2856 3280 3018 3350 inque
3044 3290 3254 3338 meatus

2608 3371 2776 3428 Moles
2800 3388 2988 3441 sparsa
3016 3372 3253 3429 ﬂuentis.

2608 3464 2831 3529 Fontes,
2859 3463 3102 3529 flumina,
3136 3466 3264 3530 rivi,

2605 3553 2809 3625 Stagna
2837 3566 2891 3611 et
2921 3556 3156 3611 maxima
3185 3557 3319 3628 ripis

2607 3645 2727 3700 Mox
2752 3648 3004 3703 distincta
3038 3659 3311 3705 mearunt.

2611 3736 2793 3794 Tellus
2829 3738 2972 3794 nuda
3001 3747 3228 3809 repente

2608 3828 2861 3885 Formam
2888 3830 3013 3888 laeta
3039 3831 3304 3887 virentem

2608 3921 2843 3977 Frondis
2869 3923 3064 3979 comsit
3095 3923 3301 3979 honore
3332 3943 3350 3978 :

2608 4015 2789 4071 Arbor
2812 4017 3019 4072 semina
3045 4032 3295 4087 quaeque,

2602 4106 2790 4163 Festus
2816 4107 2982 4162 herba
3013 4108 3242 4175 sativos,

2606 4195 2793 4254 Verbo
2811 4208 3042 4270 urgente
3066 4211 3343 4254 crearunt.

2822 4311 2901 4367 De
2927 4313 3015 4368 die
3040 4322 3251 4381 quarto.

2605 4420 2752 4478 Neve
2782 4423 2896 4478 haec
2925 4432 3121 4479 cuncta
3155 4432 3409 4480 carerent

2600 4515 2742 4571 Caro
2767 4515 2903 4572 lucis
2928 4517 3152 4582 honore,

2610 4607 2959 4679 Spirantique
2989 4607 3199 4673 calore,

2605 4698 2748 4754 Solis
2772 4698 3023 4753 conditor
3048 4699 3249 4770 ignem,

2606 4788 2773 4843 Lunae
2800 4795 2856 4842 et
2883 4787 3133 4858 lampada
3160 4786 3353 4853 tinxit,
3385 4848 3395 4857 ,

2606 4879 3010 4950 Stellarumque
3037 4879 3266 4936 nitores.

2609 4969 2851 5043 Sphaeris
2879 4980 3029 5027 astra
3059 4970 3162 5027 sub
3186 4972 3404 5043 amplis,

2604 5059 2733 5119 Haec
2755 5062 2919 5117 inﬁxa
2950 5076 3196 5127 manere,

2598 5155 2725 5213 Ilzec
2750 5165 2877 5213 sunt
2894 5156 3044 5227 iussa
3076 5158 3302 5222 moveri.

2603 5250 2735 5318 Quae
2762 5251 2920 5306 annis
2940 5259 3103 5321 atque
3131 5251 3343 5316 diebus,

2608 5341 2812 5413 Signis,
2842 5341 3210 5413 prodigiisque

2598 5434 2920 5497 Praeessent,
2951 5433 3411 5503 temporibusque.

2599 5526 2807 5582 Phoebo
2833 5525 3013 5581 sidera
3040 5526 3109 5580 ab
3133 5540 3244 5581 uno

2599 5620 2807 5676 Lumen
2838 5627 3036 5675 cuncta
3067 5626 3390 5689 capessunt,

3707 336 3794 397 636

1845 498 3793 526 *Μ
