4000 6352
147 402 281 458 .637

539 516 654 574 Nox
685 519 810 589 quis
836 521 1058 578 horrida
1093 521 1270 578 cedit.‘

538 607 678 676 Quin
702 618 758 664 et
786 609 910 664 luna
942 619 1127 666 meatu

544 699 790 766 Diverso,
823 701 1070 758 variante

542 786 686 846 Orbe
709 792 915 847 incerta
945 808 1078 864 vaga
1087 810 1280 865 nsque,

540 884 685 940 Solis
711 885 914 942 lumine
940 887 1098 958 plena

544 978 698 1034 Nunc
719 980 936 1046 crescit,
971 981 1271 1054 radiatque,

543 1069 697 1126 Nunc
724 1069 956 1127 obducta
990 1072 1215 1129 recedit.

747 1178 828 1233 De
853 1180 940 1234 die
965 1181 1168 1251 quinta.

544 1294 840 1365 Postquam
869 1295 1047 1350 sidere
1077 1294 1244 1365 pleno

547 1386 788 1443 Concors
812 1397 896 1443 est
922 1387 1128 1442 radiata

548 1480 657 1536 Lex
686 1490 742 1536 et
768 1480 973 1537 fabrica
1001 1497 1207 1546 rerum,

544 1571 784 1630 Viventis
802 1575 953 1644 jubet
982 1585 1161 1630 ortum

545 1662 764 1718 Natura:
787 1664 912 1720 inde
935 1665 1163 1722 Creator

539 1755 918 1828 Spirantisque
955 1759 1162 1816 moveri
1196 1778 1218 1815 ι

547 1850 718 1907 Undis
742 1851 878 1907 mira
907 1862 1129 1923 repente

538 1940 778 1997 Emersit
807 1943 1110 2013 specierum

545 2025 712 2090 Moles
741 2034 1147 2091 innumerarum
1175 2052 1191 2090 :

543 2125 666 2182 Mox
693 2142 1028 2197 quaecunque
1058 2137 1247 2185 natatu

533 2215 820 2286 Complent
849 2233 1091 2289 aequora,
1123 2232 1359 2289 quaeque

540 2304 824 2361 Scandunt
849 2321 974 2362 aera
1000 2308 1214 2378 pennis,

540 2399 822 2454 Diversum
850 2415 1040 2470 genus,
1076 2406 1239 2470 atque

540 2489 749 2545 Formae
777 2507 1006 2562 corpora
1037 2506 1264 2562 magnae,
1291 2499 1355 2546 et.

549 2582 678 2639 Cete
702 2583 939 2654 ingentia
970 2593 1221 2654 surgunt,

539 2673 662 2729 Mox
687 2676 942 2746 grandes,
966 2677 1281 2747 modicique

542 2764 748 2831 Pisces,
779 2767 1006 2822 saltibus
1037 2768 1213 2823 undas

546 2857 910 2930 Squamisque
936 2867 1364 2929 exsuperantes;

547 2947 730 3004 Testis
761 2965 887 3004 mox
911 2964 1127 3020 quoque
1156 2947 1345 3004 clausa

541 3037 730 3110 Surgit
756 3041 933 3104 turba,
960 3040 1237 3110 marisque

545 3132 636 3186 Vis
665 3132 930 3188 immensa
958 3132 1177 3189 feracis.

543 3222 708 3279 Pictze
744 3239 978 3295 moxque
1005 3225 1279 3290 volucres,

541 3313 723 3381 Silvis,
755 3331 882 3371 rure
909 3317 994 3371 vel
1024 3316 1207 3383 undis,

545 3406 712 3463 Sueto
737 3423 805 3464 ex
827 3423 1045 3480 aequore
1073 3418 1325 3465 manant.

783 3520 862 3577 De
882 3522 967 3576 die
1009 3530 1176 3578 sexto.

541 3633 771 3707 Jamque
795 3637 924 3692 hinc
952 3636 1080 3694 inde
1107 3651 1314 3694 sonoro

539 3727 784 3786 Mulcens
805 3731 1007 3786 aethera
1031 3729 1246 3802 plausu,

540 3821 656 3878 Alis
679 3822 831 3879 turba
853 3822 1055 3888 coibat,

543 3917 748 3973 Amnes
770 3917 920 3988 pisce
941 3916 1206 3984 ﬂuebant,

543 4006 870 4080 Naturisque
899 4007 1169 4065 elementa

538 4096 730 4154 Iuncta
756 4109 1046 4156 ornaverat
1067 4106 1260 4157 auctor
1275 4117 1294 4155 :

537 4187 774 4248 Telluris
804 4192 1094 4263 superabat

539 4283 693 4349 Pars,
720 4300 842 4354 quae
859 4283 1011 4354 iussa
1041 4284 1316 4341 animatas

538 4375 726 4431 Posset
747 4377 966 4448 gignere
991 4375 1193 4432 formas
1220 4395 1234 4430 :

1422 405 1510 461 DE
1544 406 1935 464 CREATIONE
1976 409 2215 468 MUNDI.

1790 535 1842 592 Α

541 4466 708 4524 Jussit
733 4469 875 4524 hanc
904 4483 1118 4540 quoque
1151 4485 1348 4526 munus
1437 4449 1440 4452 i

537 4562 744 4616 Auctor
765 4577 982 4617 sumere
1009 4563 1144 4618 vivae
1162 4571 1218 4618 et

538 4651 810 4724 Spirantis
834 4653 1057 4724 speciei,
1091 4693 1093 4696 ι

530 4745 667 4801 Tum
696 4746 908 4802 diversa
939 4761 1036 4816 per
1061 4759 1283 4801 omnem

536 4837 777 4913 Surgunt
803 4855 1030 4908 corpora
1058 4849 1280 4905 terram,

531 4929 690 4986 Limo
711 4931 905 4986 educta
936 4940 1175 5001 repente.

533 5022 673 5079 Tum
698 5039 1035 5094 quascunque
1058 5022 1320 5092 iumentis

532 5113 731 5170 Forma
759 5120 864 5179 est,
897 5127 1018 5182 qua:
1042 5128 1210 5183 pecus
1234 5115 1357 5187 agri

533 5205 827 5278 Distingnit
859 5205 1165 5276 variatque.

532 5299 664 5368 Quae
695 5298 988 5364 silvestria,
1016 5307 1172 5355 motu

537 5391 772 5460 Quassat
797 5391 1040 5447 membra
1072 5389 1273 5458 ferino,

538 5482 700 5540 Jussu
724 5481 934 5541 concita
957 5483 1130 5538 currit
1158 5500 1178 5538 ι

541 5573 757 5632 Necnon
783 5572 961 5632 bellua
979 5589 1207 5646 qumque

534 5669 891 5740 lmmitisque,
917 5669 1102 5726 voraci

534 5759 718 5817 Fluxit
745 5762 899 5817 turba
927 5759 1186 5819 tremore.

534 5850 755 5907 Cunctis
777 5863 894 5922 quae
922 5865 1107 5922 grege,
1135 5864 1362 5924 quaeque

2224 535 2348 591 Sola
2388 538 2641 594 incedere
2667 539 2908 608 gaudent

2231 624 2365 682 Tum
2387 643 2586 685 venere
2611 628 2819 701 ﬁgurae.

2336 739 2415 794 De
2451 741 2710 795 creatione
2745 741 2992 797 hominis.

2221 850 2455 921 Jamque
2490 849 2708 920 impleta
2745 850 2994 920 placebat

2233 944 2414 1000 Mundi
2441 945 2693 1001 machina
2719 945 2912 1014 primi;

2226 1035 2374 1090 Dixit
2395 1051 2518 1090 cum
2553 1043 2702 1091 sator
2731 1035 2901 1098 orbis,

2231 1126 2398 1181 Facto
2425 1142 2569 1182 nunc
2598 1141 2734 1196 opus
2765 1126 2852 1182 bic
2875 1135 2981 1190 est,

2226 1218 2379 1273 Nunc
2415 1219 2633 1274 demum
2661 1217 2946 1280 faciamus,

2232 1308 2456 1363 Cunctis
2479 1307 2573 1378 qui
2613 1320 2898 1378 superesse

2226 1396 2405 1452 Possit
2431 1411 2659 1468 qumque
2693 1406 2881 1452 creata

2231 1489 2518 1554 Constant,
2547 1505 2815 1560 quemque
2839 1502 3071 1558 superna

2231 1585 2351 1641 1am
2381 1586 2726 1640 commendet
2751 1584 2950 1655 imago.

2234 1678 2357 1733 Mox
2387 1678 2574 1733 limum
2600 1686 2748 1732 sator
2770 1677 2858 1733 ille

2227 1773 2535 1844 Compegit,
2568 1772 2930 1842 stabilemque

2229 1864 2510 1919 Formavit
2548 1864 2690 1919 Deus
2714 1877 2922 1927 arcem,

2229 1957 2648 2028 Perfectumque
2673 1972 2811 2026 opus
2843 1955 2959 2026 ipse

2230 2050 2512 2122 lnspirans
2530 2049 2816 2112 animavit,

2229 2141 2378 2196 Mens
2399 2156 2522 2211 qua:
2544 2148 2746 2195 aeterna
2770 2137 3031 2193 manebit.

2225 2215 2430 2304 Nempe
2456 2235 2571 2289 haec
2595 2231 2774 2302 portio
2798 2229 2922 2286 caeli
2959 2236 3046 2285 est

2230 2327 2542 2397 Divinaaq-ue
2579 2325 2766 2398 figurae

2229 2419 2367 2475 Hinc
2389 2428 2578 2475 vertex
2604 2419 2772 2474 micat
2792 2416 2953 2472 altus.

2226 2509 2378 2565 Hanc
2397 2508 2506 2563 vim
2528 2507 2674 2562 nulla
2699 2505 2857 2561 locali

2223 2598 2368 2653 Motu
2397 2597 2639 2652 membra
2667 2605 2940 2656 coercent.

2225 2685 2484 2753 Quamvis
2503 2699 2648 2755 saepe
2670 2682 2967 2740 retardent.

2223 2775 2538 2848 Distingues
2563 2774 2877 2831 moderator

2223 2868 2355 2925 Post
2380 2869 2611 2925 formam
2633 2869 2786 2936 facit,
2809 2878 2869 2928 ut
2895 2869 2980 2923 vir

2227 2959 2332 3027 Sit,
2358 2976 2461 3016 nec
2493 2959 2692 3016 femina
2725 2961 2884 3017 desit.

2219 3052 2496 3109 lmmissus
2526 3067 2689 3124 sopor
2713 3061 2868 3108 artus

2229 3145 2526 3202 Confestim
2552 3147 2744 3218 irrigat
2771 3164 2785 3200 :
2819 3146 2944 3202 hinc
2970 3144 3032 3199 (it

2231 3240 2457 3310 Sumpto
2479 3256 2548 3295 ex
2568 3256 2696 3297 osse
2712 3241 2919 3311 virago.

2229 3330 2450 3388 Cunctis
2472 3333 2784 3404 imperitare

2227 3425 2374 3492 Quos
2403 3424 2815 3494 summusjubet
2835 3430 3052 3485 auctor.

2230 3518 2433 3574 Natura
2459 3517 2725 3582 variante,

2229 3607 2362 3676 Quae
2386 3608 2560 3673 undis,
2587 3622 2732 3669 aere,
2761 3605 3019 3674 humique

2233 3701 2582 3765 Inceduntve,
2604 3698 2877 3761 volantve,

2219 3790 2372 3846 Nunc
2397 3799 2660 3862 repuntve
2683 3799 2882 3845 creata.

2228 3880 2470 3952 Simplex
2503 3881 2629 3936 inde
2662 3879 2883 3949 jubetur

2225 3974 2361 4029 Esca
2391 3974 2684 4044 insonsque
2708 3971 2907 4043 parari,

2228 4064 2418 4120 Ramis
2438 4081 2600 4136 quam
2632 4066 2787 4120 daret
2808 4063 2992 4120 arbor.

2225 4159 2419 4214 Latum
2442 4175 2568 4213 nam
2598 4157 2935 4229 paradisum,

2217 4247 2691 4319 Frondentemque
2717 4245 2945 4302 Creator

2223 4343 2388 4399 Multo
2413 4342 2669 4415 providus
2689 4349 2815 4397 ante

2196 4409 2432 4492 .Fructu
2459 4435 2799 4506 impleverat,
2830 4440 2993 4502 atque

2211 4528 2408 4586 Amnis
2444 4529 2594 4584 fonte
2617 4527 2894 4599 perennis,

2225 4619 2340 4676 Hac
2370 4629 2426 4674 ut
2452 4619 2581 4676 sede
2609 4619 2830 4674 beatum

2214 4709 2332 4767 Iam
2361 4721 2489 4767 tunc
2526 4711 2652 4766 sede
2676 4709 2938 4770 futurum.

2225 4801 2501 4858 Cultorem
2525 4801 2943 4873 indigenamque

2218 4893 2330 4950 Lex
2356 4901 2558 4949 aeterna
2582 4901 2810 4949 teneret.

2223 4986 2385 5042 Senis
2418 4985 2612 5041 deinde
2645 4983 2836 5040 diebus

2216 5077 2502 5148 Completo
2525 5077 2657 5132 orbe
2677 5075 2937 5146 peractis,

2217 5169 2437 5226 Naturae
2461 5170 2698 5241 optimus
2721 5177 2916 5225 auctor

2221 5261 2512 5333 Postquam
2541 5270 2735 5319 cuncta
2756 5262 2973 5334 placere

2215 5357 2386 5412 Recto
2414 5357 2552 5412 vidit
2578 5355 2632 5411 in
2661 5364 2808 5424 ortu,

2227 5447 2464 5520 Septena
2492 5448 2780 5519 requievit.

3325 406 3429 460 638

1784 5601 1789 5607 -
1874 5566 2124 5637 Hymen;
2149 5564 2216 5620 de
2243 5565 2506 5618 creatione
2541 5563 2726 5618 mundi
2755 5580 2936 5620 sensus
2971 5565 3024 5619 in
3065 5547 3271 5619 homine
3313 5579 3426 5617 ace.

2538 5647 2780 5717 piendus.

2223 5756 2466 5812 Cernetis
2483 5767 2631 5813 nunc
2649 5756 2810 5813 homo
2837 5771 2997 5826 quam
3022 5764 3075 5811 te

2223 5849 2425 5906 Tantus
2458 5849 2640 5921 diligat
2661 5859 2870 5918 auctor,
