4000 6352
153 367 259 425 ειι

1183 361 1274 426 DE
1306 367 1484 426 VITA-
1507 368 1597 426 ET
1635 369 2012 429 MIRACULIS
2051 371 2109 429 S.
2153 370 2430 432 GOARIS.

3351 379 3458 435 6‘2

141 499 250 540 nos
291 483 1024 558 magnitudinepermovcnt
1047 524 1062 552 ,
1093 499 1200 540 non
1245 493 1356 541 tam
1391 501 1572 542 rerum
1600 486 1754 558 igno-
1784 493 1834 554 Α
1862 495 2146 559 propterea
2178 490 2356 559 pauci,
2393 497 2489 544 aut
2519 502 2687 561 prope
2721 487 2853 544 nulli
2881 487 3172 555 mirantur,
3196 493 3455 562 quoniam

142 575 356 640 rantia,
401 589 565 646 quam
597 573 764 629 animi
810 573 1016 629 desidia
1069 572 1265 629 futurae
1316 585 1439 646 post
1475 591 1575 632 nos
1606 578 1752 633 aetati

143 666 448 721 scribendo
506 664 879 720 transmittere
937 665 1362 721 dissimulamus.
1416 667 1530 734 Oua
1587 668 1641 722 in
1694 683 1754 724 re

141 755 314 826 longe
335 765 421 811 est
447 764 633 812 nostra
664 771 824 824 quam
856 755 1458 826 majorum‘nostrorum
1495 774 1620 814 cum
1644 775 1756 814 ma-

145 847 447 911 nifestior,
505 856 619 901 tum
671 831 1092 902 inexcusabilior
1140 847 1318 918 culpa.
1364 848 1572 920 Quippe
1612 849 1755 920 apud

140 936 362 991 Gallias
395 935 594 991 multos
641 949 813 991 annos
843 934 1144 1010 litterarum
1176 936 1356 992 studia
1374 937 1616 1006 jacuere,
1650 954 1752 994 nec

139 1027 316 1083 facile
341 1027 529 1098 plures
566 1041 668 1098 per
719 1035 994 1083 transacta
1024 1037 1176 1082 retro
1217 1029 1398 1098 spatia
1448 1029 1751 1084 liberalium

141 1120 356 1174 artium
383 1133 609 1174 munere
633 1117 806 1175 functi
839 1133 970 1196 esse
995 1120 1362 1190 reperiuntur,
1391 1135 1635 1191 quosque
1684 1119 1752 1174 ad

141 1221 402 1290 nostram
429 1221 642 1268 atatem
662 1211 971 1283 principum
996 1211 1324 1268 liberalitate
1345 1221 1401 1268 et
1423 1213 1751 1284 optimorum

141 1306 402 1362 virorum
431 1306 656 1360 solertia
681 1305 820 1361 adeo
857 1305 1265 1376 disciplinarum
1295 1305 1471 1361 studia
1501 1305 1750 1376 profece-

142 1407 307 1461 runt,
334 1408 398 1452 ut
422 1397 678 1452 invidiam
702 1397 950 1452 criminis
976 1398 1170 1452 merito
1200 1413 1344 1453 nunc
1366 1398 1638 1453 sustinere
1665 1413 1755 1454 co-

143 1503 371 1558 gamur,
397 1487 446 1540 si
470 1497 624 1559 gesta
653 1495 967 1542 sanctorum
995 1489 1256 1552 virorum,
1288 1503 1409 1557 quae
1434 1488 1651 1558 quidem
1681 1487 1750 1542 ad

143 1585 401 1632 nostram
445 1577 719 1647 potuerint
745 1576 1030 1648 pervenire
1084 1577 1352 1644 notitiam,
1409 1589 1749 1648 posterorum

143 1668 401 1723 scientiae
423 1667 671 1737 deperire
691 1669 953 1732 sinamus.
982 1666 1168 1738 Neque
1193 1683 1322 1724 vero
1343 1669 1593 1724 audiendi
1625 1677 1751 1724 sunt

145 1757 242 1827 qui
273 1765 485 1811 tantum
511 1757 654 1812 artati
675 1758 963 1831 praeterita:
989 1757 1253 1822 tribuunt,
1284 1767 1343 1814 ut
1363 1775 1507 1815 nunc
1533 1774 1749 1830 quoque

1857 578 1942 633 sui
1997 577 2299 650 frequentia
2332 579 2482 636 duris
2521 579 2636 649 jam
2682 579 2963 636 hominum
2991 580 3246 637 cordibus
3275 582 3450 638 vilue-

1856 678 2004 725 runt.
2104 697 2106 699 ’
3540 743 3543 745 ,

1923 760 1979 814 2.
2004 761 2258 832 quoniam
2291 762 2472 832 itaque
2498 778 2604 827 me,
2651 772 2838 819 sancte
2866 771 2921 818 et
2945 765 3322 823 amantissime
3342 765 3452 822 Pa-

1855 860 1929 907 tet
1974 851 2345 918 Marchuardc,
2385 871 2524 908 novo
2553 856 2703 925 operi
2736 871 2956 910 manum
3007 857 3286 928 imponere
3305 875 3457 916 com-

1853 944 2072 1014 pellitis,
2114 953 2172 999 ut
2205 945 2371 999 Actus
2415 946 2587 999 sancti
2629 944 2956 1002 confessoris
2982 935 3186 1003 Christi
3235 948 3452 1016 Goaris,

1852 1035 1943 1103 qui
1976 1035 2238 1090 hactenus
2257 1036 2350 1090 vili
2381 1037 2670 1090 admodum
2709 1035 2850 1106 stylo
2894 1046 2950 1090 et
2993 1024 3248 1094 sermone
3304 1042 3450 1096 mul-

1804 1159 1810 1164 -
1855 1135 2032 1182 torum
2076 1126 2292 1181 auditus
2342 1127 2649 1184 oﬂ‘endente
2697 1129 3102 1196 constiterunt,
3143 1131 3456 1186 accuratius

1853 1216 2076 1271 debeam
2114 1219 2428 1288 explanare,
2483 1220 2681 1275 additis
2725 1236 2791 1275 ex
2819 1236 2959 1277 novo
3008 1223 3286 1279 miraculis
3333 1239 3456 1294 qua

1851 1307 1994 1376 apud
2015 1307 2132 1376 ejus
2161 1311 2479 1365 memoriam
2502 1325 2533 1364 a
2581 1310 2826 1382 pluribus
2853 1322 3003 1383 gesta
3055 1314 3290 1370 ﬁdeliter
3310 1316 3454 1372 refe-

1854 1388 2088 1465 runtur;
2122 1399 2360 1456 breviter
2381 1403 2464 1458 eis
2491 1419 2629 1474 quos
2656 1407 2774 1461 haec
2812 1406 3062 1463 fortassis
3102 1424 3223 1464 mea
3249 1411 3455 1482 scripta

1852 1503 2071 1544 movere
2101 1499 2352 1560 poterunt
2393 1494 2689 1560 satisfacio,
2734 1512 2820 1550 me
2852 1513 3028 1568 neque
3070 1503 3456 1572 praesumptive

1851 1578 2157 1648 corrigendi
2202 1580 2321 1651 ejus
2367 1583 2548 1652 operis
2596 1585 2683 1640 cui
2731 1584 2998 1654 majorum
3039 1590 3216 1644 studia
3273 1606 3456 1646 cesse-

1853 1670 1963 1723 rint
1997 1671 2380 1727 auctoritatem
2407 1690 2707 1741 assumere,
2748 1693 2926 1748 neque
2951 1691 3272 1750 arroganter
3301 1697 3457 1737 nova:

1852 1759 2147 1816 condendze
2191 1763 2472 1832 scripturae
2503 1764 2824 1822 litterariam
2871 1783 3092 1836 operam
3143 1769 3450 1826 adhibere:

144 1847 272 1903 fieri
304 1863 430 1918 qua:
463 1847 625 1920 digna
672 1847 870 1904 litteris
897 1849 1234 1904 aestimentur
1272 1849 1519 1906 absoluto
1557 1850 1748 1921 praeju-
1778 1849 1823 1909 B
1852 1851 1947 1905 sed
1979 1860 2036 1904 ut
2064 1851 2384 1922 simpliciter
2417 1855 2740 1910 obedientiae
2774 1857 3015 1912 debitum
3046 1873 3282 1922 servem,
3309 1859 3453 1928 quod

144 1941 300 1996 dicio
320 1949 521 2010 negent
543 1957 557 1993 :
585 1955 710 1996 cum
737 1939 917 1995 divina
937 1939 1284 1995 Providentia
1312 1941 1542 2011 singulis
1563 1941 1749 1996 mundi

144 2032 499 2103 temporibus
548 2031 623 2086 ita
679 2045 897 2100 semper
942 2046 1064 2102 quae
1116 2031 1351 2087 humano
1406 2033 1591 2103 generi
1647 2047 1749 2102 pro

146 2125 322 2178 modo
363 2131 420 2177 et
451 2123 660 2176 ratione
696 2129 998 2192 congruant
1042 2122 1281 2188 ordinet,
1330 2130 1391 2177 ut
1435 2137 1613 2192 neque
1650 2139 1751 2180 nos

143 2215 462 2284 priscorum
503 2211 780 2269 hominum
831 2213 1146 2268 felicitatem
1195 2214 1506 2270 desiderare
1553 2231 1750 2273 conve-

144 2303 302 2370 niat,
343 2319 522 2376 neque
550 2303 670 2360 illos
721 2314 1030 2360 nostrorum
1091 2315 1392 2377 temporum
1443 2317 1645 2364 statum
1699 2310 1747 2364 si

144 2394 337 2465 qualis
382 2410 524 2451 nunc
559 2395 740 2466 agitur
769 2395 1021 2466 praescire
1056 2379 1360 2466 potuissent
1401 2399 1750 2456 damnaturos

145 2479 328 2542 fuisse
356 2487 632 2543 credebile
681 2486 774 2542 sit.
831 2487 1039 2558 Quippe
1089 2504 1231 2542 nunc
1280 2504 1495 2559 quoque
1541 2501 1666 2549 sunt
1695 2492 1750 2547 in

143 2575 404 2632 Ecclesia
435 2575 587 2631 multi
637 2577 838 2631 virtute
868 2579 990 2632 vita:
1034 2576 1339 2644 clarissimi,
1381 2575 1531 2634 et’ad
1557 2581 1750 2635 merita

144 2666 488 2722 declaranda
535 2677 846 2722 sanctorum
896 2668 950 2721 in
990 2668 1220 2723 sacratis
1262 2668 1627 2725 Ecclesiarum
1656 2671 1753 2727 do-

147 2758 342 2815 suibus
374 2760 640 2829 stupenda
685 2773 1058 2830 saepenumero
1102 2759 1362 2816 miracula
1416 2761 1572 2826 fiunt,
1630 2777 1751 2831 quae

1853 1940 1908 1994 in
1954 1942 2220 2012 principio
2256 1945 2435 2012 posui,
2481 1949 2838 2016 perpendere,
2868 1950 3011 2017 quod
3040 1963 3206 2019 opera
3238 1949 3333 2004 Dei
3368 1949 3456 2003 se;

1851 2034 2086 2088 cundum
2115 2033 2451 2106 Scripturam
2493 2038 2787 2108 gloriosum
2823 2041 2894 2094 sit
2929 2055 3186 2096 enarrare
3224 2049 3281 2095 et
3325 2054 3455 2096 san-

1852 2129 2063 2178 ctorum
2117 2134 2270 2194 gesta
2317 2126 2466 2181 artati
2512 2137 2634 2197 post
2692 2144 2792 2183 nos
2839 2129 3120 2183 hominum
3167 2127 3452 2200 profutura

1853 2214 2115 2270 mandare
2165 2214 2348 2287 (Prov.
2380 2235 2508 2283 Ην,
2539 2218 2618 2290 2).
2655 2219 2918 2289 Equidem
2950 2220 3002 2274 in
3038 2221 3141 2276 hoc
3166 2235 3330 2291 opere
3353 2235 3451 2276 su-

1856 2305 2137 2374 scipiendo
2163 2323 2284 2361 cum
2313 2310 2485 2364 sancti
2533 2310 2633 2365 viri
2661 2311 2870 2366 meritis
2893 2311 3186 2380 plurimum
3215 2311 3453 2376 conﬁdo,

1858 2403 1971 2450 tum
2004 2403 2187 2452 vestro
2235 2399 2480 2469 imperio,
2531 2399 2616 2454 cui
2640 2407 2813 2455 totum
2845 2402 2988 2472 quod
3033 2401 3236 2472 possim
3281 2402 3455 2457 debeo

1855 2503 1963 2543 non
1995 2488 2186 2545 leviter
2220 2506 2460 2558 moveor,
2507 2507 2683 2563 neque
2712 2491 3052 2549 rumusculos
3079 2493 3164 2550 vel
3194 2493 3450 2564 priejudi-

1854 2580 1938 2634 cia
1967 2581 2330 2650 quorumlibet
2358 2584 2488 2638 mihi
2514 2582 2630 2640 fore
2661 2587 2841 2655 magni
2868 2585 3146 2654 pendenda
3173 2586 3452 2651 existimo,

1855 2671 2114 2728 habituro
2138 2674 2278 2742 apud
2306 2675 2598 2730 benevolos
2621 2674 2666 2729 si
2690 2690 2780 2731 res
2815 2676 2955 2731 bene
2980 2675 3212 2732 cesserit
3233 2675 3452 2732 absolu-

1857 2770 1970 2817 tum
1995 2763 2242 2818 veritatis
2266 2775 2323 2819 et
2351 2764 2475 2819 fidei
2506 2765 2898 2822 testimonium.

1259 2869 1492 2943 Explicit
1518 2872 1575 2926 in
1603 2869 1800 2927 Christi
1837 2871 2044 2927 nomine
2075 2869 2354 2944 Prologus.

1331 3205 1734 3285 INCIPIT
1813 3203 2314 3285 LIBELLUS

445 3365 530 3428 De
565 3364 706 3429 Vita
731 3371 789 3427 et
817 3363 1062 3426 actibus
1097 3364 1162 3426 S.
1195 3364 1462 3440 GOARIS,
1495 3362 1676 3444 cujus
1707 3362 2018 3444 festivitas
2053 3360 2404 3424 celebratur
2423 3361 2642 3442 pridie
2673 3361 2891 3429 Nonas
2931 3366 3169 3430 Iulias.

442 3615 636 3676 Gcaris
657 3629 856 3691 patria,
882 3625 1122 3690 parentes
1143 3632 1207 3670 ac
1235 3617 1474 3671 virtutes.

225 3736 288 3795 3.
302 3733 452 3793 Goar
483 3733 650 3806 igitur
669 3732 974 3804 Aquitania;
992 3729 1305 3802 provinciae,
1337 3744 1458 3800 qua:
1478 3737 1563 3786 est
1589 3727 1756 3786 totius

149 3828 550 3903 propemodum
587 3825 774 3882 Gallia:
818 3840 944 3896 pars
982 3824 1164 3889 tertia,
1206 3822 1458 3895 indigena
1495 3820 1617 3889 fuit,
1658 3836 1757 3894 ge-

151 3936 295 3979 nere
316 3937 350 3977 a
380 3919 677 3991 majoribus
699 3919 898 3983 clarus,
950 3926 1106 3986 patre
1125 3914 1377 3986 Georgio,
1408 3923 1584 3969 matre
1623 3927 1757 3969 vero

151 4014 401 4071 Valeria.
439 4012 568 4068 Fuit
591 4021 770 4067 autem
797 4010 989 4066 diebus
1035 4008 1365 4065 Childeberti
1397 4007 1541 4078 regis
1583 4006 1760 4063 Fran-

150 4118 377 4169 corum,
421 4102 514 4174 qui
547 4111 702 4160 ortus
734 4108 818 4157 est
841 4116 910 4157 ex
938 4101 1189 4170 prosapia
1233 4103 1378 4172 regis
1406 4098 1756 4155 famosissimi

152 4195 446 4262 Ludovici,
472 4208 635 4265 quem
673 4193 910 4264 primum
955 4207 1080 4248 cum
1103 4191 1348 4247 exercitu
1373 4205 1472 4247 suo
1510 4190 1578 4246 ad
1599 4187 1756 4246 Chri-

153 4289 399 4346 stianam
422 4286 710 4342 veritatem
743 4285 806 4340 Β.
833 4284 1112 4356 Remigius
1135 4284 1423 4355 episcopus
1461 4282 1756 4338 Remorum

154 4377 513 4453 praedicando
537 4375 826 4442 convertit,
880 4376 1186 4446 mansitque
1210 4389 1382 4446 usque
1422 4374 1488 4429 ad
1513 4373 1756 4445 Sigiber-

158 4482 282 4526 tum
306 4483 516 4539 regem,
543 4468 636 4538 qui
665 4468 854 4523 urbem
890 4467 1356 4523 Mediomatricum
1396 4466 1547 4538 regni
1573 4466 1757 4522 sedem

155 4562 378 4628 habuit,
423 4561 570 4616 omni
599 4559 708 4615 vita
757 4559 960 4631 probus
1002 4569 1058 4615 et
1085 4560 1305 4626 nobilis,
1352 4568 1477 4614 actu
1506 4558 1756 4628 insignis,

156 4651 318 4707 vultu
348 4650 717 4723 dignissimus,
747 4660 1078 4719 aspectuque
1120 4649 1415 4719 iucundus,
1450 4658 1631 4704 mente
1659 4649 1754 4702 hu-

155 4745 333 4812 milis,
387 4758 616 4816 corpore
667 4751 869 4809 castus,
913 4743 1018 4799 ﬁde
1069 4743 1302 4814 integer,
1349 4757 1513 4813 opere
1536 4741 1759 4812 conspi-

157 4852 340 4893 cuus:
374 4836 467 4906 qui
503 4835 572 4892 ab
619 4835 840 4908 ineunte
876 4843 1034 4889 aetate
1081 4833 1346 4902 religiosis
1391 4833 1600 4904 piisque
1626 4832 1760 4888 acti-

157 4931 268 4987 bus
298 4930 424 4984 vitae
456 4929 672 4998 optima:
696 4927 940 4991 deditus,
971 4926 1120 4980 brevi
1162 4925 1216 4980 in
1240 4941 1362 4981 eum
1393 4926 1604 4981 culmen
1631 4937 1759 4978 sau-

1785 3621 1832 3684 ρ
1861 3613 2118 3680 existere,
2148 3622 2208 3669 ut
2235 3614 2390 3670 multi
2418 3614 2536 3685 ejus
2559 3630 2665 3670 non
2701 3614 2874 3671 solum
2905 3615 3310 3686 praedicatione,
3357 3613 3455 3672 sed

1857 3707 2107 3778 exemplo
2136 3723 2350 3778 quoque
2386 3710 2734 3774 commoniti,
2783 3710 2850 3764 ad
2896 3709 3173 3764 meliorem
3198 3709 3367 3764 vitam
3395 3721 3455 3764 et

1859 3799 2218 3854 correctiores
2241 3807 2392 3854 actus
2417 3815 2446 3854 a
2475 3799 2742 3870 pravitate
2767 3808 3250 3866 converterentur;
3280 3808 3334 3855 et
3353 3801 3450 3870 qui

1861 3890 2074 3948 diabolo
2101 3891 2251 3961 prius
2271 3891 2593 3959 servierant,
2622 3892 2922 3963 inciperent
2965 3891 3184 3949 Christo
3212 3903 3453 3963 postmo-

1860 3985 1989 4041 dum
2025 3985 2280 4042 militare.

1859 4095 2117 4154 Sacerdos
2164 4097 2337 4168 factus
2361 4138 2379 4167 ,
2432 4099 2490 4154 in
2527 4095 2866 4154 Germaniam
2913 4097 3135 4163 secedit;
3181 4097 3457 4156 ecclesiam

2559 4170 2757 4225 condit.

1865 4303 1870 4307 ·
1927 4280 1984 4337 4.
2014 4280 2084 4338 Et
2103 4282 2358 4353 quoniam
2394 4297 2502 4339 non
2533 4291 2714 4354 potest
2752 4282 2947 4338 civitas
2983 4282 3243 4338 abscondi
3287 4298 3458 4353 super

1858 4384 2099 4433 montem
2125 4376 2323 4447 posita,
2356 4376 2529 4431 sancti
2555 4375 2659 4431 viri
2690 4390 2755 4430 eo
2786 4375 2930 4430 fama
2971 4390 3034 4430 ac
3059 4376 3168 4431 vita
3201 4375 3458 4445 profecit,

1858 4474 1920 4522 ut
1945 4466 2235 4523 sacerdotii
2259 4452 2440 4537 gradu
2470 4473 2526 4520 et
2552 4464 2759 4521 honore
2799 4466 3204 4536 presbyteratus
3235 4477 3261 4506 ι
3296 4481 3459 4519 acce-

1857 4566 1972 4629 pto,
2010 4557 2354 4628 dispensator
2377 4555 2760 4628 mysteriorum
2791 4555 2994 4610 Christi
3021 4564 3077 4610 et
3108 4554 3275 4610 divini
3307 4555 3460 4609 verbi

1860 4650 1916 4705 in
1945 4649 2200 4720 populum
2237 4646 2394 4703 fleret
2421 4654 2704 4717 erogatur.
2743 4645 2947 4700 Dehinc
2990 4661 3114 4701 cum
3143 4646 3196 4698 in
3233 4644 3464 4714 amplio-

1862 4757 1980 4797 rem
2035 4753 2394 4810 supernorum
2448 4738 2716 4794 bonorum
2767 4735 3262 4805 concupiscentiam
3307 4749 3464 4790 mens

1861 4832 1978 4904 ejus
2023 4837 2398 4896 excresceret,
2443 4835 2500 4883 et
2533 4827 2767 4884 visibilia
2814 4838 3012 4883 cuncta
3055 4826 3363 4897 despiciens
3408 4827 3463 4880 iu

1865 4924 2216 4981 invisibilium
2247 4927 2545 4998 appetitum
2588 4942 2648 4982 se
2681 4925 2830 4982 omni
2867 4939 2934 4980 ex
2976 4932 3133 4994 parte
3180 4921 3465 4977 transfun-

160 5018 377 5075 ctitatis
403 5018 599 5084 evasit,
647 5025 709 5072 ut
745 5025 801 5071 et
832 5013 1159 5070 mirabilium
1183 5030 1406 5084 operum
1438 5024 1677 5085 patrator
1708 5021 1763 5072 et
1789 5011 1842 5070 D
1866 5017 2040 5082 deret,
2087 5017 2319 5088 patriam
2365 5026 2726 5088 parentesque
2757 5015 3022 5072 deseruit.
3068 5022 3122 5070 et
3157 5013 3210 5068 in
3239 5012 3464 5068 ultimos

161 5120 507 5168 secretorqu
537 5109 837 5167 ctelestium
870 5108 1117 5180 cognitor
1156 5108 1330 5163 ﬁeret.
1366 5108 1433 5162 Et
1459 5123 1580 5162 cum
1614 5107 1668 5161 in
1697 5121 1764 5162 eo

164 5201 414 5272 quotidie
454 5200 610 5256 amur
652 5210 708 5256 et
730 5200 1054 5256 desiderimn
1083 5200 1272 5270 patriae
1314 5199 1554 5254 cmlestis
1578 5212 1766 5254 excre-

165 5303 352 5350 sceret
376 5302 434 5349 et
454 5293 718 5349 bonorum
747 5307 972 5364 operum
1005 5291 1214 5347 fructus
1238 5291 1464 5347 subinde
1501 5292 1767 5346 exubera-

165 5395 277 5455 ret,
305 5387 474 5457 coepit
502 5384 620 5456 ejus
643 5387 754 5441 vita
777 5387 940 5440 etiam
967 5385 1088 5440 aliis
1113 5383 1418 5456 exemplum
1447 5384 1515 5439 ad
1536 5383 1765 5439 salutem

239 5553 272 5584 ι
307 5541 544 5598 Goarem
571 5540 736 5597 fuisse
761 5539 1139 5611 presbyterum
1181 5554 1248 5594 ex
1289 5537 1457 5611 priori
1487 5536 1606 5591 Vita
1636 5551 1766 5591 con-

165 5621 304 5679 stat,
360 5627 430 5666 an
461 5627 590 5668 vero
633 5609 777 5666 aute'
805 5609 962 5665 suum
1008 5610 1061 5664 in
1090 5609 1436 5664 Germaniam
1491 5622 1766 5679 secessum

165 5677 460 5740 ordinatus
489 5684 577 5747 sit,
615 5683 829 5739 nonnisi
859 5697 924 5736 ex
953 5681 1343 5736 Wa‘ndalbcrto
1373 5678 1651 5735 discimus.
1705 5677 1766 5732 ln

166 5756 470 5811 veterrinto
511 5753 893 5826 Martyrologio
939 5752 1251 5808 Corbe‘iensi
1304 5767 1367 5806 ac
1407 5749 1460 5804 in
1494 5747 1767 5804 nonnullis

1865 5104 2055 5162 Gallia:
2081 5106 2216 5162 lines
2243 5107 2562 5179 peregrinus
2584 5105 2782 5163 saeculo
2822 5115 2879 5160 et
2899 5103 3136 5160 cmlestis
3164 5101 3358 5172 patriae
3387 5101 3465 5157 ci-
3518 5111 3520 5113 ’

1866 5198 1950 5253 vis
1977 5198 2250 5254 excessit.
2276 5199 2511 5254 Veniens
2555 5213 2683 5269 ergo
2709 5197 2766 5251 in
2809 5195 3143 5268 provinciam
3172 5209 3292 5263 quae
3335 5192 3471 5262 ripis

1869 5290 2043 5346 Rheni
2074 5291 2312 5346 ﬂuminis
2331 5290 2580 5362 contigua
2607 5289 2852 5344 Tricoria
2880 5296 3245 5357 nuncupatur,
3300 5293 3466 5353 atque

1869 5383 1939 5439 ad
1965 5370 2246 5440 dioecesim
2292 5383 2532 5456 pertinet
2589 5381 2949 5436 Treverorum
3002 5378 3146 5434 infra
3199 5376 3465 5432 terminos

1874 5538 2212 5596 Kalendariis
2257 5538 2318 5596 S.
2362 5539 2510 5596 Goar
2533 5539 2806 5609 episcopus
2855 5535 3085 5602 dicitur,
3121 5533 3212 5605 qui
3245 5531 3463 5603 quidem

1871 5611 2244 5738 :dtepiscopi
2305 5612 2567 5668 honorem
2628 5617 2914 5681 cooptatus
2969 5618 3097 5674 est,
3170 5619 3277 5658 nou
3337 5618 3464 5673 pru-

1907 5699 1961 5739 io
1990 5697 2072 5738 us.
