4000 6352
625 319 738 376 653

1611 314 2053 371 WANDALBER
2062 313 2126 369 TI
2160 314 2201 367 P

2262 314 2559 371 unausrs
2590 309 2904 374 nomen!
3721 338 3792 394 δη

626 427 1113 485 Wasaliacenses-
1157 428 1267 482 Deo
1315 426 1481 480 libere
1532 427 1738 481 servire
1779 425 1996 496 delegit.
2038 425 2115 480 lbi
2161 426 2215 480 in
2245 430 2293 489 Α
2321 424 2516 496 agebat
2544 426 2851 496 apostolicae
2877 430 3157 486 sententia:
3206 448 3425 498 memor,
3470 442 3680 506 quoniam
3703 448 3795 505 mh.

626 521 861 587 quodam
893 519 1012 574 loco
1038 531 1198 587 super
1229 517 1460 571 rivulum
1508 516 1599 586 qui
1630 531 1779 571 nunc
1820 516 2053 571 Wocara
2084 516 2222 571 dici-

631 618 738 672 tur,
769 624 890 664 cum
916 607 1182 677 permissu
1204 614 1257 660 ct
1282 606 1560 661 voluntate
1581 607 1820 676 episcopi
1846 607 1936 676 qui
1964 616 2077 661 tum
2101 606 2221 663 urbi

630 708 686 755 et
716 700 914 771 populo
941 698 1298 754 Treverorum
1330 707 1582 768 praeerat,
1613 698 1810 752 Felicis
1838 698 1933 770 [ιιι.
1964 697 2218 770 Felicius}

628 795 871 859 nomine,
903 790 1185 847 ecclesiam
1212 807 1312 861 pro
1340 792 1453 847 suis
1492 791 1699 846 viribus
1723 800 2068 856 construens,
2097 808 2223 847 san-

628 894 839 940 ctorum
884 884 936 937 in
972 898 1038 938 ea
1067 883 1301 953 plurima
1339 884 1566 953 pignora
1612 882 1925 948 collocavit,
1970 882 2222 936 videlicet

627 983 829 1030 sanctae
871 973 966 1028 Dei
1014 973 1295 1042 genitricis
1339 982 1392 1026 et
1426 972 1487 1025 Β.
1520 972 1774 1042 Baptista:
1801 970 2044 1036 Joannis,
2089 971 2222 1026 alio-

626 1076 856 1131 rumque
881 1068 1219 1124 sanctorum,
1244 1073 1382 1128 quos
1406 1073 1690 1114 recensere
1712 1058 2080 1112 necessarium
2109 1072 2218 1113 non

622 1154 831 1226 putavi.

1156 1263 1434 1335 Hospitate
1456 1261 1685 1317 excellit.

700 1382 755 1438 5.
787 1382 843 1436 In
873 1380 979 1435 hoc
1028 1379 1211 1448 itaque
1242 1376 1360 1433 loco
1413 1378 1568 1431 annis
1606 1376 1790 1430 multis
1835 1375 1944 1430 Deo
1974 1374 2216 1441 servivit,

625 1489 832 1530 vacans
862 1473 949 1527 die
975 1472 1245 1531 noctuque
1275 1468 1491 1539 vigiliis,
1540 1469 1874 1524 orationibus
1900 1476 1952 1522 et
1976 1464 2216 1535 jejuniis,

622 1564 848 1619 studens
893 1560 1170 1631 patientiae
1217 1568 1273 1615 et
1301 1559 1573 1629 praecipue
1625 1559 2005 1628 hospitalitati,
2050 1573 2213 1628 quam

622 1656 701 1710 ita
732 1653 879 1710 omni
911 1662 1157 1722 tempore
1185 1652 1482 1707 secundum
1515 1652 1657 1705 vires
1685 1665 1812 1704 suas
1841 1650 2107 1714 exercuit,
2156 1656 2218 1703 ut

2328 531 2442 572 rem
2465 517 2706 574 datorem
2746 519 2920 591 diligit
2943 519 3088 576 Deus
3124 522 3210 592 (II
3248 522 3366 578 Cor.
3398 528 3468 598 ix)
3492 546 3504 583 :
3531 541 3579 587 et
3596 533 3796 598 Christum

2326 606 2380 660 in
2415 609 2743 677 pauperibus
2790 620 2846 664 et
2890 613 3186 681 peregrinis
3220 617 3484 685 suscipere
3523 624 3720 693 cupiens,
3756 645 3797 686 ιιι

2324 696 2392 749 ab
2417 712 2483 751 eo
2512 706 2813 753 mereretur
2840 700 3027 755 audire
3049 719 3067 755 ;
3110 701 3264 768 Quod
3286 706 3374 760 uni
3399 724 3459 762 es
3497 712 3685 771 minimis
3709 724 3796 775 uti;

2318 788 2519 858 fecistis
2542 790 2671 845 mihi
2688 790 2885 861 fecistis
2915 792 3137 864 (Matth.
3166 794 3316 867 xxv).

2732 920 2956 977 Diabolo
2984 924 3234 979 invidiam
3260 926 3481 996 facessit.

2392 1010 2444 1065 8.
2472 1012 2581 1067 Sed
2611 1014 2736 1084 quia
2762 1014 3015 1084 antiquus
3036 1016 3205 1073 hostis
3228 1018 3506 1076 electorum
3529 1038 3701 1097 semper
3717 1046 3801 1100 pro-

2317 1098 2549 1158 fectibus
2578 1103 2853 1171 invidens,
2885 1120 3072 1161 eorum
3101 1109 3292 1165 studiis
3320 1112 3647 1182 multipliciter
3668 1098 3800 1176 nititur

2319 1205 2628 1259 occursare,
2668 1203 2724 1248 et
2765 1209 2955 1251 omnes
2989 1196 3082 1265 qui
3124 1196 3213 1267 pie
3240 1198 3421 1255 volunt
3447 1203 3607 1258 vivere
3632 1206 3675 1260 in
3694 1207 3800 1263 Chri-

2318 1290 2404 1336 sto
2426 1282 2854 1353 persecutionem
2885 1285 3196 1356 patiuntur;
3225 1288 3340 1343 haec
3366 1304 3395 1343 a
3420 1290 3527 1347 viro
3544 1304 3698 1351 sancto
3716 1298 3800 1352 clla.

2320 1373 2497 1428 ritatis
2525 1382 2579 1429 et
2614 1374 3012 1443 prmdicationis
3057 1392 3223 1446 opera
3262 1378 3376 1433 ﬁeri
3423 1381 3635 1439 diabolus
3659 1362 3800 1441 acriter

2320 1464 2510 1530 doluit,
2539 1467 2812 1536 coepitque
2859 1467 2936 1521 illi
2963 1484 3106 1524 nunc
3127 1470 3361 1537 occulte,
3403 1488 3536 1528 nunc
3564 1476 3696 1530 etiam
3724 1493 3799 1531 ma-

2320 1556 2512 1612 nifeste
2539 1559 2899 1615 tentationum
2923 1558 3143 1616 fraudes
3186 1562 3480 1630 intendere,
3508 1564 3691 1636 ejusque
3711 1584 3796 1637 pro-

2320 1652 2557 1721 positum
2610 1662 2671 1706 ut
2700 1663 2969 1708 averteret
3018 1656 3194 1710 modis
3244 1657 3405 1711 variis
3440 1657 3684 1713 laborare:
3720 1675 3799 1730 qua

623 1762 747 1801 cum
777 1745 1065 1799 virtutibus
1092 1743 1255 1796 animi
1306 1743 1516 1797 cunctis
1545 1741 1791 1812 polleret,
1825 1742 1963 1796 hanc
1994 1750 2053 1795 ut
2079 1756 2210 1811 pro—
2238 1782 2285 1841 Β
2323 1746 2500 1794 tamen
2534 1741 2624 1796 ille
2651 1751 2845 1798 cuncta
2874 1744 3253 1813 aequanimiter
3280 1746 3545 1812 tolerabat,
3579 1749 3652 1818 qui
3676 1760 3799 1805 nosset

623 1838 796 1909 priam
826 1845 881 1890 et
907 1834 1235 1905 singularem
1266 1833 1467 1889 habere
1494 1841 1798 1904 putaretur.

1021 1944 1269 2017 Paganos
1299 1945 1367 1999 ad
1394 1945 1549 2015 ﬁdem
1576 1945 1809 2000 adducit.

696 2058 751 2115 6.
787 2057 966 2129 Coepit
1003 2058 1209 2112 interea
1249 2055 1538 2126 gentilibus
1573 2071 1671 2125 per
1705 2055 1991 2111 circuitum
2043 2054 2209 2109 simu-

620 2150 897 2209 lacrorum
937 2148 1104 2206 cultui
1151 2148 1349 2202 deditis
1389 2155 1445 2202 et
1480 2162 1619 2201 vana
1650 2146 1916 2202 idolorum
1943 2145 2210 2216 supersti-

620 2245 768 2299 tione
814 2240 1056 2312 deceptis
1102 2240 1327 2294 verbum
1360 2238 1552 2295 salutis
1585 2238 1939 2301 annuntiare,
1990 2247 2051 2292 ut
2093 2246 2212 2292 tan-

618 2350 784 2406 quam
813 2334 988 2389 bonus
1018 2330 1347 2401 evangelista
1378 2330 1471 2399 qui
1514 2344 1614 2399 pro
1655 2328 1873 2384 Christo
1901 2343 1998 2383 sua
2026 2329 2209 2383 omnia

619 2428 921 2490 dimiserat,
976 2424 1270 2480 multorum
1294 2424 1362 2477 ad
1389 2422 1753 2493 cognitionem
1781 2422 1906 2477 vitae
1938 2431 2213 2492 perpetua:

619 2520 812 2577 doctor
839 2517 1117 2572 existeret.
1147 2514 1239 2569 Sic
1275 2514 1476 2568 factum
1511 2522 1617 2579 est,
1678 2522 1735 2567 ut
1757 2513 1939 2583 plures
1969 2527 2000 2566 e
2031 2512 2211 2567 vicino

616 2609 815 2679 pagani
865 2608 959 2679 qui
990 2607 1057 2661 ad
1097 2621 1162 2661 ea
1192 2620 1362 2675 usque
1391 2614 1635 2676 tempora
1668 2604 1722 2658 in
1751 2618 1938 2658 errore
1975 2603 2210 2657 durave-

616 2710 767 2765 rant,
797 2699 915 2768 ejus
946 2708 1001 2753 et
1029 2699 1195 2754 verbo
1222 2697 1540 2753 commoniti
1575 2704 1632 2750 et
1656 2694 1931 2764 provocati
1962 2694 2211 2764 exemplo

615 2796 860 2847 errorem
892 2797 1235 2860 spernerent,
1260 2796 1314 2842 et
1357 2788 1423 2841 ad
1451 2788 1573 2841 vitae
1602 2788 1744 2840 viam
1774 2786 2053 2841 Christum
2081 2800 2211 2840 con-

615 2892 981 2940 verterentur.
1019 2883 1098 2937 Ac
1122 2896 1188 2935 ne
1217 2879 1619 2949 praedicationis
1638 2877 1756 2947 ejus
1781 2878 2054 2948 signorum
2081 2892 2212 2946 quo-

615 2991 722 3046 que
750 2976 964 3030 deesset
1018 2973 1311 3029 auctoritas
1334 3011 1352 3037 ,
1386 2981 1447 3027 ut
1478 2970 1769 3026 incredula:
1804 2978 2034 3036 mentes,
2087 2984 2209 3040 quae

616 3066 828 3121 ratione
855 3080 963 3119 non
994 3071 1246 3134 poterant
1268 3103 1285 3126 ,
1317 3061 1384 3116 ad
1413 3062 1741 3117 credendum
1782 3060 2061 3115 miraculis
2084 3075 2203 3115 mo-

2313 1844 2411 1900 per
2445 1832 2643 1887 multas
2699 1832 3071 1889 lribulationes
3115 1845 3368 1905 oportere
3408 1837 3597 1907 ingredi
3640 1853 3796 1909 regnum

2311 1920 2431 1975 Dei.
2472 1920 2651 1989 Quare
2697 1938 2874 1993 neque
2921 1939 2952 1978 a
3000 1927 3384 1995 praedicatione
3428 1928 3583 1999 potuit
3606 1928 3795 1994 cohiberi,

2311 2014 2442 2082 quin
2477 2014 2751 2071 lucrandis
2787 2018 2897 2073 Deo
2946 2019 3233 2075 animabus
3276 2035 3490 2091 operam
3529 2036 3705 2094 semper
3730 2024 3798 2077 im-

2312 2105 2608 2175 penderet;
2667 2120 2840 2177 neque
2892 2108 2959 2163 ab
2987 2110 3245 2179 operibus
3293 2111 3573 2179 charitatis,
3612 2128 3799 2183 quapcr-

2310 2197 2548 2253 maxime
2596 2198 2705 2254 Deo
2733 2208 2955 2269 accepta
3002 2212 3252 2268 noverat,
3299 2204 3550 2260 ullatenus
3581 2205 3798 2259 valuitim-

2309 2288 2483 2356 pediri
2509 2306 2523 2341 :
2554 2288 2629 2342 ita
2668 2298 2727 2343 ut
2749 2290 2988 2359 quotidie
3015 2306 3313 2348 concursus
3338 2294 3405 2347 ad
3427 2293 3560 2348 illum
3587 2294 3798 2349 multorum

2313 2376 2489 2443 ﬁeret,
2528 2379 2621 2447 qui
2654 2388 2747 2433 aut
2776 2394 2808 2433 a
2863 2380 3047 2449 gentili
3082 2383 3325 2438 vanitate
3371 2385 3435 2439 ad
3463 2384 3575 2439 ﬁdei
3601 2383 3797 2439 sincerita-

2311 2474 2420 2521 tem
2443 2467 2815 2539 confugerent,
2865 2481 2959 2525 aut
2996 2470 3112 2540 ejus
3146 2471 3396 2544 exemplo
3423 2483 3653 2547 cuperent
3670 2474 3799 2531 volun-

2313 2558 2509 2613 tariam
2532 2558 2749 2616 Christo
2778 2562 3079 2631 dependere
3104 2564 3441 2621 servitutem.

2640 2690 2717 2746 1E
2721 2691 2983 2746 mulorum
3013 2695 3315 2749 vexationes
3349 2696 3535 2766 patitur

2383 2800 2435 2856 9.
2466 2799 2572 2856 Sed
2596 2801 2737 2869 sicut
2758 2804 3023 2859 honorum
3062 2805 3348 2861 hominum
3372 2816 3457 2862 est
3480 2807 3676 2863 aliorum
3711 2807 3799 2860 actio

2308 2889 2412 2945 bus
2433 2906 2570 2961 quos
2596 2891 2753 2948 laude
2775 2893 2966 2964 dignos
2989 2898 3305 2966 aspexerint
3331 2898 3592 2969 gratulari,
3614 2908 3657 2953 et
3672 2898 3731 2952 eis
3756 2896 3799 2949 ad

2309 2996 2466 3036 suum
2495 2983 2573 3037 uti
2599 2982 2939 3053 profectum;
2988 2987 3064 3042 ita
3087 3001 3284 3045 contra
3311 2992 3634 3061 reproborum
3657 2998 3799 3045 nentes

2308 3082 2575 3128 conantur
2599 3090 2814 3146 semper
2843 3087 2992 3134 recta
3025 3079 3323 3137 electorum
3351 3097 3505 3154 opera
3528 3080 3799 3143 olluscare,tt

613 3166 893 3222 verentur,
924 3131 1089 3226 (δαίνυ.
1116 3155 1170 3213 in
1198 3154 1398 3208 virtute
1419 3153 1655 3207 nominis
1684 3151 1882 3208 Christi
1908 3151 2203 3207 sanitatum
2231 3131 2277 3195 (ἶ
2311 3181 2432 3239 qua,
2485 3168 2688 3223 imitari
2714 3131 2928 3225 ἠοιωίί
2960 3131 3798 3245 -ξιέίῖιξέἆηῐῖιξίίέδιο

612 3246 878 3302 beneﬁcia
898 3244 1043 3301 circa
1062 3244 1306 3298 inﬁrmos
1320 3252 1375 3297 et
1390 3243 1758 3297 membrorum
1772 3242 2051 3296 debilitate
2074 3242 2207 3295 mul-

611 3349 758 3396 tatos
804 3338 1093 3408 aliquoties
1122 3337 1363 3406 operari.
1397 3334 1551 3402 Quod
1586 3334 1852 3403 hodieque
1877 3334 2071 3389 merita
2102 3334 2207 3388 hu-

608 3433 701 3504 jus
748 3429 1123 3500 multipliciter
1150 3418 1458 3498 petentibus
1510 3436 1769 3496 praastare
1821 3426 2203 3495 conSpicimus,

612 3536 740 3578 eum
768 3520 836 3576 ad
861 3520 980 3590 ejus
1011 3517 1329 3573 memoriam
1356 3531 1536 3572 cmcos
1564 3515 1737 3570 visum
1756 3555 1772 3582 ,
1810 3515 2031 3570 claudos
2056 3530 2208 3585 gres-

609 3628 754 3677 sum,
781 3610 1163 3679 energuminos
1192 3609 1389 3663 mentis
1422 3608 1733 3673 sanitatem,
1772 3606 1999 3677 aliisque
2047 3622 2203 3676 pres-

608 3719 701 3759 sus
730 3701 1081 3774 languoribus
1106 3699 1527 3754 incolumitatem
1554 3699 1797 3769 recipere
1820 3699 2114 3763 cernimus,
2148 3706 2209 3753 ut

608 3792 744 3850 illud
786 3792 842 3847 in
891 3800 1083 3847 sancto
1111 3790 1228 3843 viro
1284 3788 1694 3860 Psalmographi
1751 3797 1963 3843 constet
2011 3788 2206 3858 imple-

610 3897 774 3941 tum:
832 3882 1007 3938 Nimis
1054 3883 1298 3938 honorati
1351 3894 1469 3936 sunt
1515 3884 1672 3938 amici
1713 3885 1811 3948 tui,
1835 3882 1999 3950 Deus,
2050 3883 2205 3937 nimis

611 3976 943 4043 confortatus
969 3986 1042 4028 est
1072 3974 1395 4043 principatus
1419 3972 2059 4045 eortmt(Psal.cxxxvm,
2093 3974 2200 4045 17).

648 4066 788 4137 Ejus
812 4067 869 4119 in
896 4066 1131 4119 oratione
1160 4065 1445 4132 instantire,
1475 4076 1522 4120 et
1547 4068 1601 4119 in
1621 4081 1876 4136 pauperes
1911 4065 2166 4120 charitas.

684 4158 738 4210 7.
767 4157 899 4212 Erat
921 4156 972 4210 ei
998 4157 1253 4211 solemnis
1300 4156 1657 4219 consuetudo,
1702 4165 1760 4209 ut
1785 4154 1932 4209 enim
1960 4155 2046 4208 die
2071 4155 2203 4209 mis-

605 4267 791 4308 sarum
846 4250 1104 4306 solemnia
1155 4249 1458 4313 celebrans,
1510 4247 1840 4303 sacriﬁcium
1871 4247 2121 4317 corporis
2147 4256 2205 4303 et

605 4344 887 4415 sanguinis
914 4341 1118 4398 Christi
1150 4355 1250 4410 pro
1276 4349 1421 4394 statu
1452 4337 1707 4393 Ecclesia:
1735 4337 1975 4411 oﬂermt,
2002 4338 2204 4409 psalteo

606 4440 856 4508 riumque
881 4451 951 4491 ex
973 4436 1186 4505 integro
1213 4433 1241 4472 ι)
1266 4432 1474 4487 orando
1512 4433 1719 4487 intente
1747 4432 2061 4502 compleret,
2084 4440 2199 4487 tum

2308 3264 2662 3320 detractionis
2690 3279 2787 3320 ore
2811 3272 2867 3318 et
2901 3264 3078 3320 studio
3126 3264 3372 3335 carpere.
3408 3267 3550 3324 Unde
3592 3264 3743 3321 accidit
3762 3270 3799 3315 ut

2307 3356 2540 3427 quodam
2570 3365 2813 3427 tempore
2855 3356 2923 3412 ad
2960 3356 3179 3413 beatum
3207 3357 3436 3414 Goaram
3466 3360 3562 3414 duo
3603 3356 3685 3413 sub
3710 3352 3796 3407 laba

2306 3449 2486 3520 specie
2504 3448 2726 3519 pietatis
2754 3448 2977 3504 clientes
2997 3449 3241 3519 episcopi
3270 3450 3361 3522 qui
3384 3460 3503 3506 tunc
3524 3450 3796 3504 Treverorum

2262 3618 2265 3619 ν
2305 3538 2629 3611 przesidebat
2655 3537 2926 3601 Ecclesiae,
2960 3537 3166 3594 Rustici
3199 3542 3438 3606 nomine,
3467 3540 3691 3601 venirent,
3708 3548 3797 3603 quo.

2306 3647 2427 3685 rum
2457 3631 2595 3685 alter
2620 3630 2888 3686 Albuinus
2908 3670 2924 3696 ,
2954 3629 3090 3685 alter
3120 3633 3414 3687 vocabatur
3432 3630 3697 3687 Adalwinus
3716 3626 3796 3698 ιρι..

2305 3719 2653 3794 Almannus],
2710 3721 2952 3776 dicentes
2980 3736 3037 3775 se
3065 3734 3128 3775 ea
3162 3736 3286 3790 quae
3313 3722 3377 3777 ad
3405 3720 3655 3776 luminaria
3676 3715 3797 3771 eccle-

2306 3811 2401 3866 siae
2432 3812 2491 3865 Β.
2520 3810 2667 3865 Petri
2718 3811 2867 3865 urbis
2888 3808 3001 3878 jam
3025 3811 3180 3865 dicta:
3206 3811 3505 3866 necessaria
3531 3816 3681 3865 essent
3701 3817 3799 3873 qua-

2306 3905 2469 3959 situm
2518 3904 2751 3958 venisse.
2805 3904 2905 3970 Qui
2951 3904 3075 3957 dum
3115 3905 3363 3974 corporei
3406 3903 3604 3957 luminis
3628 3902 3797 3954 fomenta

2304 3998 2607 4066 requirunt,
2639 3997 2723 4051 vel
2745 3998 2917 4067 magis
2949 4012 3007 4051 se
3044 4012 3290 4064 quazrere
3316 3996 3635 4059 mentiuntur,
3660 3987 3797 4059 quibus

2306 4088 2681 4143 malivolentiae
2732 4088 2971 4142 tenebris
2999 4087 3185 4143 caecati
3232 4098 3414 4143 essent
3454 4086 3612 4143 celare
3639 4079 3797 4137 minime

2302 4190 2612 4252 potuerunt.

2597 4380 2605 4387 ,
2684 4319 2979 4373 Accusatur
3010 4317 3152 4388 apud
3184 4334 3498 4389 episcopum.

2377 4431 2466 4486 10.
2507 4430 2643 4486 Nam
2683 4431 2739 4486 hi
2774 4430 3022 4485 videntes
3057 4444 3178 4500 quae
3214 4444 3407 4485 servus
3441 4425 3623 4484 Christi
3648 4425 3795 4492 ageret.

605 4495 802 4584 deinde
852 4542 976 4583 cum
1028 4495 1329 4596 peregrinis
1365 4530 1423 4579 et
1470 4523 1798 4593 pauperibus
1845 4495 2055 4593 quibus
2082 4522 2200 4579 sine
2225 4495 2278 4555 θ
2301 4520 2446 4589 quod
2474 4518 2686 4574 scilicet
2716 4517 2811 4572 Dei
2835 4517 3057 4573 verbum
3075 4495 3158 4572 ad
3184 4530 3247 4573 se
3274 4516 3594 4573 venientibus
3612 4507 3797 4605 coalitum

605 4635 746 4690 pene
783 4633 1060 4689 nunquam
1096 4624 1216 4672 erat
1245 4614 1426 4671 cibum
1460 4613 1637 4670 ollicio
1669 4615 1951 4670 charitatis
1990 4614 2202 4685 accipe-

600 4720 706 4773 ret,
738 4725 874 4779 quos
905 4708 1147 4764 oratione
1174 4706 1286 4761 Deo
1298 4704 1730 4768 commendabat,
1756 4718 2019 4774 corporeo
2045 4703 2202 4759 nihil-

602 4802 820 4855 ominus
861 4800 1118 4855 alimento
1166 4799 1441 4863 reﬁciens,
1479 4806 1537 4850 ut
1566 4797 1633 4850 ab
1660 4810 1726 4850 eo
1754 4796 2071 4867 peregrinus
2104 4796 2197 4865 qui

602 4909 733 4948 casu
761 4893 1073 4948 advenisset
1090 4907 1211 4946 cum
1239 4893 1406 4946 verbo
1430 4888 1621 4944 salutis
1648 4896 1703 4943 et
1723 4903 1824 4959 ope
1853 4888 2199 4943 intercessio»

606 4987 692 5040 nis
731 4986 911 5041 cibum
959 4997 1175 5053 quoque
1224 4983 1530 5054 perciperet
1577 4980 1778 5037 carnis.
1842 4978 1969 5035 Hzec
2013 4989 2193 5035 autem

680 5129 706 5156 ι
737 5112 1065 5179 Uber-wesel,
1103 5112 1262 5170 Surio
1286 5113 1448 5178 male,
1484 5110 1825 5167 Vesalienses.

678 5187 707 5225 δ
740 5185 853 5241 Hoc
894 5188 946 5240 in
974 5186 1140 5255 priori
1170 5185 1295 5240 Vita
1323 5201 1429 5241 non
1469 5183 1814 5253 exprimitur,
1848 5180 1941 5239 sed
1982 5188 2193 5236 tantum

603 5257 755 5327 quod
774 5258 929 5327 omni
962 5257 1047 5327 die
1067 5258 1277 5312 missam
1301 5256 1598 5311 celebraret.

681 5339 702 5367 ε
747 5326 887 5382 Hinc
913 5326 1180 5395 conjicere
1208 5328 1334 5382 licet
1355 5341 1517 5382 voces
1544 5328 1676 5381 istas
1694 5366 1710 5391 ,
1736 5323 2043 5396 psalmoditg
2071 5339 2194 5396 cur-

602 5414 752 5460 sum,
780 5398 975 5466 quibus
1011 5391 1312 5469 antinymus
1342 5398 1395 5451 in
1433 5397 1538 5469 alia
1568 5398 1687 5469 Vita
1724 5391 1961 5469 ejusdem
1998 5391 2190 5469 Coaris

603 5470 709 5525 hoc
736 5464 852 5523 loco
878 5484 1009 5524 usus
1036 5464 1421 5538 est,'tempore
1442 5464 1827 5523 Wandalherti‘
1847 5464 1960 5534 jam
1995 5465 2108 5520 fere
2135 5466 2189 5519 in

602 5540 1011 5594 desuetudinem
1049 5540 1247 5594 abiisse
1275 5557 1288 5592 :
1322 5538 1447 5594 licet
1478 5538 1617 5609 apud
1648 5539 1909 5606 quosdam
1940 5547 2189 5591 auctores

604 5609 993 5665 Wandalberto
1046 5610 1374 5679 posteriores
1437 5625 1822 5678 nonnunquam
1870 5617 2184 5679 occurrant.

602 5679 944 5734 Ekkerardus
979 5677 1165 5747 juitior
1203 5680 1254 5733 in
1300 5694 1419 5748 cap.
1458 5681 1492 5733 5
1538 5681 1602 5735 de
1639 5677 1819 5734 Casib.
1863 5677 1920 5732 S.
1949 5678 2083 5733 Galli
2124 5678 2190 5734 ue

602 5750 863 5819 Ratperto
884 5751 975 5819 qui
1000 5750 1097 5806 sub
1120 5750 1279 5804 ﬁnem
1304 5750 1484 5805 saeculi
1508 5764 1561 5803 rx
1587 5750 1823 5815 vivebat,
1846 5749 1961 5805 haec
1986 5748 2185 5807 refert:

2302 5112 2619 5187 Plerumque
2657 5133 2840 5171 cursus
2880 5126 2927 5171 et
2970 5118 3157 5171 missas
3198 5112 3713 5187 negligebat,_bonas,
3742 5101 3793 5187 ἱες

2301 4612 2651 4683 praedicaret,
2680 4608 2825 4681 quod
2859 4608 3101 4678 quotidie
3144 4608 3214 4664 ab
3246 4616 3371 4665 ortu
3409 4607 3537 4663 lucis
3565 4595 3795 4676 psalmodiz

2299 4704 2489 4760 laudes
2513 4715 2537 4743 ε
2568 4704 2785 4760 Christo
2828 4702 3172 4773 persolvens,
3207 4712 3263 4759 et
3292 4703 3483 4759 missas
3513 4694 3676 4755 deinde
3699 4687 3797 4745 cele-

2299 4797 2489 4861 brans,
2526 4806 2711 4866 postea
2743 4810 2868 4849 cum
2908 4794 3208 4865 peregrinis
3233 4802 3291 4849 et
3329 4791 3629 4865 pauperibus
3648 4780 3720 4854 qui
3749 4776 3794 4830 ad

2300 4904 2360 4945 se
2387 4890 2662 4945 venissent
2688 4890 3017 4958 pranderet,
3053 4903 3174 4958 quae
3208 4895 3358 4943 certe
3386 4887 3472 4941 ille
3497 4880 3650 4939 studio
3670 4870 3798 4931 chari-

2302 4981 2431 5037 tatis
2472 4989 2527 5036 et
2569 4980 2839 5037 indefesso
2883 4995 2984 5036 usu
3029 4980 3448 5043 benevolentia,
3490 4990 3585 5032 non
3629 4964 3794 5034 alicui"

2338 5188 2503 5249 uiens,
2533 5167 2722 5242 'missas
2748 5189 3078 5252 audivimus,
3112 5167 3480 5258 σαγηξαῖωῄ
3502 5167 3722 5258 docente}-
3751 5167 3793 5258 ξι

2352 5247 2576 5313 ariull‘us
2599 5259 2778 5314 szeculi
2808 5275 2863 5314 ιι
2889 5247 3124 5328 scriptor
3145 5258 3197 5312 in
3221 5247 3635 5328 ChronfCentul.
3654 5247 3790 5328 illa")

2301 5310 2430 5399 Eas:
2442 5310 3115 5395 ssita'c‘e’ss'o‘nuaa
3144 5310 3198 5383 in
3222 5310 3479 5384 eiu-emis
3513 5323 3679 5399 posito.
3704 5310 3793 5399 ῼυξο

2298 5384 2407 5461 ἐπὶ,
2442 5384 2632 5473 inquit,
2666 5384 2928 5473 spiritales
2958 5416 3134 5454 coram
3163 5416 3223 5453 eo
3252 5384 3557 5473 incessanter
3583 5384 3791 5473 τςάιθθξξς

2298 5482 2404 5524 tur.
2437 5463 2841 5525 Observandum
2871 5486 3000 5526 vero
3030 5480 3130 5532 est,
3158 5479 3404 5526 auctores
3430 5463 3713 5534 εειῑίᾳυὶοω
3728 5463 3790 5534 ηυξ

2298 5541 2366 5595 ad
2404 5539 2581 5593 Caroli
2613 5539 2787 5609 Magni
2827 5550 3069 5611 tempora
3099 5558 3161 5595 ea
3190 5557 3320 5597 voce
3358 5541 3453 5611 usi
3477 5532 3614 5595 sunt,
3640 5532 3789 5611 sunt?

2298 5611 2416 5665 sine
2446 5611 2629 5665 addito
2658 5603 2858 5680 passim
2896 5603 3186 5681 protulisse
3219 5632 3230 5666 :
3262 5610 3572 5681 posteriores
3591 5603 3789 5681 γςποίιξξ

2296 5658 2743 5805 stérlu‘ipsalmoliia
2780 5698 2875 5739 seu
2897 5658 3096 5741 rcursus
3140 5658 3399 5756 spiri'lales
3426 5679 3503 5736 vel
3527 5672 3639 5746 quid
3666 5658 3789 5727 simil“

2298 5766 2328 5805 a
2390 5768 2629 5805 nouisse.

2298 5766 2629 5808 aOIIIDUISSC.
