4000 6352
168 366 278 421 ὃνιὸ

1182 351 1273 411 DE
1308 348 1591 417 VITAJST
1632 344 2004 403 MlliACULlS
2042 344 2099 400 S.
2140 342 2419 402 GOABIS.

3354 341 3459 399 646

173 481 610 553 intemperantiae
632 476 764 535 vitio
794 475 1027 532 faciebat
1058 492 1071 529 :
1114 484 1171 529 ut
1204 474 1361 530 malis
1388 484 1472 530 est
1512 473 1623 527 vita
1660 472 1758 526 bo-
1787 473 1835 533 Α
1862 484 1961 540 pro
1991 467 2177 524 labore
2207 466 2327 523 illos
2364 468 2469 522 viae
2510 464 2729 531 refecit,
2768 466 2880 535 ipse
2916 476 2971 520 ιιι
3003 478 3358 525 consueverat
3396 470 3452 524 in

174 589 376 633 norum
395 572 599 646 gravis,
622 570 871 625 arbitrati
899 576 1023 622 sunt
1049 582 1108 622 se
1136 566 1371 636 aliquam
1398 574 1587 623 nactos
1610 579 1769 620 occa-

175 671 387 726 sionem
407 708 421 729 ,
454 680 561 735 qua
604 678 824 718 servum
864 661 959 716 Dei
991 676 1280 726 accusare,
1313 660 1588 729 vitamque
1626 658 1768 714 illius

176 766 405 831 possent
433 744 777 827 aliquatenus
806 754 1068 809 infamare
1097 772 1109 807 :
1144 753 1218 807 ita
1250 753 1317 807 ad
1346 762 1633 823 patronum
1677 767 1767 807 re-

177 856 433 920 deuntes,
465 860 748 924 coeperunt
786 850 888 906 alia
926 865 1023 921 pro
1065 849 1186 904 aliis
1214 851 1535 905 mentientes
1565 849 1766 914 dicere,

177 948 389 1003 vidisse
422 960 481 1001 se
510 945 565 1000 in
594 943 686 998 illo
714 958 835 1013 quae
862 943 930 997 ad
958 941 1435 1012 reprehensionem
1466 949 1520 995 et
1554 941 1767 996 destru-

182 1040 421 1096 ctionem
470 1037 697 1092 aliorum
748 1034 992 1090 valerent
1040 1032 1330 1102 plurimum
1358 1071 1373 1097 ,
1420 1030 1597 1100 ipsum
1650 1044 1771 1084 esse

178 1133 419 1191 Goarem
444 1128 618 1200 magis
643 1128 863 1183 edacem
891 1126 1111 1195 vinique
1140 1132 1462 1195 potatorem,
1491 1139 1651 1195 quam
1675 1122 1769 1200 Dei

183 1221 371 1296 (quod
433 1198 654 1291 putetur
711 1219 781 1273 ab
833 1214 1301 1289 imprudentibus)
1357 1216 1696 1270 sacerdotem
1753 1198 1767 1269 Ξ

181 1316 385 1386 quippe
408 1312 501 1383 qui
528 1324 690 1365 mane
711 1308 961 1365 comedat
1010 1322 1075 1362 ac
1108 1306 1255 1361 bibat
1273 1346 1289 1372 ,
1313 1321 1415 1361 nec
1440 1305 1609 1376 possit
1642 1320 1774 1360 con-

181 1392 403 1461 suetum
440 1401 565 1458 aliis
598 1400 1005 1472 legitimumque
1032 1398 1138 1453 cibi
1184 1397 1430 1452 sumendi
1472 1405 1683 1467 tempus
1719 1403 1773 1451 et

182 1497 407 1553 modum
455 1507 676 1551 servare
718 1509 733 1546 :
788 1501 843 1546 et
892 1491 985 1562 qui
1034 1498 1320 1562 propterea
1365 1488 1659 1560 praedicet,
1712 1497 1773 1543 ut

183 1590 415 1646 obtentu
438 1586 727 1642 verborum
762 1583 895 1638 vitia
940 1597 1149 1637 morum
1176 1581 1311 1637 celet
1339 1622 1354 1647 ,
1394 1580 1608 1650 aliaque
1642 1593 1772 1648 per-

183 1683 340 1755 plura
370 1687 524 1752 gerat
566 1692 687 1748 quae
730 1675 834 1731 nisi
876 1673 1079 1730 fuerint
1117 1672 1439 1727 auctoritate
1479 1668 1773 1742 pontiﬁcali

183 1774 456 1838 cohibita,
484 1772 587 1842 ipsi
632 1769 887 1841 episcopo
911 1769 1019 1824 sint
1043 1765 1387 1822 contumeliae
1420 1775 1475 1819 et
1502 1765 1774 1834 vitupera-

1870 560 1965 616 Dei
1992 558 2242 614 laudibus
2266 558 2586 630 hymnisque
2610 572 2952 628 pernoctaus.
2981 557 3109 613 Orta
3135 560 3308 628 prima
3338 559 3459 617 luce

1869 660 1931 705 ut
1956 659 2088 720 quot
2124 649 2315 705 diebus
2341 650 2551 720 agebat,
2582 649 2893 719 psalmodire
2922 658 2977 704 et
3002 649 3309 705 orationum
3332 659 3457 707 vota

1870 742 1982 800 Deo
2009 741 2319 814 persolvere
2354 741 2523 812 erepit
2553 759 2566 795 :
2602 750 2715 795 tum
2759 741 2971 796 demum
3011 741 3100 795 ubi
3137 741 3188 795 id
3226 742 3458 813 peregit.

1869 836 2160 890 missarum
2181 833 2444 889 solemnia
2461 847 2687 889 exorsus
2708 832 2967 904 implevit.
2984 831 3248 902 Praecepit
3265 834 3461 889 deinde

1872 926 2135 996 discipulo
2178 935 2242 981 ut
2286 926 2695 981 exsecutorihus
2741 926 2856 980 suis
2908 925 3119 993 sibique
3174 924 3458 995 prandium

1870 1019 2010 1074 sicut
2042 1026 2225 1087 posset
2257 1017 2571 1073 instrueret.
2598 1015 2725 1083 Fili,
2758 1016 3028 1086 inquiens,
3058 1031 3188 1085 para
3215 1015 3369 1070 nobis
3393 1015 3462 1071 de

1871 1109 2177 1165 substantia
2206 1117 2392 1163 nostra
2419 1108 2747 1172 convivium,
2777 1116 2838 1162 ut
2864 1107 3143 1162 nobiscum
3176 1106 3337 1178 legati
3365 1123 3462 1162 no-

1869 1203 1970 1258 stri
1986 1201 2256 1273 pontificis
2280 1200 2598 1272 epulentur:
2625 1200 2850 1255 forsitan
2876 1200 3038 1254 addet
3060 1200 3203 1255 Deus
3225 1200 3459 1269 aliquem

1871 1308 2162 1365 pauperem
2200 1293 2292 1362 qui
2330 1292 2501 1362 possit
2542 1291 2595 1346 in
2624 1290 2827 1346 Christi
2855 1291 3119 1345 charitate
3146 1290 3324 1346 cibum
3354 1306 3461 1347 una

1871 1394 2166 1454 potumque
2198 1382 2495 1453 percipere.
2530 1381 2586 1436 id
2612 1390 2672 1436 ut
2699 1382 2947 1436 homines
2974 1381 3239 1437 malivolas
3265 1384 3461 1437 mentis

1868 1484 1928 1530 et
1968 1474 2285 1544 jamdudum
2334 1476 2515 1529 animo
2558 1474 2797 1545 corrupti
2848 1474 3092 1528 mandari
3139 1475 3460 1541 audierunt,

1871 1565 2013 1621 ultra
2058 1580 2167 1620 non
2196 1565 2438 1621 valentes
2462 1574 2668 1636 pestem
2698 1565 2919 1619 malitiae
2958 1564 3183 1620 interna:
3209 1565 3463 1621 dissimu-

1873 1664 2008 1731 lare,
2039 1664 2168 1734 quid
2196 1672 2379 1719 mente
2416 1670 2607 1734 gerant
2631 1663 2962 1718 ostendunt:
2998 1672 3051 1718 et
3081 1672 3337 1732 tanquam
3369 1662 3463 1732 qui

1870 1770 2125 1826 perverse
2159 1754 2426 1809 viventem
2461 1750 2607 1820 juste
2642 1752 3097 1824 reprehenderent
3125 1751 3278 1805 aiunt
3307 1768 3321 1804 :
3360 1747 3461 1803 Ne-

183 1869 350 1924 tionis
380 1840 644 1922 maculam
668 1840 903 1918 Cillatura
926 1901 945 1926 ν
985 1869 1239 1930 tanquam
1281 1858 1373 1929 qui
1415 1857 1529 1911 haec
1572 1856 1626 1910 in
1674 1870 1772 1910 sua
1800 1849 1848 1909 B
1870 1860 1979 1915 qne
2000 1854 2055 1899 tu
2080 1844 2216 1900 bene
2237 1845 2372 1915 agis,
2395 1844 2486 1914 qui
2515 1842 2814 1915 legititnum
2838 1852 3047 1911 tempus
3068 1850 3123 1895 et
3141 1840 3459 1896 canonicum

185 1960 408 2017 diceeesi
454 1959 523 2014 ab
551 1957 771 2013 homine
810 1955 1108 2024 alienigena
1151 1961 1206 2007 et
1249 1960 1430 2006 mente
1457 1958 1616 2018 capto
1652 1947 1771 2003 fieri

184 2054 349 2109 sinat.
376 2050 583 2105 Debere
607 2046 841 2104 Goarem
860 2046 1095 2117 publicis
1117 2043 1374 2099 Ecclesiae
1394 2043 1510 2098 sisti
1530 2040 1769 2110 iudiciis,

185 2155 518 2211 suorumque
544 2148 761 2197 actuum
790 2138 1015 2194 reddere
1053 2136 1351 2201 rationem,
1392 2148 1460 2189 ne
1489 2132 1774 2188 insolentia

184 2247 450 2291 concessa
474 2240 685 2288 crescat
711 2229 768 2285 in
796 2229 953 2293 alios,
970 2237 1031 2283 et
1057 2242 1166 2297 quo
1186 2225 1430 2297 pluribus
1456 2224 1533 2279 ita
1562 2223 1774 2279 licuerit

185 2340 372 2395 agere,
394 2325 501 2390 hoc
524 2320 849 2395 pontificalis
869 2320 1167 2376 auctoritas
1190 2316 1421 2387 amplius
1446 2315 1772 2370 inﬁrmetur.

187 2416 318 2472 lizec
345 2416 415 2472 ab
441 2415 521 2471 eis
557 2413 915 2471 dicebantur:
948 2411 1044 2467 sed
1082 2410 1212 2465 dum
1257 2423 1417 2465 servo
1454 2405 1654 2463 Christi
1682 2421 1777 2462 ca-

185 2505 454 2561 lumniam
483 2512 731 2569 struunt,
778 2501 960 2557 divino
980 2499 1187 2570 judicio
1220 2507 1276 2554 et
1304 2498 1477 2553 sancti
1521 2496 1624 2552 viri
1656 2495 1775 2551 cla-

188 2599 397 2653 riorem
440 2595 663 2666 reliquis
702 2594 1013 2652 hominibus
1048 2593 1217 2648 vitam
1264 2590 1542 2657 fecerunt,
1583 2598 1640 2646 et
1673 2588 1778 2661 ipsi

188 2706 359 2761 quam
385 2697 570 2747 essent
596 2686 928 2744 damnabiles
951 2686 1320 2741 innotuerunt.
1419 2731 1422 2734 .

496 2800 578 2855 Ad
614 2798 838 2871 episcOpi
867 2797 1132 2868 judicium
1166 2802 1495 2865 provocatur.

268 2913 353 2968 il.
393 2911 579 2982 Itaque
607 2910 890 2981 episcopus
914 2907 1261 2962 Trevirorum
1288 2904 1404 2959 haec
1428 2918 1459 2956 a
1482 2902 1595 2957 suis
1617 2915 1781 2972 super

190 3007 316 3062 viro
353 3004 447 3061 Dei
481 3004 705 3058 audiens
731 3043 745 3066 ,
782 3011 842 3056 ut
877 3010 963 3056 est
1000 3000 1271 3056 interdum
1300 2997 1509 3051 animus
1537 2995 1783 3065 praalato-

194 3113 341 3163 rum,
368 3096 714 3165 maximeque
737 3094 1060 3158 carnalium,
1089 3090 1318 3146 diversis
1340 3087 1781 3157 occupationibus

1872 1936 2121 1992 sumendi
2156 1936 2261 1991 cibi
2289 1934 2635 1990 contemnis:
2678 1948 2851 2004 neque
2889 1949 2989 1988 nos
3018 1932 3113 1987 tibi
3159 1932 3261 1987 hac
3304 1932 3358 1986 in
3400 1945 3462 1987 re

1871 2028 2239 2081 consentimus
2267 2026 2395 2095 quin
2426 2036 2668 2079 maturas
2696 2024 2801 2078 diei
2831 2024 2993 2078 horas
3020 2022 3072 2077 in
3101 2020 3463 2092 percipiendis

1872 2120 2014 2175 escis
2041 2120 2424 2174 sustineamus.
2452 2116 2618 2183 Quasi
2658 2130 2881 2187 regnum
2913 2114 3007 2169 Dei
3036 2113 3107 2168 sit
3137 2128 3264 2167 esca
3288 2122 3344 2167 et
3367 2127 3465 2183 po-

1875 2219 1962 2267 tus
1982 2254 1995 2276 ,
2025 2219 2079 2265 et
2109 2209 2461 2280 nou-justitia
2490 2217 2545 2263 et
2573 2223 2677 2277 pax
2717 2216 2775 2262 et
2810 2205 3049 2261 cbaritas
3076 2218 3093 2258 :
3131 2203 3215 2259 vel
3248 2204 3303 2258 in
3339 2204 3464 2259 cibo

1876 2301 2141 2358 sumendo
2162 2299 2392 2355 tarditas
2422 2298 2595 2368 magis
2612 2312 2775 2368 quam
2804 2296 2997 2351 modus
3024 2302 3079 2350 et
3107 2295 3462 2364 temperantia

1875 2395 2083 2450 valeat:
2114 2402 2208 2449 aut
2236 2394 2319 2448 vir
2347 2401 2570 2449 sanctus
2594 2393 2709 2447 haec
2731 2406 2897 2445 causa
2926 2389 3131 2445 ventris
3154 2396 3208 2443 et
3236 2403 3341 2442 non
3376 2388 3466 2441 be-

1877 2484 2195 2540 nevolentiae
2221 2493 2424 2555 ageret,
2448 2484 2537 2552 qui
2568 2489 2853 2552 propterea
2881 2480 3065 2549 utique
3093 2478 3275 2533 cibum
3303 2492 3464 2548 appa-

1880 2578 1989 2634 rari
2019 2564 2354 2647 praeceperat
2376 2615 2393 2641 ,
2440 2582 2502 2629 ut
2543 2588 2680 2643 quos
2718 2571 2986 2627 maturius
3026 2569 3293 2641 proficisci
3329 2568 3465 2623 velle

1877 2676 2114 2739 putaret,
2147 2675 2367 2738 propter
2390 2664 2599 2721 itineris
2627 2663 2865 2718 laborem
2904 2676 3064 2718 mane
3107 2658 3374 2724 reficeret,
3410 2668 3467 2714 et

1879 2773 1949 2815 ne
1988 2757 2203 2829 jejunos
2239 2756 2390 2811 abire
2420 2754 2660 2825 hospites
2705 2752 2945 2816 sineret,
2993 2752 3047 2805 in
3095 2750 3292 2821 quibus
3336 2749 3466 2804 licet

1879 2847 2117 2919 indignis
2162 2846 2440 2903 Christum
2486 2860 2547 2901 se
2590 2844 2894 2913 suscepisse
2924 2844 3200 2913 gauderet.
3234 2840 3305 2896 Ut
3337 2856 3470 2919 ergo

1882 2916 2298 2996 illos'obstinate
2324 2938 2426 2994 sibi
2454 2937 2709 2993 resistere
2736 2936 2868 2990 vidit
2897 2935 3239 2999 immodeste,
3267 2942 3327 2987 ut
3351 2916 3471 2989 erat

1880 3048 2100 3104 semper
2127 3029 2417 3102 tranquillo
2443 3030 2624 3084 animo
2654 3027 2791 3082 dixit
2818 3044 2832 3080 :
2865 3025 3000 3080 Mala
3040 3025 3233 3080 domus
3260 3031 3372 3088 est,
3414 3024 3468 3078 in

1885 3139 1992 3195 qua
2019 3121 2276 3178 Dominus
2304 3134 2409 3174 non
2436 3119 2675 3173 timetur.
2705 3115 2814 3169 Vos
2853 3123 3031 3169 autem
3069 3114 3113 3167 si
3146 3126 3271 3167 vere
3300 3113 3471 3167 Deum

193 3190 466 3252 serviens’
492 3200 706 3257 quoque
730 3186 875 3278 είτθθ
905 3183 1079 3278 Imma.
1113 3178 1390 3278 (ΨΜῳῇ
1422 3193 1495 3278 eo.
1516 3177 1576 3278 in
1604 3176 1782 3232 minor
1807 3202 1853 3266 C
1886 3176 2150 3271 timeretis
2174 3253 2191 3278 ,
2232 3208 2552 3267 charitatem
2581 3208 2769 3276 utique
2798 3220 2903 3260 non
2945 3202 3291 3259 recusaretis.
3332 3201 3470 3255 Dum

196 3281 267 3337 ad
297 3278 536 3351 singula,
580 3292 678 3332 nec
709 3277 1017 3331 discernere
1053 3271 1213 3327 facile
1242 3270 1383 3325 valet
1409 3269 1536 3340 quid
1565 3284 1671 3338 qua
1714 3282 1782 3321 ex

196 3387 367 3429 causa
401 3386 433 3425 a
461 3369 733 3439 plerisque
755 3366 967 3422 dicatur
994 3381 1009 3419 :
1048 3372 1227 3418 motus
1257 3376 1474 3417 suorum
1522 3358 1786 3414 sermoni-

196 3465 304 3519 bus
330 3462 547 3517 eosdem
572 3461 639 3514 ad
668 3459 883 3514 beatum
911 3456 1141 3512 Goarem
1180 3470 1301 3509 cum
1332 3453 1674 3507 festinatione
1700 3467 1785 3505 re-

197 3554 320 3609 dire
366 3550 663 3622 prmcepit,
714 3548 977 3604 mandans
1024 3547 1103 3601 uti
1156 3560 1280 3600 eum
1321 3543 1423 3599 sibi
1466 3542 1786 3612 quantocius

196 3642 519 3698 exhiberem
550 3640 798 3695 habituro
824 3654 988 3709 super
1019 3638 1136 3709 ejus
1165 3635 1377 3691 aclibus
1409 3633 1783 3703 quastionem.

195 3737 283 3792 llli
309 3736 564 3812 celeriter
590 3735 655 3789 ad
685 3742 930 3790 sanctum
958 3732 1134 3786 virum
1152 3770 1167 3796 ,
1195 3737 1253 3783 ut
1284 3735 1608 3798 praeceptum
1646 3736 1785 3791 erat,

194 3827 440 3893 reversi,
467 3825 813 3895 volentesque
850 3822 1197 3879 simulatione
1222 3819 1417 3874 callida
1464 3818 1615 3873 dolos
1657 3831 1788 3872 suos

194 3931 257 3976 et
282 3918 690 3975 accusationem
717 3916 893 3972 celare
913 3955 928 3981 ,
975 3928 1097 3969 cum
1136 3920 1317 3967 tamen
1347 3911 1461 3965 haec
1484 3924 1607 3964 eum
1636 3908 1790 3962 mini-

194 4028 289 4070 me
315 4012 581 4075 laterent,
610 4009 845 4065 salutant
868 4021 994 4064 eum
1032 4021 1100 4061 ex
1130 4003 1347 4059 nomine
1382 4002 1463 4057 sui
1494 3999 1786 4073 pontificis,

192 4114 388 4174 petere
417 4102 563 4157 illum
587 4110 751 4171 atque
791 4099 1051 4154 mandare
1077 4105 1137 4152 ut
1160 4097 1225 4151 ad
1255 4110 1313 4150 se
1344 4094 1537 4150 debeat
1564 4093 1664 4148 sub
1695 4106 1789 4147 ce-

195 4196 417 4249 leritate
446 4192 652 4248 venire.
681 4190 799 4258 Quo
842 4189 1025 4245 audito
1051 4188 1134 4242 vir
1162 4185 1393 4256 simplici
1434 4185 1616 4239 animo
1644 4183 1790 4239 circa

192 4302 392 4342 omnes
424 4300 618 4356 magna
646 4282 1007 4339 exsultatione
1037 4279 1275 4349 repletus
1298 4278 1499 4349 gratias
1520 4276 1627 4348 egit
1656 4276 1788 4341 Deo,

193 4389 255 4437 et
281 4378 431 4451 quod
451 4377 815 4433 visitationem
845 4374 930 4430 sui
957 4373 1246 4445 pontificis,
1271 4370 1697 4437 mundatumque
1723 4367 1790 4422 ad

194 4488 325 4530 eum
358 4468 683 4541 properandi
730 4466 1022 4522 meruisset
1069 4464 1313 4535 accipere
1356 4460 1657 4532 gratulatus
1704 4460 1789 4514 di-

192 4576 371 4621 cens:
402 4560 589 4616 Faciat
631 4558 926 4624 Dominus,
955 4555 1119 4611 faciat
1158 4562 1220 4608 ut
1253 4552 1480 4624 possim,
1509 4551 1635 4620 quia
1662 4551 1791 4605 obe-
1818 4559 1871 4619 ι)

195 4656 411 4716 dientia
435 4654 554 4710 sine
582 4667 734 4708 mora
762 4648 1068 4706 exhibenda
1117 4655 1221 4702 est.
1264 4645 1378 4700 Etsi
1414 4643 1560 4699 enim
1604 4655 1791 4711 suspe-

198 4761 354 4809 ctam
398 4748 599 4805 babere
645 4753 859 4818 poterat
883 4742 1119 4816 episcopi
1144 4740 1476 4812 iussionem,
1504 4752 1605 4792 nec
1634 4735 1792 4791 facile

199 4859 371 4916 quam
399 4841 471 4898 ob
496 4854 717 4897 causam
765 4836 1128 4894 accersiretur
1162 4841 1346 4905 posset
1389 4832 1592 4896 latere,
1620 4826 1823 4885 consi.‘

196 4938 434 4995 derabat
462 4944 642 4991 tamen
670 4932 885 4989 Domini
909 4931 976 4987 ad
1011 4928 1283 5002 apostolos
1310 4930 1688 4983 auctoritatem
1716 4925 1794 4979 di-

199 5030 419 5087 antis:
451 5027 556 5095 Qui
587 5042 676 5082 vos
706 5025 935 5095 spernit,
966 5038 1050 5076 me
1076 5020 1303 5093 spernit,
1334 5028 1380 5073 et
1406 5020 1496 5089 qui
1527 5034 1614 5071 vos
1641 5016 1793 5069 audit

199 5136 289 5175 me
318 5118 471 5173 audit
521 5115 672 5189 (Luc.
707 5114 788 5186 ι).
846 5113 915 5168 Et
961 5110 1092 5165 illud
1144 5108 1371 5179 apostoli
1400 5107 1547 5163 Petri
1587 5123 1602 5160 :
1654 5105 1793 5161 Sub-

195 5213 331 5283 jecti
379 5220 539 5266 estote
580 5209 722 5266 omni
770 5207 1017 5261 humana:
1065 5212 1321 5259 creatura:
1370 5211 1583 5271 propter
1627 5198 1795 5253 Deum

205 5303 262 5379 (Ι
294 5302 444 5359 Petr.
475 5300 561 5376 ιι).

541 5419 787 5491 Episcopi
828 5415 1037 5470 nuntios
1075 5424 1233 5468 noctu
1274 5410 1477 5466 retinet.

283 5536 376 5594 12.
406 5534 671 5603 Quoniam
703 5540 883 5586 tamen
912 5529 1017 5584 diei
1046 5524 1310 5582 terminus
1340 5519 1673 5585 imminebat,
1702 5531 1803 5572 nec

210 5629 322 5685 iter
362 5626 543 5682 statim
590 5622 833 5693 arripere
874 5625 1116 5689 poterat,
1164 5621 1515 5670 exsecutores
1566 5623 1694 5664 suos
1738 5621 1803 5660 ea

211 5726 381 5783 nocte
402 5714 663 5778 detinuit,
686 5720 743 5769 et
766 5726 871 5782 qua
898 5710 1046 5765 circa
1083 5720 1274 5763 omnes
1308 5702 1498 5759 solitus
1526 5707 1645 5757 erat
1676 5712 1807 5752 usus

214 5808 579 5868 humanitate,
611 5818 823 5861 caenam
857 5799 1150 5860 secundum
1182 5798 1327 5852 vires
1350 5809 1483 5851 suas
1510 5794 1805 5855 instruens,

1888 3307 2003 3363 haec
2029 3304 2298 3374 loquitur,
2322 3300 2469 3356 venit
2488 3297 2613 3368 ejus
2650 3312 2784 3368 puer
2810 3305 2863 3350 et
2891 3294 3093 3349 indicat
3127 3292 3474 3365 peregrinum

1886 3404 2031 3451 stare
2057 3409 2157 3464 pro
2184 3392 2410 3447 foribus.
2442 3389 2561 3457 Quo
2601 3387 2788 3441 audito
2814 3386 3030 3457 gavisus
3059 3394 3142 3439 est
3167 3393 3222 3438 et
3256 3391 3476 3453 recepto

1888 3490 1940 3545 in
1965 3490 2180 3545 domum
2203 3485 2491 3557 peregrino
2513 3496 2589 3539 ait
2613 3526 2625 3537 .
2657 3483 2793 3537 Ecce
2820 3496 2982 3551 quam
3008 3479 3208 3534 bonum
3237 3488 3293 3534 et
3312 3494 3474 3548 quam

1879 3580 2178 3651 jucundum
2221 3578 2470 3634 habitare
2518 3574 2715 3629 fratres
2759 3574 2813 3628 in
2862 3572 3063 3627 unum!
3111 3571 3477 3641 Appositaque

1889 3689 2077 3731 mensa
2103 3673 2283 3728 cibum
2311 3686 2417 3724 una
2453 3684 2575 3724 cum
2602 3665 2889 3737 peregrino
2915 3673 2969 3717 et
2993 3663 3106 3734 ipse
3132 3663 3295 3731 cepit.

2029 3762 2265 3818 Afmulis
2304 3761 2413 3814 suis
2450 3758 2695 3814 viaticum
2733 3756 3028 3825 suppeditat
3072 3752 3138 3807 Β.
3173 3749 3335 3807 Coar.

1959 3858 2048 3912 15.
2089 3856 2448 3910 Exsecutores
2490 3851 2605 3904 haec
2631 3848 2907 3909 videntes,
2938 3860 3059 3899 cum
3096 3843 3301 3916 ingenti
3330 3842 3477 3899 festi-

1890 3944 2110 4005 natione
2135 3956 2192 4002 et
2214 3944 2495 4001 alacritate
2522 3957 2649 3998 suos
2673 3955 2842 4011 equos
2865 3946 3205 4004 straverunt,
3236 3936 3481 3992 dicentes

1892 4051 2004 4097 tum
2035 4055 2095 4097 se
2122 4053 2221 4109 pro
2268 4044 2417 4093 certo
2466 4049 2686 4090 causam
2742 4030 3052 4096 invenisse,
3099 4044 3205 4098 qua
3245 4024 3481 4089 Goarem

1892 4146 2185 4195 accusare,
2236 4139 2291 4186 et
2337 4127 2609 4184 manifesti
2653 4125 2900 4181 criminis
2944 4123 3086 4193 apud
3137 4137 3262 4178 eum
3306 4136 3337 4176 a
3372 4136 3482 4191 quo

1891 4228 2043 4284 missi
2064 4225 2276 4281 fuerant
2302 4220 2614 4276 insimulare
2639 4217 2901 4272 valerent.
2923 4216 3274 4285 Rogaverunt
3297 4222 3480 4268 tamen

1890 4320 1970 4375 uti
1995 4334 2094 4388 pro
2125 4316 2310 4371 labore
2332 4314 2435 4368 vize
2460 4320 2515 4368 et
2560 4310 2770 4366 itineris
2804 4308 3130 4363 necessitate
3167 4303 3367 4376 aliquid
3404 4305 3486 4359 eis

1893 4412 1996 4469 cibi
2027 4418 2083 4465 et
2104 4418 2262 4480 potus
2285 4407 2427 4477 quod
2461 4405 2513 4459 in
2537 4404 2623 4458 via
2646 4403 2930 4472 percipere
2958 4406 3177 4471 possent
3199 4398 3483 4453 tribueret.

1894 4504 1949 4558 ld
1978 4502 2066 4557 ille
2087 4500 2178 4571 qui
2204 4500 2394 4569 plenus
2419 4511 2632 4565 semper
2655 4493 2939 4549 charitatis
2961 4498 3130 4555 esset,
3153 4496 3210 4543 et
3233 4486 3488 4542 omnibus

1897 4595 2058 4649 etiam
2088 4590 2315 4659 ingratis
2343 4586 2661 4643 benefacere
2688 4590 2915 4653 paratus
2944 4578 3182 4648 jucunde
3218 4576 3427 4644 accepit
3469 4592 3482 4627 :

1895 4685 2209 4752 eisdemque
2234 4680 2347 4735 suis
2378 4675 2786 4732 exsecutoribus
2814 4686 2934 4741 quae
2963 4670 3231 4739 petierant
3270 4666 3326 4720 in
3355 4680 3488 4720 vasa

1895 4767 2024 4845 poni
2048 4770 2322 4843 praecepit.
2350 4767 2443 4823 Sic
2472 4765 2646 4821 accito
2671 4764 2725 4818 in
2751 4760 3065 4818 comitatum
3090 4757 3191 4813 via:
3225 4771 3334 4827 quo
3374 4763 3491 4811 ute-

1898 4870 2059 4925 batur
2092 4879 2307 4934 semper
2329 4860 2609 4925 ministro,
2637 4873 2746 4913 una
2784 4857 2888 4911 iter
2915 4853 2985 4909 ad
3020 4851 3210 4908 urbem
3241 4848 3492 4908 Treviro

1899 4974 2020 5014 rum
2048 4969 2334 5029 aggressus
2359 4960 2462 5008 est.

2187 5090 2354 5145 Fame
2389 5105 2452 5143 ac
2487 5087 2577 5141 siti
2614 5084 2863 5140 divinitus
2899 5088 3227 5153 torquentur.

1974 5231 2061 5286 l4.
2097 5228 2216 5284 Jam
2260 5227 2553 5281 advenerat
2598 5199 2704 5276 diei
2754 5218 2989 5274 medium
3039 5225 3247 5286 tempus
3287 5220 3342 5271 et
3386 5211 3491 5269 illis

1901 5327 2155 5383 euntibus
2182 5320 2262 5377 sol
2287 5319 2531 5373 altiorem
2562 5315 2646 5372 sui
2676 5328 2867 5369 cursus
2889 5325 3046 5367 axem
3073 5306 3490 5370 conscenderat,

1901 5433 2029 5473 cum
2060 5430 2185 5471 ecce
2220 5413 2275 5466 in
2305 5409 2597 5465 vindictam
2630 5406 2713 5461 sui
2742 5402 2885 5458 servi
2926 5400 3078 5455 adest
3115 5397 3249 5452 ultio
3286 5394 3489 5459 divina,

1902 5518 1959 5565 et
1982 5509 2073 5578 qui
2098 5504 2260 5578 paulo
2294 5512 2419 5557 ante
2456 5498 2691 5554 oblatam
2722 5494 2824 5551 sibi
2855 5508 2952 5563 pro
2979 5490 3245 5547 charitate
3269 5484 3376 5541 cibi
3401 5498 3495 5554 po-

1907 5610 2100 5669 tusque
2129 5580 2452 5665 reSpuerant
2492 5588 2703 5657 cupiam
2729 5627 2744 5652 ,
2790 5583 3000 5639 esurire
3040 5580 3390 5634 vehementer
3429 5586 3495 5626 ac

1908 5662 2058 5747 sitire
2089 5662 2372 5757 cmperunt
2392 5724 2406 5748 ,
2438 5690 2550 5735 tum
2578 5680 2741 5735 etiam
2782 5684 2930 5731 tanta
2972 5668 3288 5726 lassitudine
3322 5662 3491 5725 allici,

1910 5791 2171 5854 quantam
2199 5784 2381 5835 essent
2406 5773 2613 5845 experti
2639 5782 2933 5841 nunquam.
2961 5764 3105 5822 inter
3133 5762 3248 5816 haec
3268 5760 3353 5813 vir
3376 5769 3497 5813 san-
