4000 6352
561 312 661 366 N7

1548 294 2068 353 WANDALBERTI
2104 289 2500 348 PRUMENSIS
2540 289 2846 349 MONACHI

3703 301 3779 361 αδ

561 439 684 486 ctus
714 425 768 480 in
809 421 966 478 laude
993 418 1174 475 divina
1213 425 1268 473 et
1305 413 1538 470 Psalmis
1578 412 1972 476 meditabatur,
2023 408 2156 464 illud
2183 411 2229 470 Α
2259 416 2409 478 gesta
2445 407 2692 462 viderant
2727 406 3052 462 mirantibus
3086 415 3258 479 atque
3286 410 3630 478 stupentibus,
3656 426 3780 490 coepit

557 515 809 593 ppostoli
836 525 1137 580 exsequens
1165 525 1179 562 ε
1215 506 1341 563 Sine
1368 505 1751 560 intermissione
1777 512 1942 566 orate,
1969 503 2024 556 in
2049 517 2158 556 om-

566 610 718 664 nibus
746 605 946 677 gratias
973 602 1110 671 agite
1137 597 1186 670 (I
1216 596 1396 651 Thess.
1423 596 1499 666 v).
1534 595 1776 663 Cumque
1805 594 1918 664 jam
1944 600 2156 648 sextum

2259 503 2450 556 beatus
2477 501 2623 557 Goar
2651 503 2933 571 exquirere
2965 503 3092 571 quid
3134 517 3322 558 causae
3362 512 3504 560 esset
3537 512 3660 578 quod
3690 531 3780 574 eum

2261 593 2326 646 ad
2362 607 2422 646 se
2460 593 2747 672 episcopus
2788 593 3117 648 evocandum
3171 603 3460 664 putasset,
3499 597 3592 654 sibi
3634 605 3782 662 mirum

563 701 670 755 viae
697 672 1009 753 milliarium
1035 691 1402 762 complessent
1429 698 1486 744 et
1529 689 1583 742 in
1613 703 1740 743 eum
1769 685 1945 740 locum
1983 684 2160 738 venis-
2260 681 2430 746 videri
2455 682 2582 751 quid
2614 682 2812 750 negotii
2843 697 3025 737 secum
3051 683 3303 753 pontifex
3319 672 3520 743 habere
3536 690 3664 747 velit.
3684 696 3782 753 Nam

565 789 790 859 sentqui
821 786 972 841 Pauli
1001 798 1226 854 campus
1241 783 1461 845 dicitur,
1478 779 1738 834 Albuinus
1762 776 1980 846 collegae
2000 774 2161 830 Adal-

579 881 722 936 wino
769 880 946 934 dixit:
985 877 1180 932 Fames
1217 888 1304 930 me
1349 872 1541 944 ingens
1585 878 1643 925 et
1687 869 1806 924 sitis
1845 867 2026 922 habet.
2063 865 2162 920 Cui

569 971 662 1026 ille
691 989 704 1024 :
736 973 806 1023 At
833 983 934 1040 ego
969 965 1076 1022 nisi
1106 965 1338 1022 celerius
1367 963 1590 1025 bibere,
1621 975 1652 1015 e
1683 958 1910 1029 vestigio
1935 957 2158 1012 moriar.

567 1062 943 1119 Constiterunt
977 1058 1162 1127 itaque
1192 1055 1260 1110 ad
1305 1053 1593 1124 quemdam
1624 1051 1874 1116 rivulum,
1911 1063 2070 1118 quem
2106 1048 2162 1102 in

569 1155 748 1208 vicino
779 1158 1046 1206 noverant
1071 1147 1418 1208 descendere,
1448 1152 1510 1197 ut
1534 1158 1600 1198 ex
1629 1157 1693 1196 eo
1723 1141 1909 1195 bibere
1935 1147 1991 1193 et
2019 1139 2165 1192 circa

570 1245 721 1313 ripas
747 1241 864 1310 ejus
892 1241 1071 1296 cibum
1116 1252 1332 1294 sumere
1373 1235 1651 1291 deberent.
1681 1231 1788 1287 Sed
1826 1231 1914 1286 ubi
1941 1246 2006 1285 eo
2032 1245 2164 1306 ven-5

576 1346 690 1390 tum
725 1342 832 1398 est,
863 1332 998 1387 nihil
1034 1346 1189 1402 aqua:
1220 1329 1435 1400 penitus
1474 1327 1832 1381 invenerunt:
1867 1323 2062 1392 quippe
2087 1321 2167 1375 eis

577 1427 632 1482 in
668 1426 866 1496 quibus
907 1423 1126 1478 malitia:
1151 1423 1234 1476 vis
1277 1425 1591 1482 exarserat,
1641 1431 1782 1485 aqua
1833 1414 1988 1468 rivuli
2036 1421 2168 1467 nutu

575 1517 851 1574 Creatoris
877 1523 1112 1570 aruerat.
1148 1513 1410 1568 Miseruut
1433 1509 1627 1564 deinde
1653 1521 1847 1561 manus
1871 1515 1928 1559 ut
1951 1521 2018 1560 ex
2045 1519 2168 1560 sac-

575 1607 712 1664 culis
738 1621 892 1661 escas
921 1620 1057 1674 quas
1081 1619 1114 1658 a
1140 1604 1258 1658 viro
1289 1609 1477 1656 sancto
1506 1601 1660 1654 datas
1690 1597 2052 1652 meminerant
2080 1611 2171 1650 su-

582 1708 792 1755 merent
821 1717 834 1752 :
868 1697 963 1752 sed
988 1704 1044 1750 et
1069 1695 1170 1764 ipsi
1198 1692 1353 1748 vacui
1385 1699 1509 1746 sunt
1537 1688 1761 1760 reperti.
1789 1687 1854 1740 Et
1885 1694 2054 1749 recte,
2077 1685 2171 1753 qui

579 1791 846 1848 (haritate
872 1804 992 1859 qua:
1017 1788 1284 1842 bonorum
1314 1782 1555 1838 omnium
1583 1788 1668 1834 est
1702 1777 1980 1849 plenitudo
2009 1776 2164 1831 vacui
2192 1775 2239 1834 B

580 1889 769 1947 erant,
801 1895 968 1935 vacua
1008 1878 1330 1932 invenerunt
1356 1861 1485 1927 vasa
1530 1871 1584 1924 in
1615 1869 1810 1939 quibus
1839 1867 2096 1922 alimenta
2133 1879 2166 1919 a

585 1973 703 2028 viro
731 1970 996 2026 eharitate
1023 1968 1182 2039 pleno
1209 1969 1583 2037 perceperant.

920 2078 979 2135 S.
1018 2078 1162 2134 Goar
1196 2093 1283 2131 eos
1319 2073 1626 2129 mirabiliter
1660 2069 1874 2140 pascit..

662 2193 748 2249 15.
802 2191 897 2247 llis
943 2187 1269 2260 perturbati,
1318 2200 1441 2240 cum
1488 2182 1715 2237 necdum
1761 2179 1971 2248 culpam
2020 2189 2174 2229 suam

589 2286 749 2356 plene
771 2288 1178 2352 cognoscerent,
1206 2263 1416 2346 etquid
1441 2276 1585 2329 circa
1614 2289 1672 2327 se
1701 2279 1952 2342 ageretur
1976 2267 2178 2322 miran-

589 2384 693 2437 tes,
719 2374 822 2428 iter
847 2372 900 2426 in
930 2371 1084 2440 equis
1107 2375 1359 2438 agerent;
1392 2379 1630 2434 eousque
1652 2359 1893 2416 excrevit
1917 2357 2176 2412 lassitudo

589 2485 800 2532 eorum,
827 2476 888 2522 ut
909 2466 1175 2521 Albuinus
1203 2463 1270 2518 de
1297 2477 1438 2533 equo
1461 2461 1608 2515 velut
1638 2455 1904 2513 exanimis
1933 2454 2174 2518 caderet,

590 2573 646 2619 et
672 2559 986 2616 Adalwinus
1023 2559 1090 2613 ad
1121 2557 1298 2612 virum
1345 2555 1438 2610 Dei
1501 2570 1560 2609 se
1607 2550 1891 2608 conferens
1915 2589 1930 2613 ,
1971 2547 2180 2617 magnis

590 2652 844 2723 precibus
878 2659 937 2704 ut
979 2649 1062 2704 sui
1101 2657 1157 2702 et
1198 2646 1418 2716 collega:
1462 2645 1813 2698 misereretur
1841 2645 2178 2708 exposceret.

595 2749 732 2804 Tum
764 2746 851 2801 ille
875 2745 969 2816 qui
1001 2745 1219 2814 legisset
1247 2762 1260 2798 :
1286 2743 1346 2798 Si
1374 2741 1616 2795 esurierit
1647 2739 1890 2792 inimicus
1917 2747 2036 2790 tuus
2065 2733 2182 2788 ciba

589 2836 766 2901 illum,
799 2837 842 2890 si
873 2836 984 2888 sitit
1017 2845 1193 2904 potum
1225 2833 1294 2886 da
1321 2831 1436 2896 illi;
1467 2832 1564 2884 hoc
1591 2829 1727 2883 enim
1764 2827 1961 2893 faciens
1995 2825 2184 2880 carbo-

595 2941 686 2982 nes
725 2925 860 2996 ignis
889 2941 1133 2996 congeres
1171 2938 1326 2992 super
1366 2929 1522 2991 caput
1564 2919 1678 2990 ejus
1726 2917 1905 2987 (Rom.
1945 2915 2080 2988 xu);
2130 2921 2186 2970 et

592 3018 879 3074 Dominum
906 3016 1306 3087 praecipientem
1340 3012 1640 3069 attenderet
1663 3026 1678 3065 :
1704 3010 1919 3080 Diligite
1947 3010 2185 3064 inimicos

2264 793 2362 832 nos
2380 816 2396 840 ,
2423 776 2672 846 inquiens
2689 816 2705 841 ,
2733 776 3090 832 obedientiam
3129 777 3377 848 praelatis
3403 781 3640 839 exhibere
3661 789 3784 844 debe-

2264 883 2406 932 mus,
2446 883 2547 922 nec
2576 867 2693 921 sine
2732 882 2894 922 causa
2923 877 3009 924 est
3035 869 3180 938 quod
3210 870 3392 925 divina
3435 872 3573 928 circa
3610 892 3691 933 nos
3716 895 3786 950 po-

2265 960 2432 1014 tentia
2463 974 2562 1028 per
2594 957 2738 1012 feras
2766 957 2924 1012 hodie
2951 968 3264 1014 monstrare
3293 960 3509 1031 dignata
3531 973 3625 1030 est,
3652 970 3726 1022 sed
3743 980 3787 1025 nt

2265 1050 2573 1106 ostenderet
2622 1065 2785 1120 quam
2839 1058 2991 1119 gerat
3038 1065 3266 1105 suorum
3318 1066 3586 1108 servorum
3624 1070 3784 1124 curam,

2265 1150 2323 1195 et
2371 1156 2532 1212 quam
2581 1156 2688 1194 non
2741 1140 2954 1194 deserat
3006 1141 3060 1195 in
3115 1156 3177 1198 se
3232 1147 3544 1212 sperantes,
3589 1149 3787 1215 quoniam

2266 1244 2460 1306 potens
2508 1243 2590 1289 est
2644 1234 2900 1289 Dominus
2947 1250 3143 1304 parare
3202 1251 3452 1290 mensam
3507 1237 3556 1290 in
3605 1238 3783 1306 deserto,

2267 1339 2321 1384 et
2351 1345 2510 1400 quam
2554 1328 2893 1398 tnaguilicata
2924 1336 3049 1382 sunt
3081 1343 3250 1398 opera
3299 1338 3424 1394 tua,
3470 1329 3684 1387 Domine.
3709 1323 3785 1389 llic

2270 1421 2345 1475 illi
2395 1421 2590 1473 timore
2631 1426 2687 1472 et
2721 1426 2868 1473 metu
2916 1417 3155 1488 depressi
3205 1418 3343 1472 nihil
3372 1420 3684 1487 respondere,
3717 1424 3784 1479 sed

2267 1524 2458 1586 putare
2488 1529 2547 1568 se
2573 1521 2793 1583 rspente
2826 1511 3171 1576 interituros,
3203 1511 3351 1581 quod
3380 1511 3434 1566 in
3462 1527 3606 1568 servo
3635 1513 3786 1574 Christi

2272 1616 2476 1662 tantam
2527 1612 2818 1661 cernerent
2859 1604 3076 1660 virtutis
3115 1601 3447 1669 eliicaciam,
3478 1620 3622 1674 quem
3650 1619 3786 1665 essent

2272 1699 2389 1754 ausi
2418 1697 2758 1768 aliquatenus
2781 1697 3123 1750 contristare.
3165 1694 3280 1750 lter
3305 1704 3424 1764 post
3452 1695 3559 1750 lucc
3599 1707 3782 1766 agentes.

2267 1791 2434 1846 multa
2463 1790 2550 1844 die
2576 1789 2831 1844 Treviros
2862 1799 3228 1858 pervenerunt
3253 1807 3267 1842 :
3298 1802 3405 1858 quo
3434 1797 3491 1842 ut
3509 1800 3694 1845 ventum
3710 1801 3784 1854 est,

2266 1880 2352 1934 vir
2365 1886 2608 1942 sanctus,
2625 1887 2683 1931 ut
2698 1877 2772 1930 illi
2787 1877 3030 1946 perpetui
3044 1878 3216 1932 moris
3230 1886 3370 1943 erat,
3387 1878 3784 1935 ecclesiameStin-

2270 1985 2506 2042 gressus,
2522 1971 2596 2023 uti
2620 1983 2679 2022 se
2698 1976 2752 2023 et
2769 1983 2987 2023 causam
3011 1984 3164 2024 suam
3188 1968 3420 2024 Domino
3437 1971 3784 2026 commendaret

2539 2081 2614 2134 Ab
2651 2081 2890 2150 episcopo
2926 2082 2979 2134 in
3015 2081 3343 2135 calumniam
3381 2083 3590 2152 rapitur.

2347 2184 2432 2236 l7.
2473 2180 2574 2247 Qui
2615 2191 2794 2235 autem
2838 2181 2987 2235 illum
3031 2183 3402 2249 deduxerant,
3444 2185 3506 2238 ad
3547 2183 3784 2255 episcopum

2275 2270 2595 2341 quantocius
2620 2270 2920 2336 venientes,
2945 2280 3139 2326 cuncta
3161 2288 3289 2343 quae
3317 2274 3370 2328 in
3398 2273 3576 2328 itinere
3597 2275 3784 2344 contigis-

2277 2369 2416 2423 sent,
2447 2374 2671 2428 quaeque
2700 2359 2754 2413 in
2785 2359 2876 2414 Dei
2907 2361 3124 2416 homine
3144 2363 3552 2433 conspexissent
3572 2377 3631 2418 ex
3651 2365 3786 2418 ordino

2277 2451 2598 2505 retulerunt.
2640 2449 2734 2505 Ille
2765 2466 2889 2504 cum
2915 2451 3162 2506 debuerit
3195 2453 3251 2507 in
3281 2453 3660 2508 admirationem
3686 2453 3783 2507 ditio

2279 2557 2469 2596 norum
2495 2555 2717 2610 operum
2741 2542 3006 2607 converti,
3027 2551 3082 2598 et
3111 2544 3286 2598 Deum
3313 2545 3366 2599 in
3393 2554 3570 2599 sancto
3593 2545 3688 2614 ejus
3706 2545 3786 2597 lau-

2280 2635 2441 2699 dare,
2475 2634 2527 2688 in
2564 2634 2802 2688 furorem
2827 2648 3089 2690 accensus
3125 2636 3298 2707 capit
3325 2637 3426 2692 sibi
3452 2636 3712 2691 astantibus
3729 2635 3783 2690 di-

2281 2743 2423 2792 cere,
2446 2743 2512 2782 ea
2543 2743 2664 2798 qua:
2685 2726 2830 2783 Goar
2852 2730 3040 2800 egerit,
3073 2747 3180 2784 non
3211 2739 3318 2785 tam
3344 2746 3444 2802 ope
3463 2730 3644 2793 divina,
3669 2744 3782 2798 quam

2282 2820 2490 2891 magica
2521 2828 2638 2874 arte
2665 2828 2722 2874 et
2747 2820 3026 2876 maleficiis
3055 2823 3123 2877 ab
3147 2838 3218 2877 eo
3247 2837 3369 2878 esse
3392 2831 3585 2893 patrata
3615 2836 3724 2876 :nec
3747 2819 3782 2872 in

2284 2910 2374 2965 illo
2407 2909 2623 2980 aliquod
2653 2925 2792 2966 verte
2837 2912 3053 2967 virtutis
3100 2913 3362 2968 indicium
3407 2927 3555 2984 posse
3592 2912 3781 2970 existere.

2284 3005 2374 3072 qui
2404 3003 2553 3058 carni
2583 3011 2639 3057 et
2663 3003 2836 3058 ventri
2861 3005 3107 3060 subditus
3136 3022 3299 3061 niane
3323 3006 3558 3061 comedat
3580 3019 3634 3058 ac
3663 3002 3781 3064 bibat,

592 3121 813 3173 uestros,
842 3108 1126 3177 benefacite
1150 3107 1231 3160 his
1259 3105 1352 3176 qui
1378 3104 1595 3159 oderunt
1621 3119 1706 3157 vos
1738 3102 1787 3173 (1
1813 3102 1973 3156 Joan.
1999 3102 2104 3174 ιιι),
2132 3100 2182 3156 ei
2210 3134 2256 3198 Ο
2285 3103 2341 3147 et
2361 3092 2550 3162 jejunii
2583 3094 2880 3164 inedithue
2908 3096 2978 3150 sit
3008 3095 3300 3164 impatiens
3325 3115 3338 3150 :
3371 3111 3486 3150 cuin
3509 3093 3680 3164 antiqui
3698 3107 3783 3146 san-

497 3192 500 3196 ί
591 3199 688 3272 qui
727 3215 785 3255 se
825 3199 1052 3270 rogabat
1099 3198 1380 3268 respondit
1421 3215 1433 3251 :
1478 3195 1610 3259 Fili,
1658 3194 1930 3249 recordari
1971 3187 2184 3264 oportet

565 3294 724 3364 'quia
757 3293 899 3348 Deus
937 3291 1177 3346 charitas
1214 3298 1298 3345 est
1325 3298 1379 3345 et
1407 3289 1500 3358 qui
1535 3295 1718 3341 manet
1747 3286 1798 3340 in
1833 3285 2098 3340 eharitate
2132 3285 2188 3339 in

596 3387 710 3442 Deo
735 3393 950 3450 manet,
981 3393 1035 3440 et
1063 3385 1205 3439 Deus
1249 3383 1304 3438 in
1349 3397 1434 3438 eo.
1478 3380 1711 3436 Proinde
1765 3378 1923 3434 hodie
1949 3394 2071 3434 cum
2102 3392 2188 3432 me

595 3477 752 3534 vobis
781 3492 880 3548 pro
909 3491 1095 3531 amore
1117 3475 1321 3532 Christi
1362 3475 1544 3530 cibum
1572 3470 1890 3528 oﬂ‘erentem
1930 3479 1986 3526 et
2015 3470 2190 3541 ipsum

594 3565 982 3638 pereipientem
1006 3565 1240 3631 vidistis,
1269 3581 1375 3620 non
1410 3563 1717 3619 debueratis
1749 3561 2034 3618 charitatis
2071 3559 2189 3617 olli-

595 3657 743 3712 cium
791 3671 1066 3713 recusare.
1116 3658 1269 3713 Nunc
1318 3665 1500 3712 autem
1543 3655 1612 3711 ad
1658 3655 2048 3711 correctionem
2095 3669 2192 3710 ve-

599 3757 768 3804 stram
803 3757 1060 3818 operatur
1088 3749 1204 3804 hacc
1240 3749 1396 3813 Deus,
1425 3758 1486 3805 ut
1517 3747 1635 3817 ejus
1668 3748 2036 3804 admonitione
2064 3763 2189 3804 cor-

599 3837 736 3893 recti
791 3837 1014 3893 discatis
1067 3841 1386 3895 charitatem
1444 3856 1563 3911 quae
1613 3849 1698 3896 est
1745 3840 2021 3896 vinculum
2069 3855 2192 3911 per-

598 3927 853 3984 fectionis
876 3929 1149 3999 amplecti.
1178 3931 1311 3984 Dum
1341 3932 1455 3986 haec
1481 3931 1736 4001 loquitur,
1768 3932 2032 4001 conspicit
2055 3932 2193 3986 emi-

601 4032 708 4072 nus
754 4026 864 4071 tres
901 4031 1089 4075 cervas
1131 4019 1367 4086 ingentis
1408 4019 1622 4084 formae,
1667 4029 1923 4090 tanquam
1954 4037 2053 4076 suo
2090 4039 2188 4075 nu-

603 4121 757 4162 mero
791 4105 1074 4161 Trinitatis
1123 4110 1441 4178 mysterium
1488 4111 1892 4181 prtesignantes.
1940 4113 2192 4168 lnvocata

603 4213 734 4252 mox
754 4196 1038 4251 Trinitatis
1061 4199 1276 4260 virtute,
1302 4213 1492 4254 cervas
1514 4201 1816 4255 consistere
1837 4201 2012 4269 quoad
2034 4202 2196 4257 vellet

603 4288 721 4358 ipse
750 4288 1025 4358 praecepit.
1059 4288 1167 4342 illis
1206 4289 1492 4343 coi'nfeslim
1534 4290 1910 4345 obedientibus
1942 4301 1996 4346 et
2036 4292 2194 4347 bruto

603 4379 734 4435 licet
761 4394 923 4434 sensu
961 4382 1165 4434 nomini
1191 4379 1377 4434 divino
1406 4383 1722 4436 cedentibus
1747 4423 1761 4441 .
1798 4399 1861 4438 ac
1902 4385 2065 4438 tacite
2102 4385 2197 4438 ho-

2287 3185 2358 3240 cti
2412 3193 2467 3240 et
2516 3184 2648 3253 justi
2706 3201 2803 3256 per
2855 3185 3120 3257 jejunium
3163 3197 3222 3243 et
3279 3187 3630 3242 abstinentiam
3671 3191 3784 3251 atque

2287 3277 2656 3350 eleemosynas
2689 3278 2800 3334 Deo
2846 3279 3168 3348 placuerint.
3215 3281 3343 3338 Haec
3389 3280 3456 3334 ita
3495 3276 3782 3346 iactabantur,

2289 3377 2547 3437 tanquam
2594 3367 2704 3424 sola
2749 3369 3076 3425 abstinentia
3124 3373 3252 3441 quis
3299 3370 3598 3440 aliquando.
3635 3375 3679 3420 ct
3710 3378 3781 3418 non

2290 3445 2558 3517 eharitate
2597 3461 2917 3532 sineeroque
2956 3461 3010 3516 in
3041 3463 3210 3519 Deum
3243 3477 3424 3518 amore
3460 3468 3647 3516 sanctus
3667 3453 3783 3510 exsti-

2290 3561 2437 3610 tem.
2535 3631 2768 3706 Cappam
2804 3636 2874 3690 ad
2914 3636 3040 3692 solis
3074 3637 3285 3692 radium
3326 3633 3592 3705 suspendit.

2363 3745 2449 3802 18.
2479 3745 2615 3801 Dum
2645 3747 2762 3802 haec
2786 3747 2928 3817 apud
2951 3749 3263 3819 episcopum
3298 3755 3562 3821 geruntur,
3585 3747 3782 3813 prtesetue

2291 3839 2436 3895 clero
2457 3837 2720 3903 ecclesiae,
2745 3839 3068 3894 venerabilis
3096 3841 3354 3896 sacerdos
3395 3840 3588 3894 domum
3631 3834 3673 3886 in
3707 3841 3781 3898 qua

2292 3947 2415 3987 cum
2439 3930 2554 3986 suis
2573 3930 2795 3986 rusticis
2819 3931 3105 4001 episcopus
3127 3933 3450 3989 consederat
3470 3925 3781 3998 ingressusesl.

2293 4022 2563 4091 coepitque
2589 4021 2898 4091 prospicere
2929 4037 3091 4091 quam
3124 4023 3176 4076 in
3207 4033 3414 4092 partem
3446 4018 3520 4072 vel
3558 4009 3781 4081 discipulus

2293 4128 2401 4182 quo
2443 4113 2639 4168 comite
2677 4119 2900 4166 venerat
2936 4113 3280 4178 concederet,
3309 4113 3388 4168 vel
3436 4111 3537 4180 ipse
3582 4100 3779 4161 Cuculltlm

2295 4224 2451 4265 suum
2487 4216 2670 4278 posset
2712 4206 3056 4278 appendere:
3090 4223 3214 4262 cum
3251 4224 3377 4264 ecce
3403 4207 3535 4260 videt
3572 4201 3615 4253 in
3641 4189 3779 4263 angulo

2295 4299 2486 4355 domus
2533 4308 2790 4369 tanquam
2820 4309 3026 4354 vectem
3058 4300 3294 4371 ligneum
3331 4294 3506 4369 parieti
3545 4292 3779 4344 herculei“.

2297 4391 2436 4461 (erat
2463 4398 2643 4445 autem
2667 4389 2797 4446 solis
2824 4391 3005 4446 radius
3029 4406 3126 4460 per
3168 4392 3430 4445 modicam
3455 4386 3695 4440 fenestram
3723 4372 3780 4427 in-

603 4470 812 4524 minum
843 4469 1097 4524 duritiam
1119 4481 1175 4524 et
1196 4470 1615 4526 inobedientiam
1647 4475 2051 4540 accusantibus,
2099 4491 2194 4529 va-
2220 4507 2272 4570 Β
2299 4481 2574 4551 grediens)
2605 4479 2673 4535 ad
2691 4495 2850 4549 quem
2873 4479 3155 4547 accedens,
3181 4483 3432 4552 quoniam
3450 4485 3504 4531 ut
3522 4475 3684 4530 dictum
3706 4471 3778 4523 es"

603 4560 812 4616 sculum
844 4562 1048 4633 accepit
1079 4572 1135 4617 et
1163 4565 1230 4618 ad
1260 4580 1450 4621 cervas
1475 4567 1795 4636 perveniens
1815 4582 1999 4622 earum
2031 4568 2197 4624 ubera

601 4651 808 4706 mulsit.
837 4651 970 4706 'l'um
1002 4669 1098 4709 eas
1127 4655 1280 4710 abire
1317 4657 1638 4725 permittens
1660 4698 1674 4720 ,
1715 4657 1853 4713 lacte
1883 4659 2025 4728 quod
2055 4662 2198 4714 mul-

603 4753 751 4799 serat
784 4744 996 4800 illorum
1021 4749 1112 4816 qui
1137 4755 1195 4803 ut
1223 4749 1502 4803 exanimes
1523 4747 1778 4816 jaeebaut
1808 4751 2046 4805 membra
2071 4767 2198 4821 per-

603 4836 887 4901 trectavit,
919 4837 1215 4906 statimque
1253 4852 1350 4892 eos
1389 4839 1634 4908 pristinae
1663 4841 1848 4894 virtuti
1891 4848 1947 4895 et
1992 4842 2200 4897 incolu-

606 4928 783 4983 mitati
826 4930 1085 4985 restituit.
1128 4929 1394 5001 Praecepit
1425 4932 1619 4986 deinde
1649 4941 1707 4986 ut
1737 4933 1806 4988 ad
1851 4935 2079 4989 rivulum
2111 4951 2200 4991 re-

605 5019 754 5075 versi
801 5035 997 5090 aquam
1037 5021 1352 5089 haurirent,
1394 5038 1457 5078 ac
1499 5024 1565 5080 de
1606 5026 1838 5081 sacculis
1873 5027 2022 5082 cibos
2054 5028 2202 5082 acci-

609 5108 826 5179 pientes
849 5107 1034 5177 jejuna
1076 5125 1303 5180 corpora
1351 5112 1671 5168 relevarent.
1724 5114 1817 5170 Sic
1864 5113 2065 5170 factum
2095 5125 2198 5184 est,

611 5209 674 5257 ut
698 5202 789 5271 qui
820 5204 973 5272 prius
1003 5214 1225 5276 propter
1249 5207 1512 5262 offensam
1544 5209 1644 5263 viri
1679 5210 1852 5264 sancti
1878 5226 2048 5266 vacua
2073 5228 2201 5269 vasa

608 5302 671 5350 et
696 5304 941 5350 arentem
972 5296 1144 5350 rivum
1171 5299 1507 5363 invenerant,
1532 5299 1648 5370 ejus
1675 5305 2019 5371 postmodum
2044 5307 2201 5362 venia

612 5381 904 5454 impetrata
945 5395 1000 5442 et
1035 5389 1086 5441 in
1129 5391 1244 5443 rivo
1284 5406 1480 5462 aquam
1519 5391 1868 5449 subicientem
1892 5404 1947 5451 et
1981 5396 2035 5452 in
2072 5413 2196 5455 vas-

612 5476 754 5532 culis
780 5478 893 5547 suis
923 5492 1078 5534 escas
1106 5495 1241 5549 quas
1267 5491 1560 5552 posuerant
1584 5485 1905 5554 reperirent.

901 5586 1148 5646 Prwlatis
1187 5592 1529 5649 obediendum
1563 5612 1672 5650 esse
1708 5596 1911 5666 probat.

692 5699 778 5757 i6.
817 5701 910 5761 Eis
935 5719 1066 5778 ergo
1094 5706 1560 5778 manducanlibus,
1585 5719 1642 5766 et
1669 5726 1789 5782 quae
1818 5727 1946 5784 erga
1973 5729 2031 5770 se
2055 5715 2201 5786 ipsos

2298 4581 2506 4628 vectem
2537 4572 2782 4642 putabat,
2813 4571 2869 4625 in
2889 4585 2955 4628 eo
2983 4587 3208 4642 cappam
3227 4587 3381 4628 suam
3403 4562 3639 4640 appendit.
3655 4556 3778 4626 Ῐυιιλ·

2299 4678 2403 4734 que
2432 4663 2750 4732 discipulum
2786 4671 2933 4719 stare
2951 4665 3224 4735 praecepit.
3254 4665 3430 4734 Neque
3459 4652 3708 4714 mirandum
3722 4652 3778 4700 est

2301 4755 2430 4810 solis
2461 4753 2672 4810 radium
2691 4755 2761 4810 ad
2790 4754 3109 4826 obsequium
3133 4758 3235 4812 viri
3263 4754 3428 4812 sancti
3460 4747 3573 4820 ligni
3593 4738 3776 4826 duritiatlt

2299 4844 2614 4915 praebuisse,
2639 4860 2760 4900 cum
2785 4846 2876 4916 qui
2903 4823 3148 4902 Creatori
3169 4848 3357 4903 devote
3383 4840 3655 4899 famulatur.
3677 4829 3713 4884 ei
3732 4823 3778 4879 53‘
3835 4899 3838 4902 .
3908 4904 3909 4915 χ

2302 4937 2467 4992 etiam
2498 4946 2745 4992 creatura
2773 4953 2840 5010 ex
2863 4938 3140 4994 Creatbris
3164 4939 3435 4994 voluntate
3461 4930 3678 5000 subjecta-

2501 5045 2745 5118 .Magica:
2776 5050 2907 5103 artis
2932 5049 3252 5106 calumniam
3287 5070 3320 5106 α
3341 5067 3393 5105 se
3413 5039 3639 5119 propellit.

2374 5165 2461 5220 19.
2511 5165 2627 5222 Hoc
2669 5165 2796 5221 dum
2841 5166 3126 5236 episcopus
3174 5174 3433 5228 cerneret,
3478 5153 3621 5230 qiuari
3662 5141 3773 5212 00??“

2301 5258 2432 5330 quid
2457 5258 2561 5313 sibi
2593 5257 2768 5323 vellet,
2797 5259 2938 5329 quod
2967 5261 3033 5313 ad
3069 5259 3200 5316 solis
3231 5261 3431 5316 radium
3461 5260 3633 5308 vestem
3666 5250 3770 5330 snaai

2304 5321 2451 5407 Coar
2480 5321 2843 5420 appenderetc
2871 5365 2977 5406 non
3019 5367 3140 5407 esse
3177 5352 3230 5407 id
3253 5349 3411 5408 divini
3434 5321 3773 5402 miraculum“d

2305 5445 2469 5500 homo
2515 5419 2760 5497 inﬁrmus
2801 5449 2950 5497 tanta
2997 5453 3326 5513 przcsumat:
3371 5437 3526 5509 magis
3555 5430 3670 5517 illum

2301 5535 2560 5607 iactantia
2591 5542 2646 5588 et
2684 5535 2971 5606 przestigiis
2994 5537 3130 5594 artis
3155 5537 3391 5608 magicae,
3439 5539 3584 5600 quam
3620 5514 3771 5609 virtuti!

2304 5627 2504 5684 merito
2545 5625 2744 5681 facere.
2776 5625 3006 5683 Proinde
3046 5630 3330 5686 accederet
3365 5620 3558 5698 propius
3591 5609 3752 5705 et

2306 5735 2430 5774 nem
2464 5733 2688 5773 suorum
2712 5731 2934 5789 operum
2973 5719 3222 5777 redderet
3253 5738 3266 5774 :
3312 5717 3405 5777 sibi
3448 5711 3612 5768 mirum
3635 5692 3768 5753 viden.
