4000 6352
189 379 301 434 (με)

1194 373 1285 430 DE
1323 370 1485 428 VITA
1523 369 1614 427 ET
1651 365 2028 426 MIRACULIS
2066 367 2126 426 S.
2169 368 2448 428 GOARIS.

3371 368 3476 427 630

191 493 339 565 quod
363 493 416 546 in
439 503 547 563 quo
575 486 719 543 nulla
757 486 829 542 sit
878 483 1198 542 excellentia
1253 483 1586 548 sanctitatis,
1637 481 1782 537 feras
1810 483 1858 544 A
1888 482 2007 538 ritis
2030 482 2146 553 ejus
2169 484 2405 550 actibus,
2436 495 2610 553 neque
2648 479 2698 538 ei
2728 495 2848 553 qua:
2868 479 2935 537 de
2967 495 3024 539 se
3045 478 3186 540 ferat
3211 479 3472 541 innocen-

192 583 454 654 mulgeat,
479 590 535 635 et
563 578 691 635 solis
713 577 862 632 radio
897 592 994 647 pro
1022 575 1165 647 ligno
1187 583 1387 630 utatur.
1421 573 1547 631 Hzec
1567 575 1695 629 dum
1717 587 1786 628 ex

192 675 316 729 viro
340 682 531 728 sancto
569 678 905 740 quteruntur,
927 676 983 723 et
1033 668 1086 722 in
1132 666 1434 736 simplicem
1487 679 1788 737 puramque

191 763 434 818 hominis
469 761 563 816 Dei
591 759 977 816 conscientiam
1003 757 1288 812 calumniae
1314 757 1675 822 instruuntur,
1701 755 1788 810 vir

191 865 418 910 sanctus
441 853 533 923 qui
560 852 662 906 sibi
687 852 823 906 bene
843 857 988 910 esset
1006 849 1280 912 conscius,
1303 847 1439 904 nihil
1468 863 1706 918 unquam
1727 862 1788 903 se

192 947 463 1002 malarum
511 943 712 998 artium
759 941 1015 998 didicisse
1068 939 1384 1011 simpliciter
1443 940 1722 1012 respondit
1767 955 1782 994 :

193 1039 340 1094 Deus
370 1037 537 1106 judex
564 1037 763 1106 justus,
809 1033 963 1088 fortis
1010 1042 1068 1088 et
1117 1031 1460 1102 longanimis,
1516 1037 1789 1088 scrutator

191 1129 444 1184 cordium
493 1136 549 1182 et
580 1134 914 1181 secretorum
967 1123 1262 1194 inspector,
1303 1124 1450 1178 novit
1515 1138 1603 1178 me
1654 1121 1791 1178 nihil

189 1235 423 1288 prorsus
491 1217 631 1272 artis
693 1216 918 1287 magica:
971 1225 1067 1271 aut
1129 1216 1298 1271 scisse
1357 1215 1646 1286 aliquando
1693 1223 1788 1271 aut

191 1310 360 1375 scire,
406 1323 582 1378 neque
627 1307 768 1377 parti
829 1307 1070 1363 adversae
1126 1307 1180 1362 in
1228 1305 1409 1377 aliquo
1460 1307 1599 1362 velle
1639 1323 1786 1379 prte-

189 1402 327 1458 bere
389 1414 734 1455 consensum.
798 1397 968 1454 Feras
1033 1407 1216 1453 autem
1278 1398 1437 1454 mulsi
1498 1413 1605 1454 non
1662 1398 1786 1455 ullis

190 1491 681 1554 incantationibus,
725 1505 955 1559 quarum
999 1490 1114 1546 scio
1159 1489 1382 1546 omnino
1423 1491 1649 1557 nullam,
1690 1491 1786 1547 sed

188 1583 340 1654 quod
361 1583 430 1638 ad
454 1583 682 1638 salutem
707 1598 898 1638 eorum
926 1583 1019 1653 qui
1053 1597 1140 1637 me
1165 1582 1575 1638 comitabantur
1611 1583 1786 1656 pietas

188 1676 329 1732 mihi
371 1676 555 1732 divina
585 1676 854 1731 concessit
885 1685 942 1730 et
992 1675 1268 1731 ordinavit
1302 1677 1551 1748 implevi;
1607 1693 1784 1748 neque

185 1778 401 1824 vestem
428 1783 605 1823 meam
634 1770 700 1822 de
725 1766 878 1833 solis,
901 1775 960 1821 ut
979 1766 1200 1834 dicitur,
1218 1767 1369 1823 radio
1386 1769 1623 1838 pendere
1643 1769 1779 1834 scio,

1888 574 1976 628 tia:
2019 574 2352 645 puritatique
2409 573 2711 640 credatur;
2766 582 2822 629 et
2851 589 2970 646 qua:
3017 574 3219 654 egisset
3245 585 3474 633 eatenus

1886 676 2069 724 essent
2109 668 2391 724 maleficiis
2441 667 2655 739 penitus
2709 653 3065 724 ascribendat
3109 653 3279 740 quare
3328 671 3470 726 etin

1885 773 2010 816 eum
2041 759 2286 830 capitalis
2307 759 2728 825 animadversio,
2753 768 2810 815 ut
2839 759 2894 815 in
2930 775 3143 831 magum
3171 769 3227 816 et
3259 760 3470 817 malefi—

1887 867 2035 917 cum,
2079 851 2256 908 fieret.
2289 851 2428 906 Tum
2471 851 2556 906 vir
2583 850 2930 908 beatissimus
2958 851 3274 908 contristari
3301 854 3470 909 vehe-

1887 952 2098 999 menter
2125 952 2180 999 et
2207 942 2371 1013 affligi
2396 942 2584 1012 erepit,
2615 943 2757 1012 quod
2790 941 2917 998 talia
2944 943 2992 997 ei
3027 960 3056 997 a
3079 959 3176 998 suo
3211 943 3473 1014 pontifice

1887 1032 2288 1097 mandarentur,
2321 1033 2376 1089 in
2399 1032 2592 1103 quibus
2618 1041 2673 1086 et
2695 1033 3024 1088 attentandis
3053 1035 3328 1090 videretur
3351 1049 3476 1092 esse

1886 1122 2139 1178 nonnulla
2161 1123 2526 1194 prresumptio,
2543 1130 2596 1177 et
2616 1123 2928 1178 recusandis
2953 1123 3263 1179 diﬂicillima
3289 1138 3478 1186 neces-

1887 1214 2067 1268 situdo
2097 1229 2111 1267 :
2150 1214 2255 1268 sibi
2291 1229 2510 1284 semper
2547 1214 2936 1270 conscientiam
2989 1216 3267 1287 propriam
3291 1227 3346 1274 et
3371 1233 3471 1275 sn-

1886 1307 2041 1378 perni
2087 1305 2277 1376 judicii
2321 1308 2691 1364 testimonium
2716 1307 3017 1375 suffecisse,
3072 1327 3179 1367 non
3213 1324 3471 1384 oportere

1889 1396 2439 1467 taliaimperari,non
2471 1398 2585 1454 hmc
2615 1413 2711 1454 sua
2734 1399 2824 1471 qui
2846 1416 2906 1456 se
2939 1401 3104 1456 sciret
3127 1401 3178 1456 in
3215 1389 3473 1462 omnibus

1885 1499 2251 1560 peccatorem,
2285 1492 2380 1546 sed
2400 1498 2714 1546 sanctorum
2742 1505 2864 1547 esse
2891 1491 3170 1547 miracula.
3204 1492 3474 1562 Quoniam
3523 1567 3528 1570 _

1886 1587 2070 1637 tamen
2123 1582 2362 1654 episcopi
2401 1583 2686 1654 prazceptis
2708 1584 2962 1640 resistere
2994 1600 3102 1640 non
3128 1585 3358 1651 valebat,
3390 1588 3471 1644 si-

1886 1671 2000 1727 mul
2035 1682 2093 1729 et
2129 1688 2197 1728 ne
2226 1689 2415 1730 eorum
2454 1674 2547 1744 qui
2578 1689 2638 1730 se
2688 1676 2878 1729 audire
2917 1675 3061 1732 soliti
3106 1687 3290 1734 essent
3335 1695 3468 1735 eon-

1887 1765 2114 1820 scientia
2165 1765 2380 1821 infirma
2419 1765 2474 1821 in
2511 1767 2594 1822 sui
2641 1767 3002 1825 aestimatione
3033 1768 3312 1826 falleretur
3360 1788 3477 1826 me-

185 1862 289 1917 sed
313 1862 381 1915 de
411 1860 556 1916 fuste
594 1860 844 1916 roboreo.
898 1858 1053 1925 Quod
1077 1866 1258 1912 autem
1296 1873 1457 1913 mane
1499 1859 1786 1914 comedere
1812 1841 1861 1901 Β
1892 1865 2043 1913 tuere
2068 1866 2300 1929 poterat,
2333 1859 2401 1914 ad
2421 1875 2613 1929 preces
2633 1875 2929 1916 conversus
2957 1871 3013 1918 et
3030 1863 3140 1918 Deo
3161 1864 3477 1936 suppliciter

183 1952 345 2004 dicor
373 1960 428 2004 et
463 1949 669 2013 bibere,
703 1949 883 2002 videat
913 1949 1005 2019 qui
1028 1947 1247 2018 inspicit
1270 1947 1450 2002 omnia
1483 1956 1537 2004 et
1557 1947 1785 2018 judicet,

185 2042 331 2111 gula:
363 2042 492 2096 vitio
537 2041 831 2112 aliquando
861 2056 933 2094 an
961 2039 1248 2096 charitatis
1278 2039 1457 2096 ofﬁcio
1487 2041 1711 2108 egerim.

372 2153 705 2209 Trevirorum
732 2171 844 2210 mos
862 2171 988 2224 erga
1009 2154 1239 2224 infantes
1261 2157 1605 2225 exposititios.

259 2265 353 2320 20.
394 2263 519 2320 Haec
548 2265 641 2320 illo
671 2266 903 2328 dicente.
937 2267 1254 2335 supervenit
1307 2281 1446 2338 puer
1473 2267 1692 2336 quidam
1718 2281 1788 2324 ex

178 2356 409 2411 clericis
434 2357 678 2411 ecclesia:
705 2358 923 2412 nomine
952 2357 1247 2426 Leobgisus
1282 2361 1336 2411 in
1379 2357 1521 2413 ulnis
1549 2357 1786 2413 infantu-

181 2446 302 2502 lum
353 2459 596 2519 gestans,
647 2449 739 2518 qui
783 2451 850 2502 ab
897 2449 1029 2503 hora
1081 2449 1382 2504 nativitatis
1437 2458 1548 2505 tres
1580 2459 1788 2504 tantum

182 2548 384 2593 noctes
407 2538 653 2608 implesse
675 2541 990 2608 putabatur,
1013 2547 1067 2594 et
1090 2539 1243 2608 cujus
1267 2541 1360 2611 qui
1383 2551 1570 2595 essent
1594 2557 1790 2610 paren-

182 2641 276 2686 tes
307 2633 677 2703 ignorabatur.
709 2633 870 2688 Moris
887 2635 1089 2704 quippe
1118 2643 1248 2689 tunc
1276 2633 1622 2690 Trevirorum
1647 2647 1788 2700 erat,

181 2731 252 2776 ut
300 2739 427 2778 cum
483 2739 610 2778 casu
649 2725 902 2794 qazelibct
953 2723 1153 2779 femina
1187 2723 1448 2780 infantem
1490 2726 1790 2796 peperisset

178 2816 348 2886 cujus
377 2816 544 2872 nollet
567 2818 692 2873 sciri
724 2828 996 2887 parentes,
1026 2826 1119 2872 aut
1167 2827 1318 2872 certe
1346 2831 1507 2887 quem
1533 2832 1634 2888 pro
1671 2818 1791 2872 ino-

180 2909 281 2976 pia
317 2908 394 2962 rei
437 2907 721 2962 familiaris
764 2923 1106 2979 nequaquam
1138 2908 1350 2962 nutrire
1373 2907 1665 2973 sufficeret,
1693 2922 1789 2962 or-

187 3007 308 3052 tum
340 2997 626 3067 parvulum
651 2998 704 3052 in
729 2999 965 3068 quadam
1003 3012 1311 3052 marmorea
1334 2997 1540 3052 concha
1570 3013 1690 3067 (pta:
1720 2998 1789 3053 ad

184 3090 302 3145 hoc
329 3090 503 3159 ipsum
529 3097 730 3144 statuta
756 3099 1242 3159 eratexponeret;
1301 3105 1423 3160 quae
1460 3090 1625 3144 etiam
1661 3105 1790 3145 con-

183 3184 298 3238 cha
324 3197 469 3236 nunc
497 3181 549 3236 in
574 3182 908 3236 monasterio
937 3181 1180 3246 Prumia,
1204 3180 1344 3236 dono
1366 3179 1575 3250 Pippini
1601 3180 1790 3235 claris—
1816 3199 1862 3264 ρ

181 3275 320 3330 simi
375 3275 516 3346 regis
545 3275 885 3344 aquzeductui
919 3275 1250 3345 mancipata,
1291 3273 1553 3328 fratribus
1589 3289 1788 3344 aquam

183 3383 382 3423 coram
424 3366 712 3422 refectorio
747 3367 985 3436 praebet;
1040 3375 1101 3421 ut
1140 3382 1262 3422 cum
1303 3367 1582 3436 expositus
1611 3364 1822 3421 infans.

185 3460 548 3531 mperiretur,
581 3460 842 3516 existeret
885 3459 1085 3530 aliquis
1140 3460 1232 3530 qui
1288 3475 1410 3515 eum
1461 3468 1790 3530 provocatus

186 3555 549 3609 miseratione
579 3554 880 3623 susciperet
909 3553 1268 3609 etenutriret.
1301 3553 1357 3607 Si
1377 3553 1596 3622 quando
1625 3553 1790 3624 igitur

188 3648 246 3703 id
263 3647 602 3717 contigisset,
626 3647 876 3702 custodes
913 3645 998 3700 vel
1025 3645 1375 3701 matricularii
1400 3645 1642 3701 ecclesiae
1665 3659 1792 3715 pue«

190 3755 316 3794 rum
349 3739 695 3808 accipientes,
720 3737 1035 3808 quaerebant
1063 3736 1115 3790 in
1148 3736 1366 3806 populo,
1406 3737 1449 3790 Si
1486 3736 1608 3806 quis
1646 3733 1791 3788 forte

187 3847 321 3888 eum
351 3833 629 3902 suscipere
659 3830 1006 3886 nutriendum
1035 3838 1090 3884 et
1111 3846 1210 3899 pro
1237 3845 1333 3884 suo
1356 3829 1611 3899 deinceps
1637 3828 1794 3881 habe-

188 3940 256 3980 re
278 3923 472 3989 vellet;
502 3923 592 3979 ubi
623 3925 691 3979 ad
719 3939 840 3979 eam
864 3937 978 3978 rem
997 3921 1219 3976 offerret
1245 3937 1305 3976 se
1348 3921 1566 3992 aliquis,
1611 3918 1792 3976 infans

188 4018 458 4089 quiesset
483 4019 762 4089 expositus
782 4017 1039 4088 episcopo
1061 4016 1427 4078 deferebatur,
1458 4024 1513 4069 et
1535 4013 1650 4083 ejus
1676 4015 1791 4085 pri—

188 4109 416 4180 vilegio,
440 4109 738 4164 auctoritas
763 4108 997 4163 utriendi
1023 4107 1365 4176 habemlique
1393 4105 1602 4175 parvuli
1624 4105 1672 4160 ei
1697 4105 1789 4176 qui

188 4214 224 4255 a
254 4200 648 4256 matriculariis
676 4209 992 4271 susceperat
1021 4198 1361 4255 firmabatur.

291 4316 528 4387 Infantis
557 4315 763 4388 loquela
787 4313 930 4370 Goar
949 4316 1304 4370 innocentiam
1325 4331 1478 4370 suam
1503 4324 1695 4369 tuetur.

269 4432 358 4486 2|.
385 4431 441 4486 ld
469 4445 601 4495 ergo
628 4439 755 4486 tunc
782 4427 981 4484 accidit
1011 4445 1024 4482 :
1067 4435 1123 4483 et
1163 4425 1344 4482 infans
1368 4427 1422 4481 in
1449 4417 1656 4482 cencha
1705 4439 1792 4480 re-

187 4535 390 4596 pertus
445 4539 474 4577 a
513 4521 712 4577 clerico
747 4521 1135 4592 suprascripto,
1193 4520 1246 4575 in
1303 4518 1644 4588 praesentiam
1703 4526 1792 4573 est

188 4614 439 4686 episcopi
493 4613 844 4681 ecclesiazque
888 4610 1116 4665 delatus.
1176 4609 1296 4676 Quo
1329 4608 1466 4673 viso,
1505 4607 1790 4678 episcopus

191 4712 265 4765 ad
291 4723 424 4764 suos
444 4720 740 4762 conversus
766 4720 780 4760 :
805 4701 978 4767 Nunc,
1002 4701 1192 4771 inquit,
1224 4701 1456 4768 probare
1485 4699 1640 4756 facile
1689 4714 1790 4770 po-

193 4798 451 4863 terimus,
485 4797 529 4850 si
555 4795 750 4853 Goaris
765 4809 928 4866 opera
955 4809 1019 4850 ex
1052 4794 1162 4848 Deo
1179 4791 1310 4856 sint,
1347 4806 1416 4845 an
1441 4807 1504 4846 ex
1535 4793 1791 4846 adversa-

193 4890 303 4945 rio.
328 4887 636 4943 Manifestet
663 4901 807 4942 nunc
835 4885 1102 4954 nobisqui
1143 4883 1254 4938 sint
1297 4883 1463 4954 hujus
1485 4883 1576 4952 qui
1609 4883 1790 4940 illatus

193 4988 288 5037 est
315 4980 471 5051 pueri
513 4987 800 5049 parentes;
853 4977 979 5034 etsi
1012 4976 1190 5031 divina
1227 4975 1428 5030 virtute
1480 4975 1690 5038 nititur,
1728 4983 1788 5029 ut

191 5082 394 5128 contra
425 5082 631 5126 naturae
656 5086 813 5126 usum
834 5110 850 5136 ,
879 5067 1055 5123 infans
1081 5069 1240 5122 trium
1275 5067 1486 5122 dierum
1519 5066 1790 5135 loquatur,

193 5178 535 5233 suorumque
562 5171 841 5233 parentem
879 5159 1098 5216 nomina
1143 5158 1348 5213 indicet
1375 5157 1560 5212 faciat.
1592 5156 1790 5211 Arcta-

195 5267 293 5313 tur
331 5257 438 5312 hac
483 5256 563 5311 vir
612 5253 820 5309 Domini
874 5250 1225 5315 conditione;
1282 5247 1582 5318 imperatur
1621 5246 1675 5301 ei
1726 5247 1799 5302 ab

192 5351 461 5420 episeopo
498 5357 559 5401 ut
598 5347 665 5401 ad
694 5341 1172 5400 demonstrandam
1205 5354 1428 5396 suorum
1459 5347 1682 5394 actuum
1712 5338 1795 5392 in-

197 5439 515 5496 nocentiam
547 5446 602 5492 et
627 5434 888 5508 simplicis
916 5431 1083 5486 animi
1105 5432 1453 5487 sanctitatem
1484 5431 1589 5485 hoc
1621 5429 1791 5483 mira-

192 5531 310 5592 δυιί
339 5545 480 5601 opus
505 5527 779 5584 exhibeat.
810 5524 1019 5581 Debere
1049 5523 1198 5580 illum
1217 5510 1346 5580 ‘tale
1369 5522 1573 5594 aliquid
1598 5537 1790 5594 agere,

197 5639 315 5696 quo
335 5623 406 5678 ad
429 5619 756 5678 audiendum
797 5617 952 5674 illum
977 5616 1404 5688 imitandumque
1434 5615 1797 5673 dubitantiunt

198 5717 426 5772 animus
471 5715 794 5779 roboretur;
827 5709 922 5782 qui
967 5710 1013 5765 si
1067 5710 1171 5766 hoc
1225 5722 1386 5781 agere
1409 5706 1494 5763 vel
1525 5707 1683 5774 nolit,
1711 5707 1799 5764 vel

203 5810 436 5867 minime
484 5806 674 5879 possit,
700 5805 942 5860 futurum
973 5802 1230 5860 continuo
1267 5809 1349 5872 ut,
1400 5815 1575 5874 neque
1604 5810 1799 5874 praete-

615 5903 867 5964 Parnm.
940 5897 1172 5962 CXXI.

1815 4571 1868 4632 D

1890 1969 2087 2008 manus
2107 1954 2428 2019 extendens,
2455 1955 2566 2010 ait:
2591 1955 2828 2021 Christe,
2860 1958 2974 2031 qui
3003 1959 3349 2030 temetipsum
3375 1975 3478 2030 pro

1892 2047 2263 2117 redemptione
2315 2047 2596 2103 hominum
2645 2051 2942 2105 exinanisti
2988 2060 3043 2106 et
3105 2049 3338 2107 formam
3393 2064 3481 2109 est

1888 2139 2036 2194 servi
2058 2137 2307 2209 dignatus
2330 2141 2598 2209 accipere,
2631 2139 2714 2196 fac
2739 2157 2951 2198 mecum
2974 2137 3223 2212 quamvis
3248 2143 3472 2216 indigno

1892 2240 2071 2287 tamen
2094 2231 2346 2286 clientulo
2378 2240 2469 2288 tuo
2516 2232 2968 2298 misericordiam,
3000 2243 3056 2290 et
3102 2234 3319 2290 virtutis
3367 2244 3472 2290 tua:

1889 2320 1944 2376 in
1975 2321 2079 2376 hac
2114 2322 2436 2377 necessitate
2467 2322 2762 2392 potentiam
2803 2323 3047 2386 ostende,
3086 2332 3147 2378 ut
3181 2335 3478 2392 cognoscat

1889 2428 2129 2484 praesens
2173 2414 2460 2484 cpiscopus
2506 2423 2562 2468 et
2608 2414 2760 2484 plebs
2786 2414 2924 2486 ejus,
2961 2415 3090 2487 quia
3115 2426 3169 2470 te
3202 2417 3387 2486 diligo,
3423 2428 3476 2472 te

1885 2506 2076 2569 adoro,
2108 2506 2204 2561 tibi
2236 2522 2341 2561 non
2381 2507 2505 2562 ficte
2543 2508 2747 2562 servire
2781 2509 3052 2572 desidero,
3078 2508 3306 2565 Creator
3351 2526 3472 2565 om-

1889 2595 2040 2651 nium
2075 2606 2131 2651 et
2159 2597 2505 2668 Redemptor.
2551 2597 2646 2652 His
2675 2597 2854 2663 dictis,
2887 2599 2954 2654 ad
2986 2599 3223 2668 bajulum
3253 2599 3478 2657 infantis

1891 2687 2142 2751 accessit,
2175 2688 2530 2758 qttazsivilque
2587 2699 2720 2757 quot
2774 2700 2961 2746 noctes
3003 2691 3185 2748 infans
3231 2693 3377 2749 idem
3404 2695 3477 2750 ab

1889 2786 2012 2832 ortu
2037 2778 2334 2848 implesset.
2365 2778 2499 2834 Cum
2531 2789 2640 2835 tres
2667 2781 2818 2838 illum
2843 2782 2959 2850 jam
2980 2799 3010 2836 a
3035 2785 3320 2843 nativitate
3345 2803 3468 2844 noc-

1892 2878 1974 2924 tes
1998 2868 2198 2925 habere
2224 2871 2472 2937 dixisset,
2515 2873 2597 2927 vir
2625 2871 2836 2927 Domini
2867 2873 3150 2943 subjunxit
3183 2893 3198 2933 :
3233 2876 3476 2934 Trinitas

1889 2970 2102 3025 sancta,
2137 2971 2188 3016 te
2231 2963 2445 3026 invoco,
2476 2973 2638 3034 atque
2691 2975 2767 3029 te,
2801 2965 3001 3034 infans,
3025 2969 3079 3022 in
3112 2971 3330 3026 nomine
3356 2971 3477 3027 Tri-

1890 3053 2078 3108 nitatis
2100 3053 2312 3124 adjuro,
2347 3063 2404 3109 ut
2437 3056 2712 3127 genitores
2741 3067 2861 3114 tuos
2893 3060 3212 3116 nominatim
3250 3070 3306 3116 et
3329 3062 3480 3120 clare

1894 3148 2164 3216 designes.
2194 3147 2332 3204 Tum
2363 3147 2543 3204 infans
2573 3158 2819 3220 protenta
2839 3152 2918 3206 .ad
2948 3153 3260 3224 episcopum
3284 3170 3474 3221 manu,

1894 3237 2299 3295 absolutissimo
2356 3255 2604 3295 sermone
2651 3243 2969 3312 respondit:
3034 3245 3138 3299 Iste
3182 3254 3266 3300 est
3317 3256 3480 3316 pater

1888 3342 2043 3383 meus
2070 3327 2326 3385 Rusticus
2352 3330 2636 3400 episcopus
2668 3339 2722 3386 et
2750 3343 2926 3387 mater
2965 3350 3086 3389 mea
3123 3333 3308 3390 Flavia
3335 3353 3474 3390 nun-

1891 3427 2140 3488 cupatur.
2169 3419 2279 3482 Sic,
2297 3418 2604 3488 justissimo
2635 3421 2729 3476 Dei
2755 3419 2983 3490 judicio,
3009 3425 3137 3477 dum
3169 3424 3222 3479 in
3253 3434 3474 3482 servum

1891 3510 2103 3566 Domini
2132 3513 2300 3567 isdem
2322 3513 2609 3584 episcopus
2634 3513 2934 3570 calumnias
2957 3515 3195 3581 molitur,
3226 3526 3283 3571 et
3308 3532 3474 3589 opera

1892 3618 2012 3672 qua:
2055 3603 2314 3659 debuerat
2365 3606 2626 3660 admirari
2661 3607 2900 3677 maligno
2935 3606 3140 3663 fraudis
3163 3620 3474 3665 commento

1893 3699 2086 3752 nititur
2113 3697 2401 3764 offnscare,
2433 3715 2553 3770 quae
2577 3698 2893 3767 essentejns
2924 3700 3082 3765 facta,
3115 3701 3396 3772 qualisque
3420 3697 3477 3759 in

1891 3792 2120 3849 secretis
2143 3792 2255 3847 suis
2293 3793 2553 3848 existeret
2580 3794 2673 3863 qui
2716 3793 2892 3862 palam
2939 3793 3006 3850 de
3044 3794 3166 3850 aliis
3185 3795 3475 3867 judicaret,

1894 3883 2179 3941 manifeste
2202 3885 2412 3940 cunctis
2437 3885 2692 3940 innotuit.

1893 4003 2208 4090 Episcopum
2240 4019 2309 4072 ad
2335 4021 2688 4090 paenitentiam
2711 4024 2990 4086 hortatur;
3012 4033 3274 4093 septenum
3297 4038 3393 4092 pro
3418 4040 3481 4078 eo

2356 4113 2709 4183 paenitentiam
2736 4116 3007 4184 promittit.

1961 4248 2053 4305 22.
2084 4247 2270 4320 itaque
2304 4247 2395 4303 ubi
2416 4246 2688 4320 proditum
2717 4264 2775 4304 se
2794 4249 2922 4304 vidit
2952 4247 3260 4321 episcopus.
3283 4261 3340 4307 et
3361 4267 3484 4322 quae

1893 4341 2057 4398 celari
2098 4356 2257 4412 posse
2280 4341 2590 4398 crediderat
2618 4341 2874 4396 omnibus
2908 4340 3143 4396 revelata
3173 4342 3484 4412 conspexit,

1893 4431 2153 4488 confusus
2175 4434 2244 4488 ad
2279 4433 2426 4490 beati
2464 4432 2567 4488 viri
2610 4432 2775 4502 pedes
2815 4431 3069 4504 procidit,
3107 4435 3484 4494 indubitanter

1896 4534 2009 4580 tum
2030 4540 2088 4579 se
2116 4517 2409 4596 agnoscere
2431 4524 2615 4580 dicens
2640 4532 2887 4580 sanctum
2939 4533 2994 4580 et
3045 4525 3155 4579 Deo
3195 4535 3480 4596 acceptum

1892 4632 2016 4673 esse
2035 4615 2291 4682 Goarem,
2320 4615 2476 4685 cujus
2503 4615 2728 4680 virtute,
2760 4615 2869 4669 imo
2895 4614 3074 4669 divina
3099 4630 3197 4684 pro
3226 4630 3293 4670 eo
3320 4614 3483 4670 ultio-

1890 4723 1961 4763 ne
1989 4706 2196 4762 crimen
2223 4705 2366 4776 quod
2392 4704 2596 4758 nullum
2617 4712 2815 4774 praeter
2856 4719 2913 4758 se
2939 4711 2996 4758 et
3019 4719 3141 4759 eam
3169 4703 3255 4758 cui
3286 4703 3481 4762 illicite

1891 4795 2082 4852 fuisset
2096 4795 2381 4858 admistus,
2399 4807 2674 4863 unumque
2694 4793 2978 4862 puerulum
3006 4807 3162 4848 suum
3190 4793 3356 4861 scire,
3381 4804 3480 4854 aut

1891 4888 2154 4943 sciturum
2183 4886 2474 4955 aliquando
2517 4893 2820 4957 putaverat,
2851 4899 2948 4954 per
2973 4884 3319 4940 innocentem
3351 4896 3482 4946 tunc

1890 4985 1945 5031 et
1966 4977 2190 5031 necdum
2213 4990 2277 5030 ex
2302 4991 2401 5030 usu
2433 4974 2740 5045 loquentem
2774 4973 3097 5031 infantulum
3117 4984 3366 5033 cerneret
3384 4993 3480 5048 pa-

1897 5067 2170 5122 tefactum.
2191 5064 2288 5121 Vir
2307 5075 2487 5121 autem
2509 5076 2730 5122 sanctus
2754 5081 2866 5122 rem
2885 5075 3090 5136 gestam
3116 5069 3480 5138 perpendens,

1897 5159 2076 5214 stabat
2107 5159 2440 5230 stupefactus
2485 5167 2541 5214 et
2582 5158 2815 5224 haerens,
2871 5167 3034 5228 atque
3061 5174 3126 5213 ex
3164 5159 3274 5214 imo
3301 5158 3484 5214 cordis

1898 5249 2131 5321 suspiria
2157 5249 2478 5322 gravissima
2510 5249 2736 5314 ducens,
2765 5255 2822 5303 et
2845 5262 3034 5302 versus
3065 5250 3132 5302 ad
3167 5248 3483 5319 episcopum

1899 5343 2154 5416 plangere
2179 5342 2362 5413 coepit,
2397 5341 2542 5413 quod
2567 5356 2666 5412 per
2695 5356 2754 5396 se
2790 5340 3070 5396 videretur
3107 5339 3350 5412 pontifex
3377 5355 3481 5412 pu-

1900 5436 2171 5502 blicatus;
2209 5434 2375 5491 fuisse
2396 5435 2586 5490 dicens
2604 5433 2884 5490 meliorem
2913 5442 3266 5504 spontaneam
3303 5446 3486 5492 secre-

1904 5505 2122 5596 tamque
2148 5523 2574 5591 confessionem;
2597 5523 2901 5596 oportuisse
2922 5538 3046 5580 eum
3073 5532 3362 5595 antequam
3386 5539 3488 5594 pu-

1901 5617 2044 5676 blice
2090 5625 2392 5684 notaretur,
2447 5613 2800 5674 conscientiae
2847 5622 3060 5672 reatum
3103 5615 3488 5674 emendatione

1905 5710 2211 5768 voluntaria
2252 5718 2308 5767 et
2336 5710 2711 5768 satisfactione
2753 5725 2991 5785 congrua
3025 5717 3260 5780 tergere,
3289 5708 3489 5778 quippe

1907 5819 2116 5875 veram,
2149 5804 2425 5876 ﬁxamque
2480 5819 2604 5861 esse
2653 5804 3019 5862 sententiam:
3051 5800 3201 5855 Nihil
3253 5809 3487 5871 opertum

2976 5893 3052 5957 21
