4000 6352
564 429 566 432 ν
617 357 712 413 es:

620 566 837 639 (Matth.
879 565 957 635 ξ).
992 563 1225 620 Proinde
1256 562 1484 617 suadere
1524 578 1607 628 se,
1636 562 1716 617 uti
1764 563 2004 620 consiliis
2061 563 2207 620 saluo

613 660 804 716 bribus
817 658 1187 728 acquiescens,
1212 656 1471 726 suscipiat
1491 673 1587 727 pro
1604 665 1756 712 reatu
1774 658 1993 728 proprio
2015 659 2204 714 duram

615 752 990 824 prolixamque
1033 749 1408 819 paenitentiam
1451 764 1518 804 ex
1570 749 1779 818 judicio
1836 751 2202 817 sacerdotum,

616 849 672 896 et
696 839 858 896 talem
885 854 1002 908 quae
1032 855 1137 894 non
1169 839 1350 894 verbis
1375 837 1710 895 solummodo
1738 849 1971 906 constet,
1997 840 2093 896 sed
2133 855 2202 895 ex

614 933 819 988 mentis
840 942 1052 987 secreto
1083 932 1359 1002 procedat,
1402 931 1653 1000 verisque
1703 931 2071 1004 lacrymarum
2103 948 2199 1003 ge-

610 1023 836 1079 mitibus
881 1033 1044 1093 atque
1091 1022 1417 1078 contritione
1447 1023 1672 1094 spiritus
1722 1023 1857 1090 Deo,
1907 1025 2000 1094 qui
2033 1026 2199 1080 vitam

609 1122 930 1168 cunctorum
981 1113 1270 1178 desideret,
1303 1112 1628 1168 satisfaciat.
1696 1112 1934 1170 Laborct
1995 1115 2202 1172 intente

609 1203 1068 1274 quemadmodum
1096 1202 1333 1269 diabolo,
1363 1203 1449 1258 cui
1471 1203 1764 1260 commisso
1789 1214 1940 1260 tanto
1966 1205 2197 1275 scelere,

605 1299 822 1356 lucrum
850 1301 916 1354 de
940 1315 998 1355 se
1034 1309 1088 1356 et
1101 1299 1343 1355 lmtitiam
1376 1297 1587 1366 fecerit,
1613 1299 1897 1354 tristitiam
1918 1310 1974 1354 et
2004 1298 2201 1356 confu-

607 1393 817 1448 sionem
838 1433 854 1458 ,
889 1401 1010 1448 acta
1033 1392 1300 1463 condigne
1334 1392 1656 1463 pmnitentia
1695 1390 1895 1458 faciat;
1929 1407 2036 1447 non
2077 1407 2201 1449 esse

605 1487 883 1556 cuiquam,
921 1485 1119 1540 nedum
1144 1485 1245 1555 ipsi
1270 1486 1336 1539 de
1359 1483 1516 1539 venia
1542 1483 1958 1553 desperandum,
1981 1483 2199 1554 quando

607 1577 724 1648 ipse
755 1575 1017 1631 Dominus
1047 1590 1144 1646 per
1173 1574 1494 1645 prophetam
1521 1572 1722 1629 clamet
1756 1591 1770 1626 :
1799 1571 1941 1626 Nolo
1977 1582 2197 1626 mortem

603 1666 912 1737 peccatoris,
943 1665 1035 1721 sed
1075 1674 1128 1720 ut
1167 1673 1502 1720 convertatur
1529 1672 1576 1718 et
1609 1664 1764 1728 vivat,
1791 1674 1838 1718 et
1869 1663 1924 1716 in
1960 1679 2196 1735 quacun-

604 1775 706 1828 que
746 1759 831 1814 die
862 1766 1106 1830 peccator
1131 1772 1406 1812 conversus
1431 1757 1612 1826 fuerit,
1655 1755 1890 1812 omnium
1937 1756 2191 1827 iniquita-

1582 351 1836 408 WANDA
1846 351 2098 410 LBERTI
2139 343 2558 414 PRUMIENSIS
2601 359 2908 418 HONACHI
3729 369 3800 425 65!

617 478 758 550 quod
805 491 908 530 non
956 473 1225 536 reveletur,
1258 480 1304 527 et
1358 471 1620 526 occultum
1657 471 1800 542 quod
1849 489 1955 527 non
2007 464 2205 528 sciatur
2234 478 2285 539 Α

2794 478 2840 533 Ε
2842 479 3166 550 piscopatum
3196 489 3420 535 recusat.

2381 591 2472 646 24.
2518 591 2670 647 Tunc
2701 609 2794 648 rex
2823 591 3184 646 admiratione
3211 592 3458 661 repletus,
3501 593 3642 662 etrapit
3675 595 3800 666 palam

2306 685 2560 740 omnibus
2609 701 2872 740 enarrare
2908 700 3028 754 quae
3074 684 3187 755 ipse
3224 684 3292 740 de
3335 685 3431 739 viri
3461 687 3614 740 sancti
3651 690 3802 742 actibus

2306 780 2636 848 agnovisset.
2689 777 2934 848 Cumque
2983 779 3098 833 ιιωο
3137 788 3574 848 prosequeretur,
3630 781 3801 835 universi

2303 867 2610 929 acclamare
2637 869 2857 940 dignum
2887 883 3008 923 esse
3037 867 3278 923 Coarem.
3297 868 3408 937 qui,
3450 867 3647 938 expulso
3674 868 3804 923 Rusti-

2303 974 2390 1024 co,
2421 959 2770 1016 Trevirorum
2799 959 3085 1029 cpiscopus
3113 957 3288 1021 fieret,
3339 972 3442 1012 non
3485 957 3533 1011 id
3561 967 3706 1012 actum
3725 959 3804 1012 sine

2302 1049 2650 1105 ordinatione
2691 1050 2895 1113 divina,
2945 1047 3144 1105 debere
3183 1063 3416 1118 praeesse
3463 1045 3685 1103 Ecclesia:
3718 1066 3804 1102 eum

2303 1142 2395 1211 qui
2429 1142 2599 1212 signis
2639 1149 2694 1196 et
2721 1140 3034 1207 virtutibus,
3082 1141 3316 1211 vitatque
3355 1140 3552 1194 meritis
3591 1142 3805 1210 pastoralis

2302 1229 2462 1286 ollicii
2497 1231 2818 1303 dignitatem
2844 1238 3026 1301 posset
3058 1229 3111 1284 in
3143 1231 3396 1285 omnibus
3441 1229 3691 1284 adornare.
3725 1230 3804 1285 Ret

2300 1322 2464 1376 etiam
2498 1321 2622 1377 laeto
2652 1331 2708 1377 et
2729 1321 2895 1378 alacri
2925 1321 3108 1375 animo
3137 1319 3546 1374 acclamantium
3586 1334 3715 1375 voces
3741 1336 3805 1374 cu.

2299 1411 2484 1482 piebat
2517 1411 2765 1482 implere.
2796 1411 3003 1481 itaque,
3037 1425 3158 1466 cum
3197 1409 3383 1465 favore
3414 1425 3586 1464 eorum
3609 1402 3684 1480 qui
3720 1412 3805 1464 ade-

2299 1510 2426 1554 rant
2449 1501 2799 1557 sacerdotum
2832 1509 2888 1555 et
2913 1499 3214 1569 primorum
3258 1497 3464 1570 palatii,
3509 1499 3722 1570 przecepit
3753 1502 3804 1553 uti

2261 1628 2269 1638 .-
2299 1593 2672 1664 episcopatum
2694 1593 2973 1668 jamdicta:
3000 1593 3258 1650 Ecclesiae
3295 1593 3442 1650 Goar
3481 1595 3722 1664 acciperet
3743 1593 3805 1649 Ille

2299 1700 2428 1742 vero
2459 1688 2552 1758 qui
2585 1703 2692 1742 non
2725 1702 2823 1741 sua
2853 1697 3139 1756 quareret,
3171 1687 3267 1742 sed
3292 1703 3412 1757 quae
3442 1685 3660 1748 aliorum,
3685 1696 3726 1741 et
3743 1687 3804 1756 qui

2298 1777 2432 1833 illud
2452 1779 2556 1833 viri
2581 1779 2843 1848 sapientis
2863 1793 3101 1841 servare,
3129 1778 3329 1844 sciret;
3349 1777 3549 1844 Quanto
3569 1795 3804 1846 magnetes,

605 1859 718 1902 tum
781 1849 894 1918 ejus
946 1848 1224 1903 obliviscar
1272 1845 1489 1919 (Ezeclt.
1541 1846 1721 1918 xvm);
1781 1854 1835 1902 et
1879 1860 1980 1916 per
2032 1861 2091 1902 se
2137 1846 2188 1902 in

2298 1868 2523 1924 humilia
2551 1879 2598 1928 te
2621 1845 2673 1924 in
2696 1869 2934 1924 omnibus
2973 1868 3166 1940 (Eccfi.
3206 1867 3292 1940 ut)
3321 1886 3336 1934 ;
3387 1879 3439 1923 et
3481 1867 3598 1921 illud
3625 1845 3803 1921 Domini-

602 1938 896 2010 Evangelio
914 1941 1058 1996 dicat
1091 1959 1105 1995 :
1167 1940 1292 1996 Non
1329 1945 1443 1997 veni
1472 1959 1657 1998 vocare
1676 1943 1874 2012 justas,
1892 1941 1984 1997 sed
2011 1958 2194 2013 pecca-

603 2044 744 2087 tores
765 2033 836 2086 ad
861 2033 1214 2103 paenitentiam
1239 2032 1394 2104 (Luc.
1420 2035 1498 2106 v).
1524 2035 1774 2107 Cumque
1819 2035 1888 2091 ad
1917 2035 2192 2090 dimitten-

603 2123 734 2178 dum
753 2138 991 2195 superna
1012 2123 1297 2178 clementia
1326 2123 1396 2179 sit
1418 2135 1632 2195 parata,
1661 2135 1920 2197 oportere
1945 2126 2192 2181 homines

601 2231 726 2274 esse
750 2219 819 2274 ad
853 2215 1222 2288 paenitendum
1249 2218 1687 2287 promptissimos
1714 2235 1728 2284 ;
1773 2235 1830 2274 se
1858 2233 1986 2274 vero
2018 2233 2085 2274 eo
2133 2217 2189 2272 in

599 2305 751 2360 illum
767 2319 888 2361 esse
904 2304 1108 2370 animo,
1131 2313 1210 2369 ut,
1231 2304 1387 2376 juxta
1404 2305 1599 2365 virium
1625 2307 2071 2371 mediocritatem,
2092 2321 2191 2377 pro

599 2406 827 2466 peccato
861 2393 979 2464 ejus
999 2401 1206 2464 septem
1236 2395 1394 2448 annis
1419 2395 1792 2463 ptenitentiam
1825 2396 2109 2464 suscipere
2133 2402 2191 2450 et

598 2497 983 2540 consummare
1006 2483 1156 2550 velit,
1181 2483 1523 2554 assiduisque
1571 2485 1822 2554 precibus
1849 2493 1904 2540 et
1941 2483 2192 2539 lamentis

598 2573 771 2631 Deum
792 2588 892 2647 pro
917 2572 1011 2629 illo
1032 2573 1214 2644 cupiat
1241 2587 1471 2630 exorare
1498 2590 1510 2626 :
1542 2589 1855 2644 quanquam
1895 2588 2004 2628 non
2037 2573 2193 2645 igno-

597 2677 685 2724 ret
714 2666 922 2722 futuros
946 2665 1129 2737 plures
1166 2667 1336 2722 bonos
1365 2675 1419 2721 et
1445 2667 1698 2722 meliores
1726 2667 1873 2722 viros
1916 2665 2014 2736 qui
2069 2663 2190 2735 ejus

599 2762 808 2833 lapsum
844 2761 1098 2833 plangere
1123 2770 1180 2816 et
1219 2762 1332 2817 suis
1358 2763 1697 2818 orationibus
1720 2763 1976 2818 studeant
2011 2762 2192 2818 suble-

597 2870 754 2920 vare,
795 2853 948 2923 juxta
972 2852 1100 2907 illud
1123 2852 1351 2922 apostoli
1377 2851 1599 2907 Jacobi:
1645 2851 1807 2907 Orate
1832 2869 1928 2923 pro
1947 2852 2186 2918 invicem,

596 2955 658 2998 ut
701 2944 974 3000 salvemini
997 2943 1138 3016 (Jac.
1167 2945 1244 3016 v).
1295 2943 1390 2997 His
1411 2943 1593 2999 verbis
1616 2952 1670 2998 et
1692 2943 1959 2999 similibus
1981 2943 2048 2997 ad
2075 2957 2190 3012 po:-

596 3036 884 3091 nitentiam
931 3043 988 3091 et
1040 3033 1466 3091 satisfactionem
1515 3034 1826 3105 episcopum
1867 3035 2190 3090 exhortatus

598 3136 706 3192 est,
741 3138 799 3184 et
845 3128 1113 3184 charitate
1166 3142 1271 3198 qua
1306 3141 1436 3197 erga
1485 3135 1712 3183 cunctos
1755 3126 2001 3183 fervebat
2043 3127 2187 3182 illius

2294 1975 2448 2027 cum;
2475 1958 2607 2015 Cum
2641 1962 2816 2016 omnia
2831 1961 3079 2031 feceritis,
3103 1960 3282 2026 dicite,
3299 1961 3432 2015 servi
3453 1959 3641 2014 inutiles
3657 1976 3802 2021 sumtis,

2290 2051 2429 2120 quod
2477 2049 2753 2104 debuimus
2795 2049 2967 2115 facere
2995 2048 3213 2118 fecimus
3259 2047 3414 2121 (Luc.
3452 2049 3575 2117 xvu)
3599 2088 3613 2111 ,
3637 2061 3805 2100 mmrere

2289 2149 2346 2195 et
2369 2141 2706 2206 contristari,
2732 2140 2983 2211 regisque
3008 2139 3300 2210 imperium
3332 2140 3559 2212 graviter
3579 2137 3712 2202 ferre,
3725 2151 3804 2191 me-

2291 2231 2508 2301 liusque
2532 2231 2716 2286 dicere
2745 2232 2847 2287 sibi
2875 2245 2998 2286 esse
3029 2232 3167 2287 mori
3213 2246 3378 2301 quam
3417 2229 3633 2302 episcopi
3674 2227 3802 2284 sedeat

2298 2321 2569 2391 arripere,
2609 2321 2808 2376 debere
2850 2335 3030 2391 regem
3061 2321 3113 2374 in
3143 2321 3424 2376 sacerdote
3449 2320 3660 2374 divinam
3681 2319 3804 2373 consi-

2294 2411 2492 2466 derare
2541 2409 2828 2466 scientiam
2869 2426 2974 2480 qua
3022 2410 3224 2465 dicitur
3263 2429 3280 2465 :
3330 2409 3453 2464 Non
3488 2419 3556 2464 est
3586 2408 3804 2478 discipulus

2291 2516 2448 2568 super
2482 2501 2829 2570 magistrum,
2869 2515 3033 2571 neque
3075 2516 3256 2554 servus
3301 2500 3473 2567 maior
3525 2499 3711 2554 Domino
3739 2514 3804 2551 sso

2293 2590 2510 2662 (Matth.
2543 2591 2600 2663 x)
2625 2609 2640 2658 ;
2669 2600 2724 2646 et
2760 2606 2776 2646 :
2813 2591 2875 2648 Si
2893 2602 3098 2662 patrem
3141 2591 3378 2660 familias
3405 2591 3667 2647 Beelaebad
3699 2606 3803 2644 vocs-

2291 2690 2497 2746 verunt,
2528 2691 2726 2752 quanto
2778 2682 2947 2752 magis
2985 2682 3301 2738 domesticos
3345 2682 3455 2754 ejus
3500 2680 3696 2753 (Ibid)?
3730 2694 3800 2734 nol

2291 2783 2412 2826 esse
2441 2773 2748 2842 negandum
2779 2773 3034 2842 episcopo
3062 2774 3399 2842 pmnitentia:
3422 2775 3604 2837 locum,
3625 2771 3800 2827 omnium

2291 2861 2346 2916 in
2369 2862 2522 2918 caelis
2570 2879 2750 2935 regem
2779 2879 2900 2920 esse
2925 2865 3018 2934 qui
3042 2867 3108 2921 de
3135 2866 3368 2937 singulis
3395 2867 3604 2937 judicet,
3624 2881 3649 2918 a
3671 2878 3750 2932 quo
3764 2871 3801 2914 at

2289 2952 2420 3007 velit
2449 2953 2561 3024 ipse
2592 2969 2688 3009 rex
2713 2955 2813 3010 sibi
2833 2950 3064 3026 'peccata
3094 2956 3320 3020 dimitti,
3361 2956 3438 3012 sic
3472 2957 3644 3010 debeat
3672 2951 3799 3006 Rusti-

2291 3055 2414 3095 cum
2455 3043 2773 3110 permittere
2810 3054 2868 3098 ut
2909 3061 2976 3102 ex
3020 3044 3112 3100 illo
3156 3060 3384 3100 suorum
3427 3055 3622 3101 actuum
3648 3041 3798 3094 veniam

2291 3130 2514 3186 sedulus
2540 3139 2790 3202 expetat;
2841 3147 2947 3188 non
2993 3149 3115 3190 esse
3160 3142 3274 3188 tam
3326 3135 3479 3190 facile
3520 3130 3824 3202 dejiciendum'

597 3218 753 3273 casui
804 3219 1166 3288 compatiens,
1194 3215 1409 3273 veniam
1439 3218 1490 3272 ei
1533 3231 1565 3271 a
1597 3219 1826 3272 Domino
1851 3218 2183 3288 postulabat,
2210 3204 2255 3268 C
2286 3216 2464 3274 ofﬁcio
2489 3222 2850 3285 sacerdotem,
2881 3224 3098 3291 quando
3141 3238 3340 3280 omnes
3368 3222 3604 3279 mortales
3642 3217 3800 3287 fragiles

598 3322 810 3367 memor
839 3308 1120 3365 sententiis
1147 3307 1493 3378 apostolicae:
1534 3306 1798 3373 Quoniam
1838 3309 1927 3379 qui
1949 3308 2184 3362 converti

596 3399 777 3469 fecerit
798 3410 1119 3470 peccatorem
1156 3400 1222 3454 ab
1274 3416 1450 3455 errore
1496 3400 1592 3455 via:
1630 3415 1766 3465 sure,
1816 3417 1876 3454 sa
1891 3399 2048 3455 lvabit
2071 3400 2190 3454 ani-

595 3505 739 3546 mam
782 3491 898 3562 ejus
925 3509 958 3546 a
992 3502 1156 3547 morte
1182 3489 1396 3564 (lbid.).

597 3609 834 3666 Modesta
870 3611 933 3666 de
982 3627 1037 3666 se
1075 3627 1139 3665 ac
1185 3611 1249 3665 de
1282 3610 1504 3680 episcopi
1535 3609 1754 3665 crimine
1794 3610 2055 3682 Sigiberto
2087 3627 2188 3666 res-

1291 3681 1503 3751 pandet.

661 3774 753 3837 25.
801 3772 926 3829 Haec
955 3782 1241 3844 postquam
1271 3773 1346 3828 ita
1373 3786 1524 3845 gesta
1543 3784 1693 3841 sunt,
1723 3774 1866 3830 fama
1891 3774 2086 3830 borum
2117 3774 2186 3829 ad

593 3880 780 3936 regem
804 3864 1130 3935 Sigibertum
1157 3865 1501 3921 velocissime
1527 3868 1673 3921 venit
1699 3884 1714 3932 ;
1744 3867 2036 3936 statimque
2056 3880 2183 3922 suos

592 3959 663 4012 ad
718 3957 936 4012 beatum
983 3954 1213 4011 Goarem
1263 3955 1468 4026 legatos
1513 3956 1792 4027 dirigens,
1840 3971 1963 4011 eum
2008 3956 2076 4011 a'd
2123 3970 2184 4012 se

592 4048 1000 4106 accersiendum
1031 4048 1258 4104 curavit.
1294 4047 1520 4117 Moxque
1559 4057 1619 4102 ut
1663 4048 1804 4118 apud
1833 4063 1891 4102 se
1911 4062 2031 4103 esse
2056 4051 2202 4119 cog-'

592 4141 745 4197 novit
773 4141 1028 4206 accitum,
1057 4139 1360 4210 interrogat
1403 4154 1568 4208 super
1608 4140 1694 4195 his
1740 4155 1970 4210 quorum
2014 4139 2080 4193 ad
2122 4154 2182 4195 se

592 4243 742 4289 esset
773 4231 916 4286 fama
963 4230 1162 4297 delata,
1212 4230 1405 4302 legatis
1445 4231 1651 4287 scilicet
1697 4231 1934 4301 episcopi
1965 4240 2022 4287 et
2050 4229 2182 4288 feris

591 4339 731 4392 quas
766 4322 1049 4386 mulserat,
1079 4321 1334 4392 episcopo
1354 4336 1568 4391 quoque
1596 4320 1714 4391 ipso
1740 4329 1795 4375 et
1829 4321 2052 4383 infante,
2086 4321 2180 4390 qui

589 4422 794 4486 praeter
822 4421 1034 4482 tempus
1063 4420 1208 4468 esset
1229 4411 1446 4466 locutus
1469 4411 1665 4467 aetatis.
1688 4411 1770 4467 Ad
1804 4411 1919 4468 haec
1941 4427 2064 4467 cum
2090 4413 2180 4468 ille

591 4504 728 4560 nihil
770 4503 994 4558 omnino
1037 4502 1410 4572 responderet,
1457 4517 1526 4558 ne
1570 4501 1701 4573 quid
1745 4502 1811 4559 de
1857 4519 1917 4560 se
1965 4504 2170 4573 passim

2290 3311 2461 3367 simus
2505 3321 2561 3367 et
2589 3314 2658 3368 ad
2703 3316 3042 3384 peccandum
3087 3329 3153 3368 ex
3185 3315 3375 3370 carnis
3418 3313 3694 3370 infirmitate
3715 3323 3800 3378 pto-

2288 3401 2482 3456 clives.
3628 3461 3652 3499 ι

2677 3521 2815 3595 Rege
2844 3534 3058 3596 urgente
3078 3523 3330 3580 inducias
3353 3524 3495 3597 petit.

2366 3658 2457 3716 25.
2523 3658 2606 3714 Ad
2655 3659 2777 3715 hare
2839 3675 2962 3730 quas
3040 3659 3158 3716 visa
3225 3669 3360 3716 sunt
3413 3674 3506 3715 rex
3559 3651 3798 3727 respondit;

2285 3752 2465 3808 exitus
2521 3760 2704 3806 tamen
2766 3751 3032 3806 orationis
3079 3749 3224 3817 fuit,
3283 3766 3344 3806 se
3401 3765 3563 3822 neque
3611 3748 3800 3816 episcopo

2284 3841 2660 3910 paenitentiam
2709 3843 3013 3912 denegare,
3058 3851 3114 3896 et
3159 3843 3401 3898 consiliis
3428 3844 3536 3914 ejus
3573 3855 3656 3911 per
3685 3847 3798 3906 quem

2288 3934 2413 3988 talia
2473 3935 2582 3991 sint
2625 3945 2841 4007 patrata
2883 3936 3148 3992 miracula
3195 3939 3335 3994 velle
3387 3937 3438 3994 id
3483 3935 3697 3992 omnibus
3733 3928 3799 3984 ob-

2283 4026 2468 4092 edire;
2535 4045 2711 4114 neque
2771 4037 2954 4083 tamen
3017 4045 3176 4100 posse
3258 4032 3587 4087 sacerdotum
3636 4034 3798 4081 senten-

2281 4119 2372 4174 tiae
2420 4130 2476 4175 et
2537 4109 2747 4189 jut‘Aeio
2801 4123 2982 4194 populi
3036 4123 3346 4190 contraire,
3396 4123 3518 4194 quin
3580 4122 3720 4190 ipsum
3760 4120 3798 4166 ul

2280 4217 2498 4280 petatur
2557 4213 2626 4267 ad
2679 4213 3049 4284 episcopatum
3113 4211 3281 4267 faciat
3345 4211 3648 4284 promoveri.
3689 4205 3794 4260 Tunc

2278 4301 2365 4354 vir
2393 4304 2795 4368 sanctissimus,
2827 4303 2918 4360 ubi
2946 4305 3218 4360 obstinate
3246 4306 3349 4361 sibi
3370 4321 3540 4375 regem
3565 4294 3797 4357 viditobsi-

2278 4402 2443 4460 stere,
2469 4396 2755 4454 humiliter
2792 4415 2915 4455 eum
2946 4408 3002 4454 et
3039 4415 3164 4456 cum
3215 4385 3468 4473 lacrymis
3492 4399 3646 4470 petiit,
3674 4402 3796 4448 utco-

2278 4487 2422 4557 piam
2453 4490 2557 4545 sibi
2585 4493 2752 4547 eundi
2790 4495 2858 4548 ad
2897 4495 3150 4549 cellulam
3201 4498 3472 4566 propriam
3521 4493 3706 4548 faceret,
3740 4482 3795 4536 uti

583 4558 798 4667 jactare
838 4558 1147 4659 videretur:
1197 4558 1502 4650 commotus
1535 4558 1632 4649 rex
1671 4607 1770 4664 per
1795 4558 2174 4650 robediien‘tiam
2203 4558 2254 4618 D
2274 4593 2467 4634 secum
2497 4580 2810 4651 aliquandiu
2838 4582 3061 4640 liberius
3091 4558 3346 4648 tractare,
3372 4595 3428 4640 et
3453 4585 3527 4640 sic
3547 4583 3723 4637 demum
3743 4573 3794 4667 illi

589 4702 754 4757 quam
777 4685 892 4758 ipse
913 4685 996 4740 vir
1019 4684 1114 4741 Dei
1156 4683 1399 4755 regibus,
1428 4683 1873 4756 principibusque
1901 4695 1957 4741 et
2001 4700 2181 4742 sacer-

589 4775 808 4832 dotibus
834 4775 1052 4842 debeat,
1081 4774 1326 4846 prmcipit
1379 4782 1438 4829 ut
1465 4789 1627 4843 super
1651 4775 1854 4844 quibus
1883 4775 2182 4846 interroga-

589 4879 743 4924 retur
780 4884 878 4940 per
900 4868 1147 4924 ordinem
1176 4866 1427 4939 aperiret.
1457 4865 1592 4922 Tum
1612 4866 1828 4922 demum
1855 4870 2182 4925 necessitate

588 4958 920 5031 compulsus,
963 4973 1032 5013 ex
1075 4966 1466 5028 percunctante
1511 4972 1636 5026 rege
1679 4957 1876 5027 quaerit
1905 4974 2028 5029 quae
2070 4961 2181 5015 sint

589 5053 712 5120 qua:
751 5063 782 5104 a
825 5063 884 5104 se
910 5047 1044 5104 velit
1083 5047 1292 5103 audire.
1333 5046 1471 5104 Cum
1502 5047 1592 5102 ille
1620 5045 1688 5102 de
1721 5047 1918 5120 legatis
1941 5059 1997 5104 et
2025 5049 2176 5116 feris,

590 5149 757 5210 atque
782 5139 1035 5210 episcopo
1064 5153 1122 5194 se
1147 5136 1392 5209 quaerere
1415 5139 1803 5208 respondisset,
1845 5149 2066 5197 sanctus
2095 5141 2182 5196 vir

588 5233 748 5304 petiit
769 5240 830 5287 ut
849 5232 965 5304 ipse
990 5246 1087 5288 rex
1125 5231 1581 5302 quemadmodum
1611 5245 1701 5286 res
1727 5240 1910 5303 gestas
1935 5232 2179 5290 audisset

585 5325 846 5381 ediceret.
889 5322 958 5380 Ut
985 5323 1088 5380 hoc
1117 5340 1148 5379 a
1175 5337 1304 5395 rege
1334 5321 1535 5378 factum
1557 5332 1660 5387 est,
1692 5331 1745 5378 et
1784 5339 1883 5396 per
1907 5325 2174 5392 ordinem,

585 5423 648 5468 ut
676 5429 859 5470 rerum
889 5422 1164 5486 gestarum
1199 5412 1335 5469 fides
1377 5412 1445 5469 ad
1488 5427 1549 5468 se
1575 5415 1914 5484 pervenisset
1956 5416 2179 5486 explici-

583 5514 724 5573 tum,
748 5507 943 5564 beatus
965 5505 1114 5564 Goar
1136 5507 1415 5578 subjunxit
1444 5521 1460 5560 :
1498 5506 1876 5564 Obedientiam
1898 5509 2175 5582 negligere

582 5612 694 5653 non
741 5598 934 5666 debeo,
975 5599 1110 5656 nihil
1158 5608 1338 5654 tamen
1381 5597 1529 5656 aliud
1571 5614 1641 5658 ex
1666 5614 1760 5660 me
1797 5603 1986 5659 audies
2010 5619 2171 5674 quam

583 5690 729 5760 quod
758 5689 873 5760 ipse
897 5691 1104 5756 dixisti,
1131 5706 1256 5745 nam
1280 5690 1400 5747 aliis
1414 5691 1496 5752 litt
1524 5689 1723 5756 Vm
1756 5692 1960 5751 factum
1985 5697 2174 5765 quem-

583 5781 878 5842 admodum
909 5784 996 5842 ibi
1030 5783 1263 5839 relatum
1293 5792 1394 5842 ess

2288 4671 2431 4740 quod
2473 4671 2756 4728 videretur
2802 4689 3103 4747 congruum
3163 4676 3490 4747 respondere
3532 4672 3716 4727 valeret.
3753 4661 3793 4716 1d

2286 4763 2546 4819 continuo
2577 4779 2705 4836 rege
2730 4767 3100 4835 permittente,
3123 4775 3179 4822 et
3207 4776 3267 4821 ut
3306 4775 3428 4837 post
3454 4761 3623 4835 viginti
3647 4749 3792 4846 diessd

2285 4869 2345 4910 se
2368 4853 2833 4914 Mediomatricum
2867 4861 3078 4923 urbem,
3107 4873 3228 4928 qua:
3249 4874 3395 4914 nunc
3423 4854 3589 4911 Mettis
3605 4857 3789 4906 vocatur.

2287 4946 2466 5002 redire
2494 4949 2867 5018 praecipiente,
2898 4951 3126 5005 recessit
3152 4950 3222 5005 ad
3249 4948 3518 5013 cellulam,
3557 4939 3679 4999 aliud
3709 4935 3791 4990 sine

2282 5040 2449 5097 dubio
2469 5042 2689 5098 interim
2713 5057 2875 5115 agere
2912 5043 3202 5114 disponens
3250 5058 3361 5114 quo
3396 5039 3559 5113 possit
3599 5026 3791 5103 regis“

2279 5134 2488 5192 clinare
2533 5141 2890 5208 propositum.
2945 5137 3014 5193 Ut
3055 5152 3187 5208 ergo
3230 5136 3475 5209 pervenit
3519 5133 3582 5186 ad
3629 5123 3788 5182 cellam.

2279 5243 2402 5284 sese
2438 5229 2493 5284 in
2523 5231 2823 5285 orationem
2852 5238 3222 5301 prosternens,
3268 5229 3545 5285 Dominum
3578 5217 3714 5290 ctepit
3738 5213 3787 5264 in-

2276 5329 2426 5377 tente
2444 5329 2499 5377 et
2521 5337 2642 5378 cum
2673 5323 2875 5393 gemitu
2922 5321 3228 5393 deprecari,
3262 5331 3320 5377 ut
3346 5337 3406 5376 se
3432 5337 3461 5375 a
3497 5324 3631 5374 tanto
3668 5313 3786 5364 οηεη

2278 5429 2424 5470 ουτω
2448 5416 2740 5486 pastoralis
2788 5416 3219 5472 misericorditer
3252 5417 3556 5488 dignaretur
3593 5406 3783 5495 eripetef

2275 5506 2523 5564 sufficere
2547 5509 2649 5564 sibi
2675 5517 2736 5564 ut
2763 5518 2979 5565 secreto
3000 5517 3055 5564 et
3081 5508 3136 5562 in
3162 5509 3359 5563 abditis
3385 5498 3692 5562 conscientia:
3713 5491 3782 5558 ἱρεῑ

2272 5600 2464 5656 diebus
2486 5601 2611 5657 vita:
2631 5616 2742 5656 sua:
2762 5603 3008 5665 serviret,
3035 5616 3135 5658 nec
3159 5617 3218 5658 se
3236 5616 3392 5673 posse
3417 5613 3545 5655 onus
3581 5587 3700 5663 quod
3717 5591 3781 5636 κε

2274 5690 2436 5747 vellet
2463 5693 2742 5764 imponere
2775 5695 3062 5751 sustinere.
3117 5695 3358 5765 Cumque
3397 5693 3447 5746 in
3477 5690 3554 5744 his
3591 5676 3781 5771 ρηοῖῐξυξ

2271 5785 2574 5856 persistens
2625 5789 2973 5860 semetipsum
3003 5786 3286 5860 afﬂigeret,
3315 5801 3379 5842 ex
3427 5783 3672 5838 voluntate
3713 5765 3779 5819 Μ
