4000 6352
1222 416 1229 423 °
1267 393 1362 455 DE
1400 390 1687 457 VITA'ET
1724 397 2099 461 MIRACULIS
2136 403 2195 462 S.
2237 403 2513 464 GOARIS:

3416 415 3527 473 βω

225 499 383 557 febre
406 500 586 557 valida
607 512 891 576 correptus
919 517 1188 580 agrotare
1222 513 1410 584 caepit,
1444 524 1501 572 et
1522 515 1684 589 longo
1705 532 1821 574 cor-
1847 521 1897 582 Α
1924 517 2131 587 Quibus
2169 518 2260 576 ille
2289 521 2607 592 respondit:
2638 521 2834 579 Petilio
2863 540 2983 582 mea
3026 525 3140 582 sola
3171 526 3288 585 haec
3317 538 3428 597 est,
3465 539 3527 587 ut

218 592 381 661 poris
408 591 757 653 incommodo
799 597 1039 671 fatigari.
1072 602 1214 671 Quid
1252 605 1453 676 plura?
1480 607 1577 665 Sic
1602 624 1691 667 res
1731 625 1821 669 ac-

225 684 366 740 cidit
413 692 471 741 et
513 701 640 742 eum
694 689 886 747 habuit
933 692 1161 761 exitum,
1187 705 1249 751 ut
1286 713 1449 769 quem
1481 710 1602 772 post
1637 702 1826 773 viginti

223 775 440 833 dierum
461 794 750 837 excursum
772 783 1017 841 visurum
1064 802 1124 842 se
1178 804 1273 845 rex
1307 792 1673 849 aestimaverat
1726 810 1826 853 nec

223 870 283 923 in
324 877 533 940 septem
559 888 825 930 annorum
852 879 1029 948 spatio
1062 880 1290 937 videret.
1344 883 1522 955 Atque
1567 902 1635 942 eo
1663 889 1825 944 modo

216 961 373 1016 circa
400 960 659 1018 famulum
708 958 871 1022 suum
917 968 1099 1025 divina
1130 970 1475 1030 Providentia
1518 976 1648 1048 agit,
1689 987 1826 1036 utet

221 1051 544 1107 instantiam
563 1054 704 1124 regis
732 1055 800 1110 ad
823 1056 1193 1128 episcopatum
1219 1077 1280 1119 se
1305 1065 1572 1135 cupientis
1597 1082 1820 1137 promo-

219 1154 357 1196 vere
384 1140 699 1206 declinaret,
729 1152 786 1199 et
835 1148 979 1217 quod
1036 1150 1295 1222 episcopo
1326 1155 1601 1225 pollicitus
1645 1158 1825 1216 fuerat

220 1241 431 1302 septem
448 1231 655 1288 scilicet
675 1249 942 1293 annorum
967 1253 1067 1309 pro
1082 1255 1149 1296 eo
1164 1243 1609 1315 supplicationem
1625 1247 1751 1305 licet
1764 1250 1822 1307 in

219 1319 542 1391 inﬁrmitate
562 1325 774 1395 positus
800 1329 1142 1398 adimpleret.
1174 1332 1310 1389 Nam
1356 1352 1482 1393 cum
1522 1340 1673 1396 omni
1700 1340 1823 1397 vita!

218 1427 337 1469 sum
360 1422 626 1487 tempore,
655 1429 770 1473 tum
794 1421 1030 1478 maxime
1050 1423 1153 1482 illis
1171 1437 1376 1498 septem
1401 1431 1558 1489 armis
1589 1434 1821 1491 orationi

214 1506 456 1571 vacavit,
482 1521 647 1565 orans
673 1510 812 1566 sicut
836 1510 1126 1582 Apostolus
1179 1520 1421 1591 prmcipit
1446 1537 1545 1592 pro
1567 1526 1823 1582 omnibus

215 1596 553 1666 hominibus,
581 1615 682 1671 pro
707 1601 922 1675 regibus
948 1614 1005 1661 et
1051 1610 1303 1667 omnibus
1336 1614 1429 1684 qui
1479 1614 1534 1671 in
1573 1616 1821 1678 sublimi-

217 1696 338 1744 tate
366 1700 527 1746 erant
575 1700 633 1747 ut
661 1694 900 1765 quietam
924 1704 980 1755 et
1015 1702 1365 1772 tranquillam
1399 1707 1568 1763 vitam
1594 1720 1822 1782 agerent

213 1779 275 1835 in
296 1781 447 1836 omni
467 1784 670 1854 pietate
691 1793 747 1843 et
771 1787 1021 1847 castitate
1041 1788 1095 1861 (ι
1122 1790 1259 1848 Tim.
1282 1794 1367 1867 ﬂ).
1391 1796 1608 1855 Eisdem
1635 1779 1816 1860 autem

1931 609 1978 666 si
2011 610 2061 665 ei
2092 610 2294 681 placet,
2323 612 2390 668 de
2404 614 2521 669 hoc
2552 613 2675 670 loco
2698 616 3169 686 ampliﬁcationem
3190 621 3527 679 meritorum

1927 705 1982 752 et
2004 714 2225 755 causam
2271 702 2647 761 retributionis
2675 714 2892 764 aeternae
2918 708 3020 764 sibi
3058 710 3110 765 in
3165 727 3329 783 regno
3359 713 3527 770 coelo-

1928 806 2048 847 rum
2069 793 2318 863 acquirat
2341 810 2357 861 ;
2380 803 2438 850 et
2465 810 2587 851 cum
2615 807 2893 856 extremus
2916 801 3051 858 mihi
3073 804 3128 857 in
3153 804 3256 860 hac
3275 804 3385 861 vita
3409 805 3528 863 dies

1926 889 1983 937 et
2008 881 2220 939 debitus
2248 884 2372 941 ﬁnis
2398 885 2697 954 advenerit,
2731 891 3054 948 auctoritate
3079 910 3177 949 sua
3207 904 3263 951 et
3282 895 3526 967 imperio

1927 974 1995 1027 ad
2022 988 2109 1029 me
2137 975 2493 1048 Agrippinum
2524 987 2580 1034 et
2630 979 2921 1038 Eusebium
2972 986 3285 1044 sacerdotes
3333 991 3528 1047 venire

1925 1063 2115 1134 faciat,
2167 1070 2262 1140 qui
2318 1085 2502 1127 meum
2560 1077 2940 1145 corpusculum
2972 1080 3205 1138 debeant
3233 1085 3529 1156 sepulturae

1923 1160 2207 1218 mandare.
2236 1162 2351 1220 Hoc
2372 1172 2596 1238 accepto
2623 1181 2902 1238 responso,
2946 1172 3012 1229 ad
3038 1189 3221 1245 regem
3243 1179 3334 1248 qui
3372 1180 3527 1247 missi

1925 1251 2142 1307 fuerant
2185 1263 2553 1323 revertuntur,
2587 1258 2751 1315 verba
2805 1262 3108 1321 sacerdotis
3135 1275 3191 1320 et
3217 1279 3408 1338 preces
3454 1285 3526 1327 cx

1923 1344 2112 1402 ordine
2133 1346 2448 1405 referentes.
2474 1349 2551 1406 Ea
2579 1367 2675 1409 rex
2708 1362 2765 1408 ut
2792 1356 3064 1428 cognovit,
3087 1362 3327 1432 graviter
3379 1378 3529 1423 com°

1922 1443 2105 1492 motus
2132 1436 2416 1509 ingemuit,
2450 1439 2728 1515 faciesque
2778 1443 2899 1516 ejus
2946 1447 3230 1506 immutata
3257 1463 3360 1521 est,
3387 1470 3527 1529 quo-

1923 1524 2071 1580 niam
2125 1536 2334 1584 tantum
2390 1529 2569 1587 virum
2631 1535 2741 1589 cito
2794 1551 2857 1593 se
2902 1538 3230 1599 amissurum
3279 1534 3523 1603 videbat.

1925 1612 2157 1685 Moxque
2206 1620 2608 1692 suprascriptos
2637 1625 2706 1679 ad
2749 1640 2811 1683 se
2854 1631 3167 1689 sacerdotes
3190 1636 3520 1706 accersiens,

1922 1718 2023 1775 pro
2044 1705 2324 1765 voluntate
2344 1710 2445 1766 viri
2473 1712 2648 1768 sancti
2669 1729 2764 1772 eos
2785 1719 3053 1789 proﬁcisci
3069 1723 3136 1779 ad
3158 1725 3349 1782 cellam
3374 1727 3522 1787 illius

1916 1793 2091 1865 jubet,
2120 1797 2382 1856 mandans
2406 1810 2605 1872 utquae
2634 1805 2726 1862 ille
2755 1810 3224 1882 prazcipere't‘cum
3248 1818 3398 1872 omni
3437 1818 3521 1876 tli-

212 1871 379 1927 annis
403 1882 611 1944 septem
631 1878 864 1945 exactis,
915 1880 1036 1937 sine
1061 1885 1365 1943 cessatione
1393 1888 1662 1961 lacrymas
1692 1892 1815 1948 fun-
1848 1887 1892 1947 Β
1920 1883 2137 1957 “gentia
2167 1899 2222 1946 ει
2248 1893 2429 1949 εῑιιάῖο
2459 1883 2837 1967 adimplere"!-

213 1962 404 2028 debat,
429 1973 487 2018 et
524 1967 740 2023 assidue
767 1969 1053 2027 Dominum
1083 1977 1427 2047 precabatur,
1469 1997 1677 2057 memor
1702 1985 1819 2057 ejus

208 2057 540 2114 sententiae:
593 2061 850 2130 quoniam
900 2064 993 2135 qui
1025 2067 1298 2125 seminant
1345 2071 1403 2131 in
1453 2072 1708 2147 lacryinis
1764 2081 1817 2135 in

209 2149 417 2219 gaudio
445 2161 649 2207 metent
669 2151 846 2225 (Psal.
864 2158 1065 2230 cxxv);
1092 2169 1149 2216 et
1168 2161 1347 2219 sciens
1370 2164 1535 2221 finem
1556 2168 1608 2221 vi
1618 2178 1682 2224 ta:
1705 2185 1818 2226 suae

209 2253 322 2295 non
351 2242 580 2299 multum
603 2244 811 2312 abesse,
843 2249 1178 2324 cupiensque
1209 2253 1432 2314 dissolvi
1458 2269 1516 2315 et
1549 2275 1670 2317 esse
1691 2278 1815 2320 cum

205 2330 432 2389 Christo
457 2332 681 2407 (Philip.
700 2336 787 2409 ιι).

357 2441 675 2514 Sigibertum
696 2466 806 2516 prie
828 2451 1136 2519 inﬁrmitate
1166 2458 1315 2516 adire
1338 2477 1442 2516 non
1475 2473 1667 2534 potest.

277 2550 372 2606 26.
402 2553 586 2624 Itaque
640 2568 928 2630 postquam
980 2578 1251 2624 annorum
1308 2580 1518 2642 septem
1572 2577 1811 2645 spatium

201 2642 482 2699 evolutum
507 2656 643 2712 erat,
671 2649 944 2722 Sigiberto
975 2656 1087 2728 regi
1119 2653 1195 2713 in
1217 2672 1455 2717 mentem
1497 2642 1648 2720 venit
1680 2669 1814 2738 quid

200 2749 376 2806 super
404 2749 593 2796 sancto
614 2740 792 2799 Goare
821 2754 931 2801 tam
960 2749 1084 2816 sibi,
1113 2765 1278 2821 quam
1314 2756 1517 2827 popqu
1536 2768 1592 2833 et
1613 2777 1813 2833 proce-

201 2829 365 2888 ribus
408 2833 597 2904 palatii
623 2836 951 2909 placuisset;
984 2851 1149 2916 atque
1176 2859 1209 2902 e
1250 2851 1480 2923 vestigio
1506 2829 1702 2926 legatis
1738 2857 1810 2915 ad

200 2921 360 2979 illum
388 2926 591 2995 missis,
621 2939 745 2985 orat
770 2933 849 2988 uti
882 2935 952 2992 ad
992 2950 1052 2993 se
1094 2939 1283 2997 venire
1329 2921 1546 3002 debeat.
1565 2921 1811 3008 ‘Sed‘vir

201 3016 402 3086 spiritu
424 3017 521 3074 Dei
542 3020 756 3091 plenus,
787 3026 880 3096 qui
908 3028 1076 3087 sciret
1101 3030 1511 3094 dissolutionem
1547 3039 1650 3096 sibi
1678 3056 1805 3099 cor»

198 3106 357 3175 poris
386 3108 690 3179 imminere,
716 3114 908 3187 legatis
935 3121 1251 3191 prophetica
1295 3141 1427 3183 voce
1475 3132 1800 3202 respondit:

198 3195 400 3266 Dicite,
426 3200 599 3270 ﬁlioli,
629 3204 846 3265 domino
872 3219 1076 3277 vestro,
1107 3214 1367 3285 quoniam
1392 3217 1589 3276 faciem
1618 3238 1798 3280 meam
1826 3244 1877 3314 ο

197 3305 313 3345 non
340 3302 427 3348 est
471 3295 526 3350 in
553 3300 807 3366 praesenti
851 3302 961 3359 vita
986 3304 1223 3373 visurus,
1255 3310 1358 3367 nisi
1403 3311 1546 3383 forte
1574 3316 1706 3373 velit
1729 3319 1801 3375 ad

196 3380 457 3438 cellulam
501 3396 742 3444 nostram
774 3390 889 3461 ipse
937 3402 1148 3462 ventre,
1194 3402 1453 3468 quoniam
1492 3405 1800 3469 inﬁrmitati

195 3473 526 3543 gravissima
552 3481 1002 3554 comprehensus,
1025 3504 1296 3559 nusquam
1322 3499 1573 3567 progredi
1604 3500 1796 3570 valeo;

190 3577 517 3636 quanquam
564 3568 681 3626 haec
728 3571 925 3630 divinae
968 3578 1188 3649 pietatis
1236 3581 1448 3656 ﬂagella
1498 3588 1655 3663 longe
1689 3568 1801 3650 sint

197 3653 343 3709 meis
368 3658 577 3714 meritis
594 3659 817 3719 leviora.
850 3663 974 3723 Haec
1002 3685 1125 3724 cum
1164 3653 1335 3744 legati
1370 3678 1440 3735 ad
1492 3653 1676 3752 regem
1713 3700 1801 3740 re-

192 3754 401 3812 sponsa
447 3748 819 3819 pertulissent,
849 3758 1203 3816 contristatus
1245 3763 1334 3820 ille
1377 3748 1794 3843 dicere—coepit:

198 3849 309 3890 non
339 3851 461 3909 esse
502 3856 561 3897 se
607 3844 827 3916 dignum
858 3849 1018 3906 talem
1056 3853 1258 3914 habere
1285 3860 1593 3931 doctorem,
1623 3882 1799 3939 neque

190 3926 414 3999 plebem
438 3945 559 4001 quae
582 3943 789 3993 tantum
812 3953 1115 4005 mereretur
1141 3951 1420 4019 possidere
1462 3926 1793 4027 pontiﬁcem.

194 4018 348 4075 Misit
387 4030 568 4082 tamen
615 4029 793 4087 adhuc
835 4032 994 4101 alios,
1021 4051 1120 4108 per
1144 4018 1282 4111 quos
1306 4018 1708 4119 petiitohnixe,
1734 4062 1797 4110 ut

195 4124 373 4180 usque
401 4113 469 4167 ad
500 4130 654 4174 suam
708 4126 1054 4192 praesentiam
1084 4129 1169 4186 vir
1217 4113 1442 4194 sanctus
1478 4113 1799 4212 fatigati'di-

191 4212 479 4271 gnaretur,
506 4221 681 4278 neque
722 4227 784 4268 se
806 4213 1142 4276 desideranti
1190 4239 1519 4300 magnopere
1556 4234 1790 4307 principi

193 4291 512 4362 denegaret.
556 4297 658 4366 Qui
704 4310 763 4356 ut
810 4317 1075 4365 venerunt
1115 4291 1335 4370 arvum
1382 4291 1588 4376 Christi
1617 4291 1790 4382 mullo

194 4380 428 4453 validius
454 4383 605 4441 febre
633 4389 968 4450 laborantem
998 4407 1052 4453 et
1096 4403 1361 4470 prolixius
1393 4380 1786 4482 rwgrotantem,

188 4479 358 4541 atque
376 4472 431 4528 in
450 4474 544 4533 Dei
565 4476 814 4537 laudibus
826 4481 1030 4556 jugiter
1047 4477 1427 4558 persistentem
1442 4472 1783 4564 invenerunt:

189 4561 403 4630 Quibus
440 4566 581 4637 apud
605 4582 666 4624 se
689 4571 882 4640 positis
924 4574 1009 4631 vir
1032 4581 1553 4645 sanctissimusait:
1585 4561 1786 4661 Nolite,
1815 4602 1868 4663 ι)

186 4667 227 4708 o
245 4653 425 4723 ﬁlioli,
464 4666 559 4713 aut
605 4674 706 4717 vos
732 4661 920 4735 ipsos,
960 4676 1057 4724 aut
1082 4684 1268 4741 regem
1295 4684 1536 4735 vestrum
1563 4653 1793 4745 ulterius

187 4745 448 4820 fatigare,
479 4752 737 4821 quoniam
762 4766 971 4815 certum
1004 4760 1178 4819 habeo
1211 4772 1266 4820 et
1286 4764 1361 4822 ita
1378 4783 1444 4824 ex
1469 4771 1674 4841 pietate
1701 4791 1793 4832 su-

183 4856 365 4911 perna
387 4844 624 4914 conﬁdo,
670 4863 761 4906 me
802 4864 979 4922 neque
1011 4863 1170 4912 extra
1214 4861 1449 4928 spatium
1476 4848 1609 4922 loci"
1631 4867 1791 4926 istius

182 4934 427 5006 amplius
448 4950 817 5009 egressurum,
847 4959 1024 5015 neque
1059 4946 1223 5004 ullam
1251 4954 1586 5014 evectionem
1623 4960 1787 5017 aliam

184 5041 357 5098 quam
378 5027 449 5083 ad
471 5029 805 5100 sepulturam
826 5036 1101 5109 propriam
1126 5040 1449 5102 subiturum.
1478 5047 1558 5104 ita
1583 5050 1636 5105 in
1660 5067 1788 5122 pro-

184 5120 368 5191 posito
386 5136 737 5193 permanens,
766 5125 908 5185 ﬁxus
934 5129 989 5186 in
1042 5131 1140 5189 Dei
1169 5132 1420 5196 laudibus
1464 5150 1521 5198 et
1543 5120 1796 5205 oratione

182 5212 444 5270 durabat.

182 5322 488 5394 Sepultum
531 5347 644 5387 sua.-
670 5332 844 5390 locum
895 5346 946 5393 et
994 5341 1262 5402 ministros
1312 5365 1346 5402 a
1369 5366 1488 5423 rege
1529 5355 1786 5425 postulat.

254 5438 349 5494 27.
386 5440 523 5503 Tum
553 5446 706 5502 missi
744 5448 822 5506 illi
852 5452 946 5521 qui
972 5453 1042 5509 ad
1064 5469 1188 5513 eum
1213 5473 1496 5531 venerant,
1522 5468 1654 5538 quid
1682 5470 1787 5527 sibi

180 5543 285 5600 per
319 5530 468 5603 ipsos
518 5536 588 5593 ah
636 5554 760 5612 rege
803 5543 961 5601 vellet
987 5547 1267 5619 impetrari
1316 5530 1780 5625 percontabantur

182 5620 422 5679 Libellus
451 5625 517 5683 de
545 5627 663 5684 Vita
689 5644 738 5687 et
762 5635 969 5693 actibus
995 5642 1167 5696 sancti
1189 5660 1253 5699 ac
1274 5620 1562 5717 beatissimi
1594 5651 1810 5744 Cossis
1837 5676 1865 5744 ς

258 5826 424 5927 animo
444 5833 788 5927 ei‘tnprimarii
810 5843 1048 5927 auctoris
1067 5856 1269 5927 mente,
1298 5857 1408 5907 tres
1431 5855 1558 5910 anni
1578 5857 1776 5927 quibus

188 5895 253 5953 3.
277 5896 427 5955 Goer
451 5895 646 5961 aﬂlicta
692 5908 792 5964 fuit
817 5895 1335 5986 valetudine;

2423 1984 2654 2042 Moritur
2673 2008 2737 2044 ac
2760 1991 3029 2063 sepelitur.

1932 2068 1941 2071 “
1984 2068 2290 2144 28.1taque
2316 2085 2439 2147 post
2468 2078 2590 2135 illos
2620 2093 2672 2148 ι,
2700 2097 2835 2153 quos
2874 2093 3296 2149 memoravimus
3326 2090 3517 2167 supra,

1917 2170 2125 2229 septem
2154 2177 2349 2231 annos,
2379 2167 2616 2226 triennio
2640 2180 2696 2226 et
2747 2175 2924 2232 tribus
2958 2181 3237 2239 mensibus
3282 2184 3335 2239 in
3367 2186 3520 2241 inﬁr-

1917 2252 2106 2310 tnitate
2129 2263 2186 2312 et
2214 2257 2305 2314 Dei
2335 2259 2586 2338 laudibus
2607 2268 2815 2323 exactis
2839 2270 2924 2325 vir
2948 2270 3300 2334 beatissimus
3324 2280 3518 2351 plenus

1916 2339 2125 2398 dierum
2151 2352 2210 2399 et
2236 2348 2495 2418 operibus
2536 2351 2714 2421 bonis,
2768 2358 3087 2432 actibusque
3132 2339 3360 2433 justitizc
3386 2339 3515 2425 cons

1913 2442 2239 2501 summatus,
2260 2440 2453 2507 positis
2477 2456 2662 2499 coram
2691 2450 3015 2518 supradictis
3059 2459 3431 2516 sacerdotibus
3459 2472 3515 2517 et

1891 2526 2282 2597 compluribus
2328 2532 2450 2589 aliis
2495 2535 2656 2592 bonis
2699 2549 2755 2594 et
2803 2541 3047 2600 honestis
3093 2549 3427 2617 hominibus,
3457 2554 3513 2612 iu

1909 2616 2104 2699 cellula
2135 2634 2230 2676 sua
2254 2621 2307 2677 in
2334 2637 2441 2693 qua
2479 2627 2677 2684 multos
2700 2644 2872 2688 annos
2895 2634 3008 2690 Deo
3027 2638 3273 2695 serviens
3301 2654 3511 2714 egerat,

1912 2694 2146 2765 decessit
2198 2714 2373 2782 pridie
2424 2716 2606 2775 Nonas
2658 2718 2853 2789 Iulias,
2914 2727 3228 2799 relinquens
3283 2748 3514 2805 corpore

1910 2806 2189 2876 saeculum,
2206 2809 2360 2879 cujus
2373 2813 2676 2886 voluptates
2691 2828 2747 2875 et
2767 2821 3033 2879 desideria
3053 2826 3181 2907 olim
3204 2843 3304 2900 pro
3324 2845 3512 2909 amore

1894 2897 2099 2968 patriae
2128 2915 2376 2972 supernae
2416 2905 2749 2977 reliquerat;
2782 2921 2840 2968 et
2864 2915 2934 2970 ad
2973 2932 3098 2972 eum
3126 2897 3287 2989 quem
3335 2905 3511 2980 inces-

1907 2998 2097 3046 santer
2123 2995 2511 3065 concupiverat
2565 3014 2749 3073 regem
2776 3001 3054 3063 Christum
3083 3009 3510 3086 felicitatemque

1905 3079 2150 3139 caelestis
2170 3084 2297 3142 vitae
2325 3091 2672 3158 perveniens,
2706 3093 2923 3152 futurus
2961 3098 3036 3153 ibi
3060 3101 3204 3159 .sine
3234 3103 3339 3160 line
3386 3121 3510 3178 pos-

1906 3186 2089 3231 sessor
2125 3186 2457 3237 teternorutn
2483 3181 2774 3253 bonorum,
2819 3190 2913 3259 qui
2962 3191 3052 3248 hic
3079 3194 3221 3252 bona
3248 3214 3374 3270 quae
3401 3194 3505 3273 pu-

1905 3270 2091 3320 tantur
2113 3270 2399 3336 prtesentis
2429 3266 2691 3345 temporis
2715 3293 2839 3334 cum
2875 3285 3117 3352 potuerit
3141 3266 3313 3344 noluit
3333 3266 3508 3361 possi-

1904 3350 2053 3419 dere,
2081 3363 2137 3411 et
2165 3357 2450 3418 habiturus
2478 3378 2601 3419 cum
2631 3365 2850 3425 Christo
2876 3350 3125 3431 idomum
3173 3393 3283 3434 non
3313 3350 3507 3439 manu-

1902 3440 2099 3503 factam
2122 3459 2384 3507 aeternam
2405 3453 2460 3508 in
2480 3454 2655 3522 caelis,
2683 3458 2770 3514 cui
2791 3461 2847 3515 in
2872 3462 2984 3518 suis
3006 3467 3265 3525 membris
3282 3468 3505 3531 domum

1901 3553 2055 3593 suam
2094 3556 2384 3614 pauperem
2415 3554 2470 3602 et
2497 3556 2768 3606 terrenam
2799 3553 3005 3612 fecerat
3051 3558 3368 3633 frequenter
3407 3567 3506 3621 ho-

1901 3632 2141 3700 spitium.
2182 3636 2309 3705 Ejus
2356 3639 2469 3709 jam
2520 3645 2775 3701 exanime
2826 3662 3027 3719 corpus
3079 3653 3414 3729 Agrippinus
3445 3670 3503 3716 et

1899 3720 2190 3790 Eusebius,
2222 3726 2422 3798 aliique
2469 3733 2825 3807 qui'aderant
2855 3720 3169 3803 Sacerdotes
3200 3720 3501 3809 tit-nobiles

1899 3816 2007 3869 viri
2066 3831 2190 3874 cum
2247 3837 2462 3880 summo
2495 3826 2702 3885 honore
2725 3839 2782 3886 et
2810 3838 3117 3894 reverentia
3144 3855 3496 3914 curaverunt,

1899 3913 2063 3976 atque
2099 3909 2155 3964 in
2183 3912 2374 3969 eodem
2402 3914 2522 3973 loco
2546 3926 2600 3973 et
2627 3921 2860 3980 ecclesia
2888 3941 3052 3997 quam
3101 3930 3219 4004 ipse
3247 3946 3501 3996 constru-

1898 4007 2076 4067 xerat,
2110 4004 2400 4074 sepulturae
2426 4010 2799 4071 mandarunt.

2301 4096 2546 4156 Auctoris
2573 4104 2707 4172 ﬁdes
2728 4116 2777 4161 et
2806 4114 3096 4178 peroratio.

1963 4185 2054 4243 29.
2088 4186 2213 4244 Haec
2240 4190 2403 4246 habui
2432 4193 2498 4248 de
2517 4186 2640 4251 Vita
2664 4201 2835 4256 sancti
2860 4202 2963 4260 viri
2990 4203 3183 4264 Coaris
3213 4226 3334 4282 quze
3357 4217 3497 4273 scri-

1888 4288 2064 4352 ptume
2094 4284 2431 4356 mandarem,
2485 4301 2709 4365 accepta
2732 4310 2798 4351 ex
2827 4302 3054 4360 vetustis
3079 4314 3135 4360 et
3158 4310 3497 4382 perantiquis

1889 4375 2310 4448 exemplari-bus,
2337 4396 2569 4451 quorum
2620 4400 2805 4442 rerum
2853 4401 3128 4462 gestarum
3160 4375 3497 4463 vnarrationo

1888 4467 2171 4524 veritatem
2188 4469 2292 4525 ﬁde
2313 4473 2521 4546 integra
2534 4477 2888 4551 subsequens,
2908 4485 3077 4542 solam
3094 4493 3361 4550 sermonis
3374 4510 3495 4567 quae

1890 4559 2135 4619 eruditos
2162 4579 2271 4619 non
2301 4580 2494 4636 parum
2521 4567 2799 4628 offendere
2844 4584 3059 4645 poterat
3086 4559 3491 4655 simplicitatem

1892 4664 1993 4722 pro
2021 4659 2202 4708 vestra
2229 4653 2525 4727 voluntate,
2557 4659 2644 4715 vir
2690 4660 2995 4725 clarissime
3032 4653 3300 4748 paterque
3325 4690 3490 4733 vene-

1895 4739 2085 4806 rande,
2107 4742 2384 4814 corrigere
2411 4747 2615 4815 studui,
2639 4758 2833 4823 optans
2858 4764 2914 4811 et
2937 4739 3279 4833 meipsum—et
3291 4742 3490 4829 omnes

1892 4831 1983 4902 qui
2016 4832 2132 4889 hac
2160 4832 2355 4892 lecturi
2383 4848 2532 4907 sunt,
2566 4842 2703 4900 tanti
2735 4845 2839 4901 viri
2872 4831 3265 4913 intercessione
3291 4868 3346 4914 et
3376 4878 3489 4917 me-

1890 4921 2014 4979 ritis
2039 4925 2181 4995 apud
2209 4925 2448 4983 divinam
2502 4945 2721 5004 semper
2748 4936 2995 5006 adjuvari
3031 4943 3400 5019 clementiam,
3429 4966 3491 5012 ut

1890 5011 1983 5083 qui
2009 5027 2075 5070 ex
2110 5013 2423 5073 inﬁrmitate
2448 5020 2630 5078 carnis
2659 5024 2905 5083 humanre
2933 5041 2988 5086 et
3010 5035 3321 5095 conditione
3339 5058 3487 5100 mor-

1905 5103 2030 5161 talis
2052 5105 2176 5162 vitte
2204 5107 2372 5165 multa
2424 5111 2667 5182 quotidie
2693 5120 2884 5173 cont-ra
2940 5120 3086 5193 leges
3134 5124 3345 5188 divinas
3371 5137 3488 5207 agi-

1905 5212 2043 5265 mus,
2074 5197 2191 5268 ejus
2216 5199 2309 5270 qui
2362 5201 2540 5272 quoad
2586 5204 2725 5262 vixit
2753 5206 2963 5283 integre
3007 5212 3110 5286 legi
3135 5214 3331 5278 Christi
3362 5197 3487 5283 ser-

1902 5288 2034 5344 vivit
2062 5291 2394 5361 interventu,
2448 5303 2507 5350 et
2532 5306 2878 5368 peccatorum
2920 5308 3159 5373 pondere
3209 5316 3483 5376 sublevari

1898 5388 1954 5437 et
1984 5382 2052 5438 ad
2077 5381 2214 5439 bene
2239 5384 2531 5442 vivendum
2552 5402 2862 5449 mercamur
2881 5396 3158 5468 opitulari,
3186 5416 3484 5477 praestante

1898 5476 2127 5534 Domino
2173 5477 2302 5536 Iesu
2326 5477 2565 5549 Christo,
2593 5485 2687 5542 cui
2738 5493 2825 5543 est
2851 5503 2973 5545 cum
3005 5490 3167 5551 Patre
3190 5476 3248 5552 et
3272 5498 3481 5571 Spiritu

1893 5579 2083 5627 sancto
2105 5573 2282 5631 honor
2315 5585 2372 5632 et
2398 5577 2570 5651 gloria
2595 5579 2650 5635 in
2678 5582 2875 5638 stecula
2906 5584 3245 5656 saeculorum,
3279 5591 3475 5651 Amen.

1886 5867 2006 5925 illos
2026 5870 2371 5945 computandi
2396 5886 2541 5936 sunt.
