4000 6352
611 337 720 399 635

1569 340 2075 405 WANDALBERTI
2111 349 2528 413 PRUMIENSIS
2565 354 2871 416 HONACHI

3694 381 3767 438 658

615 550 3764 613 Μ

1811 705 2216 788 INCIPIT
2303 707 2642 794 ALTER

595 875 685 938 De
715 874 1042 941 miraculis
1065 895 1202 961 qua:
1225 887 1397 960 gesta
1412 888 1570 945 sunt
1597 881 1772 964 apud
1797 852 2549 1050 b'femori‘atfstlﬁtGoaris
2574 940 2594 974 ,
2625 915 2706 960 ea:
2729 916 2852 980 quo
2890 901 3146 966 ecclesia
3170 904 3303 988 ejus

1178 1014 1188 1024 ,
1989 985 2049 1028 es
2142 987 2170 1028 e
2199 986 2280 1031 rei
2315 990 2404 1035 er.

1989 985 2078 1028 οδε
2111 985 2404 1035 lettctter.

3338 906 3609 990 wdiﬁcari
3629 926 3774 996 capts

1915 1124 2531 1153 ————-I—_

673 1224 920 1281 Auctoris
941 1225 1223 1298 Prologus.
1254 1225 1565 1299 Scriptionis
1591 1228 1749 1300 hujus
1772 1232 2088 1288 auctoritas.

553 1313 558 1316 I
659 1333 713 1390 l.
743 1333 1027 1408 Explicitis
1046 1337 1158 1408 jam
1192 1353 1313 1408 qua:
1340 1340 1406 1395 de
1438 1338 1562 1395 Vita
1590 1350 1645 1396 et
1658 1341 1884 1398 Actibus
1907 1343 1964 1396 Β.
1989 1341 2182 1401 Goaris

587 1427 879 1500 scriptura:
929 1445 960 1484 a
993 1430 1288 1502 majoribus
1340 1441 1614 1502 utcunque
1666 1434 1919 1489 mandata
1980 1437 2179 1506 reperi,

2203 1241 2253 1301 Α
2279 1247 2403 1309 post
2429 1241 2630 1301 multos
2659 1260 2820 1316 quam
2853 1248 2968 1320 ipse
3009 1247 3320 1312 decesserat
3345 1273 3518 1325 annos,
3552 1278 3654 1319 cum
3675 1265 3774 1325 inea

2277 1331 2393 1404 jam
2433 1333 2616 1392 clerici
2645 1341 2739 1410 qui
2786 1341 2968 1398 divina
2996 1344 3169 1402 oﬁicia
3198 1361 3419 1422 agerent
3449 1353 3604 1412 alendi
3628 1332 3776 1430 stipen-

2283 1429 2389 1485 diis
2414 1429 2658 1486 ecclesiae
2686 1433 3036 1504 haberentur,
3074 1448 3130 1496 et
3146 1443 3328 1513 populi
3363 1442 3630 1518 frequentia
3653 1429 3778 1522 major

584 1538 814 1594 quaeque
865 1524 1084 1581 hortatu
1138 1534 1347 1590 vestro,
1391 1536 1557 1597 pater
1591 1528 1644 1582 in
1695 1529 1948 1586 omnibus
1977 1530 2183 1600 ample-
2357 1522 2473 1616 di¢5
2503 1537 2867 1596 “cresceret,
2900 1546 2930 1585 a
2968 1532 3220 1605 religioso
3262 1535 3572 1597 Francorum
3596 1545 3776 1616 principe

557 1603 802 1684 .ctende,
838 1625 899 1672 ut
949 1617 1102 1689 potui
1159 1619 1436 1690 corrigere
1490 1620 1694 1684 studui,
1752 1621 2179 1692 aggrediendum

582 1706 719 1762 mihi
735 1722 934 1763 novum
959 1723 1095 1779 Opus
1114 1707 1307 1774 video;
1333 1719 1412 1774 ut,
1426 1710 1882 1779 quemadmodum
1904 1711 1957 1765 in
1981 1712 2179 1782 prioris

582 1802 748 1860 libelli
777 1803 1092 1875 praefatione
1111 1805 1362 1875 promisi,
1397 1821 1460 1861 ea
1489 1820 1610 1875 qua:
1636 1805 1703 1861 de
1732 1806 2010 1863 miracuns
2037 1806 2178 1879 apud

582 1896 1009 1952 sacratissimum
1037 1898 1354 1952 memoriam
1406 1898 1702 1968 supradicti
1733 1897 2064 1953 confessoris
2092 1897 2176 1953 di-

579 1989 788 2046 vinitus
807 1991 974 2062 gestis
1001 2006 1030 2045 a
1055 1991 1300 2046 ﬁdelibus
1321 1991 1508 2056 didici,
1537 1992 1813 2047 memoriae
1825 2000 2177 2062 posterorum

581 2081 874 2140 scribendo
901 2097 1203 2153 proponere
1249 2083 1494 2137 debeam.
1525 2081 1733 2153 Quippe
1768 2099 1888 2153 quae
1917 2091 2025 2136 tam
2051 2095 2177 2137 esse

581 2173 733 2229 clara
759 2173 1095 2245 pervideam.
1147 2181 1206 2227 ut
1233 2173 1376 2244 quod
1416 2175 1688 2228 hactenus
1738 2183 1936 2243 praeter
1963 2172 2179 2242 paucis-

578 2264 752 2319 simos
778 2279 916 2334 quos
945 2264 1027 2319 eis
1080 2263 1346 2318 interesse
1377 2263 1463 2319 vel
1493 2263 1562 2318 ab
1590 2256 1798 2334 his'qui
1831 2263 2179 2318 interfuerint

580 2355 801 2410 audisse
828 2354 1076 2426 contigit,
1104 2354 1334 2424 reliquis
1382 2366 1408 2395 α
1459 2354 1684 2410 omnino
1738 2355 2036 2420 latuerunt,
2067 2369 2177 2410 non

579 2444 686 2499 levi
719 2443 891 2515 culpae
923 2444 1289 2514 deputandum
1346 2444 1650 2510 crederem,
1710 2444 1817 2500 nisi
1865 2445 2008 2501 hanc
2035 2444 2176 2500 scri-

577 2543 798 2607 ptorum
827 2543 1122 2590 excusaret
1174 2535 1378 2604 inopia,
1435 2543 1490 2590 et
1516 2550 1648 2590 usus
1675 2535 1766 2590 ille
1794 2535 1887 2606 qui
1916 2551 2174 2607 quorum-

578 2629 703 2682 dam
734 2627 940 2683 desidia
993 2635 1048 2682 et
1075 2633 1294 2697 torpore
1321 2625 1607 2697 surrepsit,
1657 2641 1766 2696 quo
1810 2625 2172 2699 negligentius

576 2721 760 2777 divina
790 2736 956 2792 opera
987 2720 1264 2790 suspicere
1294 2729 1351 2775 et
1377 2717 1642 2774 beneﬁcia
1675 2718 1878 2775 nostris
1908 2733 2168 2774 concessa

577 2811 918 2882 temporibus
949 2819 1011 2865 ut
1065 2810 1205 2865 levia
1261 2809 1412 2881 parvi
1465 2809 1706 2880 pendere
1765 2808 2170 2864 consuevimus.

574 2901 690 2974 Ego
721 2917 852 2957 vero
880 2902 934 2957 in
967 2902 1054 2957 his
1103 2899 1482 2956 describendis
1513 2899 1674 2954 ﬁdem
1708 2915 1900 2955 eorum
1931 2900 2022 2971 qui
2053 2900 2172 2955 haec

574 2993 711 3048 mihi
736 2991 969 3048 retulere
995 2990 1305 3062 plenissime
1326 2989 1682 3060 subsequens,
1710 3004 1774 3045 ea
1794 2988 2170 3044 tantummodo

574 3077 1036 3156 comprehendam
1091 3098 1210 3152 quae
1240 3081 1321 3136 vel
1353 3089 1647 3152 praesentes
1700 3097 1760 3138 se
1814 3082 1915 3152 ipsi
1945 3082 2164 3147 vidisse,

572 3175 662 3231 vel
711 3175 780 3230 ab
807 3174 890 3229 eis
919 3173 1012 3244 qui
1043 3171 1277 3228 viderint
1307 3170 1584 3241 accepisse
1611 3169 1954 3226 confirmant.
1987 3171 2171 3240 Quan-

574 3279 739 3337 quam
768 3280 832 3320 ea
864 3278 1079 3336 quoque
1110 3270 1189 3317 tot
1217 3261 1328 3317 sint
1383 3276 1448 3317 ac
1479 3271 1650 3329 tanta,
1678 3270 1740 3317 ut
1768 3261 1814 3317 si
1842 3263 2025 3317 omnia
2075 3261 2166 3316 lit-

571 3356 709 3412 teris
739 3354 955 3410 tradere
987 3353 1224 3424 cupiam,
1257 3353 1478 3408 modum
1531 3367 1600 3408 ne
1655 3353 1870 3408 videam
1904 3350 2039 3421 justi
2068 3367 2168 3408 vo-

571 3445 795 3502 luminis
815 3460 1183 3502 excessurum.
1209 3442 1366 3499 Unde
1387 3443 1658 3498 aastimare
1683 3440 1837 3497 facile
1859 3455 2166 3512 possumus,

572 3546 777 3610 quanta
801 3535 891 3592 illa
917 3535 1142 3604 fuerint,
1193 3549 1314 3606 quae
1337 3548 1436 3606 per
1478 3534 1638 3605 longa
1687 3542 1836 3588 retro
1863 3542 2165 3602 temporum

570 3629 746 3701 spatia
784 3630 898 3703 geri
961 3629 1172 3686 meritis
1201 3628 1318 3698 ejus
1371 3627 1472 3705 virj
1505 3635 1561 3684 et
1613 3627 1816 3682 virtute
1865 3626 2162 3698 potuerint,

570 3739 695 3780 cum
721 3721 774 3779 in
802 3731 1006 3778 tantam
1028 3721 1369 3778 excreverint
1393 3719 1752 3790 quantitatem
1774 3733 1896 3790 quae
1919 3716 1988 3772 ab
2008 3713 2167 3773 annis

567 3814 696 3887 plus
728 3816 907 3870 minus
963 3823 1169 3885 septem
1214 3824 1271 3869 et
1323 3812 1661 3883 septuaginta
1691 3818 1841 3882 gesta
1871 3817 1927 3865 et
1973 3807 2042 3862 ad
2068 3822 2166 3862 no.

568 3916 741 3962 stram
766 3905 1013 3960 notitiam
1046 3905 1251 3974 perlata
1301 3913 1619 3958 noscuntur.
1657 3903 1843 3972 Neque
1871 3901 2014 3957 enim
2044 3915 2165 3956 cre-

569 3994 740 4050 dibile
768 4003 851 4050 est
878 3995 1054 4050 sancti
1102 3993 1206 4048 viri
1234 3993 1430 4049 merita
1459 3995 1514 4048 in
1565 3993 1897 4048 exhibitione
1923 3991 2158 4046 miracu-

587 4101 746 4143 orum
779 4086 984 4142 nostris
1010 4085 1242 4156 primum
1273 4085 1462 4139 diebus
1487 4084 1720 4154 crepisse
1747 4083 2070 4151 clarescere,
2108 4092 2164 4138 et

551 4172 680 4237 non
729 4178 893 4236 etiam
919 4178 1091 4249 priori
1135 4187 1377 4248 tempore
1422 4176 1611 4232 eadem
1640 4189 1760 4248 quas
1807 4190 1951 4231 nunc
1974 4174 2163 4232 confe-

568 4281 768 4326 runtur
795 4269 1142 4324 credentibus
1195 4275 1250 4322 et
1306 4267 1516 4322 devotis
1567 4281 1664 4338 per
1719 4265 1870 4321 illum
1900 4265 2162 4322 beneﬁcia

569 4375 692 4414 esse
722 4358 941 4423 collata,
975 4357 1189 4413 tametsi
1219 4371 1284 4413 ea
1315 4373 1435 4428 quae
1463 4357 1699 4428 posteris
1752 4358 1955 4429 scripto
1986 4358 2165 4413 trade-

566 4459 692 4504 rent
718 4448 959 4504 defuere.
990 4447 1048 4502 ld
1081 4447 1247 4503 etiam
1297 4456 1524 4504 cunctos
1552 4448 1609 4502 in
1639 4462 1870 4518 quorum
1903 4448 2020 4503 haec
2048 4463 2164 4503 ma-

566 4557 672 4597 nus
701 4544 920 4598 venient
966 4544 1112 4600 scire
1162 4543 1349 4611 velim,
1404 4559 1493 4600 me
1541 4544 1598 4599 in
1637 4545 1831 4599 borum
1862 4545 2161 4600 assertione

567 4649 675 4689 non
703 4636 1035 4705 quibuslibet
1063 4635 1223 4692 ﬁdem
1251 4637 1714 4704 accommodasse,
1744 4637 1841 4694 sed
1877 4637 2012 4694 viris
2056 4637 2161 4693 ﬁde

567 4726 768 4796 dignis,
794 4735 851 4783 et
871 4728 937 4782 de
968 4741 1200 4798 quorum
1225 4729 1404 4784 veraci
1434 4727 1698 4785 relatione
1725 4743 1825 4786 vos
1847 4729 1973 4799 ipsi,
1993 4744 2162 4785 vene-

564 4816 754 4872 rabilis
783 4826 956 4887 pater,
985 4817 1188 4874 arbiter
1211 4819 1444 4887 fueritis,
1461 4821 1847 4890 praecipueque
1869 4820 2157 4892 Herirado,

561 4917 763 4963 vestrae
807 4911 1241 4983 congregationis
1287 4914 1555 4968 monacho
1604 4924 1769 4984 atque
1811 4914 2155 4985 presbytero,

565 5007 623 5053 et
649 4998 992 5069 'l‘heodrado,
1019 5002 1168 5061 cella:
1191 5003 1250 5060 S.
1275 5002 1469 5060 Goaris
1488 5004 1704 5069 clerico,
1728 5003 1821 5074 qui
1847 5014 2029 5060 etaevo
2043 5003 2157 5072 jam

567 5091 902 5148 maturiores
920 5105 1123 5161 essent,
1173 5104 1232 5152 et
1279 5112 1311 5150 a
1339 5111 1508 5166 puero
1553 5095 1700 5151 circa
1749 5097 1930 5150 locum
1979 5100 2158 5166 ipsum

566 5181 824 5238 diversati
852 5183 1096 5242 fuissent.

655 5294 698 5349 Ῑ.
719 5326 788 5336 —
813 5312 882 5352 DE
913 5313 1318 5358 TRANSLATIONB
1335 5316 1612 5380 ‘CORPORIS
1641 5317 1828 5360 “NCTI
1853 5318 2065 5361 GOLBIS.

559 5412 799 5493 Cellas.
831 5413 1021 5493 Goaris
1045 5418 1292 5493 _Asuero,
1323 5406 1625 5493 Βηιὴιὶςωὶ
1655 5420 1831 5493 abbati
1855 5438 1889 5476 a
1918 5419 2145 5493 Pippino

636 5485 902 5542 tribuitur.
929 5487 1166 5551 Ecclesia
1197 5506 1301 5544 non
1323 5491 1435 5546 sine
1453 5491 1709 5546 miraculo
1731 5485 2077 5548 instauratur.

635 5599 672 5654 2
723 5597 834 5655 Sed
854 5609 910 5656 ut
944 5600 1010 5656 ad
1043 5602 1412 5658 narrationem
1433 5605 1668 5672 veniam,
1697 5606 1832 5663 cella
1867 5605 1926 5664 S.
1956 5606 2150 5665 Goaris

2279 1611 2528 1686 Pippino,
2556 1627 2709 1686 patre
2743 1631 2986 1693 augustae
3009 1627 3286 1683 memoriae
3311 1611 3776 1701 impemtorisCuoli,

2281 1707 2575 1762 venerabili
2597 1707 2828 1778 Asuero,
2855 1714 2946 1783 qui
2970 1723 3082 1770 tum
3109 1721 3442 1776 monasterio
3459 1721 3657 1779 Prumia:
3677 1728 3775 1795 quod

2282 1799 2475 1855 tertius
2501 1816 2648 1858 nunc
2673 1803 2745 1859 ab
2791 1804 2904 1871 illo,
2951 1816 3108 1876 pater
3131 1809 3358 1879 optime,
3403 1814 3590 1884 regitis,
3629 1818 3778 1886 primus

2279 1901 2539 1960 praeerat,
2564 1905 2651 1949 est
2673 1896 2986 1963 commissa,
3016 1907 3076 1952 ut
3099 1897 3216 1968 ejus
3237 1901 3416 1957 studio
3437 1912 3488 1957 et
3507 1903 3636 1960 locus
3651 1906 3779 1962 melio-

2283 1991 2515 2050 raretur,
2540 1993 2596 2039 et
2621 1985 2714 2056 qui
2745 1986 2800 2040 in
2825 1987 2941 2058 ipso
2969 1988 3228 2060 degerent
3259 1990 3439 2048 clerici
3484 1994 3534 2048 in
3575 1995 3780 2066 religionis

2280 2074 2426 2130 cultu
2451 2081 2507 2130 et
2524 2077 2702 2132 studio
2725 2077 3067 2134 docerentur.
3092 2079 3267 2148 Quam
3291 2081 3379 2136 ille
3391 2094 3663 2154 susceptam
3675 2086 3777 2152 omni

2279 2165 2402 2221 nisu
2447 2167 2697 2224 excolere
2741 2183 2806 2224 ac
2853 2167 3139 2226 nobilitare
3199 2173 3529 2239 desiderans,
3570 2176 3776 2232 basilicam

2278 2269 2440 2327 supra
2468 2272 2664 2328 corpus
2692 2256 2794 2312 viri
2822 2261 2993 2315 sancti
3015 2260 3288 2316 aediﬁcare
3308 2264 3486 2332 coepit,
3511 2281 3615 2336 quae
3635 2276 3678 2320 et
3697 2281 3778 2319 ant-

2277 2345 2544 2418 plitudine
2574 2349 2658 2404 sui
2684 2349 2882 2420 populo
2910 2351 3217 2421 recipiendo
3252 2353 3534 2420 suﬁiceret,
3573 2365 3621 2411 et
3641 2356 3780 2411 decoro

2279 2440 2663 2510 congruentior
2682 2441 2892 2496 meritis
2915 2441 2975 2495 Β.
2999 2443 3332 2500 confessoris
3357 2446 3612 2502 existeret.
3631 2445 3781 2516 Quippe

2277 2531 2428 2601 pritts
2454 2531 2529 2587 ibi
2555 2532 2674 2586 duae
2727 2531 2968 2588 ecclesia:
3013 2549 3124 2589 non
3161 2536 3336 2591 multo
3383 2552 3414 2591 a
3459 2552 3514 2594 se
3556 2539 3700 2608 spatio
3728 2538 3781 2590 di-

2204 2604 2249 2665 Β
2273 2629 2484 2677 stantes
2511 2631 2688 2687 erant,
2719 2638 2948 2692 quarum
2977 2639 3099 2694 quae
3130 2625 3235 2680 situ
3268 2627 3446 2684 minor
3493 2604 3615 2690 erat,
3640 2641 3780 2696 corpus

2274 2712 2584 2768 venerabile
2609 2713 2664 2767 in
2697 2723 2856 2770 terra:
2904 2715 3025 2770 sinu
3073 2717 3354 2774 continere
3391 2716 3780 2782 credebatur,sed

2275 2800 2427 2859 locus
2449 2803 2563 2872 ipse
2587 2804 2817 2874 sepulcri
2853 2805 3095 2862 incertus
3121 2809 3377 2864 omnibus
3404 2819 3532 2863 erat.
3570 2808 3635 2862 Ea
3659 2808 3701 2860 in
3723 2807 3780 2860 sui

2273 2894 2585 2966 integritate
2611 2897 2817 2963 relicta,
2842 2897 3206 2954 fundamentis
3231 2915 3334 2970 per
3369 2901 3630 2957 circuitum
3648 2898 3780 2968 jactis,

2271 2986 2414 3042 hanc
2435 3003 2556 3058 quae
2580 3004 2722 3043 nunc
2743 3004 2915 3058 usque
2944 3001 3128 3046 manet
3147 2993 3542 3062 suprascriptus
3563 2991 3678 3045 abba
3693 3004 3781 3043 con-

2272 3079 2492 3145 struxit,
2534 3094 2637 3134 nec
2663 3080 2812 3150 prior
2833 3088 2918 3135 est
2955 3090 3082 3134 ante
3104 3080 3305 3147 diruta,
3337 3097 3495 3152 quant
3521 3094 3660 3134 onme
3681 3092 3779 3148 pra-

2271 3169 2440 3226 sentis
2467 3169 2753 3226 aediﬁcium
2783 3169 3165 3240 compleretur.
3211 3171 3334 3239 Quo
3362 3173 3416 3227 in
3455 3181 3667 3241 tempore
3701 3181 3779 3222 rem

2270 3261 2465 3316 miram
2509 3262 2602 3332 qui
2647 3261 2788 3319 bene
2837 3271 3104 3318 noverunt
3157 3265 3474 3334 provenisse
3518 3271 3778 3318 testantur:

2269 3354 2414 3422 quod
2443 3355 2614 3410 donec
2637 3355 2905 3410 aediﬁcata
2932 3365 3017 3412 est
3044 3357 3272 3411 basilica
3302 3358 3496 3423 omnis,
3521 3356 3635 3412 nihil
3671 3366 3781 3422 aqua

2268 3442 2486 3512 penitus
2511 3460 2579 3498 ex
2609 3445 2874 3501 imbribus
2923 3447 3138 3502 tametsi
3179 3447 3559 3516 copiosissimis
3598 3445 3644 3500 id
3667 3454 3781 3497 omne

2269 3531 2371 3587 loci
2412 3534 2647 3604 spatium
2693 3535 2768 3590 sit
2806 3534 3123 3606 delapsum;
3179 3537 3281 3592 sed
3323 3553 3447 3592 cum
3489 3537 3614 3592 forte
3640 3531 3781 3603 pluvia

2267 3623 2482 3692 ﬁerent,
2512 3627 2580 3680 ad
2602 3627 2838 3681 medium
2869 3625 3046 3681 Rheni
3076 3627 3314 3696 spatium
3336 3638 3391 3684 et
3420 3640 3651 3683 cacumen
3673 3637 3782 3678 mon-

2269 3716 2338 3771 tis
2365 3730 2463 3784 per
2509 3717 2799 3772 circuitum
2844 3717 3027 3788 pluvia
3071 3718 3353 3785 decidens,
3407 3719 3648 3788 reliquum
3679 3707 3783 3781 quod

2269 3806 2530 3861 intererat
2559 3807 2820 3862 intactum
2868 3806 3086 3877 penitus
3135 3807 3493 3878 relinquebat.
3543 3807 3611 3860 lta
3647 3801 3782 3858 divino

2265 3898 2526 3954 miraculo
2574 3897 2752 3968 palam
2781 3898 2964 3966 ﬁebat,
3018 3913 3180 3969 quam
3225 3911 3446 3968 gratum
3482 3898 3600 3954 illud
3621 3893 3781 3951 aedilicii

2187 3983 2232 4047 C
2263 4006 2400 4061 opus
2420 4004 2655 4059 superno
2682 3990 2951 4059 respectui
2998 3989 3163 4056 foret,
3193 3991 3354 4060 cujus
3403 3988 3681 4047 instantiam
3711 3983 3782 4036 im-

2265 4082 2392 4140 bres
2418 4082 2757 4152 aliquatenus
2778 4081 3038 4151 impedire
3058 4083 3507 4152 prohibebantur.

2335 4174 2392 4228 5.
2429 4171 2669 4229 Ecclesia
2699 4174 2996 4228 dedicatur.
3028 4173 3283 4230 Perfecta
3327 4175 3567 4239 basilica,
3593 4169 3672 4227 ubi
3703 4167 3782 4236 jam

2265 4277 2483 4338 tempus
2528 4282 2636 4337 quo
2678 4260 3120 4322 divino'nomini
3153 4280 3305 4324 esset
3335 4265 3675 4324 consecranda
3695 4272 3782 4315 suc-

2263 4361 2450 4424 cessit,
2497 4358 2647 4414 missi
2697 4367 2823 4413 sunt
2859 4356 2931 4411 ab
2972 4358 3438 4416 excellentissimo
3466 4357 3682 4430 principe
3710 4349 3782 4404 Ca-

2263 4451 2380 4508 rolo
2424 4451 2556 4508 Luc.
2589 4449 2820 4524 [Lullus]
2870 4449 3194 4521 Mogontiaci
3247 4452 3681 4521 archiepiscopus,
3721 4440 3782 4494 \‘ir

2262 4560 2327 4602 ex
2359 4544 2655 4614 Anglorum
2679 4552 2842 4614 gente
2874 4543 3119 4600 moribus
3151 4553 3210 4599 et
3250 4545 3363 4600 vita
3405 4541 3682 4604 laudabilis,
3708 4534 3782 4589 Ba-

2261 4639 2415 4694 sinus
2453 4635 2663 4692 Nemeti
2717 4650 2838 4706 qua:
2883 4637 3078 4692 civitas
3117 4652 3264 4693 nunc
3299 4637 3460 4707 Spira
3502 4640 3712 4694 vocatur,
3743 4631 3782 4679 et

2261 4729 2614 4801 Mehingodus
2642 4730 2796 4787 urbis
2821 4745 2943 4801 qua:
2975 4741 3130 4786 trans
3154 4731 3408 4786 Rhenum
3453 4730 3551 4784 sita
3587 4733 3781 4782 sermone

2258 4824 2491 4880 barbaro
2521 4823 2820 4879 Wirziburc
2863 4823 3189 4896 appellatur,
3227 4824 3486 4896 episcopi,
3526 4821 3610 4893 qui
3639 4823 3781 4874 omnes

2259 4932 2290 4972 a
2317 4915 2376 4971 Β.
2399 4915 2690 4974 Bonefacio
2713 4918 2968 4988 pontiﬁce
2982 4927 3038 4973 et
3062 4925 3304 4990 martyre
3332 4917 3545 4974 fuerant
3567 4907 3778 4970 ordinati;

2259 5018 2319 5064 ut
2352 5023 2448 5078 per
2467 5024 2562 5065 eos
2589 5020 2647 5065 et
2669 5011 2899 5066 ecclesia
2923 5011 3258 5073 consecrari,
3282 5021 3340 5066 et
3368 5022 3561 5080 corpus
3581 5003 3670 5061 viri
3693 5001 3779 5056 bea-

2257 5104 2450 5159 tissimi
2475 5105 2530 5159 in
2565 5120 2689 5161 eum
2719 5121 2827 5178 quo
2850 5121 2996 5162 nunc
3020 5107 3184 5163 situm
3220 5114 3310 5162 est
3347 5105 3522 5163 locum
3554 5089 3779 5158 transferri

2256 5195 2502 5252 deberet.

2177 5351 2232 5411 Ι)
2258 5331 2511 5405 Reliquiar
2533 5331 2595 5411 S_.
2629 5331 2819 5390 Goaris
2845 5335 3093 5411 triduano
3106 5334 3317 5407 jejunio
3339 5335 3654 5411 etgoratione
3674 5338 3778 5411 φιϐ’

2327 5404 2537 5460 runtur.
2564 5404 2820 5473 Inventis,
2847 5407 3096 5462 clericum
3109 5404 3276 5462 manu
3312 5408 3531 5463 debilem
3554 5407 3726 5459 urant.

2323 5518 2382 5572 4.
2416 5517 2650 5574 Ventum
2690 5526 2812 5573 erat
2857 5519 2925 5574 ad
2967 5517 3145 5574 locum
3196 5528 3251 5575 et
3301 5525 3610 5575 consecrata
3656 5515 3792 5566 dom

2250 5609 2536 5665 translatio
2563 5611 2809 5682 corporis
2843 5610 3161 5682 parabatur,
3200 5611 3392 5669 aderat
3429 5611 3649 5667 Asuero:
3673 5598 3776 5657 ab“

633 5747 662 5778 ⁸
697 5739 1056 5799 Ciceroniana
1088 5743 1246 5814 plane
1287 5745 1485 5814 oratio,
1526 5744 1592 5819 in.
1611 5744 1815 5803 scholis
1844 5745 2045 5818 alioqui
2072 5744 2246 5804 ferula
2277 5747 2612 5822 castiganda.
