4000 6352
222 372 320 430 ϐὅῖ

1241 371 1334 430 DE
1367 372 1529 430 Vl'l‘A
1568 371 1655 430 ET
1696 371 2069 432 lllﬂiACULlS
2105 371 2166 431 S.
2204 373 2480 434 GOARIS'.

3357 416 3359 418 -
3389 376 3495 446 0.58

219 503 334 542 cum
367 483 648 542 monachis
687 483 984 554 nonnullis,
1009 492 1068 542 et
1095 483 1368 540 infinitum
1392 485 1588 558 vulgus
1621 487 1793 541 nnde-
1827 491 1873 549 Α
1903 493 1989 542 ter
2005 498 2062 542 et
2084 502 2206 543 cum
2235 487 2425 544 humili
2446 488 2733 546 devotione
2758 487 2994 544 lavatum
3020 489 3089 546 ab
3112 488 3229 560 ipsa
3263 491 3496 547 ecrlesia

220 592 427 648 cunque
467 575 820 632 conﬂuxerat.
869 574 1056 632 Visum
1104 583 1191 632 est
1230 575 1500 648 episcopis
1548 576 1799 632 triduano

215 670 361 740 prius
380 666 588 738 jejunio
616 669 826 723 Domini
857 668 1190 724 voluntatem
1220 668 1585 739 quaerendam,
1623 675 1678 723 et
1715 669 1800 724 sic

216 765 283 820 ad
307 763 562 820 levandas
591 762 846 832 reliquias
878 762 1124 834 corporis
1154 761 1544 831 accedendum.
1587 761 1666 816 Eo
1698 761 1799 832 igi-

215 869 304 915 tur
329 861 397 916 ab
431 857 685 916 omnibus
713 859 906 914 devote
945 868 1166 930 peracto
1195 858 1316 914 Lul.
1350 858 1796 930 archiepiscopus

215 951 272 1006 in
317 951 542 1020 antiqua
581 951 699 1006 aede
727 965 854 1006 suos
891 948 1078 1007 fodere
1118 951 1404 1022 praecepit,
1448 951 1537 1004 uti
1575 957 1797 1020 repente

214 1043 453 1115 reliquiae
498 1043 839 1099 venerabiles
886 1042 1050 1098 levari
1099 1044 1565 1114 trausportarique
1625 1043 1794 1116 debe-

211 1129 351 1192 rent.
381 1136 490 1190 Sed
519 1149 644 1189 cum
665 1149 827 1189 omne
847 1134 965 1205 ejus
997 1134 1172 1190 solum
1215 1133 1488 1190 defossum
1517 1142 1793 1205 pertenta-

210 1232 431 1294 tummte
468 1232 634 1288 esset,
666 1231 766 1278 nec
794 1233 972 1277 tamen
1009 1225 1126 1293 ejus
1160 1224 1251 1292 qui
1276 1223 1624 1293 quaerebatur
1671 1225 1794 1280 the-

208 1317 355 1372 sauri
387 1315 604 1387 aliquod
633 1327 906 1386 repertum
953 1317 1249 1381 indicium,
1296 1300 1546 1372 turbatus
1584 1317 1796 1387 episco-

207 1421 310 1478 pus
336 1423 404 1462 ex
456 1406 650 1460 abbate
702 1406 914 1475 Interit,
966 1405 1018 1460 si
1059 1406 1114 1460 in
1171 1406 1290 1460 loco
1347 1405 1514 1476 aliqui
1543 1405 1635 1476 qui
1675 1407 1795 1466 Deo

209 1500 476 1556 servirent
513 1498 699 1554 clerici
728 1499 1080 1553 haberentur.
1105 1497 1242 1553 Cum
1266 1497 1356 1553 ille
1396 1513 1490 1553 sex
1523 1512 1648 1553 esse
1673 1505 1794 1552 tan-

212 1591 492 1646 tummodo
536 1589 924 1659 respondisset,
961 1603 1054 1644 eos
1099 1589 1165 1642 ad
1216 1604 1274 1642 se
1312 1587 1557 1658 pontifex
1590 1589 1795 1644 accitos

209 1683 474 1744 hortatur,
506 1679 585 1734 uti
625 1695 724 1749 pro
747 1680 1068 1734 inveniendo
1097 1679 1308 1747 patroni
1339 1679 1422 1733 sui
1450 1694 1677 1748 corpore
1707 1678 1792 1732 di-

204 1774 341 1829 vinat
368 1772 756 1828 misericordiae
797 1771 1200 1840 supplicarent;
1235 1770 1373 1824 alios
1416 1770 1509 1840 qui
1559 1770 1791 1824 aderant

1902 578 1958 633 in
1984 593 2177 634 novam
2202 579 2420 636 domum
2457 596 2555 652 per
2583 582 2714 638 illud
2755 581 2899 652 quod
2927 582 3192 638 intererat
3216 583 3378 654 spatii
3407 599 3496 641 re-

1901 669 2128 738 portari,
2159 684 2333 741 neque
2366 671 2434 725 ad
2462 672 2604 744 vulgi
2645 672 2888 728 favorem
2925 671 3139 744 longius
3183 681 3244 728 ut
3283 679 3492 731 statue-

1901 767 2025 814 rant
2045 760 2398 818 circumduci.
2432 763 2534 818 Vix
2559 763 2796 833 pontifex
2833 763 2998 819 verba
3030 763 3260 829 ﬁnierat,
3293 774 3348 820 et
3378 780 3497 820 mo-

1901 862 2012 907 tum
2055 855 2312 912 continuo
2340 855 2601 911 feretrum
2629 865 2776 911 tanta
2806 855 3062 912 facilitate
3114 850 3350 912 leva'tum
3379 871 3490 925 eat,

1899 962 1963 1002 ac
1991 948 2035 1003 si
2076 949 2260 1004 oneris
2289 949 2491 1020 aliquid
2541 949 2820 1006 habuisset
2850 967 3167 1022 nunquam;
3203 952 3494 1022 relataque

1898 1043 1952 1098 iu
1978 1044 2150 1099 aedem
2176 1060 2371 1100 novam
2416 1061 2514 1115 per
2559 1047 2842 1116 episcOpos
2871 1054 2927 1101 et
2952 1047 3203 1102 abbatem
3246 1046 3500 1130 reliquias!

1896 1137 2254 1203 venerabiles,
2285 1137 2338 1193 in
2383 1153 2448 1192 eo
2489 1154 2596 1209 quo
2624 1154 2769 1193 nunc
2816 1138 3068 1192 coluntur
3114 1138 3234 1193 loco
3278 1133 3500 1195 summo

1901 1229 2106 1286 honore
2135 1241 2263 1286 sunt
2288 1240 2342 1286 et
2367 1233 2669 1286 reverentia
2713 1233 2974 1298 condite;
3006 1233 3242 1302 denique
3270 1232 3492 1303 pallium

1896 1323 2039 1394 quod
2062 1339 2229 1393 supra
2271 1325 2669 1396 sarcophagum
2704 1333 2977 1394 repertum
3024 1341 3187 1396 supra
3231 1325 3493 1390 diximus,

1895 1413 2162 1484 hodieque
2197 1429 2363 1485 super
2390 1414 2563 1471 altare
2610 1414 2855 1471 ecclesiae
2891 1415 3264 1487 incorruptum
3301 1432 3490 1487 perseo

1893 1515 2066 1562 verat.
2099 1505 2190 1562 Sic
2222 1521 2319 1576 per
2346 1506 2606 1578 longioris
2633 1506 2732 1561 aevi
2767 1515 3010 1577 tempora
3041 1509 3208 1563 vestis
3236 1507 3380 1563 illius
3411 1507 3464 1562 in
3484 1535 3508 1548 -

1896 1608 2044 1669 tegra
2073 1609 2274 1664 manet,
2305 1599 2459 1669 cujus
2488 1598 2626 1670 apud
2657 1597 2824 1652 Deum
2870 1599 3062 1654 merita
3090 1616 3306 1670 semper
3333 1599 3488 1654 inde-

1895 1684 2036 1741 fecta
2095 1687 2414 1758 perdurant.
2464 1687 2848 1744 Consummata
2899 1687 2953 1742 in
3000 1689 3146 1744 omni
3199 1704 3362 1760 opere
3393 1703 3493 1743 suo

1894 1778 2137 1845 basilica,
2167 1789 2222 1835 et
2248 1779 2510 1835 memoria
2535 1781 2706 1836 sancti
2737 1780 2837 1834 viri
2871 1789 2929 1834 ut
2959 1781 3247 1852 oportebat
3269 1788 3484 1845 ornata,

205 1866 261 1920 ill
297 1880 392 1919 sua
425 1866 492 1918 ad
539 1872 752 1934 ιθιηριιε
779 1877 838 1918 se
879 1864 1122 1933 τθοίρθτθ
1164 1863 1450 1928 mandans.
1506 1861 1621 1931 ipse
1662 1877 1781 1917 cum
1819 1841 2172 1943 chperunt
2223 1872 2487 1928 miracula
2519 1871 2590 1927 ibi
2625 1871 2997 1942 beneficiaque
3039 1873 3219 1927 divina
3250 1871 3482 1927 subinde

203 1955 398 2010 abbate
426 1965 481 2010 et
536 1955 874 2025 coepiscopis
926 1954 994 2008 ad
1048 1953 1442 2009 convivandum
1499 1953 1784 2010 abscessit.

201 2046 340 2102 Tum
367 2048 459 2118 qui
505 2054 884 2101 remanserant
903 2046 1095 2101 clerici
1141 2044 1371 2101 sollicite
1393 2044 1670 2100 Christum
1701 2060 1788 2100 ro-

201 2155 352 2210 gare,
379 2148 438 2193 ut
456 2139 678 2193 ubinam
703 2139 1024 2194 veneranda:
1041 2138 1284 2208 reliquit!)
1307 2137 1789 2194 conditzelatereut

200 2230 444 2300 reperire
470 2229 736 2286 valerent.
765 2231 896 2285 Erat
924 2229 1069 2284 inter
1082 2230 1218 2285 alios
1243 2231 1463 2300 quidam
1483 2227 1784 2284 Madalher-

201 2333 290 2379 tus
309 2322 528 2378 nomine
547 2322 780 2378 clericus
809 2339 973 2377 manu
997 2323 1220 2378 dextera
1245 2337 1543 2394 gressuque
1568 2320 1781 2376 debilis.

197 2416 252 2472 Is
274 2424 522 2487 correpto
547 2415 725 2484 ligone
751 2416 1072 2487 simpliciter
1096 2432 1110 2468 :
1138 2415 1310 2479 Nunc,
1337 2415 1536 2484 inquit,
1566 2414 1613 2469 si
1642 2412 1784 2470 Deus

197 2508 365 2574 volet,
396 2509 485 2564 ubi
522 2491 676 2564 meus
703 2509 953 2564 dominus
983 2509 1120 2563 situs
1141 2508 1232 2572 sit,
1259 2506 1440 2576 palam
1469 2506 1602 2571 erit,
1641 2504 1786 2560 Con-

199 2600 488 2670 festimque
514 2606 668 2654 extra
694 2599 926 2669 spatium
955 2597 1099 2652 illius
1123 2597 1359 2665 antiqua:
1378 2596 1508 2651 aedis
1528 2609 1784 2666 progres-

197 2703 324 2754 sus;
349 2697 403 2744 et
425 2703 533 2744 non
555 2687 712 2760 longe
733 2686 803 2742 ab
830 2686 1082 2742 orientali
1104 2687 1221 2757 ejus
1258 2685 1464 2756 pariete
1489 2694 1693 2740 terram
1718 2683 1783 2738 li-

197 2794 337 2853 gone
367 2780 698 2851 percutiens,
744 2778 970 2834 laterem
1011 2778 1120 2833 ictu
1166 2785 1370 2832 motum
1401 2775 1634 2841 levavit;
1673 2787 1782 2844 quo

196 2874 376 2930 levato
409 2881 466 2928 et
498 2871 710 2928 modico
737 2870 1003 2926 foramine
1049 2868 1340 2938 patefacto,
1384 2865 1618 2922 debilem
1667 2879 1782 2920 ma-

195 2979 329 3020 num
356 2962 618 3028 adhibuit,
661 2971 718 3017 et
741 2961 1098 3018 holosericam
1129 2969 1357 3022 vestem,
1388 2974 1493 3028 qua
1521 2955 1662 3012 infra
1688 2971 1780 3012 se-

195 3064 351 3127 ptum
370 3053 614 3109 latericio
637 3052 846 3122 pariete
872 3061 1139 3107 structum
1170 3050 1564 3120 sarcophagum
1587 3063 1780 3119 corpo-

145 3157 154 3165 '
192 3147 277 3201 ris
304 3145 584 3216 tegebatur
612 3143 1059 3215 comprehensam
1101 3144 1286 3207 traxit,
1317 3140 1549 3211 moxque
1581 3157 1777 3197 manus

191 3234 315 3306 ejus
359 3235 590 3290 antehac
637 3233 832 3290 debilis
871 3235 1092 3290 sanitati
1137 3244 1222 3290 est
1265 3235 1538 3290 restituta.
1592 3232 1779 3304 Itaque

190 3327 392 3383 festiue
421 3329 631 3384 detecto
658 3327 1018 3399 sarcophago,
1045 3335 1100 3382 et
1120 3327 1188 3382 ad
1231 3342 1349 3382 rem
1375 3341 1569 3379 novam
1601 3326 1783 3396 signo-

192 3433 318 3474 rum
360 3419 724 3474 commotione
773 3418 1044 3488 episcopis
1101 3427 1159 3474 et
1202 3417 1400 3489 populo
1443 3418 1778 3482 convocatis,

185 3509 557 3580 omnibusque
583 3509 676 3580 qui
711 3509 937 3565 aderant
965 3501 1074 3566 Deo
1101 3510 1289 3566 laudes
1315 3519 1372 3566 et
1412 3510 1616 3582 gratias
1643 3509 1785 3566 refe-

188 3601 462 3664 rentibus,
491 3615 687 3672 corpus
716 3600 818 3656 viri
858 3603 1048 3657 sancti=
1084 3601 1225 3658 intra
1284 3604 1676 3675 sarcophagum
1725 3603 1782 3660 in

186 3690 389 3747 locello
411 3691 663 3764 plumbeo
701 3702 970 3762 repertum
1001 3703 1104 3749 est.
1153 3693 1306 3762 Quod
1349 3694 1492 3751 illico
1521 3696 1779 3765 levatum,

184 3789 363 3852 atque
402 3781 456 3837 in
487 3781 688 3838 feretro
721 3784 1100 3854 compositum,
1142 3800 1207 3840 ex
1249 3801 1315 3842 eo
1345 3786 1464 3842 loco
1489 3787 1556 3843 ad
1585 3776 1782 3844 orato-

184 3873 343 3929 rium
390 3873 453 3928 Β.
493 3874 698 3940 Mariae,
754 3877 898 3946 quod
929 3893 998 3932 ex
1037 3877 1264 3948 antiquo
1294 3878 1347 3934 iu
1393 3879 1574 3935 vicino
1617 3881 1781 3937 situm

184 3974 336 4029 erat,
365 3966 636 4022 sublatum
659 3977 763 4033 est,
797 3969 1137 4028 referendum
1169 3973 1330 4042 paulo
1353 3981 1476 4044 post
1500 3984 1783 4045 spectante

183 4055 396 4128 pepulo
427 4057 482 4112 in
511 4059 642 4114 aedis
668 4076 826 4135 novae
865 4061 1042 4117 locum
1085 4064 1134 4118 ei
1174 4064 1483 4134 recipiendo
1507 4073 1775 4135 paratum.

263 4147 322 4202 5.
377 4146 648 4219 Relitptiw,
690 4133 858 4220 prim'o
887 4153 1196 4218 immobiles,
1221 4155 1274 4208 in
1298 4171 1484 4211 novam
1509 4155 1781 4211 ecclesiam

181 4237 526 4307 deferuntur.
565 4271 634 4281 -
673 4241 861 4298 Visum
887 4244 1083 4300 deinde
1121 4245 1393 4320 episcopis
1431 4256 1536 4313 est,
1564 4257 1624 4302 ut
1647 4264 1782 4320 quo-

182 4327 348 4382 uiam
391 4337 610 4400 propter
653 4333 936 4403 angustias
970 4333 1072 4390 loci
1118 4315 1264 4408 ﬂiam
1305 4315 1373 4391 ex
1419 4337 1588 4393 altera
1627 4315 1783 4409 parte

181 4420 393 4476 Rheno
421 4419 660 4490 ﬂumine,
703 4439 770 4480 ex
801 4426 970 4482 altera
997 4436 1181 4484 monte
1218 4427 1480 4485 altissimo
1523 4430 1779 4503 cingitur)

180 4513 391 4584 vulgus
409 4530 569 4602 omne
614 4515 763 4573 coire
801 4518 855 4573 in
884 4534 1048 4574 unum
1077 4535 1183 4576 non
1212 4529 1444 4592 poterat,
1476 4522 1529 4576 in
1559 4522 1777 4594 longqu

176 4604 348 4660 circa
378 4605 586 4663 radices
614 4609 816 4666 mentis
859 4609 1296 4679 diffunderetur;
1335 4622 1391 4670 et
1432 4614 1506 4668 ita
1538 4613 1783 4686 reliquiae

176 4699 550 4767 venerandae,
583 4708 807 4773 propter
825 4701 1184 4775 frequentiam
1206 4714 1262 4761 et
1287 4705 1615 4763 desiderium
1641 4706 1781 4762 mul-

175 4789 452 4846 titudiuis
496 4791 659 4862 paulo
710 4793 925 4866 longius
963 4804 1261 4866 exportatae
1308 4811 1403 4868 per
1448 4799 1782 4870 superiorem

170 4883 342 4937 viam
370 4898 492 4954 qua:
519 4885 662 4942 circa
692 4887 906 4944 radices
931 4890 1131 4945 montis
1153 4888 1388 4957 deducit,
1416 4892 1469 4946 in
1494 4891 1782 4948 ecclesiam

167 4989 410 5032 novam
443 4988 848 5036 revocarentur.
881 4979 996 5036 Hoc
1030 4971 1240 5052 prolato
1263 4984 1508 5052 consilio,
1551 5001 1672 5039 cum
1706 4985 1784 5042 le-

167 5083 322 5122 vare
350 5067 608 5125 fcretrum
637 5072 876 5143 episcopi
896 5073 1214 5140 voluissent,
1244 5075 1316 5130 ita
1351 5084 1437 5131 est
1480 5092 1786 5148 praegravat:

170 5168 308 5214 tum
355 5169 416 5215 ut
450 5163 656 5219 moveri
691 5165 914 5222 omnino
961 5182 1069 5223 non
1097 5177 1302 5239 posset.
1350 5169 1487 5227 Hinc
1530 5173 1783 5230 omnibus

165 5253 477 5322 suspensis
504 5253 811 5313 diutissime
844 5267 901 5314 et
937 5259 1290 5324 haerentibus,
1313 5263 1776 5335 archiepiscopus,

169 5343 303 5400 Deo
338 5352 396 5400 ut
431 5353 555 5415 post
598 5346 796 5404 claruit
843 5349 1160 5420 inspiratus,
1210 5351 1500 5425 alloquitur
1546 5355 1779 5425 plebem,

161 5436 418 5491 beatum
439 5435 671 5494 Goarem
700 5443 878 5511 quoad
908 5443 1105 5500 vixerit
1125 5445 1338 5502 inanem
1369 5447 1596 5519 gloriam
1625 5465 1784 5505 mun-

164 5528 277 5595 di,
301 5529 639 5604 plaususque
660 5534 938 5593 hominum
961 5546 1018 5593 et
1038 5539 1272 5616 favores,
1303 5551 1362 5597 ut
1393 5557 1504 5598 rem
1536 5542 1783 5615 fragilem

158 5630 238 5676 ct
301 5620 570 5684 caducam
629 5641 816 5682 amore
864 5628 1128 5686 bonorum
1183 5633 1503 5702 perenuium
1548 5643 1788 5690 content-

161 5713 372 5784 psisse
393 5730 408 5780 ;
431 5729 496 5769 ea
526 5715 640 5787 ipsa
677 5718 1026 5778 nihilominus
1051 5735 1174 5778 eum
1199 5733 1320 5793 post
1337 5724 1544 5781 obitum
1571 5740 1786 5796 quoque

159 5815 569 5865 t-ontcmnere.
601 5807 835 5869 Proinde
857 5822 1106 5887 Oportere
1135 5829 1342 5886 corpus
1373 5812 1488 5885 ejus
1518 5815 1786 5889 simplici-

1889 1961 2189 2015 cumulari:
2217 1962 2502 2031 dequihus
2539 1963 2664 2017 hinc
2694 1962 2871 2032 aliqua
2919 1963 2965 2017 si
3011 1961 3216 2032 possim
3259 1962 3482 2016 teutabo

1888 2054 2280 2124 perstringere,
2309 2053 2440 2122 quid
2466 2053 2567 2107 sub
2602 2067 2710 2122 quo
2735 2060 2947 2122 gestum
2972 2050 3138 2106 fuerit
3166 2051 3362 2107 abbate
3390 2067 3483 2106 or-

1890 2143 2016 2226 dine
2041 2151 2260 2200 servato
2297 2157 2758 2199 commemorans.

1937 2261 2001 2316 ll.
2050 2293 2119 2302 —
2158 2277 2423 2318 lintCULA
2459 2278 2631 2320 non
2669 2278 2914 2319 τειιροιιιι
2951 2278 3139 2320 Αειιειιι
3180 2279 3431 2320 Λευιτιε.

2233 2355 2307 2410 De
2339 2357 2459 2411 vino
2484 2356 2624 2426 quod
2653 2357 2872 2414 excrevit
2902 2357 3142 2429 incupa.

1957 2464 2012 2520 6.
2069 2463 2261 2520 Asueri
2303 2466 2395 2535 qui
2435 2465 2642 2535 primus
2686 2467 2938 2522 ccenobio
2985 2465 3217 2522 Prumiaz
3263 2465 3483 2537 przefnit

1887 2561 2129 2624 tempore
2155 2552 2294 2608 forte
2317 2554 2534 2618 accidit,
2565 2561 2624 2610 ut
2650 2555 2850 2610 assolet
2873 2570 2942 2611 ex
2982 2564 3144 2611 terrae
3168 2555 3476 2616 sterilitate.

1883 2644 2150 2700 minorem
2194 2645 2248 2700 in
2273 2643 2495 2700 Gallicis
2536 2644 2854 2716 regionibus.
2882 2646 2991 2700 vini
3025 2646 3234 2717 copiam
3282 2661 3476 2717 prove-

1882 2732 2048 2790 nisse.
2085 2731 2314 2804 Jamque
2348 2748 2501 2790 novae
2529 2734 2817 2790 vindemia:
2860 2744 3104 2806 tempora
3144 2737 3479 2808 propinqua-

1881 2825 2032 2890 bant,
2061 2830 2117 2879 et
2136 2821 2349 2881 clericis
2376 2824 2431 2879 in
2470 2823 2610 2880 cella
2637 2823 2744 2880 viri
2771 2826 2948 2881 sancti
2985 2827 3328 2899 degentibus,
3368 2845 3479 2884 una

1881 2913 2216 2971 solummodo
2243 2915 2549 2986 viuicupa.
2579 2925 2886 2987 supererat.
2931 2917 3006 2973 Ea
3055 2934 3180 2975 cum
3227 2921 3485 2992 coepisset

1879 3007 2129 3080 expendi,
2155 3007 2624 3077 etquotidiecum
2651 3008 2860 3065 eisdem
2885 3009 3121 3075 clericis,
3149 3022 3262 3066 tum
3288 3013 3472 3083 hospi-

1879 3097 2025 3160 tibus
2067 3112 2294 3169 quorum
2356 3097 2431 3154 ibi
2485 3096 2788 3170 frequentia
2840 3116 2948 3156 non
2995 3101 3217 3156 minima
3257 3117 3475 3174 semper

1805 3193 1851 3258 Ο
1880 3189 2085 3256 existit,
2110 3204 2178 3246 ex
2198 3204 2262 3244 ea
2289 3189 2479 3261 pocula
2513 3191 2907 3262 praeberentur,
2937 3192 3113 3264 spatio
3135 3209 3326 3248 novem
3357 3194 3474 3251 sive

1881 3291 2005 3338 octo
2027 3281 2234 3339 dierum
2265 3289 2560 3349 transacto,
2588 3297 2711 3338 cum
2746 3283 2832 3338 vix
2859 3284 3037 3339 media
3064 3284 3181 3355 ejus
3203 3293 3356 3356 parte
3394 3285 3479 3340 vel

1881 3373 2039 3429 tertia
2076 3373 2260 3429 vinum
2301 3374 2566 3432 contineri
2607 3385 2913 3448 putaretur,
2963 3388 3188 3448 repente
3224 3380 3277 3433 in
3305 3394 3369 3434 ea
3406 3380 3478 3434 ad

1880 3483 2150 3526 summum
2177 3483 2349 3538 usque
2387 3477 2662 3540 repertum
2693 3478 2785 3524 est
2818 3469 3148 3534 excrevisse,
3192 3479 3254 3524 ut
3298 3469 3481 3538 subja-

1881 3577 2010 3620 cens
2048 3576 2264 3633 quoque
2296 3561 2668 3632 pavimentum
2699 3560 2883 3615 vinum
2923 3568 3276 3617 excresceute
3312 3559 3478 3617 fuerit

1880 3651 2260 3708 madefactum.
2291 3652 2358 3706 Et
2394 3651 2590 3708 merito
2617 3652 2871 3722 quoniam
2906 3653 2990 3727 vir
3015 3653 3207 3708 beatus
3234 3653 3473 3724 hospita-

1881 3741 2088 3800 litatem
2142 3743 2359 3814 proprie
2413 3750 2470 3798 et
2517 3744 2729 3800 smcere
2779 3744 2959 3813 quoad
3009 3744 3145 3799 vixit
3193 3746 3476 3810 exercuit,

1883 3843 2062 3890 actum
2093 3842 2200 3900 est,
2231 3848 2299 3889 ne
2322 3833 2405 3889 vel
2447 3834 2580 3905 ipsis
2606 3833 2969 3890 servientibus
2995 3873 3010 3899 ,
3039 3834 3126 3889 vel
3171 3835 3479 3906 hospitibus

1881 3925 1973 3998 qui
1998 3925 2411 3997 supervenirent
2435 3925 2578 3981 unde
2603 3925 2788 3980 vinum
2819 3925 3223 3980 ministraretur
3245 3927 3476 3982 deesset.

2033 4043 2113 4099 De
2139 4043 2256 4097 vino
2277 4041 2416 4112 quod
2447 4052 2630 4112 aperto
2659 4057 2808 4112 cupa:
2829 4041 3073 4095 cuniculo
3097 4042 3312 4096 mansit.

1951 4135 2004 4190 7.
2045 4133 2114 4190 Et
2139 4143 2197 4189 ut
2219 4133 2539 4188 miraculum
2567 4132 2745 4188 simile
2770 4133 2996 4188 subdam
3021 4145 3036 4186 :
3066 4134 3300 4202 quodam
3339 4143 3490 4188 temp.

1882 4237 2014 4294 pore
2043 4238 2164 4278 cum
2208 4221 2522 4278 cellerarius
2551 4221 2654 4277 loci
2699 4221 2915 4278 nomine
2945 4221 3472 4278 llorduiuusdmmir

1882 4322 2044 4370 neute
2068 4314 2182 4385 jam
2206 4313 2382 4369 noctis
2406 4312 2611 4383 quiete,
2634 4311 2819 4367 vinum
2843 4312 2910 4368 de
2922 4327 3056 4382 cupa
3074 4313 3322 4382 quadam
3344 4312 3481 4368 hau-

1882 4405 2064 4470 sisset,
2092 4403 2318 4474 contigit
2349 4412 2412 4457 ut
2439 4417 2591 4474 cupa:
2619 4401 2930 4459 cuniculum
2965 4402 3116 4458 aliud
3141 4401 3284 4456 forte
3314 4402 3480 4457 medi-

1885 4505 2006 4550 tans
2052 4493 2267 4549 infirme
2296 4493 2572 4548 clauderet
2611 4501 2668 4548 et
2699 4491 2897 4547 abiret.
2939 4491 3182 4560 Cumque
3228 4494 3480 4560 sequenti

1812 4563 1860 4622 ί)
1885 4585 1972 4640 die
2001 4599 2279 4654 regressus
2303 4584 2372 4640 ad
2393 4585 2637 4639 eamdem
2660 4598 2864 4653 cupam.
2879 4583 3136 4649 venisset,
3157 4583 3480 4639 cuniculum
3506 4597 3510 4604 ‘

1885 4675 2103 4746 quidem
2131 4683 2380 4746 apertum
2401 4673 2627 4738 invenit,
2653 4682 2709 4728 et
2733 4681 2858 4728 ante
2879 4673 3028 4727 illum
3053 4673 3270 4729 ductam
3289 4688 3420 4726 arau
3431 4676 3480 4729 ei

1888 4767 2082 4834 telam;
2123 4768 2219 4824 sed
2262 4768 2339 4823 ita
2376 4767 2560 4822 vinum
2592 4766 2646 4821 in
2681 4781 2819 4836 cupa
2846 4774 3092 4831 steterat,
3135 4775 3195 4820 ut
3224 4783 3292 4822 ne
3318 4767 3484 4823 unius

1886 4857 2104 4928 quidem
2133 4865 2299 4929 gutta:
2327 4856 2394 4914 de
2416 4870 2479 4911 ea
2510 4854 2672 4927 lapsa:
2701 4855 2961 4914 indicium
2983 4854 3038 4910 in
3063 4862 3376 4928 pavimento
3401 4870 3486 4912 re-

1885 4949 2054 5020 periri
2080 4949 2306 5006 valeret.

1994 5059 2074 5115 De
2108 5075 2256 5115 servo
2285 5058 2544 5116 Widoniso
2562 5059 2840 5132 cujusdam
2871 5057 3062 5113 claudo
3086 5066 3136 5112 et
3160 5069 3378 5114 tanaim.

1957 5152 2010 5210 8.
2053 5152 2157 5209 Per
2183 5153 2324 5208 idem
2353 5162 2564 5224 tempus
2587 5168 2709 5209 cum
2736 5153 2800 5206 ad
2832 5152 3007 5206 locum
3031 5151 3278 5207 Widonts
3299 5153 3481 5222 cttjus.

1889 5245 2012 5302 dam
2037 5246 2104 5301 de
2129 5245 2403 5302 nobilibus
2418 5261 2618 5302 servus
2629 5245 2940 5302 claudicans
2961 5245 3336 5306 advenissetet
3361 5261 3476 5300 med

1889 5337 2009 5394 ritis
2063 5337 2235 5394 sancti
2282 5336 2403 5392 viri-
2433 5346 2675 5403 sanatus,
2720 5335 3090 5394 ecclesiastico
3144 5351 3204 5392 se
3253 5338 3479 5392 servitio

1879 5428 2234 5499 permittente
2277 5442 2376 5483 suo
2417 5427 2638 5483 domino
2679 5427 3046 5498 mancipavit,
3087 5442 3153 5483 ac
3195 5442 3302 5482 non
3350 5435 3476 5497 post

1888 5519 2114 5574 multum
2150 5519 2412 5589 temporis
2451 5523 2734 5591 presbyter
2777 5520 2954 5575 lactus
2978 5517 3155 5574 adhuc
3191 5534 3314 5574 cum
3358 5519 3474 5573 haec

1887 5607 2264 5665 scribebantur
2294 5609 2347 5663 in
2378 5609 2482 5665 hac
2504 5609 2612 5664 vita
2639 5619 2939 5680 supererat.

2190 5722 2264 5778 De
2286 5723 2516 5796 quodam
2541 5724 2789 5795 Freculfo
2816 5733 2985 5778 mente
3006 5734 3178 5792 capto.

1962 5818 2014 5873 9.
2058 5817 2169 5873 Sub
2195 5817 2386 5874 eodem
2417 5818 2626 5874 Asuero
2652 5819 2870 5890 quidam
2915 5816 3090 5887 major
3129 5814 3290 5887 regiv‘
3332 5809 3480 5871 villa
