4000 6352
540 341 647 402 659

1525 337 2036 400 WANDALBERTI
2074 342 2496 400 PRUMIENSIS
2534 342 2847 402 MONACHI
3675 360 3751 418 εω

541 475 664 529 quia
709 473 818 516 non
862 458 1212 533 longeposita
1231 457 1473 515 Wasalia
1509 459 1742 525 dicitur,
1794 457 2134 523 Frecholfus,
2166 461 2218 522 Α
2243 459 2588 527 stultissimo,
2635 460 2746 517 imo
2773 459 3164 532 superbissimo
3195 462 3370 518 animo
3391 463 3488 520 loci
3501 473 3750 533 venerandi,

543 550 766 607 nomine
807 559 988 607 mente
1013 558 1222 620 captus,
1252 563 1374 605 cum
1401 558 1544 606 esset
1573 550 1734 606 asuis
1763 549 1831 604 ad
1878 563 2142 605 venerano

544 644 670 700 dam
702 643 1017 700 memoriam
1049 643 1332 712 deductus,
1369 644 1571 701 mentis
1602 645 1890 701 sanitatem
1915 643 2140 715 recepit.

756 757 835 826 De
861 755 1126 810 Waltario
1155 757 1378 812 homine
1399 755 1560 812 nobili
1581 757 1926 813 da’moniaco.

620 869 706 923 10.
747 867 1046 923 Waltarius
1087 869 1335 939 quidam,
1363 870 1523 925 homo
1553 871 1848 926 secundum
1884 869 2141 924 saeculum

545 961 762 1024 nobilis,
801 958 895 1029 qui
935 974 1080 1013 nunc
1107 975 1279 1028 usque
1309 967 1580 1030 superest,
1629 976 1755 1015 cum
1799 961 2144 1015 vexationem

545 1051 923 1121 gravissimam
952 1057 1248 1115 pateretur,
1281 1058 1337 1106 et
1362 1051 1579 1106 imlubie
1611 1051 1808 1121 spiritu
1842 1051 2144 1105 daemonica
2223 1043 2231 1052 ’

545 1139 819 1213 ageretur,
848 1141 1061 1197 insutus
1090 1143 1240 1197 corio
1269 1143 1334 1197 ad
1377 1143 1740 1199 venerabilem
1771 1141 2035 1198 tumulum
2061 1151 2146 1196 est

546 1237 896 1306 deportatus;
925 1235 1020 1290 ubi
1061 1251 1183 1291 cum
1215 1235 1528 1306 aliquandiu
1547 1236 1836 1305 jacuisset,
1868 1236 2146 1305 prolensis

545 1325 818 1390 manibus,
855 1325 1093 1396 seipsum
1142 1341 1344 1395 suaque
1375 1327 1558 1380 omnia
1593 1335 1782 1380 sancto
1822 1324 1983 1380 Goari
2031 1341 2146 1379 ma-

547 1431 668 1487 gnae
694 1415 846 1472 vocis
872 1414 1214 1486 professione
1241 1415 1490 1483 subjecit,
1529 1425 1583 1470 et
1624 1415 1882 1482 optimam
1929 1415 2150 1486 insuper

544 1509 760 1564 vineam
802 1509 971 1573 dedit,
1027 1523 1149 1578 qum
1191 1523 1335 1564 nunc
1369 1524 1538 1578 usque
1592 1508 1646 1563 in
1703 1507 1946 1578 ejusdem
1986 1505 2146 1562 Cellae

546 1601 896 1671 possessione
928 1601 1228 1672 perdurat;
1259 1601 1624 1671 continuoque
1651 1615 1715 1656 ca
1746 1615 1910 1670 quam
1956 1599 2150 1654 diutis-

549 1694 687 1748 sime
709 1709 902 1764 passus
924 1693 1102 1748 fuerat
1133 1692 1370 1747 amentia
1396 1691 1592 1746 caruit.
1620 1690 1672 1746 Is
1709 1691 1979 1760 hodieque
2019 1689 2150 1744 licet

550 1785 606 1840 in
637 1785 887 1841 libertate
932 1785 1151 1856 propria
1199 1793 1436 1850 maneat,
1477 1793 1533 1840 et
1577 1784 1850 1839 interdum
1902 1783 2146 1840 avaritiae

549 1885 683 1931 aestu
723 1891 1019 1931 succensus
1051 1876 1184 1947 (uta
1218 1875 1403 1930 multis
1454 1875 1755 1946 incusatur)
1789 1873 1964 1930 aliena
2010 1889 2146 1945 quo-

550 1985 656 2039 que
680 1969 914 2039 diripiat,
959 1983 1174 2024 servum
1211 1982 1270 2023 se
1315 1975 1494 2022 tamen
1520 1965 1695 2021 sancti
1737 1964 1970 2032 Goaris,
1993 1966 2146 2023 etab

551 2078 618 2116 eo
645 2071 896 2117 sanatmn
923 2075 1042 2117 esse
1066 2075 1203 2116 voce
1226 2059 1504 2115 liberrima
1540 2066 1897 2130 protestatur.

551 2174 630 2227 De
661 2172 942 2244 Reginario
971 2171 1208 2247 ejusdem
1245 2170 1498 2296 Walt‘arii
1533 2181 1725 2242 patruo
1771 2188 1867 2242 pro
1903 2171 2146 2243 superbia

1252 2259 1378 2296 eum
1407 2258 1456 2296 ο.

1252 2258 1456 2313 punuo.

625 2354 712 2408 il.
769 2352 1026 2424 Ejusdem
1071 2351 1322 2408 Waltarii
1373 2359 1603 2422 patruus
1651 2351 1870 2408 nomine
1916 2349 2148 2422 Regina-

552 2448 688 2508 rius,
715 2449 878 2502 homo
899 2446 1026 2502 licet
1054 2443 1276 2509 nobilis,
1299 2444 1544 2499 moribus
1573 2453 1754 2498 tamen
1782 2451 1836 2497 et
1874 2452 1998 2497 actu
2026 2457 2149 2497 cru-

551 2539 761 2596 delitati
807 2546 972 2608 atque
1024 2535 1269 2591 avaritize
1327 2535 1596 2598 subditus,
1643 2549 1767 2590 cum
1798 2534 1974 2589 locum
2025 2549 2150 2588 san-

550 2640 699 2687 ctum
737 2637 1039 2701 sperneret,
1076 2639 1132 2682 et
1173 2642 1365 2683 omnes
1405 2626 1664 2682 Romana
1717 2639 1742 2667 ιι
1798 2626 2040 2681 nationis
2085 2639 2149 2681 ac

551 2720 750 2792 linguae
775 2720 1023 2776 homines
1062 2719 1133 2774 ita
1163 2719 1396 2788 quodam
1428 2718 1696 2790 gentilitio
1736 2717 1862 2774 odio
1900 2732 2150 2774 exsecra-

552 2823 723 2878 retur,
755 2819 816 2866 ut
849 2827 916 2866 ne
945 2811 1133 2865 videre
1159 2810 1378 2880 quidem
1403 2824 1592 2866 eorum
1628 2809 1864 2880 aliquem
1914 2809 2152 2879 aequani-

550 2907 716 2962 miter
741 2903 925 2968 vellet,
962 2918 1026 2958 ac
1051 2903 1095 2956 si
1121 2918 1258 2973 quos
1286 2903 1425 2956 forte
1449 2917 1515 2956 ex
1552 2902 1741 2957 eadem
1776 2901 1978 2957 familia
2001 2917 2149 2956 cont-

552 2997 892 3070 prehendere
938 2995 1222 3065 potuisset,
1276 2993 1569 3050 crudeliter
1609 3009 1992 3064 nonnunquam
2038 2992 2151 3049 alli-

551 3100 732 3156 ceret;
764 3105 994 3159 cumque
1027 3090 1218 3144 eodem
1255 3088 1423 3144 stulto
1460 3089 1585 3143 odio
1607 3097 1661 3143 ct
1699 3089 1881 3144 animo
1911 3090 2148 3145 barbaro

2243 550 2594 620 virorumque
2641 550 2906 606 bonorum
2953 562 3276 622 conspectus
3332 553 3612 622 horruerat,
3645 558 3755 627 justo

2244 639 2342 697 Dei
2367 641 2590 709 judicio,
2621 641 2819 714 etjiuce
2842 641 3163 698 mortalibus
3189 645 3534 703 communiter
3552 649 3756 707 attributa

2244 739 2302 789 et
2323 733 2431 789 vita
2457 733 2656 789 caruit.

2279 906 2360 963 De
2389 908 2618 980 piscibus
2644 908 2696 963 in
2724 907 2995 963 festivitate
3027 907 3086 963 S.
3118 908 3310 964 Goaris
3339 908 3574 964 divinitus
3605 911 3732 969 datis.

2319 1083 2406 1137 12.
2443 1082 2578 1138 Cum
2627 1083 2694 1136 ad
2748 1081 3098 1137 festivitatem
3149 1081 3324 1138 sancti
3355 1081 3538 1139 Goaris
3581 1084 3768 1154 quodam

2249 1189 2390 1230 anno
2409 1190 2475 1228 ex
2500 1174 2834 1229 monasterio
2860 1174 3082 1228 Prnmia
3110 1174 3350 1230 Asuerus
3380 1175 3538 1231 abbas
3560 1176 3768 1242 venisset

2248 1282 2466 1336 unaque
2493 1282 2560 1321 ex
2613 1265 2894 1321 monachis
2937 1265 3202 1330 nonnulli,
3251 1265 3450 1322 accidit
3495 1276 3551 1321 ut
3595 1277 3772 1338 propter

2247 1357 2424 1413 Rheni
2475 1356 2711 1428 fluminis
2739 1356 3151 1412 inundationem
3190 1356 3370 1426 pisces
3410 1355 3498 1428 qui
3540 1356 3691 1412 abbati
3733 1370 3772 1413 ct

2249 1447 2511 1503 fratribus
2534 1455 2759 1517 possent
2786 1447 3087 1502 ministrari
3124 1448 3398 1504 deessent.
3446 1445 3658 1517 Cumque
3685 1445 3766 1516 jam

2249 1541 2364 1612 ipse
2400 1539 2760 1596 solemnitatis
2798 1539 2913 1594 dies
2962 1539 3246 1605 illuxisset,
3294 1546 3349 1594 et
3390 1545 3510 1592 ante
3542 1536 3767 1592 ecclesiam

2251 1647 2411 1686 mane
2435 1631 2590 1700 pauci
2621 1645 2653 1686 e
2680 1631 2943 1686 fratribus
2965 1629 3289 1695 residerent,
3313 1628 3584 1698 Ausegilus
3599 1630 3770 1699 quidam

2250 1723 2407 1780 bona:
2431 1724 2554 1779 vitae
2605 1724 2906 1779 monachus
2954 1739 3059 1778 una
3104 1723 3354 1778 residens
3382 1737 3476 1792 per
3517 1720 3672 1790 jocum
3711 1721 3770 1776 lo-

2178 1825 2221 1884 B
2250 1822 2408 1870 cutus
2453 1815 2528 1868 ait
2553 1829 2566 1868 :
2594 1813 2640 1870 0
2672 1815 2829 1870 beate
2856 1813 3022 1876 Guar,
3050 1827 3179 1868 ecce
3201 1827 3365 1883 quam
3391 1811 3555 1867 bonus
3592 1826 3642 1866 es
3663 1823 3770 1864 mer-

2251 1904 2399 1960 cedis
2421 1916 2881 1975 recompensator,
2913 1920 3011 1959 nos
3035 1904 3128 1958 tibi
3156 1904 3444 1967 servimus,
3478 1911 3530 1956 et
3555 1902 3602 1956 in
3623 1901 3771 1972 vigiliis

2249 2003 2412 2064 atque
2433 1995 2734 2066 psalmodia
2763 2004 2867 2050 tua:
2908 1995 3220 2052 festivitatis
3265 1995 3435 2066 gratia
3477 1994 3769 2058 laboramus;

2249 2087 2409 2143 hodie
2448 2103 2516 2143 ne
2545 2104 2711 2142 unum
2739 2088 2954 2156 quidem
2987 2087 3144 2144 nobis
3185 2102 3296 2157 quo
3337 2085 3626 2142 reficiamur
3649 2085 3772 2156 pisci-

2249 2177 2432 2233 culum
2461 2177 2691 2247 prmbes.
2719 2178 2820 2232 Vix
2865 2178 2981 2232 bmc
3019 2177 3108 2232 ille
3156 2177 3326 2232 verba
3369 2175 3589 2238 ﬁnierat,
3615 2185 3662 2230 et
3696 2189 3773 2229 non

2249 2282 2372 2339 p051
2394 2268 2612 2340 longum
2636 2269 2895 2339 temporis
2927 2268 3272 2324 intervallum
3299 2269 3354 2324 in
3377 2269 3516 2323 vasis
3535 2283 3596 2322 ex
3622 2267 3774 2321 vimine

2250 2361 2477 2416 salicum
2501 2361 2569 2417 ad
2590 2362 2910 2431 piscantium
2938 2361 3306 2432 paratis,qu;e
3335 2375 3543 2432 nupera
3562 2361 3774 2431 piscatore

2251 2455 2318 2510 de
2353 2453 2584 2523 quadam
2619 2455 2815 2508 arbore
2845 2454 2899 2508 in
2929 2453 3184 2524 praeripio
3210 2453 3239 2492 ι)
3268 2451 3506 2507 fluminis
3547 2464 3772 2520 suspensa,

2251 2557 2602 2603 excrescente
2651 2556 2839 2618 postea
2885 2546 3106 2603 flumine
3144 2547 3201 2602 in
3251 2562 3392 2616 aqua
3445 2552 3772 2606 remanserant,

2251 2639 2356 2694 duo
2378 2653 2488 2694 non
2519 2639 2718 2694 modici
2744 2640 2922 2710 pisces
2945 2681 2959 2706 ,
2983 2655 3122 2710 quos
3159 2638 3324 2710 vulgo
3361 2638 3558 2695 selures
3577 2635 3773 2695 dicimus,

2250 2729 2451 2800 reperti
2482 2738 2629 2795 sunt,
2658 2739 2819 2799 atque
2863 2731 2915 2784 in
2963 2730 3314 2799 praesentiam
3363 2728 3578 2782 fratrum
3615 2740 3670 2779 eo
3698 2739 3775 2792 quo

2251 2820 2611 2876 consederant
2650 2819 2768 2876 loco
2794 2819 2979 2875 delati.
3014 2819 3126 2875 Hoc
3149 2827 3336 2873 autem
3383 2817 3521 2887 pisce
3544 2831 3680 2870 causa
3718 2816 3775 2867 iu-

2251 2911 2528 2966 firmitatis
2548 2910 2714 2966 abbas
2735 2926 2840 2965 non
2871 2911 3144 2965 utebatur.
3177 2910 3317 2965 Tum
3343 2911 3429 2964 ille
3453 2909 3536 2979 qui
3559 2919 3608 2962 et
3626 2909 3772 2980 prius:

2251 3001 2358 3056 Pro
2401 3001 2578 3066 nobis,
2627 3001 2821 3070 inquit,
2850 3017 2996 3056 nunc
3023 3001 3158 3056 bene
3208 3001 3369 3071 egisti
3418 3001 3585 3070 pisces
3626 3007 3777 3053 nasute

2252 3093 2534 3149 refectioni
2562 3094 2873 3164 providens,
2907 3094 3000 3149 sed
3026 3093 3170 3148 illum
3201 3108 3390 3148 senem
3417 3092 3643 3147 abbatem
3667 3100 3778 3143 tumo

551 3181 920 3238 venerabilem
946 3181 1236 3244 Asuerun,
1269 3180 1497 3250 ejusque
1528 3180 1823 3235 nonnullos
1852 3182 2148 3235 monachos
2175 3200 2220 3262 ρ
2255 3186 2526 3258 negligere
2552 3201 2660 3242 non
2717 3186 2882 3241 debes
2908 3202 2922 3251 ;
2953 3201 3060 3240 non
3103 3186 3247 3241 enim
3296 3187 3346 3240 is
3394 3185 3480 3240 ille
3507 3182 3676 3254 poterit
3705 3180 3776 3232 uti.

553 3273 939 3336 detestaretur,
973 3286 1101 3327 casu
1149 3271 1265 3340 ipso
1299 3270 1498 3326 abbate
1524 3271 1577 3324 in
1621 3269 1755 3324 cella
1795 3271 2021 3341 (legente
2049 3286 2148 3341 per

555 3365 738 3420 locum
783 3372 1005 3420 coactus
1031 3372 1117 3419 cst
1162 3362 1372 3418 itineris
1401 3361 1724 3418 necessitate
1772 3362 2048 3427 transire;
2093 3369 2148 3416 et

555 3458 809 3529 c'umjam
851 3456 1096 3514 ecclesiae
1122 3456 1566 3528 propinquasset,
1609 3462 1763 3526 rogat
1793 3469 2010 3510 servum
2054 3454 2148 3525 qui

553 3549 940 3613 comitabatur,
968 3555 1027 3602 ut
1053 3547 1101 3606 si
1144 3545 1318 3618 possit
1344 3560 1407 3602 ea
1437 3561 1495 3602 se
1534 3546 1622 3599 via
1664 3545 1848 3611 ducat;
1886 3558 1993 3614 qua
2023 3559 2151 3600 con-

555 3655 797 3712 speczum
824 3639 1059 3696 basilica:
1083 3637 1278 3694 Goaris
1320 3637 1803 3716 Romanorumque
1836 3635 2144 3700 hominum,

554 3732 746 3788 Asueri
781 3732 990 3786 scilicet
1018 3728 1230 3785 abbatis
1257 3739 1313 3784 et
1352 3729 1470 3799 ejus
1500 3729 1758 3785 comitum
1801 3727 2149 3799 prmsentiam

553 3824 734 3880 valeat
783 3823 1099 3888 declinare;
1134 3829 1283 3877 tanta
1330 3821 1447 3892 ejus
1481 3819 1718 3875 animum
1750 3819 1935 3874 innata
1981 3833 2047 3875 ex
2078 3816 2152 3872 fe-

556 3916 720 3970 ritate
767 3914 1055 3969 barbarica
1083 3913 1355 3968 stolizlitas
1405 3912 1862 3983 apprehenderat,
1912 3917 1970 3964 ut
1999 3909 2151 3966 nein

558 4009 791 4063 transitu
822 4007 1041 4078 quidem
1065 4007 1324 4060 Romanm
1349 4004 1546 4075 lingua:
1585 4005 1668 4058 vel
1696 4002 1870 4074 gentis
1901 4001 2152 4057 homines

557 4107 617 4156 et
643 4099 788 4170 ipsos
821 4111 1036 4169 quoque
1065 4097 1242 4153 bonos
1261 4097 1408 4150 viros
1435 4111 1500 4150 ac
1533 4095 1741 4150 nobiles
1765 4093 1996 4148 libenter
2016 4093 2154 4162 aspi-

559 4207 687 4249 cere
721 4199 924 4261 posset.
955 4188 1236 4245 Promittit
1261 4202 1450 4243 servus
1492 4202 1553 4242 se
1586 4199 1748 4257 posse
1767 4185 1910 4254 quod
1933 4182 2153 4254 peteba-

564 4296 651 4341 tur
691 4283 938 4356 implere.
967 4281 1040 4338 Ut
1064 4295 1197 4352 ergo
1227 4278 1440 4339 itineris
1465 4265 1875 4348 aliquantulum
1905 4273 2154 4332 confece-

561 4385 692 4434 runt
715 4385 771 4431 et
802 4375 871 4430 ad
895 4374 1072 4446 ipsum
1116 4371 1432 4428 monasterii
1458 4370 1807 4440 basilicmque
1828 4368 2004 4424 locum
2031 4381 2154 4438 per-

559 4481 783 4530 ventum
808 4451 916 4536 est,
937 4475 1122 4524 monet
1160 4465 1439 4522 dominum
1494 4480 1708 4528 servus,
1758 4463 1801 4518 si
1830 4469 2154 4532 conspectus

2254 3277 2381 3332 Haec
2413 3277 2753 3331 monachus:
2796 3286 2852 3332 et
2907 3276 3118 3332 modico
3167 3285 3410 3345 tempore
3454 3275 3728 3344 lapso,cnm
3755 3283 3777 3320 a

2251 3371 2564 3427 molendin
2591 3369 2823 3425 farinam
2857 3368 3104 3424 navicula
3137 3369 3313 3438 pistor
3344 3369 3640 3428 deveheret,
3657 3360 3779 3432 piscis

2251 3475 2414 3530 quem
2445 3459 2646 3515 luciutn
2675 3473 2959 3524 vocamus,
2987 3447 3178 3512 nai'eut
3205 3457 3354 3512 saltu
3389 3457 3647 3528 ingressus
3668 3465 3779 3506 com-

2250 3551 2558 3623 prehensus
2578 3559 2661 3606 est
2687 3566 2716 3604 a
2743 3550 2971 3619 pistore,
3000 3557 3057 3604 et
3074 3548 3139 3615 jn
3165 3561 3428 3606 consessu
3452 3545 3781 3604 monachorum

2253 3640 2508 3712 (necdum
2558 3641 2757 3712 quippe
2820 3641 2888 3696 de
2942 3640 3060 3696 loco
3106 3640 3483 3710 surrexerunt)
3539 3634 3779 3707 expositus.

2251 3731 2666 3802 Nunc,‘iuquit
2720 3733 3038 3797 monachus,
3089 3732 3365 3803 integrum
3423 3745 3623 3792 munus,
3663 3726 3782 3780 beate

2251 3822 2418 3891 Goar,
2469 3823 2722 3894 implesti,
2751 3839 2874 3879 cum
2904 3832 2961 3879 et
3011 3824 3170 3879 nobis
3215 3833 3273 3880 et
3315 3823 3435 3878 seni
3463 3832 3547 3877 tuo
3582 3819 3782 3874 alimenta

2252 3931 2491 3988 congrua
2515 3917 2822 3989 providisti.
2854 3915 2965 3974 Res
3011 3917 3149 3974 mira
3180 3917 3423 3974 ludentis
3452 3915 3618 3988 potius
3659 3922 3783 3980 quam

2252 4009 2497 4080 rogantis
2525 4024 2686 4078 voces
2717 4017 2825 4062 tam
2866 4009 3024 4064 facile
3051 4009 3373 4064 exauditus!
3408 4008 3497 4064 sed
3524 4007 3626 4061 hate
3661 3999 3785 4055 meri-

2253 4100 2326 4154 tis
2349 4101 2492 4155 beati
2521 4099 2856 4172 confessoris
2886 4116 2993 4156 non
3024 4109 3152 4156 sunt
3189 4084 3473 4157 dissimilia
3521 4115 3536 4152 :
3579 4093 3784 4166 quoniam

2251 4189 2346 4260 qui
2395 4191 2450 4245 in
2497 4205 2664 4246 carne
2700 4190 2892 4249 vivens
2941 4191 3310 4262 indigentibus
3352 4206 3448 4247 sua
3489 4203 3582 4260 pro
3617 4183 3786 4242 Christo

2253 4281 2543 4342 tribuerat.
2575 4291 2631 4338 et
2653 4281 2949 4353 hospitium
2987 4282 3453 4354 refectionemque
3476 4289 3664 4352 gratam
3683 4287 3788 4331 sem-

2253 4387 2353 4444 per
2397 4373 2690 4440 habuerat,
2727 4373 2926 4430 merito
2975 4383 3100 4446 post
3143 4374 3353 4430 obitum
3408 4384 3610 4445 quoque
3654 4363 3787 4438 potiit

2257 4463 2357 4518 sibi
2385 4464 2745 4520 servientibus
2771 4463 2897 4518 talia
2923 4479 3240 4534 procurare.
3264 4464 3404 4520 Nam
3423 4469 3663 4536 quantum
3683 4449 3786 4524 apud

560 4579 751 4620 eorum
777 4578 913 4634 quos
936 4561 1158 4617 horreat
1179 4557 1352 4612 vitare
1379 4557 1529 4619 velit,
1558 4555 1881 4611 brevissimo
1911 4563 2154 4625 tempore
2177 4565 2233 4626 Ι)
2262 4557 2444 4611 divina
2487 4555 2693 4625 judicia
2741 4557 2998 4614 meritum
3031 4557 3228 4614 habeat
3254 4557 3433 4613 virtus
3467 4546 3788 4624 hospitalitatis

562 4657 727 4731 pallio
758 4662 918 4728 caput
940 4653 1170 4726 operiat.
1212 4650 1309 4707 ille
1329 4666 1452 4706 cum
1482 4665 1513 4705 e
1540 4649 1767 4720 vestigio
1797 4647 1941 4719 quod
1968 4661 2153 4702 mone-

562 4746 727 4802 batur
749 4746 1048 4817 implesset,
1069 4752 1126 4798 et
1157 4749 1312 4798 extra
1336 4741 1440 4796 loci
1472 4740 1707 4810 spatium
1751 4739 2110 4810 processisset
2138 4755 2157 4793 :-

567 4837 746 4901 Modo,
775 4836 946 4906 inquit
975 4848 1188 4896 servus,
1209 4841 1356 4887 retro
1382 4846 1516 4886 cave
1542 4830 1822 4901 respicias,
1848 4844 1974 4884 nam
1997 4828 2159 4884 aliter

567 4945 758 4986 eorum
801 4942 938 4998 quos
965 4933 1024 4980 ut
1067 4938 1257 4996 posses
1302 4922 1576 4979 declinare
1613 4921 1820 4992 petisti,
1855 4921 2161 4990 conspicies

571 5021 865 5078 neminem.
906 5018 1011 5074 Vix
1047 5031 1115 5074 ea
1152 5031 1342 5072 servus
1372 5013 1712 5086 impleverat,
1760 5011 2162 5083 confestimque

571 5127 625 5170 ct
648 5114 748 5169 sub
777 5111 964 5168 eodem
999 5123 1138 5179 pene
1185 5116 1463 5164 momento
1485 5105 1801 5177 praedictum
1827 5103 2162 5176 reginarium

573 5204 782 5260 ventris
832 5201 1193 5273 apprehendit
1233 5199 1452 5265 effusio,
1492 5213 1593 5254 nec
1644 5213 1836 5269 magna
1886 5211 2040 5252 mora
2084 5211 2165 5251 sc-
2211 5194 2221 5205 ’

572 5309 696 5352 cata
746 5305 872 5368 post
924 5294 1286 5366 paucissimos
1341 5293 1458 5350 dies
1498 5292 1664 5347 vitam
1711 5289 1904 5345 finivit.
1951 5289 2028 5344 lta
2069 5289 2166 5359 qui

648 5488 671 5515 α
714 5474 771 5530 id
793 5483 879 5531 est
905 5473 1195 5531 Gallicana:
1221 5493 1237 5526 :
1261 5488 1385 5529 nam
1419 5471 1601 5528 Gallos
1625 5468 1861 5540 antiquis
1887 5469 2166 5524 Romanos

575 5547 749 5602 dictos
777 5562 885 5602 nou
917 5546 1082 5601 semel
1124 5544 1549 5600 observavimus.
1597 5542 1666 5596 Et
1702 5540 2156 5611 Lntzemlntrgnm

573 5619 873 5687 oppidum,
926 5617 1012 5674 cui
1073 5615 1288 5672 finitimi
1354 5621 1480 5687 sunt
1545 5613 1909 5687 ’l‘rcvirenses
1971 5609 2158 5687 Gallia:

575 5682 803 5758 Belgica:
847 5687 1050 5759 populi,
1095 5687 1333 5758 Angusta
1387 5685 1752 5740 Romanorum
1800 5699 1828 5738 a
1877 5682 2156 5738 Ptolomeo

576 5760 895 5835 appellatur.

2259 4661 2425 4716 quam
2473 4646 2557 4702 vir
2603 4648 2796 4702 beatus
2840 4645 3193 4719 singulariter
3239 4647 3369 4704 dum
3404 4645 3532 4702 vixit
3578 4636 3785 4697 excoluit.

2261 4746 2635 4809 quantumque
2676 4740 2999 4795 reverentiae
3027 4739 3146 4795 loco
3168 4737 3245 4794 illi
3295 4739 3352 4794 in
3401 4753 3507 4809 quo
3542 4737 3678 4792 beata
3702 4728 3788 4798 ei“

2261 4832 2505 4890 membra
2533 4832 2819 4901 quiescant
2847 4832 2917 4888 sit
2954 4833 3100 4888 omni
3140 4840 3386 4902 tempore
3416 4824 3786 4900 dependendum.

2263 4933 2532 4981 testantur
2561 4939 2625 4980 ea
2663 4939 2785 4996 qua:
2807 4923 2893 4979 vel
2938 4923 3090 4979 illum
3115 4921 3524 4994 frequentautes
3541 4917 3699 4975 divino
3717 4914 3787 4966 hec

2266 5017 2462 5075 neﬁcio
2496 5026 2924 5090 consequuntur,
2958 5016 3046 5072 vel
3090 5016 3425 5088 negligentes
3453 5023 3510 5072 et
3535 5013 3690 5082 aliqua
3711 5004 3790 5058 clis-

2267 5109 2612 5166 simulatione
2632 5117 3020 5178 praetereuntes
3053 5107 3236 5164 divino
3274 5106 3616 5164 nihilominus
3632 5092 3790 5169 judicio

2265 5201 2545 5274 patiuntur
2567 5218 2584 5268 ;
2607 5201 2750 5273 quod
2778 5202 2954 5272 ipsum
2973 5199 3312 5258 manifestius
3335 5197 3578 5270 exempla
3599 5189 3789 5260 ευδὶεω

2266 5295 2664 5350 monstrabunt.

2339 5471 2367 5511 δ
2393 5471 2449 5528 ιιι
2475 5480 2558 5525 est
2586 5470 2637 5524 in
2668 5466 2790 5524 loco
2817 5467 2966 5539 ripze
2984 5465 3280 5539 proximo:
3305 5456 3677 5539 quovocahulo
3695 5461 3790 5539 usus

2260 5550 2345 5597 est
2384 5520 3290 5596 61163563;Cimiharcitiénsig'ia
3313 5520 3566 5606 1epistola
3600 5528 3710 5581 Viue

2263 5609 2587 5739 :iiatt:i2:ltb.
2623 5611 2904 5682 prtemissa
2937 5624 2952 5664 :
2981 5619 3034 5665 et
3063 5603 3482 5665 Wandalbertus
3505 5604 3679 5660 iterum
3699 5603 3786 5659 ολινι

2350 5700 2380 5738 e
2506 5720 2522 5735 .
