4000 6352
185 390 291 447 Otii

302 499 382 555 De
409 495 674 553 Hermum
701 494 889 550 comite
907 489 1116 564 ﬂagello
1138 490 1312 547 divino
1337 489 1672 544 commonita.

265 617 358 672 t3.
398 613 612 676 Comes,
639 611 856 682 quidam
899 607 1118 665 nomine
1163 605 1488 672 Heriwinus,
1516 619 1639 662 cum
1684 617 1784 674 per

192 709 374 770 locum
407 702 682 764 transiens
701 703 1041 768 declinasset,
1061 709 1117 758 et
1156 699 1283 756 licet
1316 714 1347 753 a
1375 699 1489 754 suis
1518 707 1579 752 ut
1602 702 1786 752 oraret

193 801 506 859 admonitus
551 813 652 869 pro
704 795 1012 853 festinantia
1059 793 1270 850 Itineris
1317 790 1632 854 distulisset,
1676 803 1784 843 non

195 897 359 963 longe
390 892 663 966 profectus
686 891 752 946 de
780 905 920 960 equo
940 888 1156 952 cecidit,
1184 885 1612 958 gravissimeque
1632 882 1785 952 lapsu

191 987 467 1042 contritus
486 985 554 1040 ad
579 982 864 1040 ecclesiam
889 995 1110 1037 suorum
1149 978 1398 1034 manibus
1439 983 1779 1045 reportatur:

192 1076 271 1135 ili
300 1075 453 1132 brevi
507 1073 852 1136 decumbens,
891 1071 1031 1141 apud
1079 1068 1391 1124 memoriam
1421 1064 1782 1120 venerandam

193 1168 448 1224 sanitatis
478 1174 558 1222 est
586 1164 907 1222 beneficium
938 1171 1238 1218 assecutus.

369 1281 446 1337 De
479 1277 714 1349 Euﬁmia
745 1277 1009 1332 abbatissa
1035 1272 1278 1330 similiter
1306 1270 1602 1326 emendata.

265 1396 358 1452 M.
394 1395 596 1451 Eodem
629 1391 787 1448 modo
831 1389 1106 1446 abbatissa
1153 1385 1351 1442 nobilis
1388 1400 1455 1442 ex
1487 1384 1621 1440 urbe
1671 1395 1786 1438 me-

188 1488 639 1546 diomatricorum
667 1483 922 1548 Eufimia,
953 1497 1076 1538 cum
1103 1480 1210 1536 iter
1238 1492 1405 1549 agens
1443 1477 1570 1531 illuc
1615 1459 1783 1530 deve-

187 1583 384 1646 nisset,
422 1587 478 1635 et
531 1593 634 1634 nec
657 1584 896 1639 oratum,
926 1581 987 1627 ut
1017 1585 1208 1627 omnes
1236 1574 1634 1625 consueverant
1683 1564 1782 1621 de-

186 1673 494 1730 scendisset
519 1711 535 1737 ,
569 1668 731 1741 paulo
771 1673 897 1739 post
937 1653 1004 1722 de
1048 1677 1190 1734 equo
1217 1660 1434 1725 cecidit,
1469 1666 1527 1715 et
1558 1654 1784 1712 effracto

184 1780 354 1822 crure
379 1779 502 1836 qua!
551 1771 745 1836 sponte
774 1758 1022 1816 noluerat
1073 1756 1143 1812 ad
1189 1754 1481 1811 ecclesiam
1531 1758 1782 1824 portatur

1228 379 1318 435 DE
1351 376 1512 435 VITA
1547 374 1633 431 ET
1673 366 2070 428 MIRACULIS.
2113 366 2172 424 S.
2213 365 2484 426 GOARIS.

1803 483 1859 547 Α
1883 481 2193 554 imperator.
2219 481 2496 551 Factaque
2515 480 2602 539 die
2627 493 2839 552 pumice
2865 485 3102 537 testans
3117 487 3224 540 esu
3244 467 3328 540 sui
3349 493 3470 537 esse

3365 367 3506 442 δη,

1884 572 2095 646 peccati
2124 580 2181 628 et
2220 573 2398 628 meriti
2425 572 2568 644 quod
2595 570 2932 643 periclitatus
2953 570 3010 626 in
3047 568 3471 642 nimiam-quod

1883 681 1919 722 a
1961 664 2342 722 commoditate
2373 665 2582 721 itineris
2608 673 2666 720 et
2691 670 2956 736 apparatu
2985 660 3471 737 regitemansionis

1885 756 1960 812 sit
1985 755 2298 828 longissime
2326 755 2676 826 disparatus;
2728 770 2839 811 non
2863 754 3064 811 frustra
3104 755 3472 812 sibilueclaci-

1884 846 2100 912 cidisse,
2127 846 2220 901 sed
2247 845 2463 900 beatum
2501 845 2739 902 Goarem
2793 858 2986 917 pinnas
3027 855 3470 918 procontemptu

1885 941 2113 997 meritas
2161 938 2443 1008 repetisse,
2495 952 2659 1009 seque
2699 936 2958 1007 supplicia
2999 937 3320 1007 expendisse
3359 953 3472 993 me-

1885 1039 2134 1094 rentem;
2178 1042 2376 1083 vovere
2395 1043 2453 1082 se
2481 1036 2535 1084 et
2566 1027 2872 1083 firmissime
2917 1027 3162 1099 polliceri
3183 1042 3471 1097 nunquam

1885 1118 2064 1175 locum
2093 1117 2194 1172 viri
2222 1117 2549 1173 sanctissimi
2579 1116 2689 1171 ulla
2725 1116 2978 1187 quamvis
3019 1131 3214 1188 magna
3259 1117 3472 1174 itineris

1884 1207 2218 1274 festinantia,
2237 1207 2283 1264 si
2311 1207 2379 1262 ad
2403 1223 2526 1262 eum
2544 1207 2596 1261 in
2621 1205 2802 1262 vicino
2822 1205 3026 1272 veniat,
3051 1205 3468 1274 declinaturum,

1886 1314 2049 1371 quem
2087 1299 2194 1362 tali
2212 1298 2552 1354 incommodo
2579 1297 2652 1352 sit
2694 1305 2952 1368 expertus
2977 1311 3137 1368 posse
3165 1297 3233 1353 de
3262 1297 3347 1353 his
3377 1297 3472 1368 qui

1885 1405 1945 1446 se
1970 1389 2346 1462 negligendum
2388 1388 2697 1460 putaverint
2739 1396 2994 1458 expetere
3028 1403 3192 1458 quam
3235 1387 3474 1442 voluerit

1884 1482 2166 1538 ultionem.
2205 1481 2300 1536 His
2332 1482 2471 1536 votis
2492 1480 2558 1536 ad
2584 1479 2788 1536 Cellam
2816 1479 3006 1551 viginti
3036 1479 3203 1537 libras
3254 1481 3470 1552 argenti

1883 1587 1940 1634 et
1980 1577 2122 1650 palia
2152 1576 2452 1634 boloserica
2505 1575 2611 1631 duo
2656 1575 2828 1641 misit,
2865 1588 2993 1630 nec-
3013 1574 3269 1644 deinceps
3316 1574 3467 1630 omni

1882 1673 1994 1728 vita
2045 1687 2144 1726 sua
2192 1669 2342 1746 quod.
2388 1676 2610 1725 voverat
2652 1667 2831 1738 aliqua
2881 1681 2948 1720 ex
2997 1681 3160 1721 causa
3209 1663 3469 1744 neglexit.

1883 1763 2126 1834 Denique
2151 1763 2197 1819 is
2222 1763 2312 1833 qui
2339 1743 2456 1816 tum
2485 1762 2646 1833 regia:
2670 1760 2824 1815 navis
2851 1760 3183 1830 gubernator
3205 1741 3473 1813 fuitmun-

184 1859 382 1923 invita,
431 1865 487 1912 et
532 1854 844 1918 sanitatem,
871 1865 1036 1922 quam
1065 1863 1165 1905 suo
1208 1845 1542 1918 perdiderat,
1579 1841 1775 1900 merito

1882 1870 2084 1929 cusque
2113 1863 2380 1927 superest,
2405 1853 2593 1923 reique
2637 1862 2802 1924 gestze
2830 1851 3186 1908 indubitabile
3228 1851 3469 1905 testimo-

184 1949 334 2004 beati
355 1948 457 2004 viri
479 1946 704 2018 recepit.

186 2047 266 2118 De
291 2059 604 2132 imperatore
629 2059 820 2116 Carolo
858 2059 920 2113 ob
946 2055 1422 2113 dissimulationem
1453 2050 1772 2123 periclitato.

259 2172 350 2227 15.
375 2171 561 2242 Neque
590 2169 867 2226 dissimilis
913 2167 1228 2224 meritorum
1277 2160 1393 2232 ejus
1439 2161 1680 2232 potentia
1721 2159 1775 2216 in

179 2265 494 2335 puniendis,
527 2263 915 2332 monendisque
939 2261 1102 2317 etiam
1131 2259 1350 2331 regibus
1376 2257 1606 2311 exstitit.
1639 2253 1775 2309 Nam

181 2355 439 2426 Carolus,
490 2353 962 2410 excellentissima:
990 2349 1269 2406 memoriae
1327 2347 1625 2418 imperator
1667 2344 1777 2399 Au-

180 2457 402 2519 gustus,
434 2462 463 2500 a
490 2446 687 2518 palatio
721 2460 820 2500 suo
854 2443 997 2514 quod
1039 2441 1094 2497 in
1148 2439 1417 2510 praeripiis
1463 2437 1636 2496 Rheni
1678 2435 1778 2490 ilu-

181 2541 354 2596 minis
379 2540 448 2595 ab
476 2541 592 2610 ipso
617 2547 985 2595 constructum
1025 2532 1365 2604 Ingilinbeim
1405 2530 1605 2586 dicitur
1642 2544 1776 2598 quo-

177 2636 312 2690 dam
343 2643 584 2705 tempore
611 2629 918 2702 navigabat,
949 2627 1002 2682 in
1027 2625 1306 2682 castellum
1329 2622 1472 2695 quod
1503 2623 1666 2678 situm
1693 2629 1777 2677 est

180 2740 357 2796 super
401 2721 758 2778 conﬂuentem
805 2719 1040 2775 Mosellae
1095 2726 1150 2774 et
1191 2715 1368 2772 Rheni
1423 2714 1773 2781 descendere,

181 2817 375 2887 ibique
404 2815 698 2886 disponens
727 2800 886 2867 nocte
906 2813 1163 2874 'manere,
1194 2807 1546 2879 sequentibus
1573 2820 1695 2860 eum
1719 2805 1774 2860 in

179 2904 418 2976 singulis
446 2905 674 2960 navibus
703 2903 826 2958 ﬁliis
854 2899 1050 2958 Carolo
1075 2908 1238 2970 atque
1265 2889 1513 2970 Pippino.
1531 2889 1777 2966 Cumque

181 2999 258 3054 ad
285 2998 674 3054 monasterium
721 2993 1052 3051 confessoris
1090 2992 1263 3047 sancti
1299 2992 1598 3061 imperator
1626 2990 1776 3045 navi-
1876 3037 1881 3042 .

178 3091 276 3161 gio
309 3089 694 3162 pervenisset,
749 3088 941 3142 obvius
991 3085 1065 3140 illi
1114 3083 1510 3152 factus,abbas
1534 3083 1776 3137 Asuerns

179 3185 344 3249 rogat
371 3177 449 3232 uti
479 3176 548 3232 ad
589 3178 803 3233 beatum
833 3175 1066 3232 Goarem
1097 3175 1248 3230 exire
1274 3183 1331 3230 et
1373 3173 1428 3228 in
1475 3172 1610 3228 cella
1657 3173 1775 3242 ejus

175 3268 511 3323 charitatem
553 3267 636 3339 (ut
661 3267 827 3321 verbo
878 3265 1079 3320 usitato
1108 3263 1317 3335 loquar)
1351 3261 1531 3318 facere
1556 3261 1769 3317 debeat.

179 3362 362 3432 Negat
399 3376 552 3416 suam
579 3359 927 3432 praesentiam
973 3359 1293 3428 imperator,
1322 3365 1375 3411 et
1402 3364 1524 3426 post
1558 3372 1616 3412 se
1644 3371 1774 3411 con—

176 3469 384 3508 versus
425 3467 590 3507 manu
633 3450 941 3523 cognomini
985 3449 1094 3505 filio
1139 3449 1346 3514 annuit,
1381 3457 1440 3504 ut
1469 3449 1650 3504 navim
1704 3448 1774 3504 ad

175 3544 474 3600 ecclesiam
508 3552 762 3599 oraturus
782 3543 1115 3613 egrediatur,
1148 3542 1265 3612 ipse
1289 3542 1566 3612 proposito
1601 3540 1776 3598 tendit

173 3637 402 3690 itinere.
435 3635 666 3708 Egresso
708 3636 776 3691 ad
825 3644 1026 3690 terram
1071 3633 1296 3704 Augusti
1338 3633 1466 3698 filio,
1495 3633 1630 3688 alter
1658 3633 1775 3704 ejus

174 3727 330 3782 filius
355 3727 608 3796 Pippinns
637 3723 729 3798 qui
777 3735 899 3798 post
941 3724 1167 3780 fratrem
1217 3723 1338 3779 navi
1377 3725 1646 3789 veniebat,
1676 3740 1777 3794 puo

175 3828 310 3873 tans
331 3818 504 3888 patris
529 3833 649 3874 esse
673 3818 853 3874 navim
879 3815 1222 3888 quamlittori
1242 3815 1453 3870 videret
1470 3816 1772 3885 appulsam,

173 3925 442 3980 egressus
481 3919 536 3966 et
574 3910 688 3981 ipse
717 3918 823 3975 est,
857 3908 1119 3980 fratrique
1149 3909 1397 3964 nesciens
1445 3908 1501 3962 in
1544 3907 1773 3963 ecclesia

170 4001 443 4057 sociatus.
519 4001 625 4056 lbi'
665 4002 806 4072 quod
861 4002 1003 4057 inter
1058 4015 1155 4057 eos
1215 4015 1409 4071 graves
1463 3999 1774 4070 aliquandiu

170 4093 493 4149 simultates
522 4103 577 4148 et
607 4094 903 4150 inimicitiae
941 4091 1176 4158 fuerant,
1209 4092 1509 4163 inspirante
1539 4108 1774 4162 superna

169 4185 474 4240 clementia
529 4193 583 4240 et
609 4185 904 4255 opitulante
933 4183 1260 4240 confessoris
1303 4183 1630 4238 sanctissimi
1666 4197 1778 4238 me-

171 4277 315 4341 rito,
369 4275 424 4330 in
477 4274 774 4332 fraternam
821 4277 1164 4333 concordiam
1193 4284 1248 4330 et
1296 4264 1472 4330 fmdus
1519 4275 1773 4330 amicitiae

167 4370 454 4423 coierunt.
507 4369 640 4426 Cibo
690 4370 883 4425 deinde
930 4377 1168 4440 potuque
1207 4376 1444 4439 sumpto,
1478 4367 1685 4424 alacres
1720 4375 1777 4423 et

166 4461 288 4516 laeti
319 4460 387 4514 ad
437 4460 612 4515 locum
653 4476 815 4530 supra
864 4461 1204 4516 nominatum
1239 4474 1400 4530 quem
1447 4474 1571 4514 cum
1616 4468 1772 4529 patre

1881 1949 2030 2004 nium
2079 1947 2348 2018 perhibet.
2398 1943 2507 2001 Nec
2556 1945 2826 2000 immerito
2856 1959 3076 2015 .regume
3109 1942 3383 2017 illirlides.
3415 1952 3472 1997 et

1879 2040 2095 2098 devotio
2133 2037 2396 2108 subiacet,
2425 2038 2516 2108 qui
2545 2054 2641 2108 pro
2666 2036 2884 2092 Christo
2915 2034 3470 2106 nonsolummagnos

1879 2142 1936 2190 et
1969 2131 2308 2203 appetibiles,
2331 2131 2422 2185 sed
2451 2145 2639 2184 omnes
2665 2129 2876 2199 penitus
2918 2126 3101 2182 mundi
3143 2125 3380 2180 honores
3413 2135 3470 2180 et

1878 2226 2111 2281 caducas
2150 2222 2444 2293 dignitates
2488 2219 2840 2290 contempsit;
2882 2227 3084 2274 etcum
3126 2224 3328 2288 posset,
3357 2217 3474 2288 epi-

1879 2333 2074 2390 scopus
2100 2316 2216 2372 fieri
2248 2315 2436 2388 noluit,
2463 2316 2750 2387 potiusque
2774 2312 2829 2367 in
2852 2311 3043 2368 humili
3074 2320 3219 2366 statu
3247 2324 3470 2365 manere
3562 2327 3566 2332 ·
3629 2296 3633 2304 ’

1876 2405 2076 2482 delegit
2104 2424 2266 2480 quam
2312 2409 2580 2485 honorum
2615 2405 2850 2462 fascibus
2886 2401 3250 2476 praegravari.
3286 2400 3469 2470 Quan-

1878 2515 2040 2571 quam
2091 2500 2146 2555 in
2193 2499 2516 2555 Christianis
2557 2498 2892 2568 principibus
2937 2497 3052 2551 haec
3094 2495 3240 2550 circa
3278 2506 3466 2549 servos

1879 2591 1974 2648 Dei
2024 2590 2236 2646 affectio
2264 2599 2371 2644 tam
2408 2589 2480 2644 sit
2507 2597 2797 2658 spontanea
2838 2595 2894 2640 et
2943 2575 3172 2651 devota,
3200 2599 3364 2655 quam
3408 2598 3468 2638 se

1877 2689 2146 2739 noverunt
2190 2691 2340 2737 tanto
2387 2681 2561 2752 magis
2604 2679 2715 2735 Deo
2746 2678 3015 2756 gratiores
3066 2675 3203 2741 fore,
3259 2683 3466 2746 quanto

1877 2773 1970 2846 qui
2022 2775 2088 2828 ad
2116 2781 2325 2843 tempus
2344 2771 2542 2828 elevari
2566 2786 2663 2842 per
2689 2779 2955 2825 tumorem
2982 2767 3282 2847 maiestatis
3302 2767 3466 2839 regia:

1879 2872 2146 2932 poterant,
2166 2863 2373 2936 eligunt
2402 2863 2574 2920 servis
2611 2861 2811 2941 Christi
2834 2877 2893 2918 se
2921 2869 3101 2917 mente
3121 2860 3463 2916 submittere.

2195 3001 2272 3057 De
2297 2972 2478 3074 regina
2499 2998 2782 3056 Fastrada
2815 2999 2890 3054 ibi
2922 3006 3138 3054 sanata.

1950 3115 2040 3172 l6.
2080 3115 2332 3186 Ejusdem
2377 3115 2638 3186 principis
2677 3114 2875 3185 conqu
2905 3103 3170 3169 Fastrada
3207 3126 3330 3168 cum
3371 3126 3468 3167 ve-

1802 3206 1847 3268 C
1879 3208 2294 3266 hementissimo
2329 3208 2570 3264 dentium
2618 3206 2805 3264 dolore
2862 3213 3242 3276 torqueretur,
3291 3212 3348 3260 et
3397 3202 3468 3257 ad

1879 3300 2055 3358 locum
2081 3300 2152 3356 ob
2199 3299 2495 3355 remedium
2541 3297 2658 3367 ejus
2703 3298 2904 3354 doloris
2947 3306 3160 3353 oratum
3203 3294 3465 3360 venisset,

1879 3392 2136 3449 continuo
2154 3400 2213 3446 ut
2235 3390 2459 3462 supplex
2487 3389 2637 3445 facta
2654 3398 2759 3456 est,
2788 3388 3131 3445 incommodo
3163 3386 3373 3451 caruit;
3396 3386 3467 3440 ob

1879 3501 2042 3558 quam
2071 3501 2185 3541 rem
2211 3485 2334 3540 data
2361 3492 2446 3539 est
2473 3485 2543 3539 ab
2570 3484 2899 3554 imperatore
2926 3482 3050 3537 villa
3081 3494 3202 3552 quae
3227 3479 3466 3536 Nasonia

1879 3587 2244 3650 nuncupatur,
2267 3589 2321 3634 et
2342 3579 2396 3633 in
2421 3577 2670 3649 jure-loci
2705 3577 2968 3632 hactenus
2996 3575 3281 3630 retinetur.

1949 3717 2030 3774 De
2057 3733 2117 3774 eo
2138 3717 2228 3771 aui
2255 3713 2710 3840 ambulans‘supler
2729 3711 2951 3838 glaciem
2971 3709 3297 3783 periclitatus
3317 3717 3395 3766 est

2497 3802 2524 3840 e
2583 3802 2642 3839 sa
2669 3801 2726 3840 va
2750 3801 2836 3840 us.

2497 3801 2545 3841 ει
2583 3801 2836 3843 δαιυαιιιε.

1953 3920 2043 3975 i7;
2058 3919 2164 3974 Per
2188 3917 2570 3988 idem-tempus
2595 3915 2793 3971 accidit
2812 3913 2988 3970 Rheni
3009 3911 3248 3969 fluminis
3271 3924 3468 3982 aquam

1878 4011 2049 4068 nimio
2075 4008 2287 4083 frigore
2325 4007 2728 4079 congelascere,
2758 4005 2832 4061 ita
2852 4055 2860 4062 .
2879 4005 3222 4059 ut-inceSSus
3252 4000 3469 4072 quoque

1876 4117 2105 4176 quorum
2153 4101 2283 4156 libet
2302 4098 2624 4155 animalium
2672 4107 2727 4152 et
2777 4095 3148 4151 vehiculorum
3193 4091 3336 4150 ferre
3377 4107 3473 4146 va-

1875 4196 2031 4253 leret.
2056 4195 2187 4250 Erat
2225 4193 2443 4264 quidam
2475 4192 2638 4265 regite
2673 4189 2813 4246 villae
2847 4189 3072 4245 colonus
3118 4202 3280 4249 quam
3305 4201 3471 4256 supra

1876 4285 2171 4342 Wasaliam
2202 4283 2439 4338 diximus
2469 4282 2749 4354 appellari,
2795 4279 2949 4349 cujus
2971 4279 3126 4335 vinea
3169 4278 3313 4334 haud
3335 4291 3467 4348 pro-

1877 4379 1965 4436 cul
1996 4393 2028 4432 a
2049 4375 2382 4432 monasterio
2405 4375 2581 4431 vineis
2610 4374 2673 4429 Β.
2702 4373 2897 4430 Goaris
2937 4371 3249 4429 cohaerebat
3280 4385 3295 4435 ;
3333 4378 3388 4424 et
3413 4379 3473 4424 ut

1880 4481 2264 4538 nonnunquam
2285 4452 2485 4532 evenit,
2509 4465 2614 4520 hac
2639 4464 2727 4519 ille
2749 4463 3036 4520 occasione
3064 4461 3270 4517 solebat
3302 4459 3475 4515 intor-

164 4558 376 4621 Ρθῑθνθ
407 4560 705 4618 (imperium
731 4551 980 4606 omnibus
1025 4550 1140 4604 507’5
1184 4549 1546 4604 ίηοοιιιῐηίδυε
1575 4565 1771 4619 Ρθτνθ-
1797 4570 1853 4630 υ
1879 4560 2006 4615 dum
2028 4557 2322 4628 particulas
2368 4555 2575 4626 aliquas
2617 4555 2933 4609 earumdem
2964 4553 3261 4624 prmripere
3293 4551 3476 4604 vinea-

164 4648 408 4697 nerunt.
442 4640 742 4710 Imperator
769 4656 903 4697 vero
929 4641 1021 4711 qui
1052 4639 1176 4694 filiis
1211 4639 1449 4710 egressis
1471 4637 1619 4694 solus
1647 4655 1771 4693 cum

157 4734 297 4790 suis
321 4733 377 4788 in
423 4734 546 4788 navi
579 4741 933 4799 remanserat,
971 4749 1096 4788 cum
1127 4731 1197 4786 ad
1242 4732 1558 4802 praedictum
1593 4731 1772 4787 locum

157 4824 410 4895 tendere
459 4825 640 4890 vellet,
692 4834 876 4880 coorta
913 4833 1136 4894 repente
1171 4823 1495 4878 densissima
1525 4822 1670 4878 nube
1717 4831 1775 4878 et

151 4915 397 4972 nebulis
437 4917 896 4973 tenebrosissimis
945 4916 1270 4981 subsecutis,
1326 4915 1401 4970 ita
1438 4915 1493 4970 in
1546 4913 1767 4970 ﬂuniine

147 5007 477 5071 deerravit,
519 5018 577 5062 ut
609 5024 782 5079 neque
811 5009 948 5078 ipse,
977 5023 1154 5078 neque
1192 5007 1452 5064 comitum
1477 5007 1769 5077 quispiam,

146 5101 272 5157 sed
317 5115 495 5171 neque
543 5101 696 5156 navis
748 5102 1078 5173 gubernator
1107 5115 1216 5171 quo
1255 5100 1542 5154 tenderent
1593 5114 1771 5170 quove

145 5191 364 5249 navim
401 5201 628 5264 agerent
668 5191 934 5248 ullatenus
976 5193 1136 5256 scire,
1164 5191 1248 5247 vel
1270 5191 1454 5247 videre
1503 5192 1768 5246 valerent.

75 5307 114 5324 ο
143 5285 274 5339 Sic
302 5297 404 5353 per
438 5283 704 5353 reliquum
735 5284 878 5355 quod
909 5294 1190 5355 supererat
1220 5284 1326 5338 diei
1353 5283 1405 5337 in
1437 5283 1630 5354 pelago
1651 5283 1774 5338 fati-

135 5372 310 5446 gati,
349 5371 441 5426 vix
472 5382 757 5443 postquam
799 5390 950 5429 suam
997 5374 1209 5445 culpam
1264 5375 1576 5442 imperator!
1608 5390 1773 5444 agno-

132 5481 332 5524 scere
355 5474 410 5521 et
460 5467 616 5521 beato
652 5465 813 5522 Goari
867 5467 1172 5531 supplicare
1220 5468 1403 5535 coepit,
1435 5467 1603 5521 multa
1654 5465 1768 5534 jam

1879 4665 2019 4713 rum,
2053 4657 2108 4704 et
2135 4663 2246 4704 sure
2277 4646 2464 4702 fraude
2493 4646 2714 4700 humani
2749 4643 2948 4714 ingenii
2995 4642 3238 4697 sociare.
3268 4638 3322 4695 is
3349 4653 3472 4694 cum

1879 4740 1969 4794 die
1993 4737 2226 4810 quadam
2252 4737 2416 4806 super
2444 4733 2670 4804 glaciem
2695 4731 2933 4787 fluminis
2962 4729 3282 4793 ambularet,
3318 4736 3375 4783 et
3403 4727 3473 4783 ad
3501 4739 3507 4743 ‘

1877 4831 1995 4901 ejus
2021 4829 2259 4886 medium
2283 4843 2453 4900 prope
2487 4827 2750 4890 venisset,
2784 4832 3012 4895 repente
3051 4823 3106 4877 in
3149 4819 3475 4890 multiplices

1877 4933 2062 4995 partes
2104 4937 2202 4993 per
2248 4920 2576 4976 latissimum
2621 4917 2857 4973 fluminis
2887 4917 3121 4988 spatium
3167 4914 3366 4987 glacies
3392 4919 3476 4969 est

1877 5014 2136 5082 resoluta,
2181 5022 2342 5086 atque
2380 5013 2470 5069 ille
2507 5011 2698 5085 glaciei
2750 5011 2935 5066 fracta:
2964 5007 3472 5080 superincumbens,

1877 5109 2176 5166 secundum
2201 5107 2400 5164 ﬂumen
2425 5106 2554 5162 ferri
2579 5115 2817 5161 tremens
2834 5114 2891 5159 et
2916 5101 3314 5172 anxiuscmpit.
3341 5098 3482 5158 Erat

1877 5218 1966 5258 res
1991 5202 2186 5257 summi
2215 5198 2444 5271 periculi
2470 5208 2524 5255 et
2564 5197 2959 5268 desperationis
2981 5204 3241 5251 extremm
3259 5235 3274 5259 ,
3302 5192 3478 5249 homi-

1878 5303 2003 5346 nem
2023 5291 2078 5346 in
2100 5290 2340 5346 fluminis
2360 5289 2689 5361 rapidissimi
2713 5296 2874 5357 atque
2896 5286 3147 5341 latissimi
3171 5283 3475 5356 fragmento

1881 5381 2071 5452 glacici
2108 5381 2440 5437 tenuissimm
2465 5379 2616 5445 ferri,
2635 5394 2737 5434 nec
2758 5393 2877 5433 esse
2902 5377 3126 5432 remedii
3151 5375 3472 5444 Quidquam,

1879 5458 2136 5543 quoniam
2157 5471 2254 5538 illi,
2288 5470 2740 5541 quemadmodum
2776 5470 3016 5524 humano
3049 5467 3250 5521 auxilio
3281 5463 3476 5520 subve-

1872 5563 1995 5619 nire
2015 5571 2200 5634 posset
2229 5572 2346 5620 erat
2373 5561 2780 5618 omnino-nihil.
2817 5560 2953 5616 Tum
2983 5559 3070 5614 ille
3097 5559 3188 5614 cui
3208 5553 3475 5612 evadendi

1870 5655 2170 5724 periculum
2189 5668 2287 5710 nec
2301 5669 2426 5724 spes
2440 5651 2544 5707 ulla
2555 5693 2568 5717 ,
2584 5667 2684 5707 nec
2696 5651 2912 5722 aliquod
2925 5649 3208 5707 consilium
3225 5660 3473 5718 superes-

1870 5754 1978 5809 set,
2001 5745 2196 5801 divina:
2209 5743 2546 5800 solummodo
2563 5743 2949 5799 misericordiae
2973 5740 3297 5812 supplicare,
3323 5745 3379 5792 et
3404 5735 3470 5789 Β.

1871 5837 2062 5892 ϐοιιτὶε
2085 5835 2274 5892 merita
2309 5836 2362 5890 in
2392 5834 2471 5893 sui
2502 5832 2878 5889 liberationem
2899 5845 3210 5902 exposcere,
3241 5825 3508 5898 magnitu-

124 5559 262 5614 die
300 5565 363 5612 et
383 5555 668 5627 ingruente
697 5567 855 5613 nocte
891 5560 944 5613 in
975 5559 1348 5614 continentem
1371 5559 1576 5629 egressi
1619 5568 1768 5624 sunt,

125 5647 352 5705 tribus
403 5654 584 5701 tamen
612 5655 704 5702 aut
723 5647 882 5718 paulo
904 5648 1132 5719 amplius
1160 5663 1187 5701 a
1228 5648 1428 5704 loco-in
1455 5663 1614 5719 quem
1643 5662 1770 5718 pro-

119 5747 474 5813 posuerant
521 5741 702 5810 egredi
751 5741 1003 5802 millibus,
1039 5741 1125 5796 ubi
1164 5749 1218 5796 et
1257 5756 1580 5798 ea~manere
1609 5754 1767 5797 nocte

105 5829 279 5893 ἰιυιι
316 5832 434 5890 sine
460 5848 639 5888 rerum
679 5837 1109 5893 necessariarum
1142 5821 1318 5903 inopia
1350 5837 1656 5907 cbmpulsus
1685 5845 1766 5889 est
