4000 6352
510 388 620 444 653

1510 381 2019 441 WANDALBERTI
2057 381 2475 441 PRUMIENSIS
2511 382 2818 441 MONACIII

3703 383 3808 441 665

509 513 617 568 quc
640 496 863 552 vocibus
889 496 1097 551 veniam
1123 505 1177 552 et
1207 495 1466 550 anvilium
1481 493 1743 568 ﬂagitare.
1758 496 1838 551 Ad
1857 496 2106 551 ultimum
2133 501 2184 561 Α
2299 497 2378 555 De
2400 498 2620 554 muliere
2642 498 2875 570 quadam
2896 495 3122 555 Scoticw
3148 498 3376 557 nationis
3397 500 3474 556 ibi
3495 511 3712 558 sanata.

515 604 640 645 cum
654 588 880 644 salutem
899 587 1111 659 penitus
1123 587 1737 658 desperasset,eductam
1757 587 2021 643 manicam
2037 587 2105 644 de

513 696 681 737 manu
693 680 939 752 projecit,
966 679 1368 751 respiciensque
1395 679 1925 745 basilicam,vineam
1950 694 2104 735 suam

512 770 689 825 sancti
717 769 818 824 viri
843 768 1082 824 dominio
1110 769 1350 825 tradidit.
1391 769 1502 825 Nec
1533 785 1682 825 mora
1731 780 1873 836 acta,
1903 771 2106 828 virtute

509 861 693 917 divma
714 861 914 934 glacies
944 860 1115 916 instar
1143 851 1403 918 navicula:
1430 862 1496 915 ad
1530 859 1680 918 littus
1720 865 1896 917 evexit
1927 865 2105 917 homi-

510 969 661 1022 nem,
683 954 1075 1011 etincolumem
1092 954 1143 1008 in
1167 955 1534 1011 continentem
1558 955 1840 1026 exposuit;
1867 957 1956 1024 qui
1979 971 2105 1009 mox

511 1046 749 1111 vineam,
769 1046 835 1102 de
847 1061 954 1117 qua
972 1045 1204 1101 diximus
1222 1061 1382 1116 supra
1395 1087 1408 1113 ,
1423 1046 1666 1102 ecclesia:
1688 1047 2034 1115 maneipavit,
2051 1046 2105 1101 in

507 1138 667 1210 cujus
685 1154 831 1194 nunc
854 1138 1017 1194 etiam
1046 1135 1168 1208 jure
1195 1147 1529 1208 perseverat.
1570 1137 1662 1194 Sic
1695 1139 1755 1192 B.
1780 1137 2104 1195 confessoris

508 1231 764 1286 meritum
792 1230 1065 1286 hominem
1086 1241 1141 1285 et
1161 1245 1262 1300 pro
1285 1229 1438 1300 culpa
1466 1230 1918 1300 quemadmodum
1945 1245 2104 1300 opor-

509 1323 908 1394 tuitcaSIigavil
925 1331 978 1379 et
992 1321 1208 1377 anxium
1224 1322 1287 1378 de
1300 1321 1539 1393 periculo
1553 1319 1873 1374 mirabiliter
1886 1320 2103 1390 eripuit.

508 1434 589 1492 De
616 1435 849 1506 quodam
879 1434 1202 1499 Isanltardo,
1232 1443 1571 1504 procuratore
1598 1432 1734 1488 villa:
1755 1432 1930 1503 regite,
1963 1448 2101 1488 caeso

1172 1516 1220 1559 et
1252 1516 1460 1559 sanato.

587 1620 674 1677 18.
691 1619 1040 1684 lsanhardus,
1071 1618 1187 1674 fisci
1213 1619 1345 1690 regii
1383 1629 1732 1690 procurator,
1762 1633 1885 1672 cum
1924 1618 2108 1688 inique

515 1710 684 1768 multa
715 1721 905 1769 contra
936 1710 1194 1766 familiam
1217 1711 1278 1765 Β.
1304 1711 1498 1766 Goaris
1525 1719 1731 1782 ageret,
1756 1710 2008 1765 visitatus
2041 1709 2108 1766 ab

514 1801 608 1859 illo
649 1818 747 1874 per
777 1802 1048 1858 somnium
1079 1811 1194 1868 est,
1229 1812 1285 1857 et
1321 1809 1442 1872 post
1491 1801 1919 1873 increpationem
1958 1817 2106 1857 seve-

516 1892 736 1949 rissime
761 1907 932 1948 cmsus
960 1909 975 1958 ;
1025 1891 1100 1947 ita
1129 1901 1187 1946 ut
1215 1892 1303 1947 die
1327 1900 1545 1963 postero
1568 1907 1758 1962 gressu
1786 1907 1893 1946 non
1925 1891 2111 1948 valens

512 1983 789 2049 incedere,
820 1984 944 2038 navi
975 1985 1043 2039 ad
1069 1983 1358 2040 ecclesiam
1381 1985 1694 2048 duceretur,
1731 1983 1822 2038 ubi
1859 1983 2109 2052 aliquan-

510 2077 604 2131 diu
640 2075 914 2133 decubans
935 2076 1202 2148 integram
1229 2077 1516 2132 sanitatem
1543 2084 1773 2146 excepto
1794 2076 2111 2146 genitalium

512 2166 753 2236 pondere
774 2166 1013 2234 meruit;
1066 2182 1189 2238 quae
1225 2168 1385 2222 etiam
1417 2165 1706 2221 infirmitas
1741 2166 2112 2222 indubitanter

511 2273 677 2312 causa
703 2257 896 2313 salutis
921 2257 994 2312 illi
1022 2256 1208 2312 relicta
1235 2258 1606 2328 cognoscitur.

585 2346 712 2403 Huic
763 2349 906 2403 inter
949 2347 1054 2402 alia
1101 2363 1222 2418 qum
1262 2348 1565 2418 compendii
1617 2363 1784 2404 causa
1806 2350 2106 2420 suppressi,

512 2441 849 2511 temporibus
877 2440 1075 2496 Asueri
1107 2439 1322 2497 abbatis
1353 2441 1532 2497 divina
1569 2441 1623 2497 in
1667 2441 1786 2498 loco
1825 2443 2026 2498 virtute
2054 2452 2110 2499 et

512 2531 845 2586 confessoris
885 2529 1030 2586 beati
1076 2530 1276 2586 merito
1315 2540 1727 2602 provenerunt;
1759 2532 1950 2588 diebus
1979 2547 2110 2589 vero

511 2619 807 2685 Tancradi,
837 2620 931 2691 qui
956 2620 1167 2676 Asuero
1193 2619 1430 2678 feliciter
1465 2637 1528 2677 ex
1560 2621 1663 2677 hac
1687 2623 1799 2677 vita
1827 2623 2110 2679 subtracto

510 2713 566 2766 in
609 2712 873 2783 regimine
915 2712 1236 2768 monasterii
1279 2711 1517 2768 Prumiat
1555 2713 1826 2784 simulque
1863 2713 2013 2770 cella:
2038 2713 2100 2770 S.

510 2801 704 2860 Goaris
740 2803 1027 2869 successit,
1053 2805 1169 2860 haec
1191 2819 1312 2875 qua:
1334 2819 1570 2876 superna
1605 2807 1977 2861 misericordia
2012 2807 2110 2862 tri-

508 2895 711 2950 buente
740 2891 1008 2962 subjicere
1029 2893 1188 2964 cupio
1204 2895 1566 2967 contigerunt,
1588 2909 1708 2964 qua:
1733 2905 1788 2950 et
1811 2895 1884 2950 illi
1910 2895 2107 2964 quibus

513 2983 876 3039 referentibus
900 2983 1096 3039 horum
1123 2984 1375 3040 notitiam
1413 2985 1568 3056 attigi
1591 2985 1828 3040 maxima
1855 3000 1924 3042 ex
1952 2993 2109 3058 parte

512 3089 699 3130 coram
722 3073 886 3145 positi
911 3083 1262 3145 aspexerant.

512 3207 601 3262 Ill.
633 3224 995 3266 --|ntucuut
1043 3223 1214 3265 non
1258 3225 1501 3266 renuens
1541 3223 1806 3265 uncum
1855 3222 2103 3265 ABBATIB.
2134 3215 2179 3277 ε

517 3317 594 3374 De
633 3319 796 3376 nimia
841 3320 999 3376 riruli
1026 3322 1380 3377 exundatione
1425 3333 1473 3377 et
1516 3319 1792 3377 turricula:
1817 3322 2108 3377 salvatione

1194 3411 1445 3466 mirabili.

592 3524 680 3580 l9.
722 3523 938 3582 Accidit
965 3523 1256 3598 aliquando
1296 3542 1363 3582 ex
1402 3525 1706 3598 pluviarum
1737 3525 1891 3595 copia
1927 3525 2110 3581 subito

518 3619 751 3675 rivulum
783 3634 944 3689 quem
971 3618 1297 3675 Woccaram
1330 3619 1598 3674 nominari
1637 3618 1688 3672 in
1725 3618 1907 3673 libello
1941 3618 2108 3688 priori

516 3711 774 3777 diximus,
806 3711 944 3766 adeo
976 3711 1302 3777 exundasse,
1328 3721 1388 3766 ut
1413 3711 1467 3766 in
1501 3726 1750 3782 magnam
1786 3710 1980 3766 molem
2015 3724 2112 3765 ex-

518 3818 747 3874 surgens
769 3843 786 3870 ,
817 3803 979 3860 obvia
1008 3819 1238 3874 qumque
1266 3817 1376 3858 non
1407 3803 1524 3858 sine
1561 3801 1804 3872 periculo
1832 3809 1887 3855 et
1911 3799 2110 3855 damna

520 3897 818 3953 multorum
849 3896 1074 3952 eruerit.
1106 3896 1318 3968 Quippe
1346 3911 1470 3951 cum
1499 3895 1775 3951 exundare
1799 3893 1979 3963 primo
1999 3905 2112 3946 cm-

519 3987 713 4056 pisset,
741 3986 1005 4042 incertum
1033 4002 1140 4056 quo
1173 3985 1460 4041 obstaculo
1485 3999 1516 4038 a
1541 4000 1704 4039 cursu
1740 3998 1839 4038 suo
1878 3981 2114 4052 prohibi-

521 4087 632 4140 tus,
659 4075 1108 4132 descendentibus
1144 4093 1212 4131 ex
1260 4075 1603 4131 concavitate
1649 4074 1909 4129 montium
1955 4073 2114 4143 aquis

522 4169 577 4222 in
596 4175 804 4221 tantum
822 4168 1084 4231 excrevit,
1103 4177 1161 4221 ut
1176 4169 1243 4221 ad
1265 4165 1513 4220 ultimum
1537 4164 1710 4236 ruptis
1721 4162 1964 4220 obicibus
1983 4180 2114 4234 pro-

519 4259 720 4324 ﬂuens,
746 4258 908 4314 etiam
935 4259 1169 4328 grandes
1195 4267 1250 4312 ct
1286 4255 1628 4313 firmissimas
1657 4255 1847 4310 domos
1867 4271 1898 4309 a
1922 4254 2114 4309 funda-

527 4349 730 4406 mentis
766 4357 951 4404 crutas
999 4349 1050 4402 in
1096 4349 1344 4402 Rhenum
1373 4347 1425 4401 vi
1465 4363 1563 4402 sua
1605 4344 1880 4414 dejecerit.
1913 4344 2032 4412 Quo
2059 4345 2111 4399 in

522 4450 768 4512 tempore
785 4455 872 4494 res
898 4437 1159 4504 miraculo
1182 4439 1342 4509 digna
1369 4437 1643 4508 provenit:
1661 4437 1792 4491 Nam
1810 4437 1862 4491 in
1882 4437 2113 4506 quadam

523 4548 714 4588 earum
757 4547 876 4601 quae
915 4540 1084 4586 eruta:
1120 4539 1247 4587 sunt
1279 4531 1599 4595 domorum,
1629 4528 1883 4584 turricula
1915 4530 1989 4583 de
2007 4544 2112 4598 qua

525 4622 678 4692 signa
727 4621 1030 4691 penderent
1075 4621 1252 4676 stabat
1290 4628 1603 4686 exstructa,
1645 4633 1764 4690 quae
1800 4634 2115 4689 nuncusque

532 4720 676 4766 tecto
717 4711 962 4767 ecclesiae
1004 4710 1343 4781 superposita
1389 4718 1604 4776 manet;
1645 4725 1765 4780 qua:
1801 4723 1923 4762 cum
1951 4709 2119 4766 multo

525 4802 847 4860 infirmioris
872 4812 1020 4858 esset
1046 4810 1333 4858 structura:
1362 4817 1525 4872 quam
1550 4801 1744 4857 domus
1782 4801 1895 4872 ipsa
1927 4801 1981 4855 in
2011 4816 2116 4870 qua

523 4893 852 4964 parabatur,
898 4903 955 4950 et
1001 4895 1157 4964 aquis
1203 4893 1714 4964 supervenientibus
1761 4894 1828 4949 ad
1880 4893 2116 4948 medium

524 4984 698 5040 ferme
721 5000 916 5041 cursus
943 4985 1201 5056 impetum
1222 4993 1368 5041 esset
1388 4984 1548 5039 obvia
1575 4983 1716 5039 facta
1743 5024 1758 5050 ,
1785 4984 2003 5054 penitus
2039 4993 2120 5038 ta-

529 5088 652 5129 men
685 5073 851 5129 illzesa
893 5075 1146 5142 duravit;
1175 5075 1426 5144 quodque
1464 5071 1684 5142 majoris
1715 5073 1958 5129 miraculi
1986 5073 2115 5137 fuit,

529 5167 724 5222 domus
755 5166 808 5222 in
838 5181 944 5238 qua
985 5168 1164 5223 stabat
1196 5166 1423 5238 integris
1448 5166 1852 5236 compactisque
1895 5165 2034 5220 inter
2059 5179 2118 5221 se

525 5259 826 5326 parietibus
854 5270 1029 5326 eruta,
1060 5274 1236 5331 neque
1257 5275 1443 5315 secum
1470 5258 1618 5313 illam
1666 5259 1884 5313 trahere
1912 5257 2116 5328 potuit,

530 5363 586 5408 et
611 5368 719 5422 qua
751 5368 872 5409 eam
899 5354 982 5410 sui
1010 5362 1262 5425 apertura
1288 5362 1346 5408 et
1372 5351 1640 5407 solutione
1679 5349 1955 5404 transierit
1999 5349 2120 5404 nul-

536 5441 620 5496 lns
645 5441 921 5499 hominum
948 5444 1205 5514 deinceps
1232 5442 1373 5498 scire
1395 5442 1476 5497 vel
1501 5441 1906 5512 deprehendere
1929 5439 2112 5495 valuit.

533 5531 775 5604 Denique
797 5543 1079 5606 postquam
1100 5549 1292 5606 agmen
1321 5532 1450 5587 illud
1473 5547 1736 5604 aquarum
1758 5531 2034 5601 prmteriit,
2062 5531 2115 5584 in

532 5627 644 5686 imo
682 5629 801 5700 ejus
839 5629 1113 5686 turricula:
1140 5629 1260 5683 dure
1295 5641 1418 5682 cum
1458 5625 1577 5682 oleo
1617 5625 1864 5696 ampulla:
1894 5632 2119 5694 reperta:

533 5731 682 5786 sunt,
711 5737 850 5792 quas
877 5725 968 5793 qui
1000 5721 1276 5778 hominum
1316 5719 1554 5777 cosuerit
1593 5719 1676 5774 vel
1707 5717 1848 5774 unde
1888 5717 2116 5790 provisa:

537 5815 647 5869 sint
679 5831 994 5886 nuncusque
1025 5812 1289 5870 nescitur.

2278 610 2369 667 20.
2411 611 2604 667 Mulier
2631 613 2879 683 quaedam
2910 611 2978 669 de
3007 613 3226 670 natione
3247 613 3532 696 scutorum
3579 614 3808 670 nomine

2207 700 2446 773 Brigida,‘
2469 702 2660 758 debilis
2681 708 2869 774 gressu
2890 717 2920 757 a
2949 704 3264 773 parentibus
3279 705 3392 760 suis
3411 713 3470 759 et
3488 704 3709 760 civibus
3739 702 3811 758 ab

2207 795 2340 850 urbe
2382 794 2732 850 redeuntibus
2775 809 2917 865 aegra
2963 793 3035 848 ibi
3082 795 3272 850 relicta
3317 805 3420 851 est.
3447 795 3671 851 Etcum
3713 795 3815 848 ali-

2206 885 2525 955 quantulum
2565 885 2635 939 ibi
2671 885 2931 955 temporis
2960 886 3328 956 transegisset,
3362 887 3462 942 sub
3485 887 3574 942 die
3596 885 3812 942 solem-

2206 977 2393 1030 nitatis
2421 991 2634 1041 annuae,
2658 984 2872 1030 astante
2900 975 3072 1047 plebts
3093 976 3458 1045 multitudine,
3489 987 3690 1034 sanata
3726 984 3820 1032 est

2208 1075 2263 1120 et
2288 1075 2490 1122 erecta.
3331 1081 3343 1087 “

2353 1179 2428 1234 De
2453 1179 2651 1234 ancilla
2687 1180 2966 1250 cujusdam
3002 1179 3304 1235 Hadebaltli
3330 1181 3406 1236 bis
3432 1192 3650 1237 sanata.

2286 1294 2377 1348 21.
2394 1293 2525 1348 ltem
2551 1294 2844 1350 Hadebaldi
2871 1296 3148 1366 cujusdam
3175 1294 3288 1349 noti
3317 1295 3554 1374 hominis
3583 1295 3820 1361 ancilla,

2209 1400 2329 1455 qua:
2359 1394 2414 1442 et
2437 1401 2576 1441 caeca
2608 1396 2753 1442 esset
2779 1397 2837 1442 et
2866 1397 3042 1451 mnta,
3072 1389 3139 1440 ad
3170 1387 3486 1442 memoriam
3525 1402 3817 1442 veneram»

2210 1476 2332 1530 dam
2377 1474 2576 1546 populo
2605 1485 2742 1531 teste
2775 1485 2962 1531 sanata
3000 1485 3103 1532 est.
3145 1477 3251 1532 Sed
3279 1492 3401 1532 cum
3448 1478 3534 1533 his
3580 1480 3814 1550 agnitis,

2206 1563 2460 1620 dominus
2502 1567 2594 1634 qui
2627 1565 2898 1620 infirmam
2932 1569 3187 1632 miserat,
3217 1567 3288 1622 ad
3316 1583 3476 1623 suum
3513 1569 3815 1624 servitium

2203 1654 2316 1725 jam
2343 1656 2666 1711 incolumem
2697 1667 3026 1723 revocasset,
3057 1674 3182 1713 mox
3204 1659 3260 1714 in
3285 1658 3430 1713 illam
3459 1661 3614 1729 prior
3646 1659 3816 1714 debi-

2213 1745 2337 1801 litas
2385 1747 2566 1802 rediit.
2599 1747 2833 1804 Coactus
2875 1750 3060 1820 itaque
3105 1750 3342 1805 evidenti
3385 1750 3654 1806 miraculo
3693 1751 3820 1822 eius

2139 1865 2186 1924 Β
2215 1837 2464 1892 dominus
2508 1841 2899 1895 manumissum
2947 1841 3013 1895 ad
3057 1841 3233 1896 locum
3268 1842 3465 1898 reverti
3507 1842 3678 1909 fecit;
3711 1859 3818 1899 nec

2215 1933 2386 1989 multo
2412 1944 2532 2004 post
2555 1936 2762 1991 sanitas
2787 1951 2906 2005 quae
2927 1936 3122 1991 collata
3146 1947 3274 1992 ante
3297 1938 3492 2003 fuerat,
3519 1938 3618 1994 sed
3638 1948 3818 1994 teme-

2213 2026 2378 2081 ritate
2412 2025 2650 2081 hominis
2678 2027 2968 2097 przepedita
2990 2066 3010 2091 ,
3035 2036 3284 2083 correcta
3330 2028 3550 2082 domino
3599 2028 3820 2084 ancilla

2211 2127 2296 2173 est
2333 2117 2627 2183 restituta;
2658 2131 2780 2186 quae
2819 2125 2874 2172 et
2919 2117 3186 2188 reliquum
3214 2118 3339 2172 vita:
3367 2133 3479 2172 sua:
3519 2119 3574 2172 in
3617 2119 3818 2174 eodan

2211 2209 2334 2268 loco
2363 2209 2595 2280 peregit.
2630 2209 2871 2279 Denique
2897 2211 3076 2265 adhuc
3104 2210 3175 2264 ibi
3203 2225 3362 2266 soror
3384 2211 3502 2282 ejus
3536 2211 3692 2283 degit
3715 2251 3734 2276 ,
3762 2220 3820 2268 et

2212 2303 2524 2360 certissima
2552 2302 2631 2357 rei
2666 2310 2815 2374 geste
2845 2302 3000 2358 testis
3024 2303 3250 2359 assistit.

2809 2421 2889 2477 De
2913 2423 3020 2478 alia
3052 2440 3212 2478 (nica.

2281 2533 2375 2588 22.
2413 2532 2524 2589 Per
2547 2533 2692 2588 idem
2721 2542 2933 2604 tempus
2961 2543 3017 2589 et
3043 2533 3146 2588 alia
3185 2535 3380 2590 mulier
3404 2551 3545 2590 carca
3582 2537 3686 2591 sub
3715 2538 3817 2592 ab-

2209 2626 2352 2682 b'atis
2385 2626 2650 2682 Tancradi
2695 2627 2984 2698 praesentia
3024 2629 3199 2682 visum
3242 2632 3482 2701 recepit,
3513 2632 3815 2702 pluresque

2209 2718 2283 2774 ibi
2309 2727 2496 2789 postea
2518 2717 2655 2772 vixit
2687 2732 2881 2773 annos.

2276 2835 2357 2892 De
2381 2835 2662 2908 cujusdam
2695 2835 2906 2891 ancilla:
2931 2833 3044 2905 ﬁlio
3065 2801 3291 2909 parvulo
3311 2854 3450 2892 circa
3471 2848 3524 2892 ct
3561 2847 3736 2892 muto.

2276 2955 2369 3011 25.
2411 2954 2657 3024 Quodam
2680 2956 2810 3015 item
2837 2965 3079 3030 tempore
3108 2967 3374 3027 praesente
3393 2958 3585 3012 eodem
3608 2956 3808 3012 abbate

2207 3062 2334 3104 cum
2374 3049 2605 3118 populo,
2633 3049 2879 3120 quaedam
2925 3064 2991 3103 ex
3034 3048 3244 3103 ancillis
3280 3049 3596 3104 monasterii
3633 3047 3804 3101 lilimn

2207 3139 2493 3210 parvulum
2525 3139 2617 3210 qui
2645 3141 2714 3196 ab
2741 3149 2866 3195 ortu
2896 3155 3074 3196 caecus
3102 3139 3354 3196 manebat
3390 3150 3447 3194 et
3485 3148 3700 3200 mutus,
3736 3138 3804 3192 ad

2210 3231 2498 3289 ecclesiam
2543 3232 2869 3302 deportavit,
2920 3249 3082 3303 quam
3128 3243 3187 3288 ut
3227 3241 3309 3286 est
3344 3247 3482 3302 puer
3530 3231 3812 3300 ingressus

2208 3323 2469 3378 continuo
2493 3336 2616 3377 cum
2641 3331 2820 3378 matre
2846 3321 2993 3394 loqui
3023 3333 3079 3380 et
3107 3323 3345 3379 basilicae
3374 3323 3617 3393 picturas
3642 3323 3691 3378 ei
3725 3322 3809 3376 di-

2210 3414 2324 3486 gito
2347 3414 2516 3483 ctepit
2540 3412 2850 3470 ostendere.
2879 3415 3070 3470 Mirata
3105 3429 3219 3469 rem
3247 3421 3441 3478 mater,
3465 3413 3560 3469 sed
3592 3423 3812 3483 propter

2210 3506 2552 3576 repentinum
2577 3514 2831 3560 eventum
2862 3506 3119 3577 insperati
3149 3505 3398 3560 miraculi
3429 3521 3539 3560 non
3569 3516 3654 3560 est
3679 3521 3814 3560 ansa

2210 3597 2422 3668 publice
2449 3598 2593 3668 quod
2622 3599 2829 3654 viderat
2874 3599 3144 3654 confiteri.
3179 3600 3311 3668 Qua:
3341 3615 3462 3654 mox
3496 3608 3556 3654 nt
3597 3609 3682 3654 est
3710 3599 3812 3653 do-

2211 3705 2358 3745 mum
2385 3705 2628 3760 regressa
2659 3705 2782 3746 cum
2804 3689 3050 3760 parvulo,
3073 3690 3361 3747 confestim
3389 3693 3443 3746 in
3476 3691 3628 3745 illum
3661 3691 3815 3745 debi-

2211 3779 2340 3835 litas
2371 3780 2601 3850 pristina
2645 3780 2845 3834 rediit:
2873 3787 2932 3835 ut
2977 3779 3153 3850 palam
3199 3780 3384 3845 fieret,
3420 3796 3528 3836 non
3559 3779 3816 3834 debuisse

2214 3877 2442 3924 matrem
2473 3869 2615 3940 quod
2639 3869 2824 3924 divino
2849 3870 2950 3925 sibi
2980 3870 3244 3926 beneflcio
3276 3871 3529 3926 collatum
3557 3880 3706 3925 esset
3744 3871 3817 3926 si-

2212 3957 2382 4014 lentio
2397 3975 2663 4028 premere.
2679 3960 2863 4028 Itaque
2878 3976 3094 4016 causam
3113 3960 3200 4015 illa
3215 3971 3563 4030 pertractans
3577 3961 3819 4030 culpam-

2213 4064 2319 4118 que
2347 4049 2666 4120 intelligens,
2692 4059 2967 4122 arreptum
2996 4047 3187 4107 lestine
3209 4051 3382 4105 filium
3419 4053 3485 4106 ad
3519 4051 3814 4107 ecclesiam

2218 4141 2420 4206 retulit,
2443 4151 2498 4196 et
2521 4157 2634 4196 rem
2663 4157 2880 4198 omnem
2902 4151 2962 4197 ut
2989 4157 3049 4197 se
3075 4143 3302 4199 haberet
3323 4143 3506 4198 abbati
3535 4152 3592 4199 et
3614 4143 3820 4214 populo

2217 4232 2491 4302 patefecit.
2534 4232 2645 4288 Nec
2691 4232 2918 4287 dilatum
2970 4240 3056 4288 est
3103 4233 3194 4288 diu
3241 4233 3719 4299 beneficium,cui
3751 4231 3820 4285 ad

2217 4326 2407 4381 horam
2449 4326 2622 4380 fuerat
2655 4325 3042 4395 impedimento
3071 4325 3333 4380 timiditas
3369 4326 3603 4390 matris;
3631 4325 3728 4380 sed
3763 4333 3824 4376 ut

2217 4419 2305 4474 illa
2333 4419 2496 4474 finem
2543 4419 2799 4474 narrandi
2832 4419 2967 4496 fecit
2990 4460 3008 4486 ,
3044 4418 3473 4475 incolumitatem
3503 4417 3655 4473 illico
3685 4429 3824 4488 puer

2219 4512 2475 4568 obtinuit.

2431 4620 2506 4676 De
2537 4621 2752 4675 muliere
2781 4621 2974 4676 clauda
3001 4639 3066 4678 ea:
3094 4623 3220 4678 urbe
3241 4587 3608 4694 .Hogontiaco.

2290 4738 2385 4793 24.
2430 4737 2506 4792 Ex
2538 4737 2672 4790 urbe
2699 4734 3036 4804 Mogontiaco
3065 4735 3132 4790 ad
3163 4735 3513 4791 festivitatem
3535 4735 3599 4790 Β.
3625 4735 3832 4791 Goaris

2221 4831 2418 4888 mulier
2439 4831 2629 4886 clauda
2657 4829 2835 4899 posito
2859 4843 3043 4884 coram
3084 4829 3283 4884 abbate
3317 4829 3603 4885 Tancrado
3634 4829 3792 4884 venit
3810 4869 3825 4891 ,

2221 4934 2276 4981 et
2304 4941 2426 4980 cum
2469 4925 2522 4978 in
2560 4923 2865 4994 vigiliarum
2907 4923 2975 4978 de
3011 4921 3307 4993 vespertini
3350 4921 3548 4992 psalmi
3593 4937 3630 4977 a
3680 4922 3833 4977 clero

2221 5017 2646 5087 complerentur,
2683 5023 2873 5069 sanata
2899 5023 3003 5069 est.

2245 5146 2319 5201 De
2340 5145 2518 5216 ﬁgulis
2544 5145 2605 5199 ob
2627 5154 2978 5215 contemptum
2997 5153 3214 5215 punitis,
3245 5153 3294 5197 et
3318 5141 3524 5208 infante
3554 5141 3804 5195 liberato.

2293 5259 2385 5314 25.
2428 5258 2535 5314 Sed
2566 5267 2624 5314 ut
2651 5274 2714 5314 ea
2743 5274 2884 5314 nunc
2906 5273 3122 5329 quoque
3145 5271 3590 5313 commemorem.
3620 5254 3868 5322 quibus.

2220 5353 2399 5426 palam
2432 5353 2526 5408 fiat
2551 5351 2640 5422 qui
2665 5352 2926 5408 heativiri
2956 5352 3209 5407 meritum
3231 5359 3286 5407 et
3301 5349 3671 5406 reverentiam
3697 5361 3829 5402 con-

2223 5451 2466 5499 temnere
2493 5441 2838 5510 aliquatenus
2856 5446 3338 5512 praasumpserunt,
3360 5436 3824 5510 quemadmodum

2218 5534 2303 5590 vel
2333 5533 2610 5589 emendati
2641 5533 2770 5597 sint,
2803 5532 2885 5587 vel
2912 5532 3116 5602 puniti:
3148 5531 3383 5602 quodam
3413 5539 3662 5600 tempore
3699 5538 3821 5581 cum

2219 5645 2316 5700 per
2338 5627 2590 5682 Rhenum
2617 5625 2812 5681 flumen
2837 5625 3055 5696 quidam
3088 5623 3235 5697 figuli
3262 5623 3396 5678 ollas
3424 5622 3601 5692 preti‘o
3621 5620 3818 5676 distrao

2224 5717 2433 5775 hendas
2477 5717 2528 5770 in
2563 5717 2810 5772 navicula
2853 5717 3147 5780 veherent,
3177 5715 3376 5770 accidit
3421 5728 3527 5769 una
3557 5726 3677 5768 cum
3707 5705 3812 5761 illi!

2222 5809 2481 5866 feminam
2505 5808 2793 5879 quamdam
2826 5807 3034 5864 fidelem
3059 5823 3178 5862 cum
3209 5806 3434 5878 parvulo
3460 5804 3570 5860 tilio
3588 5801 3808 5857 ιΔτοπο
