4000 6352
191 382 298 438 ὅδε)

1229 366 1316 425 DE
1353 365 1510 425 Vl’l‘A
1548 363 1637 425 ET
1693 352 2073 420 WCULIS
2121 367 2180 423 S.
2208 365 2483 424 GOARIS.

3340 310 3463 413 ’σιισ

194 494 419 551 ﬂumine
447 488 726 563 navigare.
761 481 1008 559 Cumque
1037 484 1103 541 ad
1135 482 1524 541 monastérium
1551 487 1773 536 ventum
1799 483 1855 542 Α
1886 480 1963 537 De
2011 478 2330 550 Wittigelmo
2379 481 2608 551 quodam
2645 474 2908 532 dwmonio
2955 470 3151 528 tradito
3195 478 3245 525 et
3282 464 3463 540 postea

196 596 379 652 esset,
411 591 571 655 rogat
597 580 792 639 mulier
828 579 1088 644 comites,
1113 577 1191 633 uti
1227 585 1315 631 aut
1344 590 1535 631 omnes
1570 576 1784 630 oratum

197 678 253 733 in
284 675 574 733 ecclesiam
601 678 852 761 pergant,
877 679 972 725 aut
992 669 1039 725 si
1070 668 1123 724 id
1135 667 1334 761 poliat,
1364 664 1587 737 appulsa
1620 660 1789 718 littori

196 764 449 824 navicula
479 779 541 821 se
569 764 623 819 in
651 760 1019 818 continentem
1057 754 1367 830 exponant,
1407 754 1790 827 paululumque

195 860 251 915 in
303 859 425 914 loco
471 862 624 913 certo
663 853 1004 917 sustineant,
1029 854 1202 907 donec
1233 849 1405 921 possit
1432 848 1549 918 ipsa
1572 846 1642 902 ab
1663 859 1790 900 ora-

195 946 595 1009 tionereverti.
620 944 855 1014 Egressa
879 942 1064 1013 itaque
1082 938 1198 996 sola
1226 937 1404 1010 pergit
1435 943 1675 999 oratum,
1704 947 1792 990 re-

193 1043 326 1098 licto
356 1042 409 1096 in
443 1039 566 1096 navi
595 1052 719 1093 eum
751 1035 1043 1091 comitibus
1081 1032 1194 1088 ﬂlio
1228 1029 1517 1086 admodum
1542 1024 1788 1100 parvulo.

193 1134 299 1199 llli,
331 1132 562 1188 deducta
590 1129 643 1185 in
657 1127 994 1200 superiorem
1022 1125 1202 1181 locum
1234 1122 1380 1188 navi,
1405 1136 1532 1177 eum
1551 1135 1670 1176 eam
1694 1118 1793 1173 ali-

192 1226 441 1300 qttandiu
472 1223 883 1288 sustinuissent,
911 1234 1096 1277 moras
1124 1218 1243 1289 ejus
1273 1231 1381 1273 non
1417 1214 1674 1276 ferentes,
1699 1212 1795 1268 ab—

192 1318 362 1374 ducta
387 1316 513 1371 navi
544 1315 657 1395 iteg
686 1308 1022 1383 propositum
1055 1314 1497 1381 persequuntur;
1527 1303 1621 1359 sed
1658 1302 1793 1357 ultio

192 1407 380 1464 divina
404 1419 529 1460 mox
555 1394 845 1460 consecuta
875 1408 980 1464 est,
1002 1414 1109 1470 qua
1132 1398 1480 1454 manifestum
1512 1394 1665 1450 ﬂeret
1682 1407 1791 1448 non

193 1499 453 1556 debuisse
480 1496 602 1552 illos
625 1494 709 1550 vel
733 1494 969 1549 abeunte
996 1492 1087 1547 illa
1110 1488 1573 1561 opportunitatem
1598 1482 1793 1541 orandi

191 1589 494 1662 negligere,
507 1585 595 1642 vel
624 1584 785 1640 linem
809 1581 1115 1640 sustinendi
1136 1594 1320 1635 moras
1348 1578 1465 1648 ejus
1481 1574 1793 1648 praesertim

192 1682 396 1737 breves
421 1686 793 1735 contemnere.
818 1672 957 1729 Nam
977 1688 1100 1729 cum
1123 1672 1354 1728 adverso
1370 1668 1590 1724 ﬂumine
1607 1665 1790 1722 navim

192 1781 422 1844 agentes
442 1779 631 1826 contra
668 1782 792 1824 eum
824 1766 1000 1822 locum
1028 1765 1336 1826 venissent,
1373 1762 1464 1818 ubi
1510 1777 1577 1817 ex
1623 1758 1795 1813 laten-

2585 558 2753 604 erato.

1958 669 2049 725 27.
2099 664 2208 723 Sed
2254 673 2316 720 nt
2355 661 2688 735 propositum
2731 667 3049 727 persequar,
3098 648 3463 723 Willigelmus

1887 762 2128 836 quidam,
2172 759 2264 831 qui
2292 768 2606 823 nuncusque
2660 756 2931 822 superest,
2987 760 3112 836 cum
3160 743 3377 798 vineam
3435 755 3469 796 a

1891 830 2064 907 matre
2091 830 2272 906 datam
2300 847 2368 903 de
2390 845 2512 915 jure
2537 851 2593 899 et
2609 840 2950 913 possessione
2967 834 3213 892 ecclesia:
3238 831 3300 888 S.
3330 830 3469 887 Gua-

1888 942 1967 997 ris
2002 940 2376 1000 subtraxisset,
2408 948 2551 991 saevo
2569 930 2833 988 daemonio
2851 936 2936 983 est
2968 922 3329 994 mancipatus.
3367 919 3473 975 De-

1890 1034 2055 1104 nique
2073 1033 2142 1087 ab
2165 1045 2230 1086 eo
2255 1036 2483 1085 vexatus
2503 1025 2717 1079 vineam
2740 1018 2972 1076 reddidit
2992 1023 3049 1072 et
3072 1011 3257 1070 curari
3290 1008 3475 1091 conti-

1892 1140 2000 1180 nuo
2024 1122 2242 1187 meruit,
2266 1130 2325 1175 ut
2344 1121 2447 1174 hoc
2464 1113 2714 1185 exemplo
2732 1108 2914 1167 caeteri
2944 1112 3312 1166 monerentur,
3339 1106 3471 1180 voto

1892 1224 2175 1289 parentum
2205 1210 2414 1280 resjuri
2448 1206 2691 1265 ecclesiae
2730 1202 3066 1272 mancipatas
3105 1190 3356 1253 subtrahi
3393 1188 3465 1246 ab

1891 1305 2197 1363 haeredibus
2231 1305 2358 1358 ﬂliis
2379 1315 2487 1355 non
2513 1306 2787 1369 oportere.

2213 1436 2289 1493 De
2311 1436 2538 1509 quodam
2571 1430 2821 1489 Wolvone
2837 1427 3158 1501 presbytero.

1959 1575 2051 1632 28.
2082 1572 2278 1629 Wolvo
2321 1567 2540 1642 quidam
2580 1566 2651 1622 ab
2700 1564 2919 1620 ineunte
2945 1567 3106 1617 astate
3132 1555 3209 1613 ibi
3238 1537 3270 1610 a
3303 1559 3488 1610 matre

1891 1658 2150 1727 nutritus,
2166 1676 2291 1718 cum
2311 1665 2500 1732 postea
2512 1655 2798 1728 presbyter
2815 1658 2990 1716 esset,
3010 1647 3253 1704 decimas
3270 1655 3394 1732 qum
3413 1655 3483 1696 ex

1892 1755 2062 1812 multo
2081 1754 2195 1825 jam
2221 1730 2464 1821 tempore
2500 1745 2747 1803 ecclesiae
2769 1742 2830 1797 Β.
2869 1738 3067 1797 Goaris
3087 1747 3341 1809 agrorum
3358 1730 3483 1825 jure

191 1822 335 1920 ticum
362 1863 465 1920 sub
490 1875 629 1932 aqua
668 1874 924 1914 saxorum
959 1858 1218 1928 voragine
1253 1822 1610 1911 et'undarum
1636 1850 1791 1907 eolli-
1818 1837 1869 1898 Β
1896 1822 2284 1919 competerent,
2312 1843 2428 1899 suis
2454 1840 2646 1897 usibus
2682 1836 2807 1893 dolo
2860 1832 3006 1889 malo
3045 1826 3325 1887 conduxit.
3373 1822 3487 1879 Nec

191 1958 353 2013 sione
375 1952 743 2025 rapidissima,
771 1949 955 2021 gravia
974 1963 1117 2019 saepe
1132 1946 1450 2018 navigantes
1471 1942 1792 1998 discrimina

191 2047 507 2120 patiuntur,
532 2043 627 2114 qui
657 2043 811 2097 locus
837 2041 891 2096 in
922 2039 1143 2095 ﬂumine
1167 2039 1237 2094 ab
1261 2036 1491 2093 ecclesia
1512 2035 1574 2089 Β.
1598 2031 1794 2114 Goaris

190 2140 454 2213 passibus
480 2137 595 2195 fere
624 2145 842 2193 centum
869 2143 964 2190 aut
989 2133 1150 2206 paulo
1177 2132 1390 2203 longius
1424 2130 1612 2193 abest,
1637 2134 1795 2197 rapta

194 2232 601 2301 submersaque
637 2226 891 2284 navicula
935 2226 1237 2297 perierunt.
1279 2222 1386 2277 Sed
1429 2219 1635 2276 inutilis
1671 2232 1795 2275 esse

193 2339 310 2380 non
335 2320 513 2392 potuit
537 2318 745 2374 devota:
769 2316 1013 2373 mulieris
1039 2315 1216 2371 oratio
1233 2355 1247 2378 ,
1284 2311 1441 2380 cujus
1480 2310 1584 2366 etsi
1625 2309 1795 2365 eomi-

194 2424 284 2471 tes
319 2427 460 2484 aqua
504 2411 818 2477 submersit,
851 2409 1020 2464 filium
1047 2417 1226 2464 tamen
1260 2406 1439 2462 divina
1463 2406 1662 2460 virtute
1687 2402 1798 2459 sal-

193 2517 392 2561 vatum
420 2514 477 2561 et
504 2503 702 2559 merito
730 2502 908 2559 sancti
950 2508 1253 2572 protectum
1290 2512 1632 2568 nequaquam
1675 2510 1799 2566 per-

195 2600 335 2655 dere
365 2596 554 2653 valuit.
577 2596 786 2668 Quippe
811 2594 901 2650 illa
928 2605 988 2649 ut
1016 2592 1085 2648 ab
1120 2592 1366 2647 oratione
1413 2589 1626 2645 rediens
1663 2587 1801 2644 ollas

197 2705 375 2762 super
411 2703 608 2760 aquam
654 2685 786 2743 ferri
815 2685 1132 2758 conspexit,
1164 2682 1427 2739 intellexit
1466 2679 1609 2752 quod
1647 2687 1798 2758 erat,

195 2782 387 2837 socias
411 2793 718 2848 navemque
741 2776 953 2849 perisse
973 2816 988 2841 ,
1019 2774 1358 2844 sollieitaque
1381 2787 1480 2844 pro
1504 2771 1615 2826 lilio
1638 2784 1799 2840 quem

195 2867 315 2929 dita
336 2869 607 2943 perditum
636 2868 1039 2940 suspicabatur,
1060 2865 1247 2923 oculos
1269 2879 1393 2919 cum
1415 2863 1542 2918 ﬂetu
1565 2862 1802 2918 maximo

196 2963 313 3018 bac
336 2960 568 3030 illacque
592 2957 945 3023 circumtulit,
971 2956 1067 3012 sed
1100 2966 1325 3025 repente
1353 2954 1499 3009 videt
1530 2953 1800 3008 undarum

198 3053 661 3111 dorso-sublatum
686 3050 966 3123 parvulum
989 3049 1122 3120 ripze
1147 3047 1385 3104 ﬂuminis
1417 3046 1801 3117 prepiuquare.

200 3142 498 3215 Tantaque
524 3140 627 3197 fuit
656 3140 905 3196 miraculi
930 3139 1184 3204 claritas,
1235 3145 1298 3192 ut
1340 3135 1599 3192 infantem
1633 3142 1805 3189 mater
1834 3199 1874 3215 η
1906 3135 1938 3175 0

199 3235 490 3308 excipiens
514 3235 782 3290 invenerit
801 3248 926 3288 eum
952 3247 982 3286 a
1010 3230 1187 3286 medio
1208 3226 1512 3300 corpusculi
1535 3241 1689 3296 aquae
1713 3240 1804 3279 su-
1831 3199 1877 3263 Ο
1908 3210 2023 3279 ipsa
2067 3204 2336 3261 ιέίθτθίιιθ
2371 3211 2508 3308 θοϐιξ

198 3333 617 3398 perexstantem
644 3324 829 3381 littora
860 3322 1128 3394 attigisse,
1160 3320 1304 3390 quod
1331 3334 1401 3375 ne
1426 3317 1666 3373 virorum
1687 3315 1807 3386 qui-

203 3417 340 3476 dem
369 3416 511 3499 ullus
539 3415 833 3488 aliquando
859 3412 1083 3470 natandi
1114 3410 1314 3483 peritia
1350 3417 1409 3465 et
1445 3407 1659 3464 viribus
1685 3419 1809 3461 cor-

199 3509 366 3568 aoris
387 3506 564 3581 potuit
592 3506 867 3564 obtinere.

206 3686 297 3744 Ds
321 3684 524 3757 infante
551 3683 644 3757 qui
682 3699 814 3755 equo
856 3690 1005 3738 trans
1035 3679 1277 3736 Rhenum
1313 3675 1596 3733 incolumis
1633 3682 1810 3731 uectus

965 3782 1063 3831 εδδ.

291 3936 367 3994 26
422 3935 484 3992 in
521 3933 768 3991 dissimili
817 3948 983 3990 causa
1027 3946 1134 3987 non
1182 3925 1447 3985 dissimile
1488 3922 1815 3981 miraculum

215 4028 333 4087 sub
359 4028 550 4084 eodem
577 4035 819 4097 tempore
845 4024 1076 4090 exstitit,
1117 4021 1262 4092 quod
1305 4027 1529 4090 propter
1565 4016 1818 4074 similitu-

215 4120 411 4176 dinem
437 4118 515 4173 rei
546 4125 714 4188 gestae
751 4114 1081 4187 praecedenti
1112 4110 1389 4180 subjuuxi.
1430 4109 1601 4164 Mater
1629 4105 1815 4176 cujus-

217 4212 355 4265 dam
394 4207 619 4264 infantis
668 4208 785 4265 fere
818 4204 1215 4278 quinquennis,
1240 4218 1370 4260 cum
1403 4216 1470 4258 eo
1505 4199 1598 4271 qui
1641 4199 1817 4270 ipsum

217 4298 494 4357 infantem
518 4300 585 4355 de
611 4285 771 4356 sacro
810 4297 956 4353 fonte
992 4303 1312 4368 susceperat
1349 4292 1476 4349 navi
1503 4292 1651 4348 circa
1674 4290 1821 4360 ripas

221 4401 409 4449 tracta
430 4406 527 4463 per
552 4390 775 4446 ﬂuvium
810 4389 1165 4454 ascendebat,
1190 4398 1529 4458 puerumque
1556 4396 1699 4453 equo
1723 4395 1819 4437 su-

219 4484 566 4558 perpositum
599 4484 674 4554 (id
702 4482 847 4538 enim
875 4497 939 4537 ex
973 4490 1146 4536 matre
1182 4488 1238 4536 et
1273 4486 1506 4549 patrono
1537 4490 1673 4547 puer
1702 4473 1821 4545 ipse

225 4574 488 4648 petierat)
507 4573 662 4643 juxta
693 4574 746 4628 in
773 4573 956 4628 littore
981 4587 1181 4643 parens
1212 4579 1444 4639 uterque
1470 4565 1673 4622 fecerat
1700 4580 1817 4619 am-

223 4667 446 4723 bulare.
480 4665 617 4722 Tum
642 4682 814 4739 equus
838 4673 898 4719 ut
918 4663 1039 4720 sine
1067 4669 1280 4718 rectore
1310 4660 1470 4724 liber,
1501 4657 1819 4727 navigantes

226 4754 554 4829 praeteriens
583 4765 778 4829 sponte
800 4771 859 4811 se
882 4756 935 4811 in
958 4753 1157 4809 ﬂumen
1184 4751 1335 4807 dedit
1358 4765 1481 4805 cum
1511 4761 1698 4819 puero,
1721 4759 1824 4801 nec

232 4848 487 4905 revocari
535 4849 605 4903 ab
651 4848 835 4918 aliquo
878 4846 1070 4918 potuit.
1115 4843 1359 4913 Cumque
1398 4839 1558 4896 salmi
1601 4837 1827 4893 infantis

230 4955 433 4999 omnes
459 4942 733 5007 timerent,
762 4941 961 5011 quippe
980 4951 1142 5009 quem
1172 4935 1227 4990 in
1255 4932 1655 5004 rapidissimum
1679 4927 1831 4982 altis-

232 5036 550 5106 simumque
573 5031 796 5088 ﬂuvium
839 5048 904 5087 ac
930 5028 1256 5084 latissimum
1308 5039 1450 5096 equo
1496 5035 1661 5092 quem
1697 5018 1830 5075 reti-

235 5143 375 5184 nere
393 5127 635 5198 nequivit
656 5126 787 5181 ferri
814 5123 1217 5194 conspicerent,
1233 5127 1288 5175 et
1299 5116 1494 5176 Goaris
1517 5112 1830 5184 suffragium
1920 5168 1923 5171 _

236 5219 458 5290 magnis
495 5219 750 5292 precibus
790 5215 1159 5288 postularent,
1191 5225 1363 5281 equus
1402 5223 1525 5264 cum
1573 5202 1832 5261 incolumi

239 5328 415 5387 puero
451 5319 733 5369 transnato
756 5309 976 5365 ﬂumine
1003 5307 1058 5361 in
1088 5302 1400 5360 ulteriorem
1443 5299 1615 5368 ripam
1645 5294 1834 5351 exivit.

238 5406 380 5472 Quae
431 5418 519 5458 res
563 5401 754 5472 utique
800 5412 996 5469 magno
1044 5391 1306 5450 miraculo
1352 5387 1630 5461 provenit,
1680 5393 1741 5439 ut
1782 5391 1839 5438 et

237 5511 422 5568 equus
464 5495 584 5551 sine
631 5502 842 5549 rectore
896 5499 1105 5546 tantum
1151 5485 1348 5540 ﬂumen
1385 5480 1506 5536 loco
1536 5474 1837 5549 praesertim

239 5593 474 5660 propter
503 5600 635 5641 saxa
662 5576 986 5640 'diﬂicillimo
1019 5589 1076 5637 et
1116 5575 1425 5651 periculoso
1464 5569 1753 5636 transiret,
1782 5574 1838 5623 et

228 5679 439 5753 infans
461 5682 557 5753 qui
585 5696 653 5737 ne
675 5679 737 5758 in.
759 5676 914 5734 arido
949 5675 1168 5747 quidem
1208 5684 1350 5745 equo
1386 5665 1577 5726 sedere
1624 5668 1838 5729 nosset,

247 5776 375 5837 sine
398 5774 641 5848 periculo
664 5775 774 5831 ullo
805 5769 1083 5828 evaderet.
1126 5816 1132 5820 .

1894 1917 2093 2011 magna
2136 1938 2503 2006 subsequente
2546 1945 2699 1988 mora
2724 1942 2903 1985 caecus
2938 1932 2995 1983 et
3022 1930 3210 1980 mutus
3235 1917 3484 1980 eﬂ'ectus,

1892 2033 1960 2088 ad
1988 2006 2266 2087 basilicam
2294 2026 2393 2081 viri
2421 2020 2749 2080 sanctissimi
2799 2034 2830 2071 a
2881 2016 2995 2071 suis
3028 2010 3378 2084 perducitur;
3409 2006 3487 2063 ibi

1893 2138 1983 2180 res
2009 2119 2319 2194 patrimonii
2368 2117 2451 2173 sui
2482 2130 2609 2170 eum
2657 2109 2926 2167 restitutis
2973 2102 3200 2161 decimis
3239 2098 3485 2162 tradidit,

1892 2223 1949 2271 et
1974 2189 2287 2277 sanitatem,
2310 2208 2519 2279 placato
2540 2220 2607 2260 eo
2638 2217 2800 2272 quem
2826 2196 3149 2259 oﬂenderat,
3171 2189 3394 2247 meruit.

1899 2361 1974 2415 De
2014 2357 2331 2430 negotiatore
2356 2350 2564 2408 nomine
2595 2344 2882 2402 Badoardo
2909 2349 3122 2413 propter
3148 2350 3343 2391 cwsum
3370 2345 3487 2387 ser-

2504 2435 2623 2475 vum
2650 2425 2877 2471 mortuo.

1966 2566 2058 2622 29.
2087 2561 2398 2635 Negotiator
2423 2554 2641 2627 quidam
2672 2549 2908 2605 Badoart
2952 2543 3131 2600 dictus
3167 2553 3292 2635 cuin
3341 2535 3489 2635 iibe-

1900 2674 2027 2714 nmn
2058 2624 2550 2711 naviaseenderet,
2573 2657 2714 2698 unus
2741 2650 3023 2695 servorum
3052 2631 3146 2702 qui
3168 2628 3316 2684 illum
3348 2624 3490 2681 forte

1899 2747 2199 2806 oﬂ’enderat
2242 2738 2565 2811 supplicium
2596 2741 2846 2788 metuens
2894 2727 2961 2783 de
2994 2723 3118 2779 navi
3154 2717 3408 2790 prosiliit,
3432 2723 3492 2771 et

1901 2840 2149 2898 concitus
2171 2834 2240 2889 ad
2268 2810 2553 2888 ecclesiam
2577 2822 2733 2894 fugit.
2760 2816 2897 2873 Tum
2921 2815 3008 2871 ille
3030 2810 3313 2882 fugitivum
3335 2820 3493 2898 secu-

1904 2897 1991 2987 tus
2034 2930 2103 2984 ab
2130 2923 2361 2982 ecclesia
2408 2918 2629 2975 trahere
2681 2911 2869 2981 erepit,
2896 2905 3217 2979 prohibente
3268 2897 3386 2954 ﬁeri
3431 2904 3494 2952 et

1903 3025 2123 3083 nomine
2161 3017 2358 3076 Goaris
2383 3020 2609 3085 rogante
2638 3006 2795 3066 simul
2826 3013 2883 3061 et
2914 2999 3282 3058 comminante
3309 3007 3496 3050 mona-

1940 3120 2011 3174 ho
2038 3112 2303 3171 llerirado
2339 3108 2430 3178 qui
2451 3083 2705 3176 praesens
2738 3098 2879 3153 forte
2918 3089 3213 3153 residebat,
3241 3099 3350 3157 quo
3377 3083 3496 3139 hazc

2511 3194 2621 3250 ovi.
2654 3188 2762 3246 Sed
2813 3183 3116 3256 negotiator
3143 3178 3328 3235 furore
3374 3189 3499 3231 suc-

1907 3270 2107 3359 census
2130 3312 2256 3353 cum
2299 3288 2624 3349 monachum
2653 3289 2939 3354 rogantem
2992 3289 3146 3345 teque
3177 3270 3499 3327 minantem-

1907 3406 2013 3465 que
2033 3390 2404 3446 contemneret
2420 3421 2435 3446 ,
2454 3394 2554 3450 pro
2576 3376 2782 3433 foribus
2808 3366 3052 3428 ecclesiae
3072 3364 3139 3420 ad
3158 3366 3501 3465 contemptus

1910 3447 2258 3555 augmentum
2295 3447 2527 3530 tractum
2572 3467 2640 3521 ab
2668 3462 2829 3520 altari
2867 3471 3083 3515 servum
3132 3449 3348 3509 cecidit.
3388 3447 3502 3503 Nec

1910 3540 2138 3635 multum
2167 3567 2324 3641 spatii
2350 3559 2679 3624 intercessit,
2700 3563 2763 3612 ut
2789 3553 2943 3624 cujus
2970 3545 3199 3604 arbitrio
3228 3540 3503 3612 paruisset

1912 3680 2141 3742 quemve
2166 3656 2586 3728 contempsisset
2611 3655 2956 3722 agnosceret,
2988 3638 3269 3698 immundo
3286 3632 3503 3706 spiritui

1913 3732 2183 3820 traditus,
2216 3750 2367 3810 brevi
2410 3746 2582 3803 vitam
2628 3738 2814 3798 nimiis
2856 3732 3188 3793 cruciatibus
3231 3732 3502 3785 extortam

1915 3850 2110 3909 ﬁnivit.

1915 3984 1996 4041 De
2042 3977 2321 4053 cujusdam
2367 3968 2826 4094 Humfrid‘iofsgo
2855 3979 2891 4018 α
2929 3954 3150 4016 uinculis
3195 3949 3511 4011 mirabiliter

1989 4187 2081 4247 50.
2109 4187 2243 4242 Item
2264 4176 2531 4238 Humfridi
2555 4170 2837 4239 cujusdam
2857 4161 3043 4223 clerici
3056 4156 3301 4218 ecclesia:
3317 4167 3511 4247 servus

1921 4243 2049 4338 cum
2080 4292 2182 4349 pro
2204 4272 2359 4344 culpa
2404 4269 2460 4327 in
2502 4264 2782 4321 dominum
2829 4254 3121 4349 commissa
3143 4265 3175 4305 a
3203 4243 3511 4349 ter-gavia-

2067 4332 2664 4422 brachiaitraberetur,
2693 4358 2750 4406 et
2784 4344 3046 4418 supplicia
3072 4353 3195 4412 quas
3218 4336 3335 4430 sibi
3368 4332 3513 4430 infe-

1924 4460 2094 4519 renda
2126 4455 2330 4517 sciret,
2362 4449 2548 4506 animo
2572 4439 3045 4515 perhorresceret,
3067 4427 3326 4519 quoniam
3353 4422 3517 4519 aliter

1842 4552 1898 4613 D
1925 4508 2506 4620 homini—praesentiam
2534 4508 2912 4600 subterfugere
2937 4540 3045 4580 non
3070 4508 3322 4620 valebat,
3343 4511 3518 4620 eccle-

1927 4645 2064 4700 siam
2093 4602 2358 4708 respexit,
2387 4641 2441 4689 et
2463 4628 2532 4684 ad
2556 4639 2679 4682 eam
2722 4633 2908 4676 secum
2930 4626 3095 4686 prece
3140 4607 3338 4665 tacitus
3362 4602 3520 4660 incli-

1929 4696 2098 4794 navit.
2129 4696 2240 4788 Res
2261 4729 2422 4799 digna
2455 4718 2743 4780 miraculo!
2775 4711 3062 4771 confestim
3083 4705 3301 4763 vincula
3321 4696 3523 4799 quibus

1931 4792 2127 4901 ligatus
2148 4792 2468 4881 ducebatur,
2495 4814 2641 4869 dicto
2669 4807 2833 4865 citius
2859 4804 3039 4859 laxata
3062 4804 3189 4855 sunt
3218 4804 3276 4852 et
3301 4792 3477 4881 soluta
3501 4808 3519 4857 ;

1934 4886 2238 4989 exutusque
2266 4911 2497 4970 vinculis
2534 4920 2724 4964 servus
2761 4903 2830 4959 ad
2869 4898 3156 4957 ecclesiam
3197 4906 3319 4949 sese
3347 4886 3525 4961 prori-

1934 5011 2071 5085 puit,
2097 4982 2199 5065 nec
2223 5003 2485 5075 repetitus
2507 5016 2539 5054 a
2560 4996 2781 5054 domino
2801 4982 3527 5085 oﬂ’ensam‘suppliciutnque

1936 5069 2150 5157 vitavit.
2177 5069 2410 5152 Tantum
2439 5089 2579 5162 apud
2600 5085 3029 5156 omnipotentem
3053 5077 3222 5132 Deum
3249 5069 3525 5142 supplica-

1936 5196 2013 5250 tio
2045 5190 2208 5248 tacite
2227 5188 2346 5243 viro
2371 5190 2560 5241 sancto
2587 5179 2706 5234 fusa
2730 5170 3041 5236 convaluit,
3081 5181 3183 5223 nec
3205 5177 3399 5236 passus
3441 5168 3529 5216 est

1939 5283 2189 5341 Christus
2206 5291 2329 5334 eum
2354 5288 2576 5330 manere
2598 5270 2843 5342 ligatum,
2869 5262 2960 5334 qui
2981 5257 3308 5343 necessitate
3331 5260 3391 5309 et
3406 5250 3532 5343 ani-

1924 5364 2033 5432 'mo
2064 5374 2131 5428 ad
2159 5368 2334 5427 sancti
2359 5364 2548 5421 altaris
2582 5357 2843 5417 auxilium
2875 5342 3209 5421 confugisset
3229 5387 3245 5412 ,
3295 5352 3355 5400 ut
3400 5342 3530 5398 hinc

1941 5479 2157 5539 quoque
2175 5461 2399 5517 daretur
2430 5452 2658 5525 intelligi
2684 5491 2700 5518 ,
2722 5455 2985 5521 quantum
3015 5438 3340 5500 intercessio
3384 5434 3530 5538 illius

1943 5525 2014 5617 ad
2070 5525 2372 5613 animarum
2422 5547 2678 5607 solvenda
2727 5540 2940 5599 vincula
2970 5534 3326 5611 praevaleret,
3375 5525 3530 5595 cujus

1945 5650 2220 5711 invocatio
2272 5655 2424 5704 tanta
2472 5641 2728 5700 facilitate
2784 5635 3077 5707 ligamenta
3128 5621 3373 5697 corporis
3419 5619 3529 5675 disc

1949 5746 2221 5807 solvisset.
