4000 6352
495 347 602 402 667
614 301 631 313 ο

1499 331 2007 393 mammam
2041 327 2458 393 ruunteusts
2498 327 2804 401 nomen:

3683 334 3799 394 ωε

474 464 575 519 .Dc
602 461 788 517 abbate
814 454 1107 515 Maximino
1146 453 1208 509 ob
1251 450 1727 511 dissimulationem
1761 448 2082 520 periclitata,
2112 447 2163 510 Α
2189 458 2311 502 esse
2338 444 2632 515 potuerint.
2663 443 2980 518 Negotiator
2998 462 3067 505 ex
3097 463 3258 520 supra
3474 450 3798 507 FW

1127 524 1218 579 sed
1247 522 1469 580 saluata.

566 646 657 703 5t.
698 642 942 712 Quodam
990 651 1234 710 tempore
1260 639 1484 695 .abhate
1533 637 1817 695 Tancrado
1848 636 1903 694 in
1951 636 2089 694 cella

496 737 695 807 posito,
738 733 1064 790 Maximinus
1089 731 1403 787 monasterii
1448 730 1507 787 S.
1550 726 1814 787 Gereonis
1844 742 1895 795 ιι.
1945 729 2090 800 quod

497 827 642 899 apud
668 825 857 881 urbem
881 822 1260 895 Agrippinam,
1281 837 1403 891 quae
1440 836 1585 875 nunc
1611 820 1832 879 Colonia
1863 819 2084 887 dicitur,

495 920 660 973 situm
681 924 785 981 est,
814 915 1025 970 abbasa
1049 913 1327 985 provincia
1356 911 1693 982 Vangionum
1718 909 2087 984 [Wormes]ex

498 1009 783 1076 vindemiis
809 1023 932 1063 cum
974 1018 1169 1061 onusta
1205 1006 1333 1061 vino
1371 1004 1495 1059 navi
1541 1013 1597 1060 et
1623 1020 1729 1060 non
1766 1005 1954 1075 paucis
1998 1019 2088 1059 co-

496 1078 722 1156 mitibus
774 1099 1174 1164 descendebat;
1237 1106 1295 1154 et
1336 1113 1461 1154 cum
1511 1095 1624 1167 jam
1666 1099 1840 1154 sancti
1894 1097 2089 1154 Goaris

497 1190 828 1246 monasterio
878 1186 1321 1262 propinquasset,
1372 1190 1633 1245 suadetur
1695 1204 1727 1243 a
1785 1190 1951 1246 sociis
2009 1191 2084 1246 uti

495 1280 722 1351 appulsa
773 1281 828 1335 in
883 1281 1250 1336 continentem
1307 1280 1429 1336 navi
1471 1288 1684 1336 oratum
1727 1281 1796 1336 ad
1837 1291 2085 1339 sanctum

495 1368 729 1426 Goarem
759 1371 1038 1427 ascendat.
1088 1370 1183 1425 Ille
1218 1387 1399 1427 moras
1443 1373 1544 1428 sibi
1586 1387 1691 1427 non
1748 1376 2088 1431 necessarias

497 1463 601 1518 hac
629 1464 687 1519 in
720 1480 779 1520 re
808 1460 924 1520 ﬁeri
956 1465 1168 1532 dicere,
1215 1464 1331 1520 fore
1359 1465 1799 1536 Opportuniorem
1844 1476 2087 1539 tempore

496 1552 606 1609 alio
646 1554 839 1610 orandi
878 1556 1249 1611 occasionem.
1300 1554 1394 1611 Sic
1446 1555 1748 1612 dehortatis
1799 1555 2090 1612 comitibus

495 1646 834 1727 propositum
871 1645 978 1700 iter
1002 1646 1380 1717 persequitur,
1412 1648 1508 1702 sed
1540 1662 1647 1703 non
1680 1648 1899 1718 impune
1938 1646 2087 1704 illum

497 1733 633 1791 ultio
655 1733 838 1793 divina
866 1737 1098 1792 transire
1131 1738 1401 1808 permisit.
1444 1738 1652 1809 Quippe
1694 1739 1835 1796 utin
1862 1755 2091 1812 conspe-

2189 546 2351 611 gente
2379 553 2575 597 navem
2603 554 2702 611 per
2721 539 2972 599 Rhenum
2997 540 3201 603 ﬂumen
3227 545 3446 615 agebat,
3476 554 3537 602 et
3578 554 3639 602 ut
3663 560 3799 602 mo-

2189 630 2269 688 ris
2291 639 2377 689 est
2398 670 2416 688 .
2439 631 2567 702 quia
2593 632 2825 690 adverso
2851 632 3073 691 ﬂumine
3098 635 3420 705 navigabat,
3440 635 3574 693 tmte
3596 651 3629 691 a
3664 637 3796 693 suis

2190 740 2383 782 navem
2408 725 2555 783 circa
2599 726 2754 783 littus
2798 728 3117 785 trahendam
3166 740 3477 787 curaverat.
3529 730 3796 801 Cumque

2182 814 2305 887 jam
2326 818 2478 876 cella:
2502 819 2700 893 vicinia
2749 820 3041 891 attigisset,
3069 833 3323 879 monetur
3344 839 3376 878 a
3401 823 3514 880 suis
3543 823 3796 893 aliisque

2192 911 2247 966 in
2276 909 2515 968 ﬂuminis
2534 911 2792 983 praeripio
2813 914 3269 980 consistentibus,
3299 915 3373 970 uti
3411 915 3478 970 ad
3504 915 3794 971 orandum

2191 1000 2371 1059 navim
2397 1001 2582 1072 egredi
2612 1002 2828 1059 debeat.
2875 1002 2967 1061 llle
3000 1004 3103 1061 sibi
3132 1003 3249 1075 ejus
3286 1014 3415 1060 tunc
3447 1006 3526 1062 rei
3560 1006 3797 1077 copiam

2189 1106 2297 1146 non
2323 1106 2444 1149 esse
2477 1093 2682 1159 dicere,
2706 1093 2956 1163 impediri
2985 1111 3135 1153 mora
3165 1098 3498 1167 propositum
3525 1112 3795 1166 cursum,

2188 1198 2291 1237 nec
2314 1197 2372 1238 se
2396 1199 2554 1254 posse
2576 1184 2678 1240 nisi
2694 1187 3010 1243 continuato
3035 1187 3454 1259 uavigioqnietis
3475 1203 3793 1261 congruum

2188 1270 2367 1337 locum
2395 1275 2680 1346 attingere.
2730 1276 2811 1332 lta
2839 1278 3022 1334 anitno
3067 1279 3176 1333 ﬁxo
3202 1279 3385 1352 navim
3430 1280 3542 1352 agit
3567 1290 3625 1336 et
3660 1280 3799 1349 ipse

2190 1365 2246 1425 in
2283 1382 2347 1421 ea
2377 1366 2588 1423 clavum
2620 1383 2811 1439 regens
2838 1385 2961 1425 cum
2989 1385 3098 1426 uno
3125 1343 3404 1427 servon‘uu
3432 1372 3666 1438 residet,
3700 1386 3799 1426 re-

2187 1455 2322 1527 liqui
2350 1458 2531 1513 navim
2557 1475 2657 1529 per
2682 1460 2864 1517 littora
2894 1463 3135 1518 trahunt.
3174 1463 3305 1519 Erat
3332 1463 3474 1519 inter
3499 1478 3596 1519 eos
3635 1477 3798 1518 unus

2191 1548 2283 1617 qui
2310 1556 2538 1605 cunctos
2565 1553 2896 1609 antecedens
2906 1560 3152 1612 extrema
3175 1555 3319 1613 funis
3343 1555 3504 1611 dorso
3521 1564 3582 1612 et
3597 1554 3797 1609 ventri

2191 1637 2584 1697 circumvoluta
2622 1649 2852 1699 teneret.
2881 1642 3112 1701 Ventum
3134 1653 3255 1702 erat
3273 1646 3340 1701 ad
3365 1645 3600 1702 ﬂuminis
3626 1645 3797 1701 illam

2193 1730 2261 1785 de
2285 1745 2390 1801 qua
2414 1731 2469 1788 in
2504 1733 2879 1805 superioribus
2909 1736 3123 1808 egimus
3164 1738 3503 1810 rapiditatem
3535 1736 3795 1793 horribio

496 1832 647 1879 ctum
674 1825 826 1882 cella:
853 1828 1010 1884 navis
1042 1837 1161 1885 acta
1185 1831 1472 1901 pervenit,
1498 1840 1725 1902 repente
1748 1848 1815 1889 ex
1848 1834 2084 1889 maxima

2191 1819 2297 1876 lem
2316 1860 2335 1888 ,
2366 1838 2491 1878 cum
2526 1832 2751 1894 repente
2806 1841 3001 1884 navem
3036 1828 3195 1885 undae
3244 1829 3646 1886 violentissime
3698 1843 3801 1883 ra-

497 1915 580 1970 sui
610 1924 764 1987 parte
798 1917 1048 1975 demersa
1069 1959 1085 1986 ,
1112 1919 1389 1992 lapsisque
1415 1922 1471 1976 in
1505 1938 1702 1993 aquam
1747 1913 1869 1993 quae
1896 1934 2093 1996 egesta-

500 2015 657 2061 verat
706 2007 888 2073 vasis,
940 2011 1228 2079 praesentis
1267 2011 1496 2082 jactura:
1542 2022 1598 2068 et
1628 2013 1856 2083 periculi
1888 2024 2091 2071 metum

502 2097 715 2153 rauctis
746 2098 982 2153 inculsit.
1027 2100 1277 2156 Clamare
1319 2117 1511 2157 omnes
1537 2111 1594 2158 et
1629 2103 1889 2159 auxilium
1912 2104 2092 2176 lacry-

504 2188 775 2245 mabiliter
802 2190 1111 2261 implorare,
1128 2192 1341 2263 culpam
1366 2194 1503 2249 abba
1531 2193 1798 2260 confiteri,
1823 2204 1878 2251 et
1896 2195 2092 2252 Goaris

506 2283 755 2338 meritum
777 2299 1030 2338 exorare.
1060 2284 1194 2340 Item
1228 2285 1363 2340 abba
1401 2286 1716 2342 Taucradus
1741 2302 1810 2343 ex
1853 2287 1971 2343 loco
2000 2304 2088 2343 su-

496 2373 697 2443 periori
728 2375 1087 2446 conspiciens,
1115 2385 1169 2431 et
1192 2385 1393 2447 quanto
1425 2378 1478 2433 in
1521 2377 1762 2448 periculo
1797 2394 2086 2435 versaren-

497 2473 588 2518 tur
611 2468 791 2521 cunrti
820 2467 1189 2536 considerans,
1215 2486 1340 2525 suos
1362 2472 1622 2543 evcstigio
1650 2472 1836 2537 mittit,
1868 2474 2090 2530 mandat

496 2556 795 2613 subsidium
845 2558 1214 2617 laborantibus
1244 2561 1397 2617 ferri.
1437 2562 1787 2620 Deducuntnr
1829 2566 2087 2622 continuo

499 2664 684 2716 naves,
716 2659 771 2704 et
794 2651 1092 2706 subsidium
1123 2654 1298 2708 modis
1327 2655 1523 2725 quibus
1551 2663 1670 2710 erat
1700 2656 1955 2727 possibile
1982 2658 2087 2712 mi-

495 2738 776 2795 nistratur.
802 2740 876 2796 lla
901 2757 1021 2797 cum
1043 2744 1254 2798 abbatis
1275 2745 1479 2800 auxilio
1497 2746 1756 2803 etsudore
1771 2749 2083 2816 multorum,

497 2841 612 2885 tum
643 2832 877 2887 maxime
902 2833 961 2887 B.
987 2832 1179 2889 Goaris
1204 2835 1556 2906 opitulatione
1582 2851 1902 2912 recuperata
1937 2842 2082 2906 navi,

494 2920 750 2991 vasisque
776 2924 1011 2993 receptis
1038 2934 1092 2979 et
1120 2927 1333 2995 opibus,
1365 2927 1650 2985 incolumis
1672 2930 1737 2984 ad
1770 2930 1919 2986 littus
1943 2931 2082 2987 abba

493 3013 856 3082 progreditur.
900 3015 1160 3086 Egressus
1203 3020 1385 3074 navim
1426 3030 1640 3075 oratum
1692 3020 1930 3087 festinat,
1958 3038 2084 3093 per—

494 3117 716 3156 suasum
739 3103 840 3157 sibi
871 3107 1184 3175 perenniter
1203 3107 1497 3173 allirmans,
1523 3125 1589 3164 ne
1610 3109 1786 3166 locum
1814 3111 1949 3166 tanti
1976 3113 2079 3168 viri

2194 1913 2390 1983 piunt,
2417 1931 2517 1971 nec
2544 1917 2909 1987 gubernatore
2948 1920 3067 1977 ullo
3095 1921 3350 1993 praesidio
3389 1922 3605 1979 valente
3648 1921 3801 1978 resi-

2192 2015 2337 2059 stere
2368 2006 2683 2078 longissime
2702 2024 2733 2064 a
2762 2008 2945 2066 littore
2970 2011 3318 2068 subtrahunt.
3353 2012 3426 2068 Ea
3473 2020 3631 2083 rapta
3654 2027 3798 2068 cum

2193 2094 2338 2151 ferre
2370 2114 2475 2153 non
2509 2108 2730 2168 possent
2784 2100 2973 2157 funem
3018 2104 3110 2174 qui
3144 2118 3245 2174 per
3284 2102 3446 2174 ripas.
3471 2103 3798 2168 trahebant.

2190 2189 2319 2242 .victi
2346 2188 2655 2259 relinquunt
2676 2206 2691 2258 ;
2719 2191 2814 2246 sed
2842 2192 2888 2246 is
2904 2193 2997 2262 qui
3025 2203 3252 2250 cunctos
3271 2202 3643 2266 praecesserat,
3672 2202 3798 2249 tam

2192 2281 2299 2334 cito
2324 2279 2598 2351 explicare
2638 2297 2697 2338 se
2728 2281 2856 2339 fune
2896 2299 3003 2339 non
3030 2284 3218 2341 valens
3244 2285 3424 2340 navim
3462 2293 3687 2340 secutus
3734 2285 3796 2340 in

2189 2371 2456 2442 gurgitem
2496 2371 2731 2427 trahitur
2755 2413 2768 2438 ,
2804 2388 2982 2444 neque
3021 2373 3073 2428 id
3111 2373 3364 2431 dominus
3388 2372 3542 2429 navis
3585 2373 3679 2443 qui
3734 2373 3796 2428 in

2189 2462 2352 2531 puppi
2382 2461 2624 2517 residens
2653 2462 2955 2530 laborabat,
2983 2465 3416 2520 animadvertere
3443 2462 3661 2534 potuit;
3698 2476 3796 2517 re-

2189 2553 2319 2623 liqui
2343 2553 2476 2624 quia
2495 2552 2622 2609 fune
2637 2552 2971 2625 refugerant,
2985 2556 3157 2626 magis
3171 2555 3399 2611 vocibus
3414 2554 3540 2610 navi
3552 2562 3613 2610 et
3632 2554 3793 2610 socio

2187 2645 2279 2717 qui
2311 2646 2411 2701 sub
2441 2657 2579 2715 aqua
2609 2646 2926 2702 trahebatur
2952 2659 3111 2716 opera
3137 2647 3374 2702 divinam
3413 2645 3551 2701 etB.
3581 2642 3793 2701 Goaris

2187 2737 2381 2792 merita
2423 2752 2744 2795 succurrere
2777 2736 3152 2807 postulabant;
3186 2749 3441 2810 tantaque
3470 2745 3585 2794 tum
3623 2753 3789 2809 aqua:

2185 2829 2268 2884 vis
2295 2837 2351 2883 et
2376 2827 2642 2883 undarum
2669 2843 2869 2897 vorago
2893 2827 3014 2894 fuit,
3034 2840 3095 2885 ut
3116 2845 3223 2885 nou
3248 2841 3375 2886 ante
3393 2830 3549 2885 navis
3571 2830 3629 2885 in
3656 2845 3791 2886 αι»

2186 2937 2306 2976 sum
2331 2919 2489 2992 dirigi
2515 2930 2717 2990 posset,
2747 2936 2908 2991 quam
2938 2921 3250 2993 longissime
3277 2921 3430 2992 pulsa
3456 2921 3514 2977 in
3549 2921 3785 2977 ulterio-

2186 3026 2300 3077 rem
2335 3012 2505 3080 ripam
2537 3026 2642 3065 non
2666 3010 2784 3065 sine
2811 3026 3006 3081 magno
3044 3010 3397 3082 plurimorum
3426 3019 3574 3068 metu
3615 3022 3783 3083 atque

2186 3102 2415 3159 horrore
2463 3112 2862 3173 exportaretur.
2924 3102 3237 3175 Negotiator
3288 3119 3419 3161 vero
3462 3114 3527 3160 ut
3575 3113 3781 3160 terram

496 3192 703 3247 meritis
744 3193 1007 3266 insignem
1050 3197 1205 3253 facile
1234 3215 1471 3269 unquam
1516 3202 1632 3256 sine
1671 3202 2081 3273 supplicationis

2186 3192 2383 3264 attigit,
2407 3190 2592 3247 funem
2622 3192 2713 3262 qui
2759 3192 2885 3248 navi
2911 3193 3192 3251 cohaerens
3220 3209 3319 3264 per
3358 3209 3560 3264 aquam
3602 3193 3784 3249 fuerat

498 3298 723 3341 munere
747 3288 1138 3343 transeundum
1158 3289 1430 3347 existimet
1460 3291 1510 3346 ι’.

620 3415 700 3470 De
725 3417 953 3488 quodam
980 3418 1208 3476 Fresone
1227 3422 1469 3478 similiter
1487 3441 1646 3497 prope
1663 3425 1978 3497 periclitata.

565 3523 656 3579 32.
682 3526 958 3582 Consitnili
984 3544 1152 3600 prope
1179 3540 1372 3586 eventu
1400 3547 1522 3589 cum
1548 3534 1766 3605 quidam
1800 3551 1869 3592 ex
1891 3535 2087 3593 Freso-

494 3630 624 3669 num
659 3626 822 3686 gente
847 3622 1151 3691 negotiator
1176 3637 1369 3678 navem
1399 3625 1543 3680 circa
1570 3627 1743 3697 ripam
1767 3627 2085 3685 ulteriorem

495 3714 700 3775 ageret,
730 3722 905 3779 neque
951 3710 1117 3766 littori
1146 3711 1201 3766 in
1241 3729 1351 3785 quo
1386 3718 1776 3773 monasterium
1807 3718 1970 3775 situm
2000 3727 2086 3776 est

498 3799 861 3883 propinquare
881 3801 1211 3871 disponeret,
1237 3806 1327 3861 ubi
1353 3807 1419 3861 ad
1443 3808 1692 3879 scopulos
1713 3811 1853 3877 illos,
1878 3812 1944 3869 de
1959 3812 2082 3884 qui-

497 3888 597 3944 bus
631 3905 793 3961 supra
823 3892 1079 3958 diximus,
1113 3897 1268 3951 navis
1292 3906 1413 3952 acta
1437 3902 1705 3969 pervenit,
1729 3902 1905 3958 subito
1921 3907 2084 3974 rapta

500 3991 556 4035 et
602 3981 657 4036 in
712 3983 977 4054 gurgitem
1011 3987 1274 4042 undarum
1301 3991 1556 4047 violentia
1604 4002 1799 4056 tracta,
1831 3997 2082 4066 [ξι-ωεξηῐί

495 4080 722 4127 cunctos
751 4074 1062 4129 discrimine
1093 4080 1336 4146 perculit.
1365 4080 1471 4136 Sed
1507 4097 1629 4137 cum
1658 4085 1907 4141 dominus
1933 4088 2085 4143 navis

496 4161 693 4217 Goaris
740 4178 882 4234 saepe
923 4180 1117 4221 nomen
1144 4177 1201 4224 et
1245 4171 1497 4226 meritum
1528 4172 1733 4230 iterans
1782 4177 2083 4232 subsidium

496 4252 831 4323 expetiisset,
863 4255 915 4310 in
944 4265 1161 4328 portum
1190 4260 1451 4316 continuo
1479 4244 1634 4318 navis
1660 4262 1825 4320 illatsa
1860 4266 2084 4321 devehi-

499 4355 627 4410 tur;
677 4343 767 4401 ille
795 4355 855 4401 ut
898 4350 1268 4405 continentem
1315 4351 1530 4422 attigit,
1556 4362 1772 4409 oratum
1819 4356 2085 4426 perrexit,

493 4452 558 4492 ac
584 4452 684 4507 pro
701 4437 888 4494 salutis
910 4455 1137 4513 munere
1161 4450 1367 4497 vestem
1387 4442 1744 4501 boloserieam
1766 4449 2088 4506 venerandae

492 4528 768 4586 memoria:
796 4531 1015 4597 tribuit,
1046 4548 1169 4604 qua:
1196 4534 1360 4590 etiam
1390 4536 1559 4593 vestis
1586 4547 1772 4608 postea
1804 4542 1873 4597 ab
1900 4525 2083 4613 coqui
2110 4526 2161 4589 Π

491 4626 608 4681 hzec
631 4624 760 4681 mihi
789 4627 971 4683 retulit
1000 4627 1324 4686 Theodrado
1342 4630 1546 4688 clerico
1565 4633 1633 4688 ad
1661 4631 1939 4691 Prnmiam
1962 4651 2081 4694 mo-

490 4718 791 4775 nasterium
814 4730 897 4776 est
932 4721 1127 4778 delata.

2184 3293 2414 3351 tractus,
2437 3300 2468 3339 a
2503 3299 2664 3342 servo
2686 3284 2863 3358 colligi
2886 3287 3127 3352 mandat,
3149 3288 3239 3358 qui
3268 3286 3499 3355 collecto
3521 3287 3573 3343 in
3600 3297 3783 3342 extre-

2183 3392 2272 3432 ma
2307 3376 2423 3446 ejus
2463 3386 2618 3448 parte
2648 3393 2838 3435 servus
2873 3378 3015 3435 sicut
3039 3378 3331 3448 implicitus
3369 3380 3544 3433 fuerat
3576 3379 3784 3435 inveni-

2185 3478 2293 3524 tur.
2326 3468 2428 3536 Qui
2467 3469 2878 3540 diligentissime
2907 3480 3278 3526 contrectatus
3312 3481 3369 3526 et
3398 3471 3578 3527 modis
3613 3470 3780 3526 variis

2185 3568 2549 3630 pertentatus,
2579 3573 2687 3615 non
2715 3560 2859 3614 aliud
2881 3561 3057 3632 potuit
3076 3562 3404 3630 deprehendi
3431 3577 3595 3632 quam
3629 3576 3780 3616 mor-

2186 3660 2345 3710 tuus-
2377 3650 2625 3721 Denique
2671 3651 2917 3709 adhibito
2960 3652 3195 3723 plurimo
3234 3653 3500 3711 stramine
3548 3662 3606 3710 et
3659 3653 3782 3725 igne

2185 3741 2538 3797 circumcirca
2570 3756 2852 3806 succenso,
2890 3743 3024 3799 nihil
3070 3743 3270 3800 caloris
3298 3745 3518 3815 penitus
3557 3760 3784 3816 persen-

2186 3832 2292 3889 tire
2317 3874 2332 3899 ,
2356 3833 2441 3889 vel
2470 3834 2686 3904 aliquod
2721 3836 2846 3891 vita:
2884 3836 3141 3892 indicium
3185 3839 3360 3908 potuit
3408 3840 3592 3895 edere.
3639 3838 3783 3906 Quid

2184 3926 2379 3998 plura?
2402 3927 2689 3983 devehitur
2733 3944 2923 3984 rursus
2968 3930 3021 3985 in
3056 3931 3367 3986 citeriorem
3409 3931 3589 4003 ripam
3621 3947 3689 3987 ac
3714 3932 3784 3988 de

2183 4019 2300 4075 sola
2329 4020 2605 4090 sepultura
2645 4020 2897 4078 dominus
2920 4022 3039 4094 ejus
3061 4032 3117 4078 et
3141 4025 3368 4082 comites
3386 4033 3557 4096 agunt
3584 4046 3597 4080 :
3627 4040 3788 4097 roga—

2184 4119 2276 4165 tur
2299 4110 2542 4167 ecclesiae
2564 4119 2750 4168 custos
2777 4119 2839 4167 ut
2867 4113 2934 4167 ad
2959 4114 3326 4184 sepeliendum
3362 4127 3646 4171 mortuum
3677 4117 3785 4172 loci

2185 4203 2419 4274 alicujus
2444 4204 2657 4275 copiam
2686 4204 2869 4261 faciat.
2895 4204 2973 4262 Eo
2996 4208 3244 4274 obtento,
3274 4207 3404 4263 dum
3440 4209 3786 4280 sepulturam

2185 4295 2456 4365 aperiunt,
2483 4295 2715 4351 interim
2734 4297 2971 4354 cadaver
3010 4305 3072 4355 ut
3097 4315 3229 4356 vere
3255 4302 3555 4371 putabatur
3591 4303 3791 4359 exani-

2187 4403 2274 4443 me
2302 4388 2356 4443 in
2380 4388 2622 4445 custodis
2659 4389 2728 4445 ad
2757 4390 2948 4445 horam
2979 4393 3261 4449 mansione
3288 4394 3599 4464 deponitur.
3644 4394 3786 4451 Turn

2189 4494 2295 4534 non
2316 4488 2439 4550 post
2461 4480 2680 4552 longum
2707 4482 2969 4551 temporis
3011 4483 3356 4539 intervallum
3402 4486 3597 4557 incipit
3626 4502 3789 4542 reca-

2185 4569 2412 4635 lescere,
2438 4578 2493 4625 et
2520 4570 2777 4640 paulatim
2803 4587 2867 4629 os
2906 4574 3143 4644 aperire,
3171 4590 3238 4632 ae
3275 4577 3529 4648 spiritum
3561 4579 3788 4635 ducere.

2182 4660 2391 4717 Dehinc
2421 4669 2589 4717 totum
2630 4677 2690 4719 se
2716 4663 2939 4722 elevans
2962 4681 3153 4737 parum
3189 4670 3471 4741 sanguinis
3512 4687 3612 4728 ore
3648 4671 3793 4742 reje-

2180 4752 2278 4818 cit,
2307 4761 2366 4808 et
2390 4752 2677 4810 confestim
2709 4757 2963 4831 surrexit,
2990 4758 3298 4827 incolumis,
3332 4763 3407 4817 ita
3442 4771 3501 4817 ut
3531 4764 3790 4819 oratione

494 4829 568 4883 De
615 4832 955 4903 negotiatoris
1002 4849 1146 4889 servo
1188 4849 1254 4889 e1!
1301 4852 1455 4919 aquae
1501 4836 1735 4906 periculo
1764 4828 2078 4897 mirabiliter
2176 4843 2323 4898 facta
2352 4851 2407 4898 et
2432 4844 2727 4915 gratiarum
2768 4828 2984 4903 actione
3013 4849 3085 4905 ab
3125 4850 3380 4907 omnibus
3427 4852 3670 4919 reddita,
3717 4853 3789 4908 ad

1205 4916 1376 4960 erato.

561 5013 654 5070 33.
682 5012 818 5070 Rem
844 5015 1087 5073 illaturus
1110 5033 1229 5073 sum
1258 5019 1689 5090 praecedentibus
1716 5021 1933 5094 quidem
1968 5039 2075 5080 non

490 5106 716 5162 omnino
756 5107 1089 5175 dissimilem,
1124 5113 1218 5167 sed
1269 5128 1390 5183 quae
1419 5115 1666 5172 miraculi
1720 5116 1923 5187 aliquid
1967 5133 2082 5173 am-

487 5197 635 5269 plius
652 5196 872 5265 habeat,
899 5207 954 5254 et
977 5199 1130 5271 cujus
1156 5211 1237 5257 tot
1274 5203 1384 5259 sint
1411 5219 1547 5274 pene
1571 5205 1865 5264 ﬁdelissimi
1888 5217 2076 5279 testes,

492 5298 627 5361 quot
654 5288 759 5347 loci
813 5291 981 5363 ipsius
1008 5293 1346 5352 habitatores
1385 5306 1627 5367 tempore
1662 5313 1771 5370 quo
1804 5309 1956 5373 gesta
1997 5314 2082 5360 est

563 5475 590 5506 ι
614 5461 999 5521 Monasterinm
1024 5463 1083 5523 S.
1116 5465 1378 5525 Gereonis
1399 5468 1543 5525 intra
1575 5487 1761 5529 muros
1787 5473 2077 5532 Colonien-

478 5548 586 5589 ~ses
629 5534 916 5601 inclusum,
941 5538 996 5592 in
1046 5537 1384 5614 collegiatam
1412 5542 1696 5614 ecclesiam
1718 5544 1830 5612 jam
1867 5548 2074 5614 pridem

492 5620 816 5688 conversum
848 5617 987 5688 est;
1024 5624 1131 5688 qua
1145 5609 1244 5688 “de
1272 5612 1504 5688 ecclesia
1533 5609 1789 5688 legendus
1830 5609 2079 5688 Egidius

487 5676 747 5755 Gelenius
767 5678 820 5732 in
848 5678 940 5755 lib.
967 5695 1024 5733 ιιι
1041 5676 1113 5755 ζΙθ
1138 5678 1358 5755 Qolnnia
1391 5676 1671 5755 Syntag'm.
1712 5686 1770 5741 2.

564 5748 591 5790 ιδ
616 5746 714 5804 Hic
744 5762 882 5817 mos,
913 5749 1083 5820 inquit
1141 5748 1394 5808 Gelenius
1428 5746 1822 5825 inoxvcitatus,
1855 5757 1906 5812 in
1940 5775 2078 5832 pne-

2181 4934 2484 4991 ducendam
2513 4936 2657 4992 sicut
2700 4936 2857 5008 prius
2878 4940 3060 4995 navim
3107 4956 3230 4997 eum
3265 4942 3432 4999 sociis
3481 4944 3781 4999 festinavit.

2183 5024 2260 5083 Ea
2282 5026 2587 5097 negotiator
2610 5035 2671 5082 ut
2693 5028 2829 5085 vidit
2852 5071 2868 5096 ,
2891 5031 3235 5088 emendatum
3265 5048 3325 5089 se
3351 5074 3367 5097 ,
3394 5042 3453 5090 et
3489 5050 3595 5105 pro
3620 5035 3782 5105 culpa

2184 5117 2507 5187 castigatum
2530 5133 2858 5190 magnopere
2869 5122 3144 5193 gratulans
3164 5124 3372 5195 argenti
3398 5123 3598 5180 libram
3617 5124 3778 5180 altari

2185 5223 2345 5266 sacro
2362 5210 2653 5281 persolvit,
2670 5219 2725 5265 et
2750 5221 2933 5282 erepto
2963 5214 3158 5270 dehinc
3197 5214 3394 5271 itinere
3413 5255 3430 5280 ,
3454 5215 3569 5272 suis
3596 5213 3777 5271 omni-

2169 5297 2288 5355 bus
2329 5300 2691 5357 incolumibus
2733 5304 2886 5359 abiit.
2931 5303 3180 5361 Viderint
3222 5307 3352 5377 quid
3387 5307 3455 5363 de
3496 5322 3556 5364 re
3585 5304 3769 5374 hujus-

2179 5488 2389 5554 sentem
2422 5479 2565 5535 diem
2588 5491 2923 5554 perseverat.
2953 5481 3163 5554 Quippe
3190 5483 3343 5539 nefas
3372 5493 3565 5554 putant
3589 5483 3755 5540 locum

2178 5549 2330 5606 illum
2373 5549 2794 5623 praetervehens,
2824 5554 2927 5609 nisi
2962 5549 3161 5623 injecto
3202 5556 3255 5611 in
3286 5549 3483 5611 collum
3528 5553 3747 5613 vincula.

2180 5636 2300 5678 sese
2327 5630 2517 5696 sancto
2550 5620 2717 5678 Goari
2749 5620 3184 5696 ma‘ncipaverint
3217 5644 3228 5680 :
3262 5627 3405 5696 quod
3436 5627 3595 5682 etiam
3623 5637 3745 5695 pne-

2181 5699 2326 5770 _sta_nt
2350 5692 2677 5770 Novatores,
2703 5693 2843 5770 apud
2870 5692 3007 5764 quos
3046 5692 3328 5770 ipsumque
3362 5697 3551 5769 vulgus
3580 5692 3749 5765 ignota:

2182 5762 2407 5833 hujusce
2436 5762 2710 5833 religionis
2740 5762 2905 5820 ratio;
