4000 6352
162 384 277 447 669

1212 381 1303 439 DE
1336 381 1499 442 VITA
1537 381 1626 439 ET
1663 376 2038 437 MIRACULIS
2076 379 2133 439 S.
2164 380 2441 441 GOARIS.

3362 384 3468 444 670

166 505 315 563 modi
340 501 526 561 caeteri
562 500 829 559 sentiant;
868 499 985 572 Ego
1017 498 1486 557 conﬁdentissime
1527 498 1758 557 dixerim
1788 502 1838 562 Α
1867 512 1982 555 rem
2029 500 2348 572 subjiciam,
2380 499 2665 558 mulierem
2693 499 2927 558 Scoticte
2956 501 3191 558 nationis
3220 502 3369 559 cives
3394 506 3467 560 ab

166 596 315 653 beati
349 594 453 651 viri
505 593 702 650 merita
733 600 886 648 tanto
932 578 1059 649 esse.
1099 599 1224 663 post
1265 590 1471 648 obitum
1506 592 1759 658 clariora,

166 697 395 759 quanIO‘
423 685 709 742 sollicitius
737 685 863 741 dum
904 684 1112 739 viveret
1160 684 1428 740 humanas
1477 683 1666 739 laudes
1708 690 1766 738 et

160 780 486 856 jactautiam
530 778 759 850 fugerit;
804 791 980 848 neque
1028 776 1082 832 in
1135 776 1447 845 huiusmodi
1495 776 1666 849 signis
1710 783 1767 831 et

165 871 450 928 miraculis
478 869 801 925 exbibendis
838 870 1091 938 cuiquam
1141 879 1476 932 s:mctorum,
1509 868 1767 939 apostolis

162 972 219 1018 et
243 962 569 1019 clarissimis
584 960 837 1017 Ecclesia:
860 959 1191 1031 martyribus
1215 959 1481 1013 duntaxat
1504 962 1766 1029 exceptis,

164 1056 317 1110 illum
342 1051 657 1111 inferiorem
685 1053 856 1108 videri
890 1070 903 1106 :
932 1053 1130 1123 quippe
1152 1052 1245 1122 qui
1279 1052 1330 1106 in
1361 1052 1632 1122 diligendo
1659 1053 1767 1106 Deo

162 1158 218 1200 et
257 1145 514 1215 proximo
551 1160 671 1201 .non
724 1144 881 1199 facile
921 1158 1196 1214 quoquam
1248 1142 1462 1197 illorum
1490 1141 1767 1210 iudicetur

161 1237 416 1304 inferior,
449 1236 652 1307 quique
683 1235 893 1290 tametsi
923 1235 1109 1290 invita
1144 1249 1250 1289 non
1301 1233 1487 1288 multis
1514 1249 1633 1303 qua:
1663 1233 1763 1287 ho-

164 1330 347 1384 mines
368 1330 618 1384 noverint
644 1328 921 1393 miraculis
941 1328 1148 1394 claruit,
1179 1327 1272 1383 sed
1294 1343 1357 1383 ea
1382 1343 1501 1397 qtne
1525 1327 1763 1381 miracu-

163 1420 231 1475 lis
256 1421 513 1476 omnibus
536 1422 716 1492 potior
747 1430 829 1476 est
859 1420 1123 1477 cbaritate
1166 1420 1498 1476 clarissimus
1527 1419 1761 1484 exstitit;

164 1514 411 1584 ideoque‘
441 1523 563 1583 post
598 1513 806 1569 obitum
835 1513 1077 1585 quotidie
1107 1514 1160 1569 in
1207 1514 1504 1569 viventium
1545 1511 1649 1568 ﬁde
1688 1519 1766 1567 tot

163 1606 443 1675 tantisque
469 1605 762 1660 virtutibus
783 1604 975 1661 claret.

239 1719 317 1774 De
345 1719 543 1775 lumine
563 1719 810 1774 diuinitus
833 1720 886 1773 in
908 1718 1137 1774 lucernis
1164 1718 1393 1773 ecclesiw
1419 1733 1688 1772 succenso.

1865 588 2001 645 urbe
2027 590 2317 649 redeuntes
2344 607 2545 664 mgram
2573 600 2629 648 et
2650 607 2840 664 gressu
2868 592 3099 648 debilem
3128 593 3201 649 ibi
3228 593 3462 665 relique-

1823 672 1847 692 ‘
1867 690 2016 737 runt.
2059 682 2134 739 Ea
2166 694 2452 756 postquam
2485 700 2581 741 sex
2614 685 2667 740 in
2702 684 2821 741 loco
2846 699 3060 740 menses
3089 685 3216 757 egit,
3246 686 3347 743 sub
3370 684 3461 743 die

1866 773 2227 830 solemnitatis
2265 791 2458 831 annuae
2480 790 2603 846 qua:
2628 779 2808 847 agitur
2839 776 3013 846 pridie
3037 791 3208 832 nonas
3232 774 3359 832 Julii
3381 776 3461 832 in-

1868 880 1952 920 ter
1982 867 2324 938 vespertinos
2357 866 2598 922 l’salmos
2635 881 2856 936 gressus
2900 867 3185 922 sanitatem
3231 868 3458 939 recepit.

1869 1001 1944 1056 De
1966 1003 2167 1071 infante
2191 1001 2515 1081 dwmpniaco
2542 1000 2683 1067 apud
2706 998 3009 1080 memoriam
3033 996 3092 1054 S.
3121 995 3311 1055 Goaris
3330 1016 3457 1071 pro-

2261 1079 2419 1125 missa
2458 1088 2490 1125 a
2528 1082 2673 1141 patre
2721 1079 2805 1138 apt
2855 1079 3060 1123 curato.

1938 1187 2026 1243 68.
2069 1186 2343 1258 Superiori
2369 1202 2512 1242 anno
2536 1194 2658 1257 post
2688 1202 2750 1242 ea
2777 1176 2897 1258 qu'm
2926 1188 2991 1243 de
3023 1187 3353 1259 imperatore
3374 1204 3457 1245 reo

1868 1279 2111 1343 tulimus,
2148 1279 2346 1334 accidit
2385 1288 2443 1333 ιιι
2472 1280 2691 1350 quidam
2716 1294 2780 1334 ex
2814 1279 3030 1336 rusticis
3056 1279 3223 1334 ﬁlium
3262 1295 3462 1351 parvu-

1866 1374 1978 1429 lum
2008 1376 2253 1430 daemone
2294 1374 2511 1444 plenum
2540 1375 2608 1428 ad
2639 1374 2926 1430 ecclesiam
2955 1390 3078 1429 cum
3104 1373 3228 1431 ﬁetu
3254 1382 3309 1430 et
3334 1389 3461 1444 sup-

1866 1466 2154 1539 plicatione
2180 1463 2437 1521 deferret.
2484 1450 2656 1533 Quem
2685 1482 2807 1522 cum
2841 1475 2967 1523 ante
2995 1467 3313 1522 memoriam
3339 1464 3455 1533 eju-

1866 1557 1987 1612 lans
2034 1556 2221 1611 multis
2264 1557 2625 1628 prtesentibus
2668 1558 3027 1628 exposuisset,
3066 1567 3255 1615 sancte
3292 1556 3460 1623 Goar,

1866 1648 2063 1719 inquit,
2114 1649 2277 1703 redde
2316 1664 2459 1704 nunc
2501 1649 2634 1704 mihi
2666 1665 2847 1705 meum
2887 1650 3056 1706 ﬁlium
3095 1660 3151 1707 et
3183 1649 3338 1721 pulso
3367 1647 3459 1718 qui

1867 1753 1990 1795 eum
2021 1750 2185 1796 vexat
2217 1740 2462 1796 daunone
2486 1755 2649 1806 sana;
2683 1755 2783 1814 ego
2815 1742 2909 1797 tibi
2940 1758 3039 1813 pro
3064 1757 3290 1798 munere
3313 1739 3457 1811 apim

234 1832 330 1890 54.
362 1822 653 1888 Ῥνωιθι-θίι
695 1831 992 1888 Heriradus
1039 1831 1357 1895 monachus,
1383 1832 1496 1901 qui,
1530 1840 1589 1886 ut
1619 1845 1763 1902 sa‘pe
1792 1858 1838 1921 Β
1869 1845 2033 1885 unam
2065 1831 2165 1903 (sic
2187 1831 2332 1886 enim
2359 1847 2554 1887 vocare
2584 1833 2769 1911 rustici
2793 1822 3021 1889 examen
3047 1849 3208 1906 apum
3232 1848 3461 1890 consue-

163 1924 377 1980 dictum
425 1932 532 1988 est,
558 1924 753 1979 borum
804 1923 937 1979 mihi
993 1923 1378 1981 miraculorum
1424 1924 1763 1980 certissimus

163 2016 377 2071 relator
413 2017 634 2072 exstitit
671 2026 728 2071 et
768 2017 1114 2080 verissimus,
1143 2017 1228 2073 bis
1254 2032 1315 2073 se
1343 2015 1577 2073 allirmat
1615 2016 1765 2072 nullo

160 2109 500 2164 admonente
520 2109 864 2165 extrinsecus
885 2109 1009 2182 igne
1055 2109 1361 2181 lampadem
1379 2151 1395 2175 ,
1420 2126 1543 2180 quae
1574 2126 1763 2166 coram

161 2203 432 2257 memoria
456 2204 1064 2274 venerandadependet,
1082 2204 1261 2260 infuso
1278 2203 1541 2271 divinitus
1563 2204 1768 2259 lumine

161 2292 506 2362 splenduisse
535 2310 551 2348 :
586 2293 732 2364 quod
754 2294 930 2365 ipsum
957 2295 1211 2365 praesenti
1232 2310 1377 2349 anno
1409 2310 1519 2365 quo
1548 2295 1651 2350 ista
1678 2294 1768 2349 de-

161 2382 493 2453 scripsimus
518 2392 578 2439 et
610 2385 880 2456 superiori
932 2384 1228 2456 contigisse
1276 2385 1369 2455 qui
1401 2384 1767 2442 interfuerunt

162 2472 459 2530 affirmant.
490 2474 598 2531 Sed
625 2475 683 2531 id
708 2491 808 2532 suo
827 2476 947 2532 loco
973 2477 1082 2532 erit
1099 2476 1403 2534 dicendum.

238 2565 333 2621 55.
364 2564 641 2623 Hactenus
677 2582 741 2623 ea
783 2567 1169 2638 descripserim
1214 2582 1335 2637 quae
1385 2568 1583 2623 abbate
1628 2568 1768 2623 'l‘an-

163 2658 345 2713 erado
380 2657 436 2713 in
470 2656 575 2713 hac
616 2657 726 2714 vita
765 2660 1060 2731 superstite
1099 2657 1240 2715 facta
1292 2659 1435 2714 inter
1483 2660 1588 2715 alia
1626 2657 1768 2715 refe-

167 2757 393 2803 runtur.
422 2746 579 2805 Nunc
604 2748 854 2820 adiutore
887 2749 1106 2809 Christo
1130 2750 1213 2806 .ad
1250 2750 1538 2806 clarissimi
1576 2750 1767 2807 .Patris

165 2838 514 2899 Meurardi
536 2849 778 2911 tempora
802 2841 894 2911 qui
918 2841 1020 2898 hoc
1047 2842 1223 2911 ipsum
1253 2842 1383 2897 mihi
1429 2857 1564 2912 opus
1598 2842 1769 2912 impo-

163 2931 304 2996 suit,
337 2940 557 2988 servato
585 2939 645 2987 ut
668 2934 925 3005 proposui
953 2933 1145 2990 ordine
1172 2934 1408 2988 veniam.

161 3069 644 3126 lV.—Inucuu
668 3083 839 3125 non
875 3076 1121 3125 rauroas
1157 3082 1497 3123 unaunam
1520 3082 1762 3123 ABBATIS.

1866 1920 2082 1992 verunt)
2116 1921 2223 1978 huc
2258 1922 2507 1992 protinus
2537 1923 2782 1979 afferam.
2835 1924 2952 1980 Non
2982 1925 3160 1981 inanis
3187 1924 3289 1980 fuit
3323 1924 3459 1981 sim-

1864 2014 1989 2087 plex
2032 2015 2150 2072 htec
2198 2016 2435 2072 hominis
2478 2018 2666 2073 rustici
2713 2018 3007 2087 postulatio
3037 2036 3050 2073 :
3077 2018 3170 2073 sed
3200 2015 3460 2075 continuo

1866 2114 2118 2162 sanatum
2172 2106 2522 2179 integerrime
2577 2108 2858 2177 parvulam
2914 2109 3068 2166 laetus
3110 2116 3168 2165 et
3221 2108 3463 2179 gaudens

1867 2206 2023 2269 pater
2047 2197 2263 2252 domum
2290 2198 2519 2253 revexit.
2572 2198 2815 2269 Denique
2843 2214 3074 2255 examen
3117 2214 3277 2269 apum
3316 2197 3461 2269 quod

1867 2300 1929 2349 ιιι
1961 2289 2236 2361 pollicitus
2262 2274 2443 2346 fuerat
2484 2290 2702 2356 obtulit,
2744 2292 3011 2362 hodieque
3049 2292 3104 2347 in
3140 2292 3314 2347 hortis
3354 2291 3459 2346 Ec..-

1868 2382 2050 2439 clesia:
2099 2392 2402 2457 permanet.
2460 2383 2588 2439 lites
2630 2400 2754 2439 cum
2806 2385 3098 2456 saepedicto
3142 2383 3461 2440 Tlteodrado

1871 2482 1982 2530 tum
2012 2473 2310 2531 Ekkibaldo
2343 2475 2509 2549 ipsius
2541 2475 2641 2531 loci
2672 2476 2962 2548 prtrposito
2994 2475 3110 2531 viro
3141 2490 3273 2532 sane
3298 2475 3459 2531 docto

1869 2575 2034 2638 atque
2059 2566 2238 2623 veraci
2273 2576 2527 2621 narrante
2551 2565 2802 2637 cognovi.
3134 2620 3141 2629 ,

1968 2659 2046 2713 De
2081 2658 2279 2713 lumine
2319 2657 2394 2713 bis
2428 2659 2484 2713 in
2520 2657 2764 2728 lampade
2803 2674 3057 2713 succenso.
3087 2657 3359 2713 divinitus.

1939 2753 2031 2809 39.
2074 2753 2142 2807 Et
2177 2759 2241 2807 ut
2281 2751 2409 2808 illud
2439 2751 2668 2807 inferam
2697 2753 2840 2823 quod
2871 2768 3035 2823 supra
3062 2752 3256 2808 leviter
3283 2753 3458 2825 tetigi,

1868 2859 2011 2899 anno
2039 2843 2314 2913 prmterito
2336 2844 2389 2898 in
2416 2843 2502 2898 die
2529 2834 2875 2900 sanctissimo
2896 2843 3141 2910 Pascbae,
3166 2859 3288 2898 cum
3320 2860 3457 2913 prte-

1870 2936 2077 3005 positus
2132 2933 2459 2990 Ekkibaldns
2506 2935 2607 2989 sub
2659 2934 2777 3004 ipso
2825 2934 2963 2990 lucis
3018 2944 3209 2989 exortu
3260 2934 3458 2991 missas

1870 3040 2032 3095 agere
2060 3025 2238 3091 vellet,
2266 3024 2505 3096 itemque
2536 3025 2639 3081 hoc
2665 3025 2854 3080 eodem
2884 3040 3027 3080 anno
3058 3039 3165 3094 quo
3194 3023 3298 3080 ista
3321 3039 3456 3080 con-

1870 3117 2187 3188 scripsimus
2223 3132 2346 3173 cum
2385 3116 2526 3171 idem
2561 3116 2616 3171 in
2648 3115 3071 3187 Quadragesima
3116 3115 3310 3170 missas
3334 3130 3460 3186 age-

163 3183 254 3238 De
282 3183 594 3255 imperatore
630 3181 893 3238 Ludovico
919 3182 992 3238 ibi
1016 3200 1047 3238 a
1072 3182 1262 3254 pedum
1292 3181 1471 3237 dolore
1509 3181 1752 3237 relevata.

1874 3218 1967 3276 ret,
1988 3218 2043 3264 et
2068 3208 2248 3263 lumen
2277 3207 2523 3263 ecclesia:
2560 3207 2748 3263 deesse
2767 3215 3125 3277 quaereretur,
3157 3215 3456 3276 custosque

243 3293 335 3351 56.
376 3294 445 3350 Et
478 3302 538 3350 ut
572 3295 690 3352 haec
737 3295 850 3366 ipsa
895 3310 1077 3351 rerum
1122 3304 1396 3367 gestarum
1435 3294 1627 3352 ordine
1664 3294 1765 3350 ali-

164 3385 497 3459 quantulum
530 3388 831 3459 postposito
853 3388 1080 3444 exordio
1107 3387 1322 3444 clariori
1352 3386 1607 3460 incipiam
1631 3405 1646 3442 :
1671 3403 1768 3444 ex-

164 3478 578 3537 cellentissima
629 3480 851 3551 pietatis
904 3480 1302 3553 singularisque
1350 3481 1653 3539 clementiae
1711 3490 1769 3538 et

162 3585 303 3643 erga
340 3569 704 3627 Christianam
733 3571 1048 3644 religionem
1090 3571 1332 3629 omnium
1376 3571 1766 3642 imperatorum

163 3661 604 3719 studiosissimus
630 3662 970 3729 Ludovicus,
1002 3662 1095 3734 qui
1132 3656 1571 3733 adhuc‘superna
1597 3664 1764 3719 mise-

164 3756 409 3813 ricordia
438 3755 755 3826 providente
785 3770 969 3812 rerum
991 3769 1204 3811 summa
1234 3756 1459 3825 potitur,
1503 3771 1627 3811 eum
1671 3757 1767 3812 do-

162 3851 289 3905 lore
315 3849 513 3921 pedum
538 3849 1032 3913 vehementissimo,
1048 3863 1156 3918 qua
1176 3847 1305 3904 olim
1333 3847 1653 3903 inﬁrmitate
1681 3848 1763 3903 vir

163 3944 283 4006 ille,
300 3942 406 3999 etsi
432 3957 540 3997 non
560 3942 840 4007 continue,
871 3940 1184 4012 frequenter
1198 3948 1376 3996 tamen
1391 3937 1661 4010 allligitur,
1691 3938 1767 3993 la-

162 4037 416 4101 boraret,
449 4044 613 4105 atque
634 4049 704 4090 ex
728 4032 932 4106 palatio
957 4048 1057 4090 suo
1081 4033 1224 4105 quod
1248 4031 1301 4087 in
1329 4031 1508 4088 littore
1531 4030 1768 4086 ﬂuminis

164 4126 357 4184 Rheni
403 4126 569 4183 situm
613 4125 954 4198 Ingilialteim
993 4139 1157 4198 supra
1200 4124 1438 4180 diximus
1482 4121 1764 4194 appellari,

164 4220 462 4279 evectione
486 4220 663 4276 navali
690 4219 1078 4285 descenderet,
1109 4226 1322 4274 oratum
1346 4217 1414 4273 ad
1440 4214 1502 4274 S.
1532 4214 1766 4272 Goarem

162 4314 334 4380 exiit,
356 4313 449 4370 vix
479 4313 533 4370 in
573 4321 775 4391 terram
809 4313 974 4383 pedes
997 4327 1106 4383 pra:
1131 4311 1317 4367 dolore
1359 4310 1525 4379 nimio
1568 4324 1638 4380 po
1676 4324 1770 4364 ere

164 4406 388 4473 valens,
417 4413 475 4462 et
507 4405 928 4465 sustentantium
969 4404 1142 4477 magis
1169 4418 1333 4475 quam
1357 4401 1473 4459 suis
1497 4400 1772 4473 gressibus

165 4500 380 4556 nitens.
425 4496 670 4569 Cumque
704 4498 759 4554 in
801 4496 1091 4555 ecclesiam
1118 4496 1476 4567 pervenisset,
1506 4502 1632 4549 ante
1654 4507 1770 4548 me-

164 4593 413 4651 moriam
460 4591 827 4649 venerandam
873 4589 1174 4647 humillime
1208 4604 1267 4646 se
1292 4603 1357 4644 ac
1385 4589 1578 4645 devote
1607 4586 1768 4656 depo-
1797 4590 1849 4650 1)

166 4685 291 4745 suit
309 4725 328 4747 .
354 4692 414 4741 et
441 4683 494 4740 in
527 4691 671 4739 terra
699 4690 911 4738 stratus
933 4681 1136 4736 diutius
1163 4680 1454 4750 peroravit.
1519 4676 1621 4759 Ubi.
1641 4690 1772 4732 vero

164 4777 442 4842 surrexit,
481 4778 551 4832 ad
587 4775 836 4833 abbatem
868 4784 926 4830 et
963 4773 1328 4831 clarissimum
1358 4772 1536 4827 virum
1562 4770 1772 4829 Gerun—

164 4885 308 4944 gum
352 4868 484 4924 olim
512 4867 698 4938 palatii
726 4866 941 4924 adilem
967 4904 983 4928 .
1013 4880 1160 4923 nunc
1187 4864 1510 4921 monachum
1545 4878 1774 4921 conver-

164 4976 313 5019 sus:
345 4960 480 5024 Deo,
534 4959 733 5030 inquit,
773 4958 998 5030 gratias,
1047 4972 1189 5013 nunc
1235 4956 1447 5012 meritis
1483 4953 1542 5010 S.
1576 4952 1772 5010 Goaris

167 5055 426 5109 levamen
454 5051 584 5106 mihi
617 5052 797 5107 datum
839 5050 1135 5119 persentio.
1180 5063 1355 5118 neque
1398 5062 1464 5105 eo
1492 5046 1605 5117 jam
1646 5062 1769 5102 cum

169 5160 289 5214 quo
318 5142 429 5199 huc
454 5142 575 5197 veni
604 5140 790 5197 dolore
818 5141 1024 5196 laboro.
1077 5137 1170 5194 Sic
1212 5153 1243 5192 a
1271 5137 1529 5194 memoria
1561 5151 1775 5208 regres-

171 5252 277 5294 sus
306 5235 465 5290 hctus
496 5242 550 5289 et
579 5232 760 5289 alacer
788 5233 930 5287 diem
959 5238 1131 5311 totum
1161 5228 1336 5285 duxit.
1387 5226 1512 5282 Haec
1542 5227 1656 5298 ipso
1682 5228 1778 5279 ab.

169 5330 310 5385 hate
337 5326 432 5398 qui
462 5340 649 5382 coram
672 5323 846 5380 adfuit
877 5321 1144 5378 referente
1169 5318 1392 5392 cognovi
1419 5335 1434 5382 ;
1464 5332 1776 5389 quanquam

174 5437 287 5477 nec
316 5433 421 5491 ego
449 5419 565 5491 ipse
603 5418 831 5475 multum
866 5415 1165 5481 abfuerim,
1200 5415 1289 5485 qui
1324 5413 1497 5485 pridie
1525 5411 1643 5482 ejus
1671 5409 1779 5466 diei

175 5514 573 5584 imperatorem
626 5510 885 5581 prtcdicto
931 5506 1118 5564 dolore
1163 5505 1485 5587 gravissime
1530 5502 1779 5560 laboran-

177 5616 297 5661 tem
337 5606 391 5660 in
430 5604 631 5675 palatio
669 5605 921 5659 viderim.

258 5719 343 5775 De
380 5716 598 5774 muliere
636 5716 845 5774 Scotica
885 5716 957 5771 ibi
996 5731 1029 5771 a
1066 5714 1453 5771 claudicatione
1497 5721 1713 5768 sanata.

260 5831 356 5888 37—.
398 5831 505 5887 Sed
529 5839 587 5887 ut
616 5831 741 5887 huic
775 5831 850 5885 rei
880 5839 1045 5901 gesta
1076 5837 1319 5902 tempore
1347 5825 1507 5898 paulo
1540 5824 1787 5897 superiov

1870 3306 2117 3376 deposita
2148 3305 2392 3376 lampade
2421 3320 2487 3360 ac
2520 3304 2639 3359 sine
2668 3304 2792 3376 igne
2819 3314 3051 3374 reperta,
3080 3319 3179 3375 pro
3206 3319 3274 3360 eo
3310 3302 3463 3359 defe-

1871 3395 2041 3463 rendo
2064 3394 2377 3461 festinaret;
2401 3396 2581 3450 subito
2610 3395 2958 3451 cernentibus
2979 3394 3163 3450 multis
3183 3404 3374 3465 sponte
3403 3396 3461 3449 iu

1868 3487 2117 3558 lampade
2152 3487 2330 3542 lumen
2365 3502 2653 3542 accensum
2695 3486 2912 3550 enituit,
2960 3486 3105 3555 quod
3150 3486 3223 3541 ibi
3267 3485 3463 3540 crebro

1867 3577 2071 3635 factum
2104 3578 2286 3649 plures
2320 3578 2420 3633 viri
2466 3577 2651 3633 ﬁdeles
2697 3578 2790 3647 qui
2828 3576 3125 3634 interfuere
3169 3584 3459 3632 testantur.

1868 3714 1946 3770 De
1981 3702 2183 3785 infante
2229 3711 2418 3768 claudo
2452 3721 2500 3766 et
2537 3711 2785 3795 surdoJet
2824 3710 2945 3765 item
2982 3706 3159 3781 puella
3206 3722 3346 3763 σασα
3387 3704 3460 3762 ibi

2547 3792 2770 3837 sanatis.

1938 3896 2028 3951 40.
2069 3893 2176 3949 Sed
2211 3900 2271 3948 ut
2307 3892 2423 3948 haec
2461 3890 2724 3947 miracula
2759 3905 2942 3946 rerum
2992 3889 3310 3959 nuperrime
3356 3902 3455 3960 ge«

1867 4000 2073 4043 starum
2097 3984 2408 4039 narratione
2430 3983 2496 4039 de
2517 3981 2769 4052 praesenti
2795 3980 3115 4035 concludam
3139 4020 3154 4045 ,
3177 3967 3290 4035 sub'
3310 3978 3454 4034 idem

1869 4092 2080 4151 tempus
2121 4095 2227 4149 quo
2260 4078 2343 4133 his
2370 4075 2742 4133 describendis
2773 4089 2993 4129 manum
3034 4072 3293 4143 imposui,
3327 4085 3461 4126 nec-

1871 4176 1997 4230 dum
2021 4173 2201 4227 libello
2225 4170 2372 4225 edito
2407 4185 2531 4225 cum
2557 4169 2625 4224 ad
2646 4181 2881 4223 annuam
2910 4168 3085 4222 beatae
3112 4161 3464 4234 depositionis

1872 4264 2271 4320 solemnitatem
2301 4275 2493 4333 magna
2529 4260 2890 4329 undecunque
2918 4256 2991 4312 ita
3019 4257 3099 4312 uti
3127 4253 3465 4317 solethomi-

1875 4371 2004 4412 num
2051 4353 2339 4409 multitudo
2386 4350 2701 4415 conflueret,
2758 4357 2887 4406 nota
2933 4364 3000 4404 ex
3049 4347 3229 4403 vicino
3270 4344 3470 4400 mulier

1875 4446 2096 4501 advenit
2136 4459 2258 4499 cum
2298 4441 2409 4497 ﬁlio
2453 4442 2565 4497 fere
2595 4439 2863 4512 septenni,
2916 4438 3008 4508 qui
3059 4436 3129 4492 ab
3176 4444 3301 4492 ortu
3348 4435 3468 4504 ipso

1874 4536 2119 4600 claudus,
2149 4542 2352 4595 mutus,
2381 4531 2683 4600 surdusque
2707 4540 3055 4600 permanens,
3076 4520 3289 4581 infelici
3318 4522 3471 4591 geni-

1878 4625 1998 4680 trici
2032 4638 2202 4678 novos
2230 4620 2470 4692 quotidie
2495 4620 2669 4674 luctus
2696 4628 2751 4674 et
2780 4618 2999 4672 dolores
3026 4615 3263 4670 allerret.
3310 4613 3469 4667 Hunc

1878 4726 2055 4773 mater
2083 4716 2189 4769 ﬁde
2226 4714 2417 4769 devota
2454 4727 2578 4767 cum
2625 4712 2767 4765 inter
2809 4717 3103 4763 nocturnas
3133 4704 3344 4777 vigilias
3373 4718 3467 4759 co-

1879 4823 1993 4862 ram
2034 4805 2283 4876 sepulcro
2332 4802 2627 4858 venerabili
2674 4800 3062 4871 exposuisset,
3105 4799 3252 4854 circa
3304 4798 3468 4851 linem

1878 4897 2214 4953 Psalmorum
2257 4895 2669 4960 matutinorum,
2706 4909 2829 4948 eum
2876 4891 3149 4947 canticum
3192 4888 3469 4962 Evangelii

1877 4994 2055 5047 clerus
2084 4990 2327 5047 ecclesize
2357 4995 2597 5051 caneret,
2633 4984 2930 5040 infantulus
2967 4982 3113 5038 lento
3144 4982 3335 5037 adnisu
3385 4997 3473 5037 re-

1876 5094 2038 5158 pente
2065 5082 2319 5143 surrexit,
2354 5097 2418 5137 ac
2445 5078 2673 5150 pedibus
2703 5092 2838 5150 quos
2867 5090 3037 5147 usque
3066 5075 3134 5130 ad
3169 5073 3222 5129 id
3264 5082 3472 5144 tempo-

1880 5180 1956 5235 ris
1981 5192 2255 5247 nunquam
2285 5183 2444 5230 terrm
2476 5172 2667 5228 ﬁxerat
2700 5172 2946 5233 adstans,
2971 5175 3202 5223 matrem
3230 5165 3469 5220 clamore

1879 5271 2081 5327 iterare
2124 5265 2355 5322 vocavit.
2401 5264 2563 5320 Flens
2604 5276 2716 5333 pre
2758 5259 2955 5331 gaudio
2994 5257 3253 5314 continuo
3297 5263 3472 5317 mater

1880 5360 2139 5423 accurrit,
2182 5366 2237 5414 et
2274 5357 2442 5412 ﬁlium
2490 5369 2650 5427 quem
2699 5361 2781 5407 tot
2822 5365 3068 5423 pressum
3115 5345 3471 5427 incommodis

1879 5454 2222 5525 deposuerat,
2285 5447 2653 5505 ambulantem
2704 5445 2862 5500 simul
2906 5452 2962 5498 et
3008 5441 3319 5512 loquentem
3371 5453 3472 5493 auo

1880 5545 2228 5610 dientemque
2254 5541 2475 5611 recepit.
2512 5538 2701 5610 Neque
2728 5537 2830 5595 fuit
2869 5535 3089 5593 Christo
3117 5531 3347 5597 diﬁieile,
3371 5546 3472 5602 pro

1882 5637 1969 5692 sui
2015 5634 2209 5691 merito
2239 5630 2590 5696 confessoris,
2638 5645 2749 5686 uno
2781 5628 3078 5699 eodemque
3122 5635 3365 5697 tempore
3413 5631 3475 5678 et

1882 5726 2293 5801 possibilitatem
2331 5723 2578 5794 loquendi
2622 5737 2825 5794 puero,
2870 5730 2925 5775 et
2983 5718 3265 5775 scientiam
3307 5727 3470 5784 quam

1891 5817 2125 5888 maiores
2161 5815 2429 5872 audiendo
2462 5829 2736 5885 nunquam
2764 5816 3119 5885 perceperant
3159 5807 3311 5871 dare,
3345 5816 3473 5865 cum
