  <div class='ocr_page' id='page_1' title='image "/cluster/home/n/w/nwhite01/storage/ocr_20150623/121/hvd.32044015471642/341.png"; bbox 0 0 4000 6352; ppageno 0'>
   <div class='ocr_carea' id='block_1_1' title="bbox 621 335 722 392">
    <p class='ocr_par' dir='ltr' id='par_1_1' title="bbox 621 335 722 392">
     <span class='ocr_line' id='line_1_1' title="bbox 621 335 722 392; baseline 0 0"><span class='ocrx_word' id='word_1_1' title='bbox 621 335 722 392; x_wconf 73' lang='grc' dir='ltr'><strong>6η</strong></span> 
     </span>
    </p>
   </div>
   <div class='ocr_carea' id='block_1_2' title="bbox 1343 335 2193 423">
    <p class='ocr_par' dir='ltr' id='par_1_2' title="bbox 1343 336 2172 402">
     <span class='ocr_line' id='line_1_2' title="bbox 1343 336 2172 402; baseline -0.002 -8"><span class='ocrx_word' id='word_1_2' title='bbox 1343 336 1857 402; x_wconf 55' lang='grc' dir='ltr'><strong>ινιιδιιειωειιῖι</strong></span> <span class='ocrx_word' id='word_1_3' title='bbox 1885 338 1974 395; x_wconf 82' lang='lat' dir='ltr'><strong>DE</strong></span> <span class='ocrx_word' id='word_1_4' title='bbox 2012 337 2172 394; x_wconf 77' lang='lat' dir='ltr'><strong>VITA</strong></span> 
     </span>
    </p>
   </div>
   <div class='ocr_carea' id='block_1_3' title="bbox 2294 335 3817 423">
    <p class='ocr_par' dir='ltr' id='par_1_3' title="bbox 2294 336 3817 423">
     <span class='ocr_line' id='line_1_3' title="bbox 2294 336 3817 423; baseline 0.012 -31"><span class='ocrx_word' id='word_1_5' title='bbox 2294 338 2297 352; x_wconf 81' lang='lat'>&#39;</span> <span class='ocrx_word' id='word_1_6' title='bbox 2336 336 2709 397; x_wconf 71' lang='lat' dir='ltr'><strong>MlRACULlS</strong></span> <span class='ocrx_word' id='word_1_7' title='bbox 2747 339 2804 397; x_wconf 85' lang='lat' dir='ltr'><strong>S.</strong></span> <span class='ocrx_word' id='word_1_8' title='bbox 2844 342 3121 403; x_wconf 74' lang='lat' dir='ltr'><strong>GOARIS.</strong></span> <span class='ocrx_word' id='word_1_9' title='bbox 3741 362 3817 423; x_wconf 63' lang='grc' dir='ltr'><strong>οη</strong></span> 
     </span>
    </p>
   </div>
   <div class='ocr_carea' id='block_1_4' title="bbox 623 450 3815 545">
    <p class='ocr_par' dir='ltr' id='par_1_4' title="bbox 623 450 3815 545">
     <span class='ocr_line' id='line_1_4' title="bbox 623 450 3815 545; baseline 0.004 -37"><span class='ocrx_word' id='word_1_10' title='bbox 623 455 696 511; x_wconf 86' lang='lat' dir='ltr'><strong>sit</strong></span> <span class='ocrx_word' id='word_1_11' title='bbox 721 453 839 525; x_wconf 85' lang='lat' dir='ltr'><strong>ipse</strong></span> <span class='ocrx_word' id='word_1_12' title='bbox 867 451 1129 524; x_wconf 82' lang='lat' dir='ltr'><strong>sapientia</strong></span> <span class='ocrx_word' id='word_1_13' title='bbox 1174 450 1272 507; x_wconf 87' lang='lat' dir='ltr'><strong>Dei</strong></span> <span class='ocrx_word' id='word_1_14' title='bbox 1310 466 1435 522; x_wconf 79' lang='lat' dir='ltr'><strong>quae</strong></span> <span class='ocrx_word' id='word_1_15' title='bbox 1474 454 1649 523; x_wconf 86' lang='lat' dir='ltr'><strong>aperit</strong></span> <span class='ocrx_word' id='word_1_16' title='bbox 1678 466 1773 507; x_wconf 83' lang='lat' dir='ltr'><strong>ora</strong></span> <span class='ocrx_word' id='word_1_17' title='bbox 1816 459 2119 516; x_wconf 81' lang='lat' dir='ltr'><strong>mutorum,</strong></span> <span class='ocrx_word' id='word_1_18' title='bbox 2160 459 2217 506; x_wconf 86' lang='lat' dir='ltr'><strong>et</strong></span> <span class='ocrx_word' id='word_1_19' title='bbox 2244 458 2290 515; x_wconf 81' lang='grc' dir='ltr'><strong>Α</strong></span> <span class='ocrx_word' id='word_1_20' title='bbox 2318 463 2650 525; x_wconf 70' lang='lat' dir='ltr'><strong>provocatus</strong></span> <span class='ocrx_word' id='word_1_21' title='bbox 2686 465 3073 527; x_wconf 75' lang='lat' dir='ltr'><strong>monasterium</strong></span> <span class='ocrx_word' id='word_1_22' title='bbox 3105 460 3526 533; x_wconf 70' lang='lat' dir='ltr'><strong>suprascriptum</strong></span> <span class='ocrx_word' id='word_1_23' title='bbox 3558 480 3815 545; x_wconf 61' lang='grc' dir='ltr'><strong>ωηδιτιιιίι,</strong></span> 
     </span>
    </p>
   </div>
   <div class='ocr_carea' id='block_1_5' title="bbox 623 542 2214 617">
    <p class='ocr_par' dir='ltr' id='par_1_5' title="bbox 623 542 2214 617">
     <span class='ocr_line' id='line_1_5' title="bbox 623 542 2214 617; baseline 0.004 -18"><span class='ocrx_word' id='word_1_24' title='bbox 623 545 851 617; x_wconf 83' lang='lat' dir='ltr'><strong>linguas.</strong></span> <span class='ocrx_word' id='word_1_25' title='bbox 867 543 1154 601; x_wconf 82' lang='lat' dir='ltr'><strong>infantium</strong></span> <span class='ocrx_word' id='word_1_26' title='bbox 1183 543 1419 601; x_wconf 74' lang='lat' dir='ltr'><strong>disertus</strong></span> <span class='ocrx_word' id='word_1_27' title='bbox 1448 542 1597 600; x_wconf 82' lang='lat' dir='ltr'><strong>facit.</strong></span> <span class='ocrx_word' id='word_1_28' title='bbox 1651 543 1785 604; x_wconf 84' lang='lat' dir='ltr'><strong>Tum</strong></span> <span class='ocrx_word' id='word_1_29' title='bbox 1811 559 1942 601; x_wconf 80' lang='lat' dir='ltr'><strong>vero</strong></span> <span class='ocrx_word' id='word_1_30' title='bbox 1971 543 2214 605; x_wconf 78' lang='lat' dir='ltr'><strong>omnium</strong></span> 
     </span>
    </p>
   </div>
   <div class='ocr_carea' id='block_1_6' title="bbox 621 635 2210 708">
    <p class='ocr_par' dir='ltr' id='par_1_6' title="bbox 621 635 2210 708">
     <span class='ocr_line' id='line_1_6' title="bbox 621 635 2210 708; baseline 0.003 -22"><span class='ocrx_word' id='word_1_31' title='bbox 621 636 716 705; x_wconf 81' lang='lat' dir='ltr'><strong>qui</strong></span> <span class='ocrx_word' id='word_1_32' title='bbox 764 636 991 692; x_wconf 86' lang='lat' dir='ltr'><strong>aderant</strong></span> <span class='ocrx_word' id='word_1_33' title='bbox 1042 643 1248 690; x_wconf 88' lang='lat' dir='ltr'><strong>mentes</strong></span> <span class='ocrx_word' id='word_1_34' title='bbox 1297 636 1433 690; x_wconf 85' lang='lat' dir='ltr'><strong>tanti</strong></span> <span class='ocrx_word' id='word_1_35' title='bbox 1481 635 1654 706; x_wconf 89' lang='lat' dir='ltr'><strong>replet</strong></span> <span class='ocrx_word' id='word_1_36' title='bbox 1703 647 1893 708; x_wconf 91' lang='lat' dir='ltr'><strong>stupor</strong></span> <span class='ocrx_word' id='word_1_37' title='bbox 1915 635 2165 701; x_wconf 83' lang='lat' dir='ltr'><strong>miraculi</strong></span> <span class='ocrx_word' id='word_1_38' title='bbox 2193 675 2210 703; x_wconf 95' lang='lat'><strong>,</strong></span> 
     </span>
    </p>
   </div>
   <div class='ocr_carea' id='block_1_7' title="bbox 623 724 2212 792">
    <p class='ocr_par' dir='ltr' id='par_1_7' title="bbox 623 724 2212 792">
     <span class='ocr_line' id='line_1_7' title="bbox 623 724 2212 792; baseline 0.003 -13"><span class='ocrx_word' id='word_1_39' title='bbox 623 732 792 779; x_wconf 84' lang='lat' dir='ltr'><strong>totam</strong></span> <span class='ocrx_word' id='word_1_40' title='bbox 826 724 1038 781; x_wconf 77' lang='lat' dir='ltr'><strong>laudem</strong></span> <span class='ocrx_word' id='word_1_41' title='bbox 1068 724 1272 781; x_wconf 83' lang='lat' dir='ltr'><strong>Christi</strong></span> <span class='ocrx_word' id='word_1_42' title='bbox 1296 725 1606 782; x_wconf 80' lang='lat' dir='ltr'><strong>conclamat</strong></span> <span class='ocrx_word' id='word_1_43' title='bbox 1651 726 1904 792; x_wconf 75' lang='lat' dir='ltr'><strong>ecclesia,</strong></span> <span class='ocrx_word' id='word_1_44' title='bbox 1948 735 2005 781; x_wconf 90' lang='lat' dir='ltr'><strong>et</strong></span> <span class='ocrx_word' id='word_1_45' title='bbox 2053 727 2212 783; x_wconf 87' lang='lat' dir='ltr'><strong>unius</strong></span> 
     </span>
    </p>
   </div>
   <div class='ocr_carea' id='block_1_8' title="bbox 623 815 2209 877">
    <p class='ocr_par' dir='ltr' id='par_1_8' title="bbox 623 815 2209 877">
     <span class='ocr_line' id='line_1_8' title="bbox 623 815 2209 877; baseline 0.001 -2"><span class='ocrx_word' id='word_1_46' title='bbox 623 815 873 875; x_wconf 85' lang='lat' dir='ltr'><strong>infantuli</strong></span> <span class='ocrx_word' id='word_1_47' title='bbox 902 817 1050 873; x_wconf 87' lang='lat' dir='ltr'><strong>salus</strong></span> <span class='ocrx_word' id='word_1_48' title='bbox 1085 816 1349 875; x_wconf 88' lang='lat' dir='ltr'><strong>mirabilis</strong></span> <span class='ocrx_word' id='word_1_49' title='bbox 1387 818 1678 873; x_wconf 87' lang='lat' dir='ltr'><strong>multorum</strong></span> <span class='ocrx_word' id='word_1_50' title='bbox 1724 819 1794 875; x_wconf 88' lang='lat' dir='ltr'><strong>ad</strong></span> <span class='ocrx_word' id='word_1_51' title='bbox 1833 818 1999 876; x_wconf 85' lang='lat' dir='ltr'><strong>fidem</strong></span> <span class='ocrx_word' id='word_1_52' title='bbox 2043 819 2209 877; x_wconf 85' lang='lat' dir='ltr'><strong>corda</strong></span> 
     </span>
    </p>
   </div>
   <div class='ocr_carea' id='block_1_9' title="bbox 507 898 1017 965">
    <p class='ocr_par' dir='ltr' id='par_1_9' title="bbox 507 898 1017 965">
     <span class='ocr_line' id='line_1_9' title="bbox 507 898 1017 965; baseline 0.004 -2"><span class='ocrx_word' id='word_1_53' title='bbox 507 898 523 910; x_wconf 74' lang='grc'><strong>”</strong></span> <span class='ocrx_word' id='word_1_54' title='bbox 620 908 922 964; x_wconf 85' lang='lat' dir='ltr'><strong>succendit.</strong></span> <span class='ocrx_word' id='word_1_55' title='bbox 1014 962 1017 965; x_wconf 89' lang='lat'><strong>.</strong></span> 
     </span>
    </p>
   </div>
   <div class='ocr_carea' id='block_1_10' title="bbox 689 1000 2211 1078">
    <p class='ocr_par' dir='ltr' id='par_1_10' title="bbox 689 1000 2211 1078">
     <span class='ocr_line' id='line_1_10' title="bbox 689 1000 2211 1078; baseline 0.005 -24"><span class='ocrx_word' id='word_1_56' title='bbox 689 1000 782 1056; x_wconf 73' lang='grc'><strong>41.</strong></span> <span class='ocrx_word' id='word_1_57' title='bbox 822 1000 1134 1072; x_wconf 83' lang='lat' dir='ltr'><strong>Eodemque</strong></span> <span class='ocrx_word' id='word_1_58' title='bbox 1161 1001 1247 1057; x_wconf 92' lang='lat' dir='ltr'><strong>die</strong></span> <span class='ocrx_word' id='word_1_59' title='bbox 1280 1018 1405 1057; x_wconf 89' lang='lat' dir='ltr'><strong>cum</strong></span> <span class='ocrx_word' id='word_1_60' title='bbox 1435 1003 1723 1059; x_wconf 87' lang='lat' dir='ltr'><strong>missarum</strong></span> <span class='ocrx_word' id='word_1_61' title='bbox 1755 1004 2017 1062; x_wconf 76' lang='lat' dir='ltr'><strong>solemnia</strong></span> <span class='ocrx_word' id='word_1_62' title='bbox 2041 1021 2211 1078; x_wconf 90' lang='lat' dir='ltr'><strong>popu-</strong></span> 
     </span>
    </p>
   </div>
   <div class='ocr_carea' id='block_1_11' title="bbox 616 1092 2210 1169">
    <p class='ocr_par' dir='ltr' id='par_1_11' title="bbox 616 1092 2210 1169">
     <span class='ocr_line' id='line_1_11' title="bbox 616 1092 2210 1169; baseline 0.004 -23"><span class='ocrx_word' id='word_1_63' title='bbox 616 1092 700 1147; x_wconf 85' lang='lat' dir='ltr'><strong>lus</strong></span> <span class='ocrx_word' id='word_1_64' title='bbox 732 1100 1024 1161; x_wconf 89' lang='lat' dir='ltr'><strong>spectaret,</strong></span> <span class='ocrx_word' id='word_1_65' title='bbox 1049 1101 1105 1147; x_wconf 90' lang='lat' dir='ltr'><strong>et</strong></span> <span class='ocrx_word' id='word_1_66' title='bbox 1124 1092 1302 1169; x_wconf 59' lang='lat' dir='ltr'><strong>divina</strong></span> <span class='ocrx_word' id='word_1_67' title='bbox 1329 1110 1361 1147; x_wconf 90' lang='lat' dir='ltr'><strong>a</strong></span> <span class='ocrx_word' id='word_1_68' title='bbox 1387 1095 1669 1151; x_wconf 84' lang='lat' dir='ltr'><strong>sacerdote</strong></span> <span class='ocrx_word' id='word_1_69' title='bbox 1696 1097 1954 1168; x_wconf 82' lang='lat' dir='ltr'><strong>mysteria</strong></span> <span class='ocrx_word' id='word_1_70' title='bbox 1981 1112 2210 1169; x_wconf 85' lang='lat' dir='ltr'><strong>ageren-</strong></span> 
     </span>
    </p>
   </div>
   <div class='ocr_carea' id='block_1_12' title="bbox 617 1182 2208 1268">
    <p class='ocr_par' dir='ltr' id='par_1_12' title="bbox 617 1182 2208 1268">
     <span class='ocr_line' id='line_1_12' title="bbox 617 1182 2208 1268; baseline 0.002 -29"><span class='ocrx_word' id='word_1_71' title='bbox 617 1193 728 1250; x_wconf 86' lang='lat' dir='ltr'><strong>tur,</strong></span> <span class='ocrx_word' id='word_1_72' title='bbox 756 1182 935 1254; x_wconf 87' lang='lat' dir='ltr'><strong>puella</strong></span> <span class='ocrx_word' id='word_1_73' title='bbox 964 1184 1152 1238; x_wconf 85' lang='lat' dir='ltr'><strong>eadem</strong></span> <span class='ocrx_word' id='word_1_74' title='bbox 1179 1199 1343 1254; x_wconf 88' lang='lat' dir='ltr'><strong>prope</strong></span> <span class='ocrx_word' id='word_1_75' title='bbox 1370 1200 1476 1255; x_wconf 91' lang='lat' dir='ltr'><strong>qua</strong></span> <span class='ocrx_word' id='word_1_76' title='bbox 1502 1187 1796 1257; x_wconf 75' lang='lat' dir='ltr'><strong>przedi&#39;ctus</strong></span> <span class='ocrx_word' id='word_1_77' title='bbox 1836 1185 2015 1268; x_wconf 71' lang='lat' dir='ltr'><strong>infans</strong></span> <span class='ocrx_word' id='word_1_78' title='bbox 2046 1195 2208 1243; x_wconf 73' lang='lat' dir='ltr'><strong>mtate</strong></span> 
     </span>
    </p>
   </div>
   <div class='ocr_carea' id='block_1_13' title="bbox 616 1274 2208 1345">
    <p class='ocr_par' dir='ltr' id='par_1_13' title="bbox 616 1274 2208 1345">
     <span class='ocr_line' id='line_1_13' title="bbox 616 1274 2208 1345; baseline 0.004 -17"><span class='ocrx_word' id='word_1_79' title='bbox 616 1274 709 1328; x_wconf 84' lang='lat' dir='ltr'><strong>diu</strong></span> <span class='ocrx_word' id='word_1_80' title='bbox 758 1288 928 1338; x_wconf 69' lang='lat' dir='ltr'><strong>caeca,</strong></span> <span class='ocrx_word' id='word_1_81' title='bbox 976 1288 1096 1343; x_wconf 82' lang='lat' dir='ltr'><strong>quae</strong></span> <span class='ocrx_word' id='word_1_82' title='bbox 1141 1282 1252 1327; x_wconf 90' lang='lat' dir='ltr'><strong>tum</strong></span> <span class='ocrx_word' id='word_1_83' title='bbox 1301 1289 1332 1329; x_wconf 89' lang='lat' dir='ltr'><strong>a</strong></span> <span class='ocrx_word' id='word_1_84' title='bbox 1387 1277 1702 1345; x_wconf 86' lang='lat' dir='ltr'><strong>parentibus</strong></span> <span class='ocrx_word' id='word_1_85' title='bbox 1747 1277 1979 1334; x_wconf 82' lang='lat' dir='ltr'><strong>fideliter</strong></span> <span class='ocrx_word' id='word_1_86' title='bbox 2014 1278 2208 1335; x_wconf 82' lang='lat' dir='ltr'><strong>fuisset</strong></span> 
     </span>
    </p>
   </div>
   <div class='ocr_carea' id='block_1_14' title="bbox 617 1364 2203 1441">
    <p class='ocr_par' dir='ltr' id='par_1_14' title="bbox 617 1364 2203 1441">
     <span class='ocr_line' id='line_1_14' title="bbox 617 1364 2203 1441; baseline 0.003 -20"><span class='ocrx_word' id='word_1_87' title='bbox 617 1365 787 1431; x_wconf 64' lang='lat' dir='ltr'><strong>illata,</strong></span> <span class='ocrx_word' id='word_1_88' title='bbox 821 1364 1082 1422; x_wconf 89' lang='lat' dir='ltr'><strong>amissum</strong></span> <span class='ocrx_word' id='word_1_89' title='bbox 1106 1364 1286 1421; x_wconf 86' lang='lat' dir='ltr'><strong>lumen</strong></span> <span class='ocrx_word' id='word_1_90' title='bbox 1311 1368 1535 1438; x_wconf 83' lang='lat' dir='ltr'><strong>recepit.</strong></span> <span class='ocrx_word' id='word_1_91' title='bbox 1580 1369 1657 1425; x_wconf 83' lang='lat' dir='ltr'><strong>ita</strong></span> <span class='ocrx_word' id='word_1_92' title='bbox 1693 1370 1910 1441; x_wconf 87' lang='lat' dir='ltr'><strong>gemino</strong></span> <span class='ocrx_word' id='word_1_93' title='bbox 1941 1369 2203 1426; x_wconf 86' lang='lat' dir='ltr'><strong>miraculo</strong></span> 
     </span>
    </p>
   </div>
   <div class='ocr_carea' id='block_1_15' title="bbox 616 1457 2203 1531">
    <p class='ocr_par' dir='ltr' id='par_1_15' title="bbox 616 1457 2203 1531">
     <span class='ocr_line' id='line_1_15' title="bbox 616 1457 2203 1531; baseline 0.004 -19"><span class='ocrx_word' id='word_1_94' title='bbox 616 1458 719 1512; x_wconf 89' lang='lat' dir='ltr'><strong>sub</strong></span> <span class='ocrx_word' id='word_1_95' title='bbox 747 1472 856 1513; x_wconf 91' lang='lat' dir='ltr'><strong>uno</strong></span> <span class='ocrx_word' id='word_1_96' title='bbox 890 1457 977 1514; x_wconf 91' lang='lat' dir='ltr'><strong>die</strong></span> <span class='ocrx_word' id='word_1_97' title='bbox 1021 1465 1078 1513; x_wconf 88' lang='lat' dir='ltr'><strong>et</strong></span> <span class='ocrx_word' id='word_1_98' title='bbox 1122 1458 1298 1513; x_wconf 86' lang='lat' dir='ltr'><strong>sancti</strong></span> <span class='ocrx_word' id='word_1_99' title='bbox 1335 1459 1441 1514; x_wconf 77' lang='lat' dir='ltr'><strong>viri</strong></span> <span class='ocrx_word' id='word_1_100' title='bbox 1477 1459 1730 1515; x_wconf 88' lang='lat' dir='ltr'><strong>meritum</strong></span> <span class='ocrx_word' id='word_1_101' title='bbox 1770 1459 1947 1531; x_wconf 79' lang='lat' dir='ltr'><strong>palam</strong></span> <span class='ocrx_word' id='word_1_102' title='bbox 1992 1461 2203 1519; x_wconf 84' lang='lat' dir='ltr'><strong>cunctis</strong></span> 
     </span>
    </p>
   </div>
   <div class='ocr_carea' id='block_1_16' title="bbox 615 1547 2201 1622">
    <p class='ocr_par' dir='ltr' id='par_1_16' title="bbox 615 1547 2201 1622">
     <span class='ocr_line' id='line_1_16' title="bbox 615 1547 2201 1622; baseline 0.004 -21"><span class='ocrx_word' id='word_1_103' title='bbox 615 1547 835 1612; x_wconf 88' lang='lat' dir='ltr'><strong>enituit,</strong></span> <span class='ocrx_word' id='word_1_104' title='bbox 863 1555 921 1602; x_wconf 88' lang='lat' dir='ltr'><strong>et</strong></span> <span class='ocrx_word' id='word_1_105' title='bbox 954 1549 1302 1619; x_wconf 77' lang='lat' dir='ltr'><strong>prmsentiurn</strong></span> <span class='ocrx_word' id='word_1_106' title='bbox 1332 1549 1464 1605; x_wconf 80' lang='lat' dir='ltr'><strong>(Ides</strong></span> <span class='ocrx_word' id='word_1_107' title='bbox 1489 1548 1690 1606; x_wconf 88' lang='lat' dir='ltr'><strong>Christi</strong></span> <span class='ocrx_word' id='word_1_108' title='bbox 1720 1549 2007 1607; x_wconf 88' lang='lat' dir='ltr'><strong>clementia</strong></span> <span class='ocrx_word' id='word_1_109' title='bbox 2035 1566 2201 1622; x_wconf 87' lang='lat' dir='ltr'><strong>quam</strong></span> 
     </span>
    </p>
   </div>
   <div class='ocr_carea' id='block_1_17' title="bbox 616 1638 2198 1713">
    <p class='ocr_par' dir='ltr' id='par_1_17' title="bbox 616 1638 2198 1713">
     <span class='ocr_line' id='line_1_17' title="bbox 616 1638 2198 1713; baseline 0.001 -18"><span class='ocrx_word' id='word_1_110' title='bbox 616 1649 725 1695; x_wconf 90' lang='lat' dir='ltr'><strong>non</strong></span> <span class='ocrx_word' id='word_1_111' title='bbox 772 1639 913 1694; x_wconf 83' lang='lat' dir='ltr'><strong>desit</strong></span> <span class='ocrx_word' id='word_1_112' title='bbox 949 1639 1328 1695; x_wconf 79' lang='lat' dir='ltr'><strong>invocantibus</strong></span> <span class='ocrx_word' id='word_1_113' title='bbox 1373 1638 1573 1711; x_wconf 89' lang='lat' dir='ltr'><strong>ubique</strong></span> <span class='ocrx_word' id='word_1_114' title='bbox 1617 1655 1859 1711; x_wconf 62' lang='lat' dir='ltr'><strong>praesens</strong></span> <span class='ocrx_word' id='word_1_115' title='bbox 1886 1682 1902 1707; x_wconf 95' lang='lat'><strong>,</strong></span> <span class='ocrx_word' id='word_1_116' title='bbox 1958 1642 2198 1713; x_wconf 76' lang='lat' dir='ltr'><strong>agnovit.</strong></span> 
     </span>
    </p>
   </div>
   <div class='ocr_carea' id='block_1_18' title="bbox 684 1728 2201 1788">
    <p class='ocr_par' dir='ltr' id='par_1_18' title="bbox 684 1728 2201 1788">
     <span class='ocr_line' id='line_1_18' title="bbox 684 1728 2201 1788; baseline 0.003 -4"><span class='ocrx_word' id='word_1_117' title='bbox 684 1729 776 1786; x_wconf 70' lang='grc'><strong>42.</strong></span> <span class='ocrx_word' id='word_1_118' title='bbox 813 1728 941 1786; x_wconf 63' lang='lat' dir='ltr'><strong>Haec</strong></span> <span class='ocrx_word' id='word_1_119' title='bbox 968 1742 995 1772; x_wconf 78' lang='grc' dir='ltr'><strong>ι</strong></span> <span class='ocrx_word' id='word_1_120' title='bbox 1024 1730 1093 1786; x_wconf 90' lang='lat' dir='ltr'><strong>de</strong></span> <span class='ocrx_word' id='word_1_121' title='bbox 1128 1729 1409 1787; x_wconf 76' lang='lat' dir='ltr'><strong>miraculis</strong></span> <span class='ocrx_word' id='word_1_122' title='bbox 1440 1730 1502 1784; x_wconf 84' lang='grc' dir='ltr'><strong>Β.</strong></span> <span class='ocrx_word' id='word_1_123' title='bbox 1529 1729 1724 1786; x_wconf 87' lang='lat' dir='ltr'><strong>Goaris</strong></span> <span class='ocrx_word' id='word_1_124' title='bbox 1748 1732 1943 1787; x_wconf 88' lang='lat' dir='ltr'><strong>merito</strong></span> <span class='ocrx_word' id='word_1_125' title='bbox 1966 1732 2201 1788; x_wconf 89' lang='lat' dir='ltr'><strong>ostensis</strong></span> 
     </span>
    </p>
   </div>
   <div class='ocr_carea' id='block_1_19' title="bbox 2316 542 3814 629">
    <p class='ocr_par' dir='ltr' id='par_1_19' title="bbox 2316 542 3814 629">
     <span class='ocr_line' id='line_1_19' title="bbox 2316 542 3814 629; baseline 0.01 -33"><span class='ocrx_word' id='word_1_126' title='bbox 2316 542 2625 615; x_wconf 82' lang='lat' dir='ltr'><strong>constitutis</strong></span> <span class='ocrx_word' id='word_1_127' title='bbox 2651 543 2705 600; x_wconf 89' lang='lat' dir='ltr'><strong>in</strong></span> <span class='ocrx_word' id='word_1_128' title='bbox 2734 560 2815 613; x_wconf 67' lang='lat' dir='ltr'><strong>eo</strong></span> <span class='ocrx_word' id='word_1_129' title='bbox 2828 548 3111 605; x_wconf 82' lang='lat' dir='ltr'><strong>monachis</strong></span> <span class='ocrx_word' id='word_1_130' title='bbox 3136 550 3226 617; x_wconf 88' lang='lat' dir='ltr'><strong>qui</strong></span> <span class='ocrx_word' id='word_1_131' title='bbox 3255 549 3369 607; x_wconf 86' lang='lat' dir='ltr'><strong>Deo</strong></span> <span class='ocrx_word' id='word_1_132' title='bbox 3396 553 3495 609; x_wconf 80' lang='lat' dir='ltr'><strong>sub</strong></span> <span class='ocrx_word' id='word_1_133' title='bbox 3532 560 3731 629; x_wconf 72' lang='lat' dir='ltr'><strong>regnhri-</strong></span> <span class='ocrx_word' id='word_1_134' title='bbox 3748 542 3814 621; x_wconf 53' lang='lat' dir='ltr'><strong>of.</strong></span> 
     </span>
    </p>
   </div>
   <div class='ocr_carea' id='block_1_20' title="bbox 2316 630 3816 726">
    <p class='ocr_par' dir='ltr' id='par_1_20' title="bbox 2316 630 3816 726">
     <span class='ocr_line' id='line_1_20' title="bbox 2316 630 3816 726; baseline 0.011 -42"><span class='ocrx_word' id='word_1_135' title='bbox 2316 630 2441 726; x_wconf 77' lang='lat' dir='ltr'><strong>diue</strong></span> <span class='ocrx_word' id='word_1_136' title='bbox 2469 633 2781 696; x_wconf 87' lang='lat' dir='ltr'><strong>militarent,</strong></span> <span class='ocrx_word' id='word_1_137' title='bbox 2808 637 3171 694; x_wconf 78' lang='lat' dir='ltr'><strong>venerabilem</strong></span> <span class='ocrx_word' id='word_1_138' title='bbox 3204 642 3380 697; x_wconf 76' lang='lat' dir='ltr'><strong>virum</strong></span> <span class='ocrx_word' id='word_1_139' title='bbox 3405 644 3647 704; x_wconf 79' lang='lat' dir='ltr'><strong>Asuerum</strong></span> <span class='ocrx_word' id='word_1_140' title='bbox 3658 656 3816 726; x_wconf 76' lang='lat' dir='ltr'><strong>regimi.</strong></span> 
     </span>
    </p>
   </div>
   <div class='ocr_carea' id='block_1_21' title="bbox 2315 720 3816 802">
    <p class='ocr_par' dir='ltr' id='par_1_21' title="bbox 2315 720 3816 802">
     <span class='ocr_line' id='line_1_21' title="bbox 2315 720 3816 802; baseline 0.015 -27"><span class='ocrx_word' id='word_1_141' title='bbox 2315 720 2401 776; x_wconf 86' lang='lat' dir='ltr'><strong>nis</strong></span> <span class='ocrx_word' id='word_1_142' title='bbox 2436 723 2676 793; x_wconf 62' lang='lat' dir='ltr'><strong>praefecit</strong></span> <span class='ocrx_word' id='word_1_143' title='bbox 2714 724 2918 787; x_wconf 69' lang='lat' dir='ltr'><strong>,omcto.</strong></span> <span class='ocrx_word' id='word_1_144' title='bbox 2979 726 3083 795; x_wconf 86' lang='lat' dir='ltr'><strong>Qui</strong></span> <span class='ocrx_word' id='word_1_145' title='bbox 3138 729 3305 784; x_wconf 87' lang='lat' dir='ltr'><strong>etiam</strong></span> <span class='ocrx_word' id='word_1_146' title='bbox 3350 733 3519 788; x_wconf 89' lang='lat' dir='ltr'><strong>eidem</strong></span> <span class='ocrx_word' id='word_1_147' title='bbox 3563 736 3664 795; x_wconf 88' lang='lat' dir='ltr'><strong>loco</strong></span> <span class='ocrx_word' id='word_1_148' title='bbox 3699 720 3816 802; x_wconf 62' lang='lat' dir='ltr'><strong>anuis</strong></span> 
     </span>
    </p>
   </div>
   <div class='ocr_carea' id='block_1_22' title="bbox 2313 811 3814 893">
    <p class='ocr_par' dir='ltr' id='par_1_22' title="bbox 2313 811 3814 893">
     <span class='ocr_line' id='line_1_22' title="bbox 2313 811 3814 893; baseline 0.016 -29"><span class='ocrx_word' id='word_1_149' title='bbox 2313 811 2552 883; x_wconf 85' lang='lat' dir='ltr'><strong>quinque</strong></span> <span class='ocrx_word' id='word_1_150' title='bbox 2588 822 2649 868; x_wconf 80' lang='lat' dir='ltr'><strong>et</strong></span> <span class='ocrx_word' id='word_1_151' title='bbox 2687 815 3045 887; x_wconf 75' lang='lat' dir='ltr'><strong>quadraginta</strong></span> <span class='ocrx_word' id='word_1_152' title='bbox 3092 816 3405 877; x_wconf 80' lang='lat' dir='ltr'><strong>felicissime</strong></span> <span class='ocrx_word' id='word_1_153' title='bbox 3449 824 3658 893; x_wconf 67' lang='lat' dir='ltr'><strong>prefuit.</strong></span> <span class='ocrx_word' id='word_1_154' title='bbox 3704 831 3814 890; x_wconf 80' lang='lat' dir='ltr'><strong>lianc</strong></span> 
     </span>
    </p>
   </div>
   <div class='ocr_carea' id='block_1_23' title="bbox 2312 906 3817 990">
    <p class='ocr_par' dir='ltr' id='par_1_23' title="bbox 2312 906 3817 990">
     <span class='ocr_line' id='line_1_23' title="bbox 2312 906 3817 990; baseline 0.014 -33"><span class='ocrx_word' id='word_1_155' title='bbox 2312 917 2435 957; x_wconf 85' lang='lat' dir='ltr'><strong>cum</strong></span> <span class='ocrx_word' id='word_1_156' title='bbox 2487 919 2584 974; x_wconf 88' lang='lat' dir='ltr'><strong>pro</strong></span> <span class='ocrx_word' id='word_1_157' title='bbox 2627 920 2740 961; x_wconf 73' lang='lat' dir='ltr'><strong>sum</strong></span> <span class='ocrx_word' id='word_1_158' title='bbox 2787 906 2909 961; x_wconf 72' lang='lat' dir='ltr'><strong>vita:</strong></span> <span class='ocrx_word' id='word_1_159' title='bbox 2954 908 3148 965; x_wconf 86' lang='lat' dir='ltr'><strong>merito</strong></span> <span class='ocrx_word' id='word_1_160' title='bbox 3175 910 3464 980; x_wconf 90' lang='lat' dir='ltr'><strong>plurimum</strong></span> <span class='ocrx_word' id='word_1_161' title='bbox 3492 916 3817 990; x_wconf 84' lang='lat' dir='ltr'><strong>colcret,ejus-</strong></span> 
     </span>
    </p>
   </div>
   <div class='ocr_carea' id='block_1_24' title="bbox 2311 993 3816 1073">
    <p class='ocr_par' dir='ltr' id='par_1_24' title="bbox 2311 993 3816 1073">
     <span class='ocr_line' id='line_1_24' title="bbox 2311 993 3816 1073; baseline 0.014 -26"><span class='ocrx_word' id='word_1_162' title='bbox 2311 993 2455 1048; x_wconf 90' lang='lat' dir='ltr'><strong>modi</strong></span> <span class='ocrx_word' id='word_1_163' title='bbox 2486 995 2884 1052; x_wconf 86' lang='lat' dir='ltr'><strong>constitutionis</strong></span> <span class='ocrx_word' id='word_1_164' title='bbox 2918 997 2969 1053; x_wconf 90' lang='lat' dir='ltr'><strong>ei</strong></span> <span class='ocrx_word' id='word_1_165' title='bbox 3017 1003 3396 1058; x_wconf 86' lang='lat' dir='ltr'><strong>auctoritatem</strong></span> <span class='ocrx_word' id='word_1_166' title='bbox 3441 1004 3596 1073; x_wconf 90' lang='lat' dir='ltr'><strong>dedit,</strong></span> <span class='ocrx_word' id='word_1_167' title='bbox 3639 1018 3690 1065; x_wconf 90' lang='lat' dir='ltr'><strong>ut</strong></span> <span class='ocrx_word' id='word_1_168' title='bbox 3726 1028 3816 1068; x_wconf 77' lang='lat' dir='ltr'><strong>cum</strong></span> 
     </span>
    </p>
   </div>
   <div class='ocr_carea' id='block_1_25' title="bbox 2310 1082 3884 1168">
    <p class='ocr_par' dir='ltr' id='par_1_25' title="bbox 2310 1082 3884 1168">
     <span class='ocr_line' id='line_1_25' title="bbox 2310 1082 3884 1168; baseline 0.012 -27"><span class='ocrx_word' id='word_1_169' title='bbox 2310 1086 2415 1142; x_wconf 90' lang='lat' dir='ltr'><strong>iter</strong></span> <span class='ocrx_word' id='word_1_170' title='bbox 2441 1102 2608 1158; x_wconf 73' lang='lat' dir='ltr'><strong>agens</strong></span> <span class='ocrx_word' id='word_1_171' title='bbox 2633 1089 2702 1145; x_wconf 86' lang='lat' dir='ltr'><strong>ad</strong></span> <span class='ocrx_word' id='word_1_172' title='bbox 2727 1089 2961 1162; x_wconf 88' lang='lat' dir='ltr'><strong>aliquem</strong></span> <span class='ocrx_word' id='word_1_173' title='bbox 2983 1091 3124 1163; x_wconf 82' lang='lat' dir='ltr'><strong>juris</strong></span> <span class='ocrx_word' id='word_1_174' title='bbox 3165 1096 3297 1168; x_wconf 88' lang='lat' dir='ltr'><strong>regii</strong></span> <span class='ocrx_word' id='word_1_175' title='bbox 3327 1095 3502 1152; x_wconf 89' lang='lat' dir='ltr'><strong>locum</strong></span> <span class='ocrx_word' id='word_1_176' title='bbox 3535 1101 3752 1167; x_wconf 81' lang='lat' dir='ltr'><strong>venisset,</strong></span> <span class='ocrx_word' id='word_1_177' title='bbox 3773 1105 3819 1160; x_wconf 89' lang='lat' dir='ltr'><strong>li-</strong></span> <span class='ocrx_word' id='word_1_178' title='bbox 3880 1082 3884 1086; x_wconf 31' lang='grc'><strong><em>³</em></strong></span> 
     </span>
    </p>
   </div>
   <div class='ocr_carea' id='block_1_26' title="bbox 2308 1180 3816 1251">
    <p class='ocr_par' dir='ltr' id='par_1_26' title="bbox 2308 1180 3816 1251">
     <span class='ocr_line' id='line_1_26' title="bbox 2308 1180 3816 1251; baseline 0.009 -14"><span class='ocrx_word' id='word_1_179' title='bbox 2308 1189 2495 1237; x_wconf 81' lang='lat' dir='ltr'><strong>center</strong></span> <span class='ocrx_word' id='word_1_180' title='bbox 2531 1194 2652 1250; x_wconf 69' lang='lat' dir='ltr'><strong>qua:</strong></span> <span class='ocrx_word' id='word_1_181' title='bbox 2679 1180 2888 1238; x_wconf 89' lang='lat' dir='ltr'><strong>itineris</strong></span> <span class='ocrx_word' id='word_1_182' title='bbox 2913 1194 3095 1239; x_wconf 89' lang='lat' dir='ltr'><strong>essent</strong></span> <span class='ocrx_word' id='word_1_183' title='bbox 3112 1186 3422 1242; x_wconf 84' lang='lat' dir='ltr'><strong>necessaria</strong></span> <span class='ocrx_word' id='word_1_184' title='bbox 3448 1201 3680 1248; x_wconf 82' lang='lat' dir='ltr'><strong>sumeret.</strong></span> <span class='ocrx_word' id='word_1_185' title='bbox 3717 1195 3816 1251; x_wconf 84' lang='lat' dir='ltr'><strong>Cum</strong></span> 
     </span>
    </p>
   </div>
   <div class='ocr_carea' id='block_1_27' title="bbox 2308 1271 3817 1357">
    <p class='ocr_par' dir='ltr' id='par_1_27' title="bbox 2308 1271 3817 1357">
     <span class='ocr_line' id='line_1_27' title="bbox 2308 1271 3817 1357; baseline 0.01 -33"><span class='ocrx_word' id='word_1_186' title='bbox 2308 1286 2438 1342; x_wconf 88' lang='lat' dir='ltr'><strong>ergo</strong></span> <span class='ocrx_word' id='word_1_187' title='bbox 2467 1271 2701 1341; x_wconf 86' lang='lat' dir='ltr'><strong>quodam</strong></span> <span class='ocrx_word' id='word_1_188' title='bbox 2729 1281 2969 1344; x_wconf 88' lang='lat' dir='ltr'><strong>tempore</strong></span> <span class='ocrx_word' id='word_1_189' title='bbox 2995 1275 3098 1331; x_wconf 88' lang='lat' dir='ltr'><strong>iter</strong></span> <span class='ocrx_word' id='word_1_190' title='bbox 3122 1292 3153 1331; x_wconf 91' lang='lat' dir='ltr'><strong>a</strong></span> <span class='ocrx_word' id='word_1_191' title='bbox 3178 1281 3507 1336; x_wconf 82' lang='lat' dir='ltr'><strong>monasterio</strong></span> <span class='ocrx_word' id='word_1_192' title='bbox 3550 1282 3605 1339; x_wconf 85' lang='lat' dir='ltr'><strong>in</strong></span> <span class='ocrx_word' id='word_1_193' title='bbox 3641 1282 3817 1357; x_wconf 72' lang='lat' dir='ltr'><strong>Vangio-</strong></span> 
     </span>
    </p>
   </div>
   <div class='ocr_carea' id='block_1_28' title="bbox 2306 1360 3816 1439">
    <p class='ocr_par' dir='ltr' id='par_1_28' title="bbox 2306 1360 3816 1439">
     <span class='ocr_line' id='line_1_28' title="bbox 2306 1360 3816 1439; baseline 0.009 -23"><span class='ocrx_word' id='word_1_194' title='bbox 2306 1378 2435 1416; x_wconf 89' lang='lat' dir='ltr'><strong>num</strong></span> <span class='ocrx_word' id='word_1_195' title='bbox 2468 1360 2752 1435; x_wconf 75' lang='lat' dir='ltr'><strong>[Wormes]</strong></span> <span class='ocrx_word' id='word_1_196' title='bbox 2791 1364 3125 1433; x_wconf 79' lang='lat' dir='ltr'><strong>provinciam</strong></span> <span class='ocrx_word' id='word_1_197' title='bbox 3154 1377 3372 1439; x_wconf 80' lang='lat' dir='ltr'><strong>ageret,</strong></span> <span class='ocrx_word' id='word_1_198' title='bbox 3400 1360 3456 1424; x_wconf 89' lang='lat' dir='ltr'><strong>et</strong></span> <span class='ocrx_word' id='word_1_199' title='bbox 3480 1371 3726 1430; x_wconf 83' lang='lat' dir='ltr'><strong>occasione</strong></span> <span class='ocrx_word' id='word_1_200' title='bbox 3746 1376 3816 1430; x_wconf 71' lang='lat' dir='ltr'><strong>vis</strong></span> 
     </span>
    </p>
   </div>
   <div class='ocr_carea' id='block_1_29' title="bbox 2306 1450 3821 1523">
    <p class='ocr_par' dir='ltr' id='par_1_29' title="bbox 2306 1450 3821 1523">
     <span class='ocr_line' id='line_1_29' title="bbox 2306 1450 3821 1523; baseline 0.01 -18"><span class='ocrx_word' id='word_1_201' title='bbox 2306 1450 2376 1505; x_wconf 90' lang='lat' dir='ltr'><strong>ad</strong></span> <span class='ocrx_word' id='word_1_202' title='bbox 2414 1460 2660 1506; x_wconf 80' lang='lat' dir='ltr'><strong>sanctum</strong></span> <span class='ocrx_word' id='word_1_203' title='bbox 2691 1451 2923 1508; x_wconf 81' lang='lat' dir='ltr'><strong>Goarem</strong></span> <span class='ocrx_word' id='word_1_204' title='bbox 2965 1454 3312 1523; x_wconf 87' lang='lat' dir='ltr'><strong>declinasset,</strong></span> <span class='ocrx_word' id='word_1_205' title='bbox 3361 1457 3450 1513; x_wconf 90' lang='lat' dir='ltr'><strong>ubi</strong></span> <span class='ocrx_word' id='word_1_206' title='bbox 3499 1469 3606 1516; x_wconf 88' lang='lat' dir='ltr'><strong>tum</strong></span> <span class='ocrx_word' id='word_1_207' title='bbox 3644 1466 3821 1521; x_wconf 81' lang='lat' dir='ltr'><strong>rectoris</strong></span> 
     </span>
    </p>
   </div>
   <div class='ocr_carea' id='block_1_30' title="bbox 2306 1540 3819 1626">
    <p class='ocr_par' dir='ltr' id='par_1_30' title="bbox 2306 1540 3819 1626">
     <span class='ocr_line' id='line_1_30' title="bbox 2306 1540 3819 1626; baseline 0.01 -31"><span class='ocrx_word' id='word_1_208' title='bbox 2306 1540 2524 1596; x_wconf 86' lang='lat' dir='ltr'><strong>nomine</strong></span> <span class='ocrx_word' id='word_1_209' title='bbox 2571 1552 2803 1612; x_wconf 66' lang='lat' dir='ltr'><strong>prmerat</strong></span> <span class='ocrx_word' id='word_1_210' title='bbox 2850 1544 3066 1615; x_wconf 87' lang='lat' dir='ltr'><strong>quidam</strong></span> <span class='ocrx_word' id='word_1_211' title='bbox 3116 1547 3389 1618; x_wconf 85' lang='lat' dir='ltr'><strong>Erpingus</strong></span> <span class='ocrx_word' id='word_1_212' title='bbox 3440 1551 3659 1618; x_wconf 88' lang='lat' dir='ltr'><strong>nomine,</strong></span> <span class='ocrx_word' id='word_1_213' title='bbox 3686 1570 3819 1626; x_wconf 80' lang='lat' dir='ltr'><strong>neque</strong></span> 
     </span>
    </p>
   </div>
   <div class='ocr_carea' id='block_1_31' title="bbox 2305 1634 3814 1708">
    <p class='ocr_par' dir='ltr' id='par_1_31' title="bbox 2305 1634 3814 1708">
     <span class='ocr_line' id='line_1_31' title="bbox 2305 1634 3814 1708; baseline 0.009 -19"><span class='ocrx_word' id='word_1_214' title='bbox 2305 1634 2742 1699; x_wconf 83' lang='lat' dir='ltr'><strong>commoditatem</strong></span> <span class='ocrx_word' id='word_1_215' title='bbox 2769 1635 3007 1708; x_wconf 84' lang='lat' dir='ltr'><strong>aliquam</strong></span> <span class='ocrx_word' id='word_1_216' title='bbox 3041 1653 3223 1694; x_wconf 90' lang='lat' dir='ltr'><strong>rerum</strong></span> <span class='ocrx_word' id='word_1_217' title='bbox 3274 1644 3683 1700; x_wconf 85' lang='lat' dir='ltr'><strong>necessariarum</strong></span> <span class='ocrx_word' id='word_1_218' title='bbox 3720 1663 3814 1701; x_wconf 77' lang='lat' dir='ltr'><strong>nau-</strong></span> 
     </span>
    </p>
   </div>
   <div class='ocr_carea' id='block_1_32' title="bbox 2304 1724 3813 1807">
    <p class='ocr_par' dir='ltr' id='par_1_32' title="bbox 2304 1724 3813 1807">
     <span class='ocr_line' id='line_1_32' title="bbox 2304 1724 3813 1807; baseline 0.009 -29"><span class='ocrx_word' id='word_1_219' title='bbox 2304 1724 2431 1779; x_wconf 86' lang='lat' dir='ltr'><strong>cisci</strong></span> <span class='ocrx_word' id='word_1_220' title='bbox 2461 1726 2741 1795; x_wconf 87' lang='lat' dir='ltr'><strong>potuisset,</strong></span> <span class='ocrx_word' id='word_1_221' title='bbox 2781 1742 2895 1782; x_wconf 89' lang='lat' dir='ltr'><strong>rem</strong></span> <span class='ocrx_word' id='word_1_222' title='bbox 2927 1736 2987 1783; x_wconf 90' lang='lat' dir='ltr'><strong>ut</strong></span> <span class='ocrx_word' id='word_1_223' title='bbox 3010 1739 3128 1785; x_wconf 87' lang='lat' dir='ltr'><strong>erat</strong></span> <span class='ocrx_word' id='word_1_224' title='bbox 3148 1740 3301 1802; x_wconf 85' lang='lat' dir='ltr'><strong>gesta</strong></span> <span class='ocrx_word' id='word_1_225' title='bbox 3325 1733 3487 1803; x_wconf 87' lang='lat' dir='ltr'><strong>paulo</strong></span> <span class='ocrx_word' id='word_1_226' title='bbox 3508 1744 3620 1804; x_wconf 82' lang='lat' dir='ltr'><strong>post</strong></span> <span class='ocrx_word' id='word_1_227' title='bbox 3641 1735 3813 1807; x_wconf 84' lang='lat' dir='ltr'><strong>principi</strong></span> 
     </span>
    </p>
   </div>
   <div class='ocr_carea' id='block_1_33' title="bbox 616 1814 3813 1895">
    <p class='ocr_par' dir='ltr' id='par_1_33' title="bbox 616 1814 3813 1895">
     <span class='ocr_line' id='line_1_33' title="bbox 616 1814 3813 1895; baseline 0.003 -19"><span class='ocrx_word' id='word_1_228' title='bbox 616 1829 781 1892; x_wconf 85' lang='lat' dir='ltr'><strong>atque</strong></span> <span class='ocrx_word' id='word_1_229' title='bbox 807 1820 1063 1878; x_wconf 83' lang='lat' dir='ltr'><strong>exhibitis</strong></span> <span class='ocrx_word' id='word_1_230' title='bbox 1091 1837 1261 1894; x_wconf 88' lang='lat' dir='ltr'><strong>pauca</strong></span> <span class='ocrx_word' id='word_1_231' title='bbox 1285 1822 1434 1878; x_wconf 75' lang='lat' dir='ltr'><strong>brevi</strong></span> <span class='ocrx_word' id='word_1_232' title='bbox 1467 1829 1525 1878; x_wconf 91' lang='lat' dir='ltr'><strong>et</strong></span> <span class='ocrx_word' id='word_1_233' title='bbox 1550 1832 1738 1893; x_wconf 88' lang='lat' dir='ltr'><strong>aperto</strong></span> <span class='ocrx_word' id='word_1_234' title='bbox 1762 1832 2020 1894; x_wconf 89' lang='lat' dir='ltr'><strong>quantum</strong></span> <span class='ocrx_word' id='word_1_235' title='bbox 2049 1824 2199 1895; x_wconf 86' lang='lat' dir='ltr'><strong>potui</strong></span> <span class='ocrx_word' id='word_1_236' title='bbox 2232 1816 2276 1877; x_wconf 85' lang='grc' dir='ltr'><strong>Β</strong></span> <span class='ocrx_word' id='word_1_237' title='bbox 2308 1814 2509 1880; x_wconf 56' lang='lat' dir='ltr'><strong>fetum:</strong></span> <span class='ocrx_word' id='word_1_238' title='bbox 2536 1816 2828 1885; x_wconf 67' lang='grc' dir='ltr'><strong>Ρθεδίηιιιση</strong></span> <span class='ocrx_word' id='word_1_239' title='bbox 2857 1832 2977 1874; x_wconf 70' lang='lat' dir='ltr'><strong>esse</strong></span> <span class='ocrx_word' id='word_1_240' title='bbox 3005 1819 3191 1875; x_wconf 69' lang='lat' dir='ltr'><strong>dicens</strong></span> <span class='ocrx_word' id='word_1_241' title='bbox 3224 1835 3293 1877; x_wconf 79' lang='lat' dir='ltr'><strong>eo</strong></span> <span class='ocrx_word' id='word_1_242' title='bbox 3327 1822 3448 1879; x_wconf 63' lang='lat' dir='ltr'><strong>loco</strong></span> <span class='ocrx_word' id='word_1_243' title='bbox 3490 1824 3813 1882; x_wconf 72' lang='lat' dir='ltr'><strong>humanitatem</strong></span> 
     </span>
    </p>
   </div>
   <div class='ocr_carea' id='block_1_34' title="bbox 614 1911 2203 1983">
    <p class='ocr_par' dir='ltr' id='par_1_34' title="bbox 614 1911 2203 1983">
     <span class='ocr_line' id='line_1_34' title="bbox 614 1911 2203 1983; baseline 0.001 -16"><span class='ocrx_word' id='word_1_244' title='bbox 614 1926 867 1968; x_wconf 88' lang='lat' dir='ltr'><strong>sermone</strong></span> <span class='ocrx_word' id='word_1_245' title='bbox 897 1912 1121 1983; x_wconf 85' lang='lat' dir='ltr'><strong>digessi,</strong></span> <span class='ocrx_word' id='word_1_246' title='bbox 1148 1912 1516 1967; x_wconf 75' lang='lat' dir='ltr'><strong>narrationem</strong></span> <span class='ocrx_word' id='word_1_247' title='bbox 1545 1913 1613 1967; x_wconf 87' lang='lat' dir='ltr'><strong>ad</strong></span> <span class='ocrx_word' id='word_1_248' title='bbox 1642 1928 1841 1968; x_wconf 89' lang='lat' dir='ltr'><strong>annum</strong></span> <span class='ocrx_word' id='word_1_249' title='bbox 1876 1911 1982 1969; x_wconf 79' lang='lat'><strong>839</strong></span> <span class='ocrx_word' id='word_1_250' title='bbox 2018 1912 2203 1968; x_wconf 89' lang='lat' dir='ltr'><strong>lucar-</strong></span> 
     </span>
    </p>
   </div>
   <div class='ocr_carea' id='block_1_35' title="bbox 619 2002 2203 2076">
    <p class='ocr_par' dir='ltr' id='par_1_35' title="bbox 619 2002 2203 2076">
     <span class='ocr_line' id='line_1_35' title="bbox 619 2002 2203 2076; baseline 0.001 -18"><span class='ocrx_word' id='word_1_251' title='bbox 619 2003 855 2059; x_wconf 88' lang='lat' dir='ltr'><strong>natiouis</strong></span> <span class='ocrx_word' id='word_1_252' title='bbox 904 2002 1196 2058; x_wconf 73' lang='lat' dir='ltr'><strong>Dominicae</strong></span> <span class='ocrx_word' id='word_1_253' title='bbox 1240 2004 1565 2073; x_wconf 80' lang='lat' dir='ltr'><strong>perducens,</strong></span> <span class='ocrx_word' id='word_1_254' title='bbox 1595 2019 1768 2073; x_wconf 87' lang='lat' dir='ltr'><strong>eaque</strong></span> <span class='ocrx_word' id='word_1_255' title='bbox 1797 2014 2006 2059; x_wconf 84' lang='lat' dir='ltr'><strong>tantum</strong></span> <span class='ocrx_word' id='word_1_256' title='bbox 2032 2004 2115 2076; x_wconf 86' lang='lat' dir='ltr'><strong>(ut</strong></span> <span class='ocrx_word' id='word_1_257' title='bbox 2143 2005 2203 2060; x_wconf 90' lang='lat' dir='ltr'><strong>in</strong></span> 
     </span>
    </p>
   </div>
   <div class='ocr_carea' id='block_1_36' title="bbox 613 2091 2197 2165">
    <p class='ocr_par' dir='ltr' id='par_1_36' title="bbox 613 2091 2197 2165">
     <span class='ocr_line' id='line_1_36' title="bbox 613 2091 2197 2165; baseline 0 -16"><span class='ocrx_word' id='word_1_258' title='bbox 613 2091 781 2149; x_wconf 91' lang='lat' dir='ltr'><strong>libelli</strong></span> <span class='ocrx_word' id='word_1_259' title='bbox 819 2092 979 2161; x_wconf 87' lang='lat' dir='ltr'><strong>hujus</strong></span> <span class='ocrx_word' id='word_1_260' title='bbox 1011 2092 1276 2162; x_wconf 87' lang='lat' dir='ltr'><strong>principio</strong></span> <span class='ocrx_word' id='word_1_261' title='bbox 1306 2093 1576 2162; x_wconf 79' lang='lat' dir='ltr'><strong>adnotavi)</strong></span> <span class='ocrx_word' id='word_1_262' title='bbox 1604 2094 1885 2165; x_wconf 73' lang='lat' dir='ltr'><strong>scriptum</strong></span> <span class='ocrx_word' id='word_1_263' title='bbox 1916 2094 2197 2161; x_wconf 87' lang='lat' dir='ltr'><strong>mandans,</strong></span> 
     </span>
    </p>
   </div>
   <div class='ocr_carea' id='block_1_37' title="bbox 613 2189 2199 2260">
    <p class='ocr_par' dir='ltr' id='par_1_37' title="bbox 613 2189 2199 2260">
     <span class='ocr_line' id='line_1_37' title="bbox 613 2189 2199 2260; baseline 0.002 -16"><span class='ocrx_word' id='word_1_264' title='bbox 613 2206 736 2260; x_wconf 75' lang='lat' dir='ltr'><strong>qum</strong></span> <span class='ocrx_word' id='word_1_265' title='bbox 762 2189 933 2245; x_wconf 86' lang='lat' dir='ltr'><strong>relatu</strong></span> <span class='ocrx_word' id='word_1_266' title='bbox 967 2190 1207 2245; x_wconf 81' lang='lat' dir='ltr'><strong>virorum</strong></span> <span class='ocrx_word' id='word_1_267' title='bbox 1237 2189 1475 2244; x_wconf 82' lang='lat' dir='ltr'><strong>fidelium</strong></span> <span class='ocrx_word' id='word_1_268' title='bbox 1505 2189 1687 2252; x_wconf 87' lang='lat' dir='ltr'><strong>didici,</strong></span> <span class='ocrx_word' id='word_1_269' title='bbox 1721 2204 1947 2259; x_wconf 70' lang='lat' dir='ltr'><strong>qumque</strong></span> <span class='ocrx_word' id='word_1_270' title='bbox 1978 2204 2084 2244; x_wconf 89' lang='lat' dir='ltr'><strong>non</strong></span> <span class='ocrx_word' id='word_1_271' title='bbox 2117 2189 2199 2247; x_wconf 82' lang='lat' dir='ltr'><strong>eis</strong></span> 
     </span>
    </p>
   </div>
   <div class='ocr_carea' id='block_1_38' title="bbox 612 2279 2200 2352">
    <p class='ocr_par' dir='ltr' id='par_1_38' title="bbox 612 2279 2200 2352">
     <span class='ocr_line' id='line_1_38' title="bbox 612 2279 2200 2352; baseline 0.001 -17"><span class='ocrx_word' id='word_1_272' title='bbox 612 2280 777 2336; x_wconf 87' lang='lat' dir='ltr'><strong>modo</strong></span> <span class='ocrx_word' id='word_1_273' title='bbox 819 2280 911 2351; x_wconf 90' lang='lat' dir='ltr'><strong>qui</strong></span> <span class='ocrx_word' id='word_1_274' title='bbox 960 2279 1215 2347; x_wconf 84' lang='lat' dir='ltr'><strong>retulere,</strong></span> <span class='ocrx_word' id='word_1_275' title='bbox 1261 2280 1653 2336; x_wconf 52' lang='lat' dir='ltr'><strong>sed*omuibus</strong></span> <span class='ocrx_word' id='word_1_276' title='bbox 1683 2295 1821 2352; x_wconf 89' lang='lat' dir='ltr'><strong>pene</strong></span> <span class='ocrx_word' id='word_1_277' title='bbox 1869 2280 2046 2336; x_wconf 84' lang='lat' dir='ltr'><strong>locum</strong></span> <span class='ocrx_word' id='word_1_278' title='bbox 2092 2279 2200 2336; x_wconf 89' lang='lat' dir='ltr'><strong>fre-</strong></span> 
     </span>
    </p>
   </div>
   <div class='ocr_carea' id='block_1_39' title="bbox 610 2371 2196 2445">
    <p class='ocr_par' dir='ltr' id='par_1_39' title="bbox 610 2371 2196 2445">
     <span class='ocr_line' id='line_1_39' title="bbox 610 2371 2196 2445; baseline 0.001 -18"><span class='ocrx_word' id='word_1_279' title='bbox 610 2373 1002 2444; x_wconf 85' lang='lat' dir='ltr'><strong>quentantihus</strong></span> <span class='ocrx_word' id='word_1_280' title='bbox 1030 2373 1215 2428; x_wconf 87' lang='lat' dir='ltr'><strong>haberi</strong></span> <span class='ocrx_word' id='word_1_281' title='bbox 1258 2373 1536 2429; x_wconf 84' lang='lat' dir='ltr'><strong>notissima</strong></span> <span class='ocrx_word' id='word_1_282' title='bbox 1578 2374 1838 2445; x_wconf 83' lang='lat' dir='ltr'><strong>comperi.</strong></span> <span class='ocrx_word' id='word_1_283' title='bbox 1877 2371 2196 2445; x_wconf 80' lang='lat' dir='ltr'><strong>Quanquam</strong></span> 
     </span>
    </p>
   </div>
   <div class='ocr_carea' id='block_1_40' title="bbox 608 2465 2199 2538">
    <p class='ocr_par' dir='ltr' id='par_1_40' title="bbox 608 2465 2199 2538">
     <span class='ocr_line' id='line_1_40' title="bbox 608 2465 2199 2538; baseline 0.002 -19"><span class='ocrx_word' id='word_1_284' title='bbox 608 2478 719 2520; x_wconf 85' lang='lat' dir='ltr'><strong>non</strong></span> <span class='ocrx_word' id='word_1_285' title='bbox 746 2465 927 2519; x_wconf 81' lang='lat' dir='ltr'><strong>omnia</strong></span> <span class='ocrx_word' id='word_1_286' title='bbox 961 2480 1082 2536; x_wconf 67' lang='lat' dir='ltr'><strong>qua:</strong></span> <span class='ocrx_word' id='word_1_287' title='bbox 1108 2466 1177 2519; x_wconf 87' lang='lat' dir='ltr'><strong>ab</strong></span> <span class='ocrx_word' id='word_1_288' title='bbox 1203 2465 1284 2520; x_wconf 89' lang='lat' dir='ltr'><strong>eis</strong></span> <span class='ocrx_word' id='word_1_289' title='bbox 1310 2465 1441 2535; x_wconf 87' lang='lat' dir='ltr'><strong>ipsis</strong></span> <span class='ocrx_word' id='word_1_290' title='bbox 1471 2481 1701 2537; x_wconf 91' lang='lat' dir='ltr'><strong>quorum</strong></span> <span class='ocrx_word' id='word_1_291' title='bbox 1732 2466 1854 2521; x_wconf 82' lang='lat' dir='ltr'><strong>fidei</strong></span> <span class='ocrx_word' id='word_1_292' title='bbox 1890 2467 2199 2538; x_wconf 74' lang='lat' dir='ltr'><strong>specialiter</strong></span> 
     </span>
    </p>
   </div>
   <div class='ocr_carea' id='block_1_41' title="bbox 609 2543 2194 2631">
    <p class='ocr_par' dir='ltr' id='par_1_41' title="bbox 609 2543 2194 2631">
     <span class='ocr_line' id='line_1_41' title="bbox 609 2543 2194 2631; baseline 0.001 -21"><span class='ocrx_word' id='word_1_293' title='bbox 609 2554 943 2611; x_wconf 87' lang='lat' dir='ltr'><strong>credendum</strong></span> <span class='ocrx_word' id='word_1_294' title='bbox 970 2555 1151 2624; x_wconf 77' lang='lat' dir='ltr'><strong>putavi</strong></span> <span class='ocrx_word' id='word_1_295' title='bbox 1192 2554 1358 2609; x_wconf 81' lang='lat' dir='ltr'><strong>relata</strong></span> <span class='ocrx_word' id='word_1_296' title='bbox 1398 2543 1873 2631; x_wconf 29' lang='lat' dir='ltr'><strong>sunt-scripserim</strong></span> <span class='ocrx_word' id='word_1_297' title='bbox 1902 2596 1917 2622; x_wconf 93' lang='lat'><strong>,</strong></span> <span class='ocrx_word' id='word_1_298' title='bbox 1957 2555 2194 2626; x_wconf 88' lang='lat' dir='ltr'><strong>alioquin</strong></span> 
     </span>
    </p>
   </div>
   <div class='ocr_carea' id='block_1_42' title="bbox 608 2644 2195 2714">
    <p class='ocr_par' dir='ltr' id='par_1_42' title="bbox 608 2644 2195 2714">
     <span class='ocr_line' id='line_1_42' title="bbox 608 2644 2195 2714; baseline 0.001 -14"><span class='ocrx_word' id='word_1_299' title='bbox 608 2654 702 2700; x_wconf 87' lang='lat' dir='ltr'><strong>aut</strong></span> <span class='ocrx_word' id='word_1_300' title='bbox 728 2644 950 2701; x_wconf 89' lang='lat' dir='ltr'><strong>modum</strong></span> <span class='ocrx_word' id='word_1_301' title='bbox 976 2645 1208 2714; x_wconf 89' lang='lat' dir='ltr'><strong>suscepti</strong></span> <span class='ocrx_word' id='word_1_302' title='bbox 1238 2645 1421 2714; x_wconf 91' lang='lat' dir='ltr'><strong>operis</strong></span> <span class='ocrx_word' id='word_1_303' title='bbox 1444 2647 1799 2702; x_wconf 83' lang='lat' dir='ltr'><strong>excessissem</strong></span> <span class='ocrx_word' id='word_1_304' title='bbox 1817 2687 1832 2711; x_wconf 92' lang='lat'><strong>,</strong></span> <span class='ocrx_word' id='word_1_305' title='bbox 1865 2654 1958 2701; x_wconf 90' lang='lat' dir='ltr'><strong>aut</strong></span> <span class='ocrx_word' id='word_1_306' title='bbox 1984 2646 2195 2701; x_wconf 90' lang='lat' dir='ltr'><strong>audito-</strong></span> 
     </span>
    </p>
   </div>
   <div class='ocr_carea' id='block_1_43' title="bbox 606 2734 2194 2806">
    <p class='ocr_par' dir='ltr' id='par_1_43' title="bbox 606 2734 2194 2806">
     <span class='ocr_line' id='line_1_43' title="bbox 606 2734 2194 2806; baseline 0.003 -18"><span class='ocrx_word' id='word_1_307' title='bbox 606 2734 760 2791; x_wconf 84' lang='lat' dir='ltr'><strong>ribus</strong></span> <span class='ocrx_word' id='word_1_308' title='bbox 785 2735 1001 2806; x_wconf 78' lang='lat' dir='ltr'><strong>longior</strong></span> <span class='ocrx_word' id='word_1_309' title='bbox 1016 2734 1172 2805; x_wconf 87' lang='lat' dir='ltr'><strong>justo</strong></span> <span class='ocrx_word' id='word_1_310' title='bbox 1191 2735 1557 2806; x_wconf 86' lang='lat' dir='ltr'><strong>prolixiorque</strong></span> <span class='ocrx_word' id='word_1_311' title='bbox 1585 2736 1826 2791; x_wconf 90' lang='lat' dir='ltr'><strong>fuissem.</strong></span> <span class='ocrx_word' id='word_1_312' title='bbox 1876 2734 2062 2805; x_wconf 82' lang='lat' dir='ltr'><strong>Neque</strong></span> <span class='ocrx_word' id='word_1_313' title='bbox 2089 2736 2194 2792; x_wconf 84' lang='lat' dir='ltr'><strong>hoc</strong></span> 
     </span>
    </p>
   </div>
   <div class='ocr_carea' id='block_1_44' title="bbox 608 2822 2193 2913">
    <p class='ocr_par' dir='ltr' id='par_1_44' title="bbox 608 2822 2193 2913">
     <span class='ocr_line' id='line_1_44' title="bbox 608 2822 2193 2913; baseline 0.002 -34"><span class='ocrx_word' id='word_1_314' title='bbox 608 2839 772 2894; x_wconf 89' lang='lat' dir='ltr'><strong>opere</strong></span> <span class='ocrx_word' id='word_1_315' title='bbox 802 2823 1114 2882; x_wconf 83' lang='lat' dir='ltr'><strong>facultatem</strong></span> <span class='ocrx_word' id='word_1_316' title='bbox 1139 2822 1260 2880; x_wconf 82' lang='lat' dir='ltr'><strong>aliis</strong></span> <span class='ocrx_word' id='word_1_317' title='bbox 1293 2824 1362 2880; x_wconf 93' lang='lat' dir='ltr'><strong>de</strong></span> <span class='ocrx_word' id='word_1_318' title='bbox 1391 2826 1474 2880; x_wconf 87' lang='lat' dir='ltr'><strong>his</strong></span> <span class='ocrx_word' id='word_1_319' title='bbox 1504 2826 1770 2913; x_wconf 70' lang='lat' dir='ltr'><strong>scribepdi</strong></span> <span class='ocrx_word' id='word_1_320' title='bbox 1797 2826 2068 2897; x_wconf 79' lang='lat' dir='ltr'><strong>praeripui,</strong></span> <span class='ocrx_word' id='word_1_321' title='bbox 2099 2827 2193 2882; x_wconf 89' lang='lat' dir='ltr'><strong>sed</strong></span> 
     </span>
    </p>
   </div>
   <div class='ocr_carea' id='block_1_45' title="bbox 604 2917 2196 2993">
    <p class='ocr_par' dir='ltr' id='par_1_45' title="bbox 604 2917 2196 2993">
     <span class='ocr_line' id='line_1_45' title="bbox 604 2917 2196 2993; baseline 0.004 -22"><span class='ocrx_word' id='word_1_322' title='bbox 604 2925 663 2971; x_wconf 86' lang='lat' dir='ltr'><strong>et</strong></span> <span class='ocrx_word' id='word_1_323' title='bbox 695 2918 809 2973; x_wconf 83' lang='lat' dir='ltr'><strong>haec</strong></span> <span class='ocrx_word' id='word_1_324' title='bbox 837 2917 949 2988; x_wconf 88' lang='lat' dir='ltr'><strong>ipsa</strong></span> <span class='ocrx_word' id='word_1_325' title='bbox 981 2933 1107 2987; x_wconf 79' lang='lat' dir='ltr'><strong>quae</strong></span> <span class='ocrx_word' id='word_1_326' title='bbox 1127 2926 1400 2988; x_wconf 84' lang='lat' dir='ltr'><strong>utcunque</strong></span> <span class='ocrx_word' id='word_1_327' title='bbox 1429 2917 1678 2974; x_wconf 83' lang='lat' dir='ltr'><strong>videntur</strong></span> <span class='ocrx_word' id='word_1_328' title='bbox 1713 2935 1743 2974; x_wconf 88' lang='lat' dir='ltr'><strong>a</strong></span> <span class='ocrx_word' id='word_1_329' title='bbox 1788 2936 1876 2976; x_wconf 84' lang='lat' dir='ltr'><strong>me</strong></span> <span class='ocrx_word' id='word_1_330' title='bbox 1902 2936 2024 2977; x_wconf 90' lang='lat' dir='ltr'><strong>esse</strong></span> <span class='ocrx_word' id='word_1_331' title='bbox 2068 2937 2196 2993; x_wconf 88' lang='lat' dir='ltr'><strong>pro-</strong></span> 
     </span>
    </p>
   </div>
   <div class='ocr_carea' id='block_1_46' title="bbox 603 3006 2202 3083">
    <p class='ocr_par' dir='ltr' id='par_1_46' title="bbox 603 3006 2202 3083">
     <span class='ocr_line' id='line_1_46' title="bbox 603 3006 2202 3083; baseline 0.006 -23"><span class='ocrx_word' id='word_1_332' title='bbox 603 3006 800 3075; x_wconf 82' lang='lat' dir='ltr'><strong>posita,</strong></span> <span class='ocrx_word' id='word_1_333' title='bbox 831 3015 1079 3077; x_wconf 89' lang='lat' dir='ltr'><strong>poterunt</strong></span> <span class='ocrx_word' id='word_1_334' title='bbox 1109 3007 1201 3078; x_wconf 89' lang='lat' dir='ltr'><strong>qui</strong></span> <span class='ocrx_word' id='word_1_335' title='bbox 1227 3007 1410 3063; x_wconf 84' lang='lat' dir='ltr'><strong>volent</strong></span> <span class='ocrx_word' id='word_1_336' title='bbox 1431 3024 1531 3079; x_wconf 91' lang='lat' dir='ltr'><strong>pro</strong></span> <span class='ocrx_word' id='word_1_337' title='bbox 1569 3009 1778 3065; x_wconf 69' lang='lat' dir='ltr'><strong>ratione</strong></span> <span class='ocrx_word' id='word_1_338' title='bbox 1828 3011 2044 3083; x_wconf 77' lang='lat' dir='ltr'><strong>dignius</strong></span> <span class='ocrx_word' id='word_1_339' title='bbox 2093 3027 2202 3069; x_wconf 22' lang='lat' dir='ltr'><strong>ex-A</strong></span> 
     </span>
    </p>
   </div>
   <div class='ocr_carea' id='block_1_47' title="bbox 604 3096 2191 3173">
    <p class='ocr_par' dir='ltr' id='par_1_47' title="bbox 604 3096 2191 3173">
     <span class='ocr_line' id='line_1_47' title="bbox 604 3096 2191 3173; baseline 0.006 -24"><span class='ocrx_word' id='word_1_340' title='bbox 604 3096 848 3168; x_wconf 84' lang='lat' dir='ltr'><strong>plauare,</strong></span> <span class='ocrx_word' id='word_1_341' title='bbox 878 3106 937 3154; x_wconf 91' lang='lat' dir='ltr'><strong>et</strong></span> <span class='ocrx_word' id='word_1_342' title='bbox 960 3114 1082 3167; x_wconf 69' lang='lat' dir='ltr'><strong>quae</strong></span> <span class='ocrx_word' id='word_1_343' title='bbox 1108 3099 1162 3152; x_wconf 88' lang='lat' dir='ltr'><strong>in</strong></span> <span class='ocrx_word' id='word_1_344' title='bbox 1191 3098 1456 3154; x_wconf 85' lang='lat' dir='ltr'><strong>similibus</strong></span> <span class='ocrx_word' id='word_1_345' title='bbox 1496 3099 1769 3156; x_wconf 82' lang='lat' dir='ltr'><strong>miraculis</strong></span> <span class='ocrx_word' id='word_1_346' title='bbox 1814 3101 1954 3158; x_wconf 81' lang='lat' dir='ltr'><strong>forte</strong></span> <span class='ocrx_word' id='word_1_347' title='bbox 1996 3117 2191 3173; x_wconf 83' lang='lat' dir='ltr'><strong>prove-</strong></span> 
     </span>
    </p>
   </div>
   <div class='ocr_carea' id='block_1_48' title="bbox 606 3188 2244 3263">
    <p class='ocr_par' dir='ltr' id='par_1_48' title="bbox 606 3188 2244 3263">
     <span class='ocr_line' id='line_1_48' title="bbox 606 3188 2244 3263; baseline 0.006 -22"><span class='ocrx_word' id='word_1_348' title='bbox 606 3188 772 3251; x_wconf 84' lang='lat' dir='ltr'><strong>uient,</strong></span> <span class='ocrx_word' id='word_1_349' title='bbox 804 3188 1051 3260; x_wconf 78' lang='lat' dir='ltr'><strong>exemplo</strong></span> <span class='ocrx_word' id='word_1_350' title='bbox 1095 3205 1126 3244; x_wconf 89' lang='lat' dir='ltr'><strong>a</strong></span> <span class='ocrx_word' id='word_1_351' title='bbox 1170 3189 1344 3255; x_wconf 78' lang='lat' dir='ltr'><strong>vobis,</strong></span> <span class='ocrx_word' id='word_1_352' title='bbox 1391 3188 1555 3245; x_wconf 89' lang='lat' dir='ltr'><strong>Pater</strong></span> <span class='ocrx_word' id='word_1_353' title='bbox 1600 3192 1929 3263; x_wconf 80' lang='lat' dir='ltr'><strong>amplissime</strong></span> <span class='ocrx_word' id='word_1_354' title='bbox 1977 3193 2186 3251; x_wconf 79' lang='lat' dir='ltr'><strong>Mareu-</strong></span> <span class='ocrx_word' id='word_1_355' title='bbox 2214 3188 2244 3221; x_wconf 56' lang='grc' dir='ltr'>τ</span> 
     </span>
    </p>
   </div>
   <div class='ocr_carea' id='block_1_49' title="bbox 604 3281 2191 3356">
    <p class='ocr_par' dir='ltr' id='par_1_49' title="bbox 604 3281 2191 3356">
     <span class='ocr_line' id='line_1_49' title="bbox 604 3281 2191 3356; baseline 0.006 -22"><span class='ocrx_word' id='word_1_356' title='bbox 604 3281 792 3346; x_wconf 80' lang='lat' dir='ltr'><strong>varde,</strong></span> <span class='ocrx_word' id='word_1_357' title='bbox 822 3289 878 3336; x_wconf 84' lang='lat' dir='ltr'><strong>et</strong></span> <span class='ocrx_word' id='word_1_358' title='bbox 903 3296 933 3336; x_wconf 91' lang='lat' dir='ltr'><strong>a</strong></span> <span class='ocrx_word' id='word_1_359' title='bbox 963 3295 1056 3336; x_wconf 87' lang='lat' dir='ltr'><strong>me</strong></span> <span class='ocrx_word' id='word_1_360' title='bbox 1075 3290 1291 3351; x_wconf 75' lang='lat' dir='ltr'><strong>sumpto</strong></span> <span class='ocrx_word' id='word_1_361' title='bbox 1320 3282 1649 3339; x_wconf 81' lang='lat' dir='ltr'><strong>describere.</strong></span> <span class='ocrx_word' id='word_1_362' title='bbox 1691 3284 1897 3356; x_wconf 84' lang='lat' dir='ltr'><strong>Quippe</strong></span> <span class='ocrx_word' id='word_1_363' title='bbox 1932 3286 1977 3342; x_wconf 91' lang='lat' dir='ltr'><strong>si</strong></span> <span class='ocrx_word' id='word_1_364' title='bbox 2001 3285 2191 3342; x_wconf 68' lang='lat' dir='ltr'><strong>divina</strong></span> 
     </span>
    </p>
   </div>
   <div class='ocr_carea' id='block_1_50' title="bbox 603 3371 2189 3448">
    <p class='ocr_par' dir='ltr' id='par_1_50' title="bbox 603 3371 2189 3448">
     <span class='ocr_line' id='line_1_50' title="bbox 603 3371 2189 3448; baseline 0.004 -23"><span class='ocrx_word' id='word_1_365' title='bbox 603 3384 770 3441; x_wconf 91' lang='lat' dir='ltr'><strong>opera</strong></span> <span class='ocrx_word' id='word_1_366' title='bbox 824 3372 981 3428; x_wconf 83' lang='lat' dir='ltr'><strong>nobis</strong></span> <span class='ocrx_word' id='word_1_367' title='bbox 1026 3371 1376 3444; x_wconf 62' lang='lat' dir='ltr'><strong>ghorilicanda</strong></span> <span class='ocrx_word' id='word_1_368' title='bbox 1425 3374 1739 3445; x_wconf 76' lang='lat' dir='ltr'><strong>dignissime</strong></span> <span class='ocrx_word' id='word_1_369' title='bbox 1785 3387 2189 3448; x_wconf 84' lang='lat' dir='ltr'><strong>proponuntur,</strong></span> 
     </span>
    </p>
   </div>
   <div class='ocr_carea' id='block_1_51' title="bbox 601 3467 2193 3533">
    <p class='ocr_par' dir='ltr' id='par_1_51' title="bbox 601 3467 2193 3533">
     <span class='ocr_line' id='line_1_51' title="bbox 601 3467 2193 3533; baseline 0.005 -14"><span class='ocrx_word' id='word_1_370' title='bbox 601 3471 817 3533; x_wconf 78' lang='lat' dir='ltr'><strong>Oportet</strong></span> <span class='ocrx_word' id='word_1_371' title='bbox 858 3472 917 3520; x_wconf 93' lang='lat' dir='ltr'><strong>ut</strong></span> <span class='ocrx_word' id='word_1_372' title='bbox 961 3479 1070 3521; x_wconf 91' lang='lat' dir='ltr'><strong>non</strong></span> <span class='ocrx_word' id='word_1_373' title='bbox 1114 3476 1362 3522; x_wconf 85' lang='lat' dir='ltr'><strong>cessante</strong></span> <span class='ocrx_word' id='word_1_374' title='bbox 1410 3467 1628 3523; x_wconf 79' lang='lat' dir='ltr'><strong>virtutis</strong></span> <span class='ocrx_word' id='word_1_375' title='bbox 1675 3468 1873 3525; x_wconf 64' lang='lat' dir='ltr'><strong>divinae</strong></span> <span class='ocrx_word' id='word_1_376' title='bbox 1923 3469 2193 3528; x_wconf 73' lang='lat' dir='ltr'><strong>beneﬁcio</strong></span> 
     </span>
    </p>
   </div>
   <div class='ocr_carea' id='block_1_52' title="bbox 600 3553 2183 3631">
    <p class='ocr_par' dir='ltr' id='par_1_52' title="bbox 600 3553 2183 3631">
     <span class='ocr_line' id='line_1_52' title="bbox 600 3553 2183 3631; baseline 0.005 -23"><span class='ocrx_word' id='word_1_377' title='bbox 600 3553 769 3608; x_wconf 89' lang='lat' dir='ltr'><strong>etiam</strong></span> <span class='ocrx_word' id='word_1_378' title='bbox 798 3554 1071 3611; x_wconf 85' lang='lat' dir='ltr'><strong>scribendi</strong></span> <span class='ocrx_word' id='word_1_379' title='bbox 1116 3570 1223 3610; x_wconf 90' lang='lat' dir='ltr'><strong>non</strong></span> <span class='ocrx_word' id='word_1_380' title='bbox 1249 3553 1427 3612; x_wconf 81' lang='lat' dir='ltr'><strong>cesset</strong></span> <span class='ocrx_word' id='word_1_381' title='bbox 1472 3556 1731 3623; x_wconf 84' lang='lat' dir='ltr'><strong>intentio;</strong></span> <span class='ocrx_word' id='word_1_382' title='bbox 1770 3564 1828 3614; x_wconf 90' lang='lat' dir='ltr'><strong>et</strong></span> <span class='ocrx_word' id='word_1_383' title='bbox 1878 3558 2049 3617; x_wconf 90' lang='lat' dir='ltr'><strong>donec</strong></span> <span class='ocrx_word' id='word_1_384' title='bbox 2091 3561 2183 3631; x_wconf 87' lang='lat' dir='ltr'><strong>qui</strong></span> 
     </span>
    </p>
   </div>
   <div class='ocr_carea' id='block_1_53' title="bbox 600 3646 2185 3722">
    <p class='ocr_par' dir='ltr' id='par_1_53' title="bbox 600 3646 2185 3722">
     <span class='ocr_line' id='line_1_53' title="bbox 600 3646 2185 3722; baseline 0.004 -19"><span class='ocrx_word' id='word_1_385' title='bbox 600 3646 821 3718; x_wconf 70' lang='lat' dir='ltr'><strong>explere</strong></span> <span class='ocrx_word' id='word_1_386' title='bbox 862 3648 1073 3718; x_wconf 89' lang='lat' dir='ltr'><strong>possint</strong></span> <span class='ocrx_word' id='word_1_387' title='bbox 1115 3650 1383 3716; x_wconf 81' lang='lat' dir='ltr'><strong>existunt,</strong></span> <span class='ocrx_word' id='word_1_388' title='bbox 1411 3649 1607 3707; x_wconf 87' lang='lat' dir='ltr'><strong>litteris</strong></span> <span class='ocrx_word' id='word_1_389' title='bbox 1634 3650 1805 3722; x_wconf 80' lang='lat' dir='ltr'><strong>digna</strong></span> <span class='ocrx_word' id='word_1_390' title='bbox 1826 3652 2185 3710; x_wconf 86' lang='lat' dir='ltr'><strong>admiratione</strong></span> 
     </span>
    </p>
   </div>
   <div class='ocr_carea' id='block_1_54' title="bbox 601 3738 2184 3814">
    <p class='ocr_par' dir='ltr' id='par_1_54' title="bbox 601 3738 2184 3814">
     <span class='ocr_line' id='line_1_54' title="bbox 601 3738 2184 3814; baseline 0.004 -22"><span class='ocrx_word' id='word_1_391' title='bbox 601 3738 904 3795; x_wconf 81' lang='lat' dir='ltr'><strong>tradantur.</strong></span> <span class='ocrx_word' id='word_1_392' title='bbox 959 3739 1139 3806; x_wconf 83' lang='lat' dir='ltr'><strong>Quare</strong></span> <span class='ocrx_word' id='word_1_393' title='bbox 1180 3740 1345 3796; x_wconf 89' lang='lat' dir='ltr'><strong>etiam</strong></span> <span class='ocrx_word' id='word_1_394' title='bbox 1388 3750 1645 3798; x_wconf 80' lang='lat' dir='ltr'><strong>vacantes</strong></span> <span class='ocrx_word' id='word_1_395' title='bbox 1671 3742 2028 3814; x_wconf 78' lang='lat' dir='ltr'><strong>pergamenas</strong></span> <span class='ocrx_word' id='word_1_396' title='bbox 2054 3745 2184 3799; x_wconf 90' lang='lat' dir='ltr'><strong>huic</strong></span> 
     </span>
    </p>
   </div>
   <div class='ocr_carea' id='block_1_55' title="bbox 599 3828 2186 3908">
    <p class='ocr_par' dir='ltr' id='par_1_55' title="bbox 599 3828 2186 3908">
     <span class='ocr_line' id='line_1_55' title="bbox 599 3828 2186 3908; baseline 0.005 -26"><span class='ocrx_word' id='word_1_397' title='bbox 599 3828 780 3885; x_wconf 84' lang='lat' dir='ltr'><strong>libello</strong></span> <span class='ocrx_word' id='word_1_398' title='bbox 808 3830 1075 3901; x_wconf 84' lang='lat' dir='ltr'><strong>subjicere</strong></span> <span class='ocrx_word' id='word_1_399' title='bbox 1104 3831 1306 3902; x_wconf 86' lang='lat' dir='ltr'><strong>placuit</strong></span> <span class='ocrx_word' id='word_1_400' title='bbox 1332 3873 1353 3899; x_wconf 89' lang='lat'><strong>,</strong></span> <span class='ocrx_word' id='word_1_401' title='bbox 1377 3843 1438 3888; x_wconf 92' lang='lat' dir='ltr'><strong>ut</strong></span> <span class='ocrx_word' id='word_1_402' title='bbox 1464 3833 1611 3890; x_wconf 88' lang='lat' dir='ltr'><strong>edito</strong></span> <span class='ocrx_word' id='word_1_403' title='bbox 1635 3849 1800 3906; x_wconf 84' lang='lat' dir='ltr'><strong>opere</strong></span> <span class='ocrx_word' id='word_1_404' title='bbox 1822 3835 2076 3908; x_wconf 68' lang='lat' dir='ltr'><strong>praesenti</strong></span> <span class='ocrx_word' id='word_1_405' title='bbox 2104 3834 2186 3890; x_wconf 89' lang='lat' dir='ltr'><strong>fu-</strong></span> 
     </span>
    </p>
   </div>
   <div class='ocr_carea' id='block_1_56' title="bbox 599 3923 2190 4000">
    <p class='ocr_par' dir='ltr' id='par_1_56' title="bbox 599 3923 2190 4000">
     <span class='ocr_line' id='line_1_56' title="bbox 599 3923 2190 4000; baseline 0.007 -25"><span class='ocrx_word' id='word_1_406' title='bbox 599 3923 737 3976; x_wconf 90' lang='lat' dir='ltr'><strong>turis</strong></span> <span class='ocrx_word' id='word_1_407' title='bbox 767 3929 889 3992; x_wconf 90' lang='lat' dir='ltr'><strong>post</strong></span> <span class='ocrx_word' id='word_1_408' title='bbox 928 3923 1045 3978; x_wconf 68' lang='lat' dir='ltr'><strong>haec</strong></span> <span class='ocrx_word' id='word_1_409' title='bbox 1071 3924 1402 3993; x_wconf 85' lang='lat' dir='ltr'><strong>temporibus</strong></span> <span class='ocrx_word' id='word_1_410' title='bbox 1446 3940 1566 3996; x_wconf 68' lang='lat' dir='ltr'><strong>quae</strong></span> <span class='ocrx_word' id='word_1_411' title='bbox 1610 3925 1899 3984; x_wconf 87' lang='lat' dir='ltr'><strong>inserenda</strong></span> <span class='ocrx_word' id='word_1_412' title='bbox 1945 3927 2190 4000; x_wconf 82' lang='lat' dir='ltr'><strong>prudens</strong></span> 
     </span>
    </p>
   </div>
   <div class='ocr_carea' id='block_1_57' title="bbox 600 4009 2151 4088">
    <p class='ocr_par' dir='ltr' id='par_1_57' title="bbox 600 4009 2151 4088">
     <span class='ocr_line' id='line_1_57' title="bbox 600 4009 2151 4088; baseline 0.007 -23"><span class='ocrx_word' id='word_1_413' title='bbox 600 4009 800 4081; x_wconf 87' lang='lat' dir='ltr'><strong>aliquis</strong></span> <span class='ocrx_word' id='word_1_414' title='bbox 827 4012 1197 4079; x_wconf 65' lang='lat' dir='ltr'><strong>aestimaver&#39;tt,</strong></span> <span class='ocrx_word' id='word_1_415' title='bbox 1228 4022 1533 4085; x_wconf 88' lang='lat' dir='ltr'><strong>opportune</strong></span> <span class='ocrx_word' id='word_1_416' title='bbox 1564 4018 1737 4088; x_wconf 90' lang='lat' dir='ltr'><strong>possit</strong></span> <span class='ocrx_word' id='word_1_417' title='bbox 1774 4018 2038 4075; x_wconf 87' lang='lat' dir='ltr'><strong>inserere.</strong></span> <span class='ocrx_word' id='word_1_418' title='bbox 2150 4066 2151 4069; x_wconf 54' lang='grc' dir='ltr'><strong>η</strong></span> 
     </span>
    </p>
   </div>
   <div class='ocr_carea' id='block_1_58' title="bbox 599 4117 2185 4198">
    <p class='ocr_par' dir='ltr' id='par_1_58' title="bbox 599 4117 2185 4198">
     <span class='ocr_line' id='line_1_58' title="bbox 599 4117 2185 4198; baseline 0.005 -24"><span class='ocrx_word' id='word_1_419' title='bbox 599 4117 668 4174; x_wconf 74' lang='grc' dir='ltr'><strong>ν.</strong></span> <span class='ocrx_word' id='word_1_420' title='bbox 693 4117 1220 4198; x_wconf 55' lang='grc' dir='ltr'><strong>-Ωριιμειιριιρτιιξ</strong></span> <span class='ocrx_word' id='word_1_421' title='bbox 1252 4121 1692 4198; x_wconf 79' lang='lat' dir='ltr'><strong>quemadmodu_m</strong></span> <span class='ocrx_word' id='word_1_422' title='bbox 1735 4134 1801 4198; x_wconf 61' lang='lat' dir='ltr'><strong>et</strong></span> <span class='ocrx_word' id='word_1_423' title='bbox 1827 4141 1862 4179; x_wconf 87' lang='lat' dir='ltr'><strong>a</strong></span> <span class='ocrx_word' id='word_1_424' title='bbox 1912 4142 2014 4198; x_wconf 78' lang='lat' dir='ltr'><strong>quo</strong></span> <span class='ocrx_word' id='word_1_425' title='bbox 2051 4125 2185 4182; x_wconf 75' lang='lat' dir='ltr'><strong>cells</strong></span> 
     </span>
    </p>
   </div>
   <div class='ocr_carea' id='block_1_59' title="bbox 667 4189 2185 4260">
    <p class='ocr_par' dir='ltr' id='par_1_59' title="bbox 667 4189 2185 4260">
     <span class='ocr_line' id='line_1_59' title="bbox 667 4189 2185 4260; baseline 0.007 -17"><span class='ocrx_word' id='word_1_426' title='bbox 667 4189 853 4260; x_wconf 59' lang='grc' dir='ltr'><strong>εᾳηιςιί⁸</strong></span> <span class='ocrx_word' id='word_1_427' title='bbox 869 4189 1057 4260; x_wconf 71' lang='grc' dir='ltr'><strong>(ἰοαώ</strong></span> <span class='ocrx_word' id='word_1_428' title='bbox 1083 4189 1239 4260; x_wconf 74' lang='lat' dir='ltr'><strong>fuerit</strong></span> <span class='ocrx_word' id='word_1_429' title='bbox 1265 4189 1586 4249; x_wconf 73' lang='lat' dir='ltr'><strong>monasterio</strong></span> <span class='ocrx_word' id='word_1_430' title='bbox 1611 4191 1849 4249; x_wconf 71' lang='lat' dir='ltr'><strong>Prumim</strong></span> <span class='ocrx_word' id='word_1_431' title='bbox 1867 4189 2071 4253; x_wconf 76' lang='lat' dir='ltr'><strong>sociata</strong></span> <span class='ocrx_word' id='word_1_432' title='bbox 2096 4198 2185 4253; x_wconf 80' lang='lat' dir='ltr'><strong>in-</strong></span> 
     </span>
    </p>
   </div>
   <div class='ocr_carea' id='block_1_60' title="bbox 671 4257 1066 4328">
    <p class='ocr_par' dir='ltr' id='par_1_60' title="bbox 671 4257 1066 4328">
     <span class='ocr_line' id='line_1_60' title="bbox 671 4257 1066 4328; baseline 0.01 -17"><span class='ocrx_word' id='word_1_433' title='bbox 671 4258 795 4328; x_wconf 76' lang='lat' dir='ltr'><strong>cipit</strong></span> <span class='ocrx_word' id='word_1_434' title='bbox 824 4257 1066 4327; x_wconf 79' lang='lat' dir='ltr'><strong>feliciter.</strong></span> 
     </span>
    </p>
   </div>
   <div class='ocr_carea' id='block_1_61' title="bbox 667 4367 2180 4451">
    <p class='ocr_par' dir='ltr' id='par_1_61' title="bbox 667 4367 2180 4451">
     <span class='ocr_line' id='line_1_61' title="bbox 667 4367 2180 4451; baseline 0.008 -27"><span class='ocrx_word' id='word_1_435' title='bbox 667 4367 757 4425; x_wconf 67' lang='lat'><strong>45.</strong></span> <span class='ocrx_word' id='word_1_436' title='bbox 799 4368 1051 4428; x_wconf 89' lang='lat' dir='ltr'><strong>Decursis</strong></span> <span class='ocrx_word' id='word_1_437' title='bbox 1082 4371 1203 4451; x_wconf 22' lang='lat' dir='ltr'><strong>jam.</strong></span> <span class='ocrx_word' id='word_1_438' title='bbox 1243 4388 1363 4444; x_wconf 67' lang='lat' dir='ltr'><strong>quae</strong></span> <span class='ocrx_word' id='word_1_439' title='bbox 1416 4373 1484 4430; x_wconf 84' lang='lat' dir='ltr'><strong>de</strong></span> <span class='ocrx_word' id='word_1_440' title='bbox 1531 4375 1806 4433; x_wconf 87' lang='lat' dir='ltr'><strong>miraculis</strong></span> <span class='ocrx_word' id='word_1_441' title='bbox 1850 4377 1953 4434; x_wconf 89' lang='lat' dir='ltr'><strong>viri</strong></span> <span class='ocrx_word' id='word_1_442' title='bbox 2007 4379 2180 4436; x_wconf 87' lang='lat' dir='ltr'><strong>sancti</strong></span> 
     </span>
    </p>
   </div>
   <div class='ocr_carea' id='block_1_62' title="bbox 2303 1903 3814 1983">
    <p class='ocr_par' dir='ltr' id='par_1_62' title="bbox 2303 1903 3814 1983">
     <span class='ocr_line' id='line_1_62' title="bbox 2303 1903 3814 1983; baseline 0.009 -26"><span class='ocrx_word' id='word_1_443' title='bbox 2303 1903 2688 1974; x_wconf 87' lang='lat' dir='ltr'><strong>hospitalitatis</strong></span> <span class='ocrx_word' id='word_1_444' title='bbox 2705 1921 2921 1961; x_wconf 89' lang='lat' dir='ltr'><strong>omnem</strong></span> <span class='ocrx_word' id='word_1_445' title='bbox 2949 1909 3157 1979; x_wconf 86' lang='lat' dir='ltr'><strong>negari,</strong></span> <span class='ocrx_word' id='word_1_446' title='bbox 3186 1910 3283 1966; x_wconf 84' lang='lat' dir='ltr'><strong>ubi</strong></span> <span class='ocrx_word' id='word_1_447' title='bbox 3304 1914 3569 1983; x_wconf 84' lang='lat' dir='ltr'><strong>quondam</strong></span> <span class='ocrx_word' id='word_1_448' title='bbox 3592 1915 3681 1969; x_wconf 86' lang='lat' dir='ltr'><strong>sub</strong></span> <span class='ocrx_word' id='word_1_449' title='bbox 3700 1915 3814 1971; x_wconf 77' lang='lat' dir='ltr'><strong>beato</strong></span> 
     </span>
    </p>
   </div>
   <div class='ocr_carea' id='block_1_63' title="bbox 2300 1995 3815 2069">
    <p class='ocr_par' dir='ltr' id='par_1_63' title="bbox 2300 1995 3815 2069">
     <span class='ocr_line' id='line_1_63' title="bbox 2300 1995 3815 2069; baseline 0.006 -22"><span class='ocrx_word' id='word_1_450' title='bbox 2300 1995 2418 2049; x_wconf 81' lang='lat' dir='ltr'><strong>viro</strong></span> <span class='ocrx_word' id='word_1_451' title='bbox 2447 1995 2798 2066; x_wconf 76' lang='lat' dir='ltr'><strong>singulariter</strong></span> <span class='ocrx_word' id='word_1_452' title='bbox 2825 1997 3000 2053; x_wconf 87' lang='lat' dir='ltr'><strong>virtus</strong></span> <span class='ocrx_word' id='word_1_453' title='bbox 3033 1998 3224 2054; x_wconf 87' lang='lat' dir='ltr'><strong>eadem</strong></span> <span class='ocrx_word' id='word_1_454' title='bbox 3270 2001 3549 2069; x_wconf 72' lang='lat' dir='ltr'><strong>viguisset.</strong></span> <span class='ocrx_word' id='word_1_455' title='bbox 3588 2001 3815 2060; x_wconf 83' lang='lat' dir='ltr'><strong>Pollicetur</strong></span> 
     </span>
    </p>
   </div>
   <div class='ocr_carea' id='block_1_64' title="bbox 2302 2086 3814 2165">
    <p class='ocr_par' dir='ltr' id='par_1_64' title="bbox 2302 2086 3814 2165">
     <span class='ocr_line' id='line_1_64' title="bbox 2302 2086 3814 2165; baseline 0.006 -25"><span class='ocrx_word' id='word_1_456' title='bbox 2302 2101 2393 2142; x_wconf 91' lang='lat' dir='ltr'><strong>rex</strong></span> <span class='ocrx_word' id='word_1_457' title='bbox 2426 2086 2541 2141; x_wconf 87' lang='lat' dir='ltr'><strong>fore</strong></span> <span class='ocrx_word' id='word_1_458' title='bbox 2570 2088 2687 2144; x_wconf 64' lang='lat' dir='ltr'><strong>hac</strong></span> <span class='ocrx_word' id='word_1_459' title='bbox 2710 2089 3043 2145; x_wconf 81' lang='lat' dir='ltr'><strong>emendanda</strong></span> <span class='ocrx_word' id='word_1_460' title='bbox 3068 2105 3191 2146; x_wconf 90' lang='lat' dir='ltr'><strong>cum</strong></span> <span class='ocrx_word' id='word_1_461' title='bbox 3221 2093 3485 2162; x_wconf 87' lang='lat' dir='ltr'><strong>temporis</strong></span> <span class='ocrx_word' id='word_1_462' title='bbox 3510 2094 3814 2165; x_wconf 75' lang='lat' dir='ltr'><strong>Opportunitas</strong></span> 
     </span>
    </p>
   </div>
   <div class='ocr_carea' id='block_1_65' title="bbox 2299 2178 3814 2255">
    <p class='ocr_par' dir='ltr' id='par_1_65' title="bbox 2299 2178 3814 2255">
     <span class='ocr_line' id='line_1_65' title="bbox 2299 2178 3814 2255; baseline 0.006 -23"><span class='ocrx_word' id='word_1_463' title='bbox 2299 2178 2595 2234; x_wconf 88' lang='lat' dir='ltr'><strong>arrisisset.</strong></span> <span class='ocrx_word' id='word_1_464' title='bbox 2657 2180 2843 2250; x_wconf 83' lang='lat' dir='ltr'><strong>Itaque</strong></span> <span class='ocrx_word' id='word_1_465' title='bbox 2870 2195 2976 2236; x_wconf 86' lang='lat' dir='ltr'><strong>non</strong></span> <span class='ocrx_word' id='word_1_466' title='bbox 3007 2182 3177 2236; x_wconf 88' lang='lat' dir='ltr'><strong>multo</strong></span> <span class='ocrx_word' id='word_1_467' title='bbox 3213 2194 3340 2252; x_wconf 88' lang='lat' dir='ltr'><strong>post</strong></span> <span class='ocrx_word' id='word_1_468' title='bbox 3365 2186 3566 2255; x_wconf 88' lang='lat' dir='ltr'><strong>positus</strong></span> <span class='ocrx_word' id='word_1_469' title='bbox 3594 2186 3642 2240; x_wconf 92' lang='lat' dir='ltr'><strong>in</strong></span> <span class='ocrx_word' id='word_1_470' title='bbox 3666 2185 3814 2255; x_wconf 81' lang='lat' dir='ltr'><strong>palatio</strong></span> 
     </span>
    </p>
   </div>
   <div class='ocr_carea' id='block_1_66' title="bbox 2297 2271 3811 2349">
    <p class='ocr_par' dir='ltr' id='par_1_66' title="bbox 2297 2271 3811 2349">
     <span class='ocr_line' id='line_1_66' title="bbox 2297 2271 3811 2349; baseline 0.005 -26"><span class='ocrx_word' id='word_1_471' title='bbox 2297 2272 2439 2341; x_wconf 86' lang='lat' dir='ltr'><strong>quod</strong></span> <span class='ocrx_word' id='word_1_472' title='bbox 2464 2271 2793 2326; x_wconf 80' lang='lat' dir='ltr'><strong>Attintacnm</strong></span> <span class='ocrx_word' id='word_1_473' title='bbox 2816 2271 3055 2345; x_wconf 72' lang='lat' dir='ltr'><strong>[Attigny</strong></span> <span class='ocrx_word' id='word_1_474' title='bbox 3080 2276 3133 2328; x_wconf 90' lang='lat' dir='ltr'><strong>in</strong></span> <span class='ocrx_word' id='word_1_475' title='bbox 3158 2274 3459 2345; x_wconf 80' lang='lat' dir='ltr'><strong>Campania</strong></span> <span class='ocrx_word' id='word_1_476' title='bbox 3503 2277 3566 2331; x_wconf 89' lang='lat' dir='ltr'><strong>ad</strong></span> <span class='ocrx_word' id='word_1_477' title='bbox 3603 2274 3811 2349; x_wconf 71' lang='lat' dir='ltr'><strong>Axonam}</strong></span> 
     </span>
    </p>
   </div>
   <div class='ocr_carea' id='block_1_67' title="bbox 2296 2364 3811 2437">
    <p class='ocr_par' dir='ltr' id='par_1_67' title="bbox 2296 2364 3811 2437">
     <span class='ocr_line' id='line_1_67' title="bbox 2296 2364 3811 2437; baseline 0.002 -20"><span class='ocrx_word' id='word_1_478' title='bbox 2296 2371 2541 2429; x_wconf 72' lang='lat' dir='ltr'><strong>vocatur,</strong></span> <span class='ocrx_word' id='word_1_479' title='bbox 2573 2378 2697 2418; x_wconf 87' lang='lat' dir='ltr'><strong>cum</strong></span> <span class='ocrx_word' id='word_1_480' title='bbox 2728 2364 2795 2419; x_wconf 83' lang='lat' dir='ltr'><strong>ad</strong></span> <span class='ocrx_word' id='word_1_481' title='bbox 2824 2365 3132 2435; x_wconf 71' lang='lat' dir='ltr'><strong>generalem</strong></span> <span class='ocrx_word' id='word_1_482' title='bbox 3161 2366 3349 2437; x_wconf 86' lang='lat' dir='ltr'><strong>populi</strong></span> <span class='ocrx_word' id='word_1_483' title='bbox 3376 2376 3678 2424; x_wconf 80' lang='lat' dir='ltr'><strong>conventum</strong></span> <span class='ocrx_word' id='word_1_484' title='bbox 3696 2366 3811 2422; x_wconf 84' lang='lat' dir='ltr'><strong>simul</strong></span> 
     </span>
    </p>
   </div>
   <div class='ocr_carea' id='block_1_68' title="bbox 2298 2454 3812 2531">
    <p class='ocr_par' dir='ltr' id='par_1_68' title="bbox 2298 2454 3812 2531">
     <span class='ocr_line' id='line_1_68' title="bbox 2298 2454 3812 2531; baseline 0.003 -22"><span class='ocrx_word' id='word_1_485' title='bbox 2298 2456 2433 2509; x_wconf 79' lang='lat' dir='ltr'><strong>abba</strong></span> <span class='ocrx_word' id='word_1_486' title='bbox 2462 2454 2702 2511; x_wconf 75' lang='lat' dir='ltr'><strong>Asuerus</strong></span> <span class='ocrx_word' id='word_1_487' title='bbox 2729 2457 2989 2522; x_wconf 84' lang='lat' dir='ltr'><strong>venisset,</strong></span> <span class='ocrx_word' id='word_1_488' title='bbox 3016 2468 3304 2513; x_wconf 78' lang='lat' dir='ltr'><strong>evocatum</strong></span> <span class='ocrx_word' id='word_1_489' title='bbox 3331 2461 3402 2515; x_wconf 83' lang='lat' dir='ltr'><strong>ad</strong></span> <span class='ocrx_word' id='word_1_490' title='bbox 3433 2476 3491 2516; x_wconf 91' lang='lat' dir='ltr'><strong>se</strong></span> <span class='ocrx_word' id='word_1_491' title='bbox 3517 2460 3732 2531; x_wconf 83' lang='lat' dir='ltr'><strong>princeps</strong></span> <span class='ocrx_word' id='word_1_492' title='bbox 3751 2474 3812 2513; x_wconf 79' lang='lat' dir='ltr'><strong>su-</strong></span> 
     </span>
    </p>
   </div>
   <div class='ocr_carea' id='block_1_69' title="bbox 2296 2546 3810 2619">
    <p class='ocr_par' dir='ltr' id='par_1_69' title="bbox 2296 2546 3810 2619">
     <span class='ocr_line' id='line_1_69' title="bbox 2296 2546 3810 2619; baseline 0.003 -19"><span class='ocrx_word' id='word_1_493' title='bbox 2296 2562 2395 2617; x_wconf 84' lang='lat' dir='ltr'><strong>per</strong></span> <span class='ocrx_word' id='word_1_494' title='bbox 2424 2546 2510 2602; x_wconf 88' lang='lat' dir='ltr'><strong>his</strong></span> <span class='ocrx_word' id='word_1_495' title='bbox 2533 2562 2654 2619; x_wconf 75' lang='lat' dir='ltr'><strong>qua:</strong></span> <span class='ocrx_word' id='word_1_496' title='bbox 2679 2548 2746 2602; x_wconf 86' lang='lat' dir='ltr'><strong>de</strong></span> <span class='ocrx_word' id='word_1_497' title='bbox 2775 2548 2919 2604; x_wconf 68' lang='lat' dir='ltr'><strong>cella</strong></span> <span class='ocrx_word' id='word_1_498' title='bbox 2936 2548 3078 2604; x_wconf 89' lang='lat' dir='ltr'><strong>beati</strong></span> <span class='ocrx_word' id='word_1_499' title='bbox 3115 2550 3216 2605; x_wconf 84' lang='lat' dir='ltr'><strong>viri</strong></span> <span class='ocrx_word' id='word_1_500' title='bbox 3249 2550 3399 2607; x_wconf 83' lang='lat' dir='ltr'><strong>dicta</strong></span> <span class='ocrx_word' id='word_1_501' title='bbox 3445 2550 3513 2607; x_wconf 75' lang='lat' dir='ltr'><strong>ab</strong></span> <span class='ocrx_word' id='word_1_502' title='bbox 3552 2566 3613 2608; x_wconf 94' lang='lat' dir='ltr'><strong>eo</strong></span> <span class='ocrx_word' id='word_1_503' title='bbox 3649 2550 3810 2606; x_wconf 70' lang='lat' dir='ltr'><strong>iterant</strong></span> 
     </span>
    </p>
   </div>
   <div class='ocr_carea' id='block_1_70' title="bbox 2295 2640 3809 2713">
    <p class='ocr_par' dir='ltr' id='par_1_70' title="bbox 2295 2640 3809 2713">
     <span class='ocr_line' id='line_1_70' title="bbox 2295 2640 3809 2713; baseline 0.003 -19"><span class='ocrx_word' id='word_1_504' title='bbox 2295 2640 2726 2704; x_wconf 75' lang='lat' dir='ltr'><strong>contnumefncit,</strong></span> <span class='ocrx_word' id='word_1_505' title='bbox 2755 2641 2915 2711; x_wconf 86' lang='lat' dir='ltr'><strong>eique</strong></span> <span class='ocrx_word' id='word_1_506' title='bbox 2941 2643 3232 2713; x_wconf 88' lang='lat' dir='ltr'><strong>regendam</strong></span> <span class='ocrx_word' id='word_1_507' title='bbox 3278 2646 3580 2708; x_wconf 84' lang='lat' dir='ltr'><strong>committit.</strong></span> <span class='ocrx_word' id='word_1_508' title='bbox 3623 2647 3809 2701; x_wconf 76' lang='lat' dir='ltr'><strong>hortatus</strong></span> 
     </span>
    </p>
   </div>
   <div class='ocr_carea' id='block_1_71' title="bbox 2294 2734 3915 2807">
    <p class='ocr_par' dir='ltr' id='par_1_71' title="bbox 2294 2734 3915 2807">
     <span class='ocr_line' id='line_1_71' title="bbox 2294 2734 3915 2807; baseline 0.007 -25"><span class='ocrx_word' id='word_1_509' title='bbox 2294 2739 2354 2782; x_wconf 81' lang='lat' dir='ltr'><strong>ut</strong></span> <span class='ocrx_word' id='word_1_510' title='bbox 2379 2744 2499 2784; x_wconf 88' lang='lat' dir='ltr'><strong>eam</strong></span> <span class='ocrx_word' id='word_1_511' title='bbox 2527 2745 2764 2801; x_wconf 75' lang='lat' dir='ltr'><strong>congrue</strong></span> <span class='ocrx_word' id='word_1_512' title='bbox 2790 2734 3077 2803; x_wconf 87' lang='lat' dir='ltr'><strong>disponere</strong></span> <span class='ocrx_word' id='word_1_513' title='bbox 3095 2774 3110 2799; x_wconf 91' lang='lat'><strong>,</strong></span> <span class='ocrx_word' id='word_1_514' title='bbox 3139 2743 3307 2806; x_wconf 87' lang='lat' dir='ltr'><strong>atque</strong></span> <span class='ocrx_word' id='word_1_515' title='bbox 3332 2735 3809 2807; x_wconf 73' lang='lat' dir='ltr'><strong>bospitalitati‘quatn</strong></span> <span class='ocrx_word' id='word_1_516' title='bbox 3914 2770 3915 2779; x_wconf 61' lang='grc' dir='ltr'><strong>ι</strong></span> 
     </span>
    </p>
   </div>
   <div class='ocr_carea' id='block_1_72' title="bbox 2292 2824 3807 2896">
    <p class='ocr_par' dir='ltr' id='par_1_72' title="bbox 2292 2824 3807 2896">
     <span class='ocr_line' id='line_1_72' title="bbox 2292 2824 3807 2896; baseline 0.004 -22"><span class='ocrx_word' id='word_1_517' title='bbox 2292 2837 2347 2874; x_wconf 82' lang='grc' dir='ltr'><strong>ιιι</strong></span> <span class='ocrx_word' id='word_1_518' title='bbox 2377 2836 2443 2877; x_wconf 85' lang='lat' dir='ltr'><strong>ea</strong></span> <span class='ocrx_word' id='word_1_519' title='bbox 2472 2837 2593 2876; x_wconf 18' lang='lat' dir='ltr'><strong>non.</strong></span> <span class='ocrx_word' id='word_1_520' title='bbox 2610 2824 2681 2877; x_wconf 88' lang='lat' dir='ltr'><strong>sit</strong></span> <span class='ocrx_word' id='word_1_521' title='bbox 2710 2832 2970 2894; x_wconf 72' lang='lat' dir='ltr'><strong>expertus</strong></span> <span class='ocrx_word' id='word_1_522' title='bbox 2997 2835 3400 2896; x_wconf 83' lang='lat' dir='ltr'><strong>compotentem</strong></span> <span class='ocrx_word' id='word_1_523' title='bbox 3428 2827 3625 2884; x_wconf 80' lang='lat' dir='ltr'><strong>eﬂieere</strong></span> <span class='ocrx_word' id='word_1_524' title='bbox 3649 2828 3807 2884; x_wconf 75' lang='lat' dir='ltr'><strong>debeat.</strong></span> 
     </span>
    </p>
   </div>
   <div class='ocr_carea' id='block_1_73' title="bbox 2293 2931 3807 3063">
    <p class='ocr_par' dir='ltr' id='par_1_73' title="bbox 2293 2931 3807 3063">
     <span class='ocr_line' id='line_1_73' title="bbox 2293 2931 3807 3063; baseline 0.004 -75"><span class='ocrx_word' id='word_1_525' title='bbox 2293 2931 2569 2989; x_wconf 82' lang='lat' dir='ltr'><strong>Couteutio</strong></span> <span class='ocrx_word' id='word_1_526' title='bbox 2595 2934 2661 2989; x_wconf 80' lang='lat' dir='ltr'><strong>de</strong></span> <span class='ocrx_word' id='word_1_527' title='bbox 2689 2934 2821 2990; x_wconf 79' lang='lat' dir='ltr'><strong>cella</strong></span> <span class='ocrx_word' id='word_1_528' title='bbox 2858 2934 2919 2992; x_wconf 83' lang='lat' dir='ltr'><strong>S.</strong></span> <span class='ocrx_word' id='word_1_529' title='bbox 2958 2934 3151 3063; x_wconf 59' lang='lat' dir='ltr'><strong>Go‘aris</strong></span> <span class='ocrx_word' id='word_1_530' title='bbox 3172 2956 3205 2992; x_wconf 90' lang='lat' dir='ltr'><strong>a</strong></span> <span class='ocrx_word' id='word_1_531' title='bbox 3229 2936 3428 2994; x_wconf 77' lang='lat' dir='ltr'><strong>Carolo</strong></span> <span class='ocrx_word' id='word_1_532' title='bbox 3452 2938 3633 3011; x_wconf 65' lang='lat' dir='ltr'><strong>ﬂagito</strong></span> <span class='ocrx_word' id='word_1_533' title='bbox 3652 2954 3807 3008; x_wconf 72' lang='lat' dir='ltr'><strong>compo-</strong></span> 
     </span>
     <span class='ocr_line' id='line_1_74' title="bbox 2980 3023 3144 3063; baseline 0.018 -3"><span class='ocrx_word' id='word_1_534' title='bbox 2980 3023 3034 3063; x_wconf 88' lang='lat' dir='ltr'><strong>m</strong></span> <span class='ocrx_word' id='word_1_535' title='bbox 3060 3024 3144 3063; x_wconf 87' lang='lat' dir='ltr'><strong>ur.</strong></span> 
     </span>
    </p>
   </div>
   <div class='ocr_carea' id='block_1_74' title="bbox 2980 3023 3144 3064">
    <p class='ocr_par' dir='ltr' id='par_1_74' title="bbox 2980 3023 3144 3064">
     <span class='ocr_line' id='line_1_75' title="bbox 2980 3023 3144 3064; baseline 0.024 -4"><span class='ocrx_word' id='word_1_536' title='bbox 2980 3023 3144 3064; x_wconf 72' lang='lat' dir='ltr'><strong>natur.</strong></span> 
     </span>
    </p>
   </div>
   <div class='ocr_carea' id='block_1_75' title="bbox 2364 3100 3915 3186">
    <p class='ocr_par' dir='ltr' id='par_1_75' title="bbox 2364 3100 3915 3186">
     <span class='ocr_line' id='line_1_76' title="bbox 2364 3100 3915 3186; baseline 0.002 -18"><span class='ocrx_word' id='word_1_537' title='bbox 2364 3111 2459 3169; x_wconf 64' lang='grc' dir='ltr'><strong>ιδ.</strong></span> <span class='ocrx_word' id='word_1_538' title='bbox 2501 3111 2629 3167; x_wconf 68' lang='lat' dir='ltr'><strong>Haec</strong></span> <span class='ocrx_word' id='word_1_539' title='bbox 2662 3111 2837 3181; x_wconf 87' lang='lat' dir='ltr'><strong>prima</strong></span> <span class='ocrx_word' id='word_1_540' title='bbox 2867 3112 2966 3167; x_wconf 88' lang='lat' dir='ltr'><strong>fuit</strong></span> <span class='ocrx_word' id='word_1_541' title='bbox 2989 3113 3138 3169; x_wconf 77' lang='lat' dir='ltr'><strong>cella:</strong></span> <span class='ocrx_word' id='word_1_542' title='bbox 3159 3114 3439 3186; x_wconf 72' lang='lat' dir='ltr'><strong>jamdictte</strong></span> <span class='ocrx_word' id='word_1_543' title='bbox 3460 3132 3575 3172; x_wconf 88' lang='lat' dir='ltr'><strong>cum</strong></span> <span class='ocrx_word' id='word_1_544' title='bbox 3601 3125 3809 3172; x_wconf 63' lang='lat' dir='ltr'><strong>monaste</strong></span> 
     </span>
    </p>
   </div>
   <div class='ocr_carea' id='block_1_76' title="bbox 2295 3204 3809 3279">
    <p class='ocr_par' dir='ltr' id='par_1_76' title="bbox 2295 3204 3809 3279">
     <span class='ocr_line' id='line_1_77' title="bbox 2295 3204 3809 3279; baseline -0.001 -17"><span class='ocrx_word' id='word_1_545' title='bbox 2295 3207 2379 3263; x_wconf 89' lang='lat' dir='ltr'><strong>rio</strong></span> <span class='ocrx_word' id='word_1_546' title='bbox 2408 3204 2624 3260; x_wconf 80' lang='lat' dir='ltr'><strong>Prutnia</strong></span> <span class='ocrx_word' id='word_1_547' title='bbox 2663 3207 2811 3260; x_wconf 80' lang='lat' dir='ltr'><strong>facta</strong></span> <span class='ocrx_word' id='word_1_548' title='bbox 2824 3221 2892 3260; x_wconf 86' lang='lat' dir='ltr'><strong>ex</strong></span> <span class='ocrx_word' id='word_1_549' title='bbox 2918 3206 3060 3278; x_wconf 81' lang='lat' dir='ltr'><strong>regis</strong></span> <span class='ocrx_word' id='word_1_550' title='bbox 3086 3207 3301 3279; x_wconf 87' lang='lat' dir='ltr'><strong>Pippini</strong></span> <span class='ocrx_word' id='word_1_551' title='bbox 3332 3211 3582 3266; x_wconf 86' lang='lat' dir='ltr'><strong>mamlan</strong></span> <span class='ocrx_word' id='word_1_552' title='bbox 3600 3219 3651 3266; x_wconf 89' lang='lat' dir='ltr'><strong>et</strong></span> <span class='ocrx_word' id='word_1_553' title='bbox 3673 3210 3809 3264; x_wconf 77' lang='lat' dir='ltr'><strong>volun-</strong></span> 
     </span>
    </p>
   </div>
   <div class='ocr_carea' id='block_1_77' title="bbox 2290 3293 3809 3369">
    <p class='ocr_par' dir='ltr' id='par_1_77' title="bbox 2290 3293 3809 3369">
     <span class='ocr_line' id='line_1_78' title="bbox 2290 3293 3809 3369; baseline 0 -16"><span class='ocrx_word' id='word_1_554' title='bbox 2290 3306 2401 3353; x_wconf 89' lang='lat' dir='ltr'><strong>tate</strong></span> <span class='ocrx_word' id='word_1_555' title='bbox 2440 3293 2775 3365; x_wconf 86' lang='lat' dir='ltr'><strong>conjunctio,</strong></span> <span class='ocrx_word' id='word_1_556' title='bbox 2805 3297 3019 3366; x_wconf 82' lang='lat' dir='ltr'><strong>quando</strong></span> <span class='ocrx_word' id='word_1_557' title='bbox 3047 3312 3152 3353; x_wconf 87' lang='lat' dir='ltr'><strong>non</strong></span> <span class='ocrx_word' id='word_1_558' title='bbox 3180 3298 3287 3369; x_wconf 88' lang='lat' dir='ltr'><strong>ipsi</strong></span> <span class='ocrx_word' id='word_1_559' title='bbox 3317 3301 3633 3356; x_wconf 87' lang='lat' dir='ltr'><strong>monasterio</strong></span> <span class='ocrx_word' id='word_1_560' title='bbox 3659 3308 3706 3355; x_wconf 87' lang='lat' dir='ltr'><strong>et</strong></span> <span class='ocrx_word' id='word_1_561' title='bbox 3729 3314 3809 3354; x_wconf 86' lang='lat' dir='ltr'><strong>mo-</strong></span> 
     </span>
    </p>
   </div>
   <div class='ocr_carea' id='block_1_78' title="bbox 2287 3385 3809 3456">
    <p class='ocr_par' dir='ltr' id='par_1_78' title="bbox 2287 3385 3809 3456">
     <span class='ocr_line' id='line_1_79' title="bbox 2287 3385 3809 3456; baseline 0.001 -12"><span class='ocrx_word' id='word_1_562' title='bbox 2287 3388 2476 3445; x_wconf 85' lang='lat' dir='ltr'><strong>nachis</strong></span> <span class='ocrx_word' id='word_1_563' title='bbox 2514 3385 2790 3456; x_wconf 85' lang='lat' dir='ltr'><strong>subjecta,</strong></span> <span class='ocrx_word' id='word_1_564' title='bbox 2820 3387 3126 3444; x_wconf 81' lang='lat' dir='ltr'><strong>scdabbati</strong></span> <span class='ocrx_word' id='word_1_565' title='bbox 3162 3398 3379 3447; x_wconf 88' lang='lat' dir='ltr'><strong>tantum</strong></span> <span class='ocrx_word' id='word_1_566' title='bbox 3407 3403 3492 3449; x_wconf 90' lang='lat' dir='ltr'><strong>est</strong></span> <span class='ocrx_word' id='word_1_567' title='bbox 3515 3391 3729 3449; x_wconf 78' lang='lat' dir='ltr'><strong>beneﬁcii</strong></span> <span class='ocrx_word' id='word_1_568' title='bbox 3762 3388 3809 3445; x_wconf 76' lang='lat' dir='ltr'><strong>ad</strong></span> 
     </span>
    </p>
   </div>
   <div class='ocr_carea' id='block_1_79' title="bbox 2288 3478 3808 3555">
    <p class='ocr_par' dir='ltr' id='par_1_79' title="bbox 2288 3478 3808 3555">
     <span class='ocr_line' id='line_1_80' title="bbox 2288 3478 3808 3555; baseline 0.002 -19"><span class='ocrx_word' id='word_1_569' title='bbox 2288 3479 2580 3553; x_wconf 84' lang='lat' dir='ltr'><strong>regendqu</strong></span> <span class='ocrx_word' id='word_1_570' title='bbox 2605 3478 2729 3547; x_wconf 87' lang='lat' dir='ltr'><strong>jure</strong></span> <span class='ocrx_word' id='word_1_571' title='bbox 2759 3479 3068 3535; x_wconf 87' lang='lat' dir='ltr'><strong>commissa.</strong></span> <span class='ocrx_word' id='word_1_572' title='bbox 3122 3481 3411 3555; x_wconf 82' lang='lat' dir='ltr'><strong>Reguante</strong></span> <span class='ocrx_word' id='word_1_573' title='bbox 3450 3498 3573 3541; x_wconf 78' lang='lat' dir='ltr'><strong>vero</strong></span> <span class='ocrx_word' id='word_1_574' title='bbox 3613 3493 3715 3555; x_wconf 88' lang='lat' dir='ltr'><strong>post</strong></span> <span class='ocrx_word' id='word_1_575' title='bbox 3738 3498 3808 3554; x_wconf 76' lang='lat' dir='ltr'><strong>pa-</strong></span> 
     </span>
    </p>
   </div>
   <div class='ocr_carea' id='block_1_80' title="bbox 2287 3571 3915 3641">
    <p class='ocr_par' dir='ltr' id='par_1_80' title="bbox 2287 3571 3915 3641">
     <span class='ocr_line' id='line_1_81' title="bbox 2287 3571 3915 3641; baseline 0.005 -14"><span class='ocrx_word' id='word_1_576' title='bbox 2287 3574 2388 3629; x_wconf 90' lang='lat' dir='ltr'><strong>tris</strong></span> <span class='ocrx_word' id='word_1_577' title='bbox 2411 3573 2619 3629; x_wconf 84' lang='lat' dir='ltr'><strong>obitutu</strong></span> <span class='ocrx_word' id='word_1_578' title='bbox 2653 3571 2844 3641; x_wconf 80' lang='lat' dir='ltr'><strong>Magno</strong></span> <span class='ocrx_word' id='word_1_579' title='bbox 2884 3571 3101 3639; x_wconf 89' lang='lat' dir='ltr'><strong>Carolo,</strong></span> <span class='ocrx_word' id='word_1_580' title='bbox 3146 3584 3270 3630; x_wconf 87' lang='lat' dir='ltr'><strong>orta</strong></span> <span class='ocrx_word' id='word_1_581' title='bbox 3319 3585 3405 3633; x_wconf 90' lang='lat' dir='ltr'><strong>est</strong></span> <span class='ocrx_word' id='word_1_582' title='bbox 3448 3577 3582 3632; x_wconf 88' lang='lat' dir='ltr'><strong>inter</strong></span> <span class='ocrx_word' id='word_1_583' title='bbox 3623 3574 3810 3629; x_wconf 67' lang='lat' dir='ltr'><strong>Treviro</strong></span> <span class='ocrx_word' id='word_1_584' title='bbox 3914 3571 3915 3635; x_wconf 59' lang='grc' dir='ltr'><strong>ἒ</strong></span> 
     </span>
    </p>
   </div>
   <div class='ocr_carea' id='block_1_81' title="bbox 2286 3664 3809 3737">
    <p class='ocr_par' dir='ltr' id='par_1_81' title="bbox 2286 3664 3809 3737">
     <span class='ocr_line' id='line_1_82' title="bbox 2286 3664 3809 3737; baseline -0.002 -16"><span class='ocrx_word' id='word_1_585' title='bbox 2286 3682 2407 3721; x_wconf 88' lang='lat' dir='ltr'><strong>rum</strong></span> <span class='ocrx_word' id='word_1_586' title='bbox 2447 3664 2755 3737; x_wconf 82' lang='lat' dir='ltr'><strong>pontiﬁcem</strong></span> <span class='ocrx_word' id='word_1_587' title='bbox 2799 3675 2929 3719; x_wconf 91' lang='lat' dir='ltr'><strong>tunc</strong></span> <span class='ocrx_word' id='word_1_588' title='bbox 2961 3664 3323 3723; x_wconf 83' lang='lat' dir='ltr'><strong>Weomadum</strong></span> <span class='ocrx_word' id='word_1_589' title='bbox 3352 3679 3410 3725; x_wconf 89' lang='lat' dir='ltr'><strong>et</strong></span> <span class='ocrx_word' id='word_1_590' title='bbox 3436 3669 3665 3725; x_wconf 86' lang='lat' dir='ltr'><strong>abbatem</strong></span> <span class='ocrx_word' id='word_1_591' title='bbox 3687 3667 3809 3721; x_wconf 79' lang='lat' dir='ltr'><strong>Asue-</strong></span> 
     </span>
    </p>
   </div>
   <div class='ocr_carea' id='block_1_82' title="bbox 2286 3752 3915 3835">
    <p class='ocr_par' dir='ltr' id='par_1_82' title="bbox 2286 3752 3915 3835">
     <span class='ocr_line' id='line_1_83' title="bbox 2286 3752 3915 3835; baseline 0.001 -24"><span class='ocrx_word' id='word_1_592' title='bbox 2286 3762 2405 3812; x_wconf 89' lang='lat' dir='ltr'><strong>rum</strong></span> <span class='ocrx_word' id='word_1_593' title='bbox 2436 3773 2538 3830; x_wconf 86' lang='lat' dir='ltr'><strong>pro</strong></span> <span class='ocrx_word' id='word_1_594' title='bbox 2568 3757 2759 3812; x_wconf 89' lang='lat' dir='ltr'><strong>eadem</strong></span> <span class='ocrx_word' id='word_1_595' title='bbox 2785 3752 2921 3812; x_wconf 80' lang='lat' dir='ltr'><strong>cella</strong></span> <span class='ocrx_word' id='word_1_596' title='bbox 2956 3758 3254 3825; x_wconf 89' lang='lat' dir='ltr'><strong>contentio,</strong></span> <span class='ocrx_word' id='word_1_597' title='bbox 3302 3770 3574 3817; x_wconf 87' lang='lat' dir='ltr'><strong>asserente</strong></span> <span class='ocrx_word' id='word_1_598' title='bbox 3611 3758 3808 3828; x_wconf 78' lang='lat' dir='ltr'><strong>episcopo</strong></span> <span class='ocrx_word' id='word_1_599' title='bbox 3914 3762 3915 3835; x_wconf 59' lang='grc' dir='ltr'>ξ</span> 
     </span>
    </p>
   </div>
   <div class='ocr_carea' id='block_1_83' title="bbox 2284 3845 3808 3919">
    <p class='ocr_par' dir='ltr' id='par_1_83' title="bbox 2284 3845 3808 3919">
     <span class='ocr_line' id='line_1_84' title="bbox 2284 3845 3808 3919; baseline -0.001 -15"><span class='ocrx_word' id='word_1_600' title='bbox 2284 3863 2406 3904; x_wconf 84' lang='lat' dir='ltr'><strong>eum</strong></span> <span class='ocrx_word' id='word_1_601' title='bbox 2433 3846 2498 3900; x_wconf 88' lang='lat' dir='ltr'><strong>ad</strong></span> <span class='ocrx_word' id='word_1_602' title='bbox 2533 3862 2645 3903; x_wconf 71' lang='lat' dir='ltr'><strong>sua:</strong></span> <span class='ocrx_word' id='word_1_603' title='bbox 2674 3845 2931 3902; x_wconf 64' lang='lat' dir='ltr'><strong>Ecclesia</strong></span> <span class='ocrx_word' id='word_1_604' title='bbox 2964 3847 3054 3918; x_wconf 86' lang='lat' dir='ltr'><strong>j-us</strong></span> <span class='ocrx_word' id='word_1_605' title='bbox 3091 3849 3394 3919; x_wconf 90' lang='lat' dir='ltr'><strong>pertinere,</strong></span> <span class='ocrx_word' id='word_1_606' title='bbox 3446 3851 3630 3906; x_wconf 88' lang='lat' dir='ltr'><strong>abbate</strong></span> <span class='ocrx_word' id='word_1_607' title='bbox 3667 3856 3808 3903; x_wconf 79' lang='lat' dir='ltr'><strong>contra</strong></span> 
     </span>
    </p>
   </div>
   <div class='ocr_carea' id='block_1_84' title="bbox 2284 3936 3915 4012">
    <p class='ocr_par' dir='ltr' id='par_1_84' title="bbox 2284 3936 3915 4012">
     <span class='ocr_line' id='line_1_85' title="bbox 2284 3936 3915 4012; baseline -0.004 -15"><span class='ocrx_word' id='word_1_608' title='bbox 2284 3941 2500 3997; x_wconf 75' lang='lat' dir='ltr'><strong>dicente</strong></span> <span class='ocrx_word' id='word_1_609' title='bbox 2538 3954 2662 3996; x_wconf 87' lang='lat' dir='ltr'><strong>esse</strong></span> <span class='ocrx_word' id='word_1_610' title='bbox 2714 3938 2861 3994; x_wconf 79' lang='lat' dir='ltr'><strong>illam</strong></span> <span class='ocrx_word' id='word_1_611' title='bbox 2893 3939 3038 4008; x_wconf 82' lang='lat' dir='ltr'><strong>regis</strong></span> <span class='ocrx_word' id='word_1_612' title='bbox 3066 3939 3186 4011; x_wconf 87' lang='lat' dir='ltr'><strong>lege</strong></span> <span class='ocrx_word' id='word_1_613' title='bbox 3206 3941 3547 3997; x_wconf 74' lang='lat' dir='ltr'><strong>luereditaria</strong></span> <span class='ocrx_word' id='word_1_614' title='bbox 3572 3936 3808 4012; x_wconf 84' lang='lat' dir='ltr'><strong>possessio-</strong></span> <span class='ocrx_word' id='word_1_615' title='bbox 3914 3950 3915 3955; x_wconf 76' lang='lat'>‘</span> 
     </span>
    </p>
   </div>
   <div class='ocr_carea' id='block_1_85' title="bbox 2284 4025 3915 4103">
    <p class='ocr_par' dir='ltr' id='par_1_85' title="bbox 2284 4025 3915 4103">
     <span class='ocr_line' id='line_1_86' title="bbox 2284 4025 3915 4103; baseline -0.007 -14"><span class='ocrx_word' id='word_1_616' title='bbox 2284 4049 2437 4100; x_wconf 89' lang='lat' dir='ltr'><strong>nem,</strong></span> <span class='ocrx_word' id='word_1_617' title='bbox 2460 4048 2638 4103; x_wconf 87' lang='lat' dir='ltr'><strong>neque</strong></span> <span class='ocrx_word' id='word_1_618' title='bbox 2666 4031 2720 4086; x_wconf 92' lang='lat' dir='ltr'><strong>in</strong></span> <span class='ocrx_word' id='word_1_619' title='bbox 2752 4046 2815 4086; x_wconf 83' lang='lat' dir='ltr'><strong>ea</strong></span> <span class='ocrx_word' id='word_1_620' title='bbox 2850 4046 3015 4101; x_wconf 79' lang='lat' dir='ltr'><strong>posse</strong></span> <span class='ocrx_word' id='word_1_621' title='bbox 3035 4030 3139 4086; x_wconf 87' lang='lat' dir='ltr'><strong>sibi</strong></span> <span class='ocrx_word' id='word_1_622' title='bbox 3176 4031 3387 4103; x_wconf 85' lang='lat' dir='ltr'><strong>aliquid</strong></span> <span class='ocrx_word' id='word_1_623' title='bbox 3430 4031 3644 4089; x_wconf 83' lang='lat' dir='ltr'><strong>ecclesia</strong></span> <span class='ocrx_word' id='word_1_624' title='bbox 3679 4025 3809 4083; x_wconf 75' lang='lat' dir='ltr'><strong>riudi-</strong></span> <span class='ocrx_word' id='word_1_625' title='bbox 3914 4040 3915 4055; x_wconf 55' lang='grc' dir='ltr'><strong>π</strong></span> 
     </span>
    </p>
   </div>
   <div class='ocr_carea' id='block_1_86' title="bbox 2284 4120 3915 4194">
    <p class='ocr_par' dir='ltr' id='par_1_86' title="bbox 2284 4120 3915 4194">
     <span class='ocr_line' id='line_1_87' title="bbox 2284 4120 3915 4194; baseline -0.004 -16"><span class='ocrx_word' id='word_1_626' title='bbox 2284 4137 2431 4189; x_wconf 89' lang='lat' dir='ltr'><strong>care,</strong></span> <span class='ocrx_word' id='word_1_627' title='bbox 2466 4137 2586 4194; x_wconf 71' lang='lat' dir='ltr'><strong>qua:</strong></span> <span class='ocrx_word' id='word_1_628' title='bbox 2609 4130 2666 4176; x_wconf 88' lang='lat' dir='ltr'><strong>et</strong></span> <span class='ocrx_word' id='word_1_629' title='bbox 2687 4120 2787 4175; x_wconf 88' lang='lat' dir='ltr'><strong>sibi</strong></span> <span class='ocrx_word' id='word_1_630' title='bbox 2815 4128 2961 4175; x_wconf 87' lang='lat' dir='ltr'><strong>esset</strong></span> <span class='ocrx_word' id='word_1_631' title='bbox 2991 4134 3022 4174; x_wconf 90' lang='lat' dir='ltr'><strong>a</strong></span> <span class='ocrx_word' id='word_1_632' title='bbox 3051 4135 3179 4193; x_wconf 88' lang='lat' dir='ltr'><strong>rege</strong></span> <span class='ocrx_word' id='word_1_633' title='bbox 3203 4122 3436 4194; x_wconf 85' lang='lat' dir='ltr'><strong>Pippino</strong></span> <span class='ocrx_word' id='word_1_634' title='bbox 3464 4120 3747 4182; x_wconf 82' lang='lat' dir='ltr'><strong>commissa,</strong></span> <span class='ocrx_word' id='word_1_635' title='bbox 3768 4122 3811 4171; x_wconf 81' lang='lat' dir='ltr'><strong>et</strong></span> <span class='ocrx_word' id='word_1_636' title='bbox 3914 4120 3915 4141; x_wconf 84' lang='lat'>‘</span> 
     </span>
    </p>
   </div>
   <div class='ocr_carea' id='block_1_87' title="bbox 2268 4210 3807 4281">
    <p class='ocr_par' dir='ltr' id='par_1_87' title="bbox 2268 4210 3807 4281">
     <span class='ocr_line' id='line_1_88' title="bbox 2268 4210 3807 4281; baseline -0.007 -7"><span class='ocrx_word' id='word_1_637' title='bbox 2268 4216 2339 4275; x_wconf 86' lang='lat' dir='ltr'><strong>in</strong></span> <span class='ocrx_word' id='word_1_638' title='bbox 2392 4213 2687 4271; x_wconf 90' lang='lat' dir='ltr'><strong>dominium</strong></span> <span class='ocrx_word' id='word_1_639' title='bbox 2746 4212 3035 4267; x_wconf 86' lang='lat' dir='ltr'><strong>clarissimi</strong></span> <span class='ocrx_word' id='word_1_640' title='bbox 3102 4211 3282 4270; x_wconf 81' lang='lat' dir='ltr'><strong>Caroli</strong></span> <span class='ocrx_word' id='word_1_641' title='bbox 3335 4212 3678 4271; x_wconf 82' lang='lat' dir='ltr'><strong>successionis</strong></span> <span class='ocrx_word' id='word_1_642' title='bbox 3717 4210 3807 4281; x_wconf 76' lang='lat' dir='ltr'><strong>jure</strong></span> 
     </span>
    </p>
   </div>
   <div class='ocr_carea' id='block_1_88' title="bbox 2283 4296 3807 4376">
    <p class='ocr_par' dir='ltr' id='par_1_88' title="bbox 2283 4296 3807 4376">
     <span class='ocr_line' id='line_1_89' title="bbox 2283 4296 3807 4376; baseline -0.005 -16"><span class='ocrx_word' id='word_1_643' title='bbox 2283 4305 2625 4360; x_wconf 86' lang='lat' dir='ltr'><strong>transmissa.</strong></span> <span class='ocrx_word' id='word_1_644' title='bbox 2682 4301 2765 4357; x_wconf 85' lang='lat' dir='ltr'><strong>Ita</strong></span> <span class='ocrx_word' id='word_1_645' title='bbox 2799 4303 2881 4358; x_wconf 89' lang='lat' dir='ltr'><strong>eis</strong></span> <span class='ocrx_word' id='word_1_646' title='bbox 2917 4302 3007 4357; x_wconf 83' lang='lat' dir='ltr'><strong>ditt</strong></span> <span class='ocrx_word' id='word_1_647' title='bbox 3044 4301 3386 4376; x_wconf 87' lang='lat' dir='ltr'><strong>multumque</strong></span> <span class='ocrx_word' id='word_1_648' title='bbox 3434 4296 3731 4362; x_wconf 86' lang='lat' dir='ltr'><strong>certantibus</strong></span> <span class='ocrx_word' id='word_1_649' title='bbox 3767 4304 3807 4352; x_wconf 81' lang='lat' dir='ltr'><strong>et</strong></span> 
     </span>
    </p>
   </div>
   <div class='ocr_carea' id='block_1_89' title="bbox 2284 4397 3806 4469">
    <p class='ocr_par' dir='ltr' id='par_1_89' title="bbox 2284 4397 3806 4469">
     <span class='ocr_line' id='line_1_90' title="bbox 2284 4397 3806 4469; baseline -0.005 -14"><span class='ocrx_word' id='word_1_650' title='bbox 2284 4413 2342 4455; x_wconf 88' lang='lat' dir='ltr'><strong>re</strong></span> <span class='ocrx_word' id='word_1_651' title='bbox 2375 4400 2442 4455; x_wconf 90' lang='lat' dir='ltr'><strong>ad</strong></span> <span class='ocrx_word' id='word_1_652' title='bbox 2480 4397 2909 4454; x_wconf 79' lang='lat' dir='ltr'><strong>controversiam</strong></span> <span class='ocrx_word' id='word_1_653' title='bbox 2947 4411 3089 4469; x_wconf 62' lang='lat' dir='ltr'><strong>sape</strong></span> <span class='ocrx_word' id='word_1_654' title='bbox 3121 4397 3379 4466; x_wconf 88' lang='lat' dir='ltr'><strong>deducta,</strong></span> <span class='ocrx_word' id='word_1_655' title='bbox 3414 4399 3596 4455; x_wconf 85' lang='lat' dir='ltr'><strong>directi</strong></span> <span class='ocrx_word' id='word_1_656' title='bbox 3628 4404 3733 4453; x_wconf 82' lang='lat' dir='ltr'><strong>sunt</strong></span> <span class='ocrx_word' id='word_1_657' title='bbox 3757 4405 3806 4446; x_wconf 76' lang='lat' dir='ltr'><strong>ex</strong></span> 
     </span>
    </p>
   </div>
   <div class='ocr_carea' id='block_1_90' title="bbox 589 4459 3807 4572">
    <p class='ocr_par' dir='ltr' id='par_1_90' title="bbox 589 4459 3807 4572">
     <span class='ocr_line' id='line_1_91' title="bbox 589 4459 3807 4572; baseline 0.006 -53"><span class='ocrx_word' id='word_1_658' title='bbox 589 4463 883 4520; x_wconf 82' lang='lat' dir='ltr'><strong>scribenda</strong></span> <span class='ocrx_word' id='word_1_659' title='bbox 908 4480 1274 4536; x_wconf 86' lang='lat' dir='ltr'><strong>susceperam,</strong></span> <span class='ocrx_word' id='word_1_660' title='bbox 1313 4468 1526 4524; x_wconf 81' lang='lat' dir='ltr'><strong>videtur</strong></span> <span class='ocrx_word' id='word_1_661' title='bbox 1554 4469 1682 4525; x_wconf 86' lang='lat' dir='ltr'><strong>mihi</strong></span> <span class='ocrx_word' id='word_1_662' title='bbox 1710 4472 2017 4528; x_wconf 86' lang='lat' dir='ltr'><strong>necessario</strong></span> <span class='ocrx_word' id='word_1_663' title='bbox 2046 4459 2178 4543; x_wconf 81' lang='lat' dir='ltr'><strong>pau-</strong></span> <span class='ocrx_word' id='word_1_664' title='bbox 2204 4512 2254 4572; x_wconf 67' lang='grc' dir='ltr'>Β</span> <span class='ocrx_word' id='word_1_665' title='bbox 2284 4491 2451 4548; x_wconf 59' lang='grc' dir='ltr'><strong>διιετο</strong></span> <span class='ocrx_word' id='word_1_666' title='bbox 2486 4491 2631 4563; x_wconf 62' lang='grc' dir='ltr'><strong>ηεξ,</strong></span> <span class='ocrx_word' id='word_1_667' title='bbox 2666 4498 2730 4546; x_wconf 55' lang='grc' dir='ltr'><strong>ειν</strong></span> <span class='ocrx_word' id='word_1_668' title='bbox 2759 4488 2927 4546; x_wconf 72' lang='lat' dir='ltr'><strong>semel</strong></span> <span class='ocrx_word' id='word_1_669' title='bbox 2962 4459 3039 4544; x_wconf 62' lang='grc' dir='ltr'><strong>δι’</strong></span> <span class='ocrx_word' id='word_1_670' title='bbox 3066 4490 3263 4545; x_wconf 55' lang='lat' dir='ltr'><strong>imi-um</strong></span> <span class='ocrx_word' id='word_1_671' title='bbox 3304 4459 3376 4547; x_wconf 59' lang='grc' dir='ltr'><strong>δέ</strong></span> <span class='ocrx_word' id='word_1_672' title='bbox 3412 4491 3566 4545; x_wconf 64' lang='lat' dir='ltr'><strong>lenio</strong></span> <span class='ocrx_word' id='word_1_673' title='bbox 3597 4486 3734 4559; x_wconf 66' lang='lat' dir='ltr'><strong>legati</strong></span> <span class='ocrx_word' id='word_1_674' title='bbox 3760 4482 3807 4537; x_wconf 78' lang='grc' dir='ltr'><strong>ι-</strong></span> 
     </span>
    </p>
   </div>
   <div class='ocr_carea' id='block_1_91' title="bbox 584 4553 2193 4655">
    <p class='ocr_par' dir='ltr' id='par_1_91' title="bbox 584 4553 2178 4629">
     <span class='ocr_line' id='line_1_92' title="bbox 584 4553 2178 4629; baseline 0.008 -20"><span class='ocrx_word' id='word_1_675' title='bbox 584 4553 667 4609; x_wconf 86' lang='lat' dir='ltr'><strong>cis</strong></span> <span class='ocrx_word' id='word_1_676' title='bbox 703 4569 825 4609; x_wconf 86' lang='lat' dir='ltr'><strong>esse</strong></span> <span class='ocrx_word' id='word_1_677' title='bbox 870 4558 1277 4613; x_wconf 86' lang='lat' dir='ltr'><strong>monstrandum</strong></span> <span class='ocrx_word' id='word_1_678' title='bbox 1328 4568 1384 4614; x_wconf 94' lang='lat' dir='ltr'><strong>et</strong></span> <span class='ocrx_word' id='word_1_679' title='bbox 1426 4569 1550 4629; x_wconf 91' lang='lat' dir='ltr'><strong>post</strong></span> <span class='ocrx_word' id='word_1_680' title='bbox 1596 4559 1769 4616; x_wconf 88' lang='lat' dir='ltr'><strong>editos</strong></span> <span class='ocrx_word' id='word_1_681' title='bbox 1815 4561 2022 4620; x_wconf 90' lang='lat' dir='ltr'><strong>libellos</strong></span> <span class='ocrx_word' id='word_1_682' title='bbox 2042 4565 2178 4622; x_wconf 89' lang='lat' dir='ltr'><strong>duos</strong></span> 
     </span>
    </p>
   </div>
   <div class='ocr_carea' id='block_1_92' title="bbox 2294 4553 3804 4655">
    <p class='ocr_par' dir='ltr' id='par_1_92' title="bbox 2294 4576 3804 4655">
     <span class='ocr_line' id='line_1_93' title="bbox 2294 4576 3804 4655; baseline -0.007 -14"><span class='ocrx_word' id='word_1_683' title='bbox 2294 4585 2490 4642; x_wconf 80' lang='lat' dir='ltr'><strong>dissimi</strong></span> <span class='ocrx_word' id='word_1_684' title='bbox 2524 4594 2582 4640; x_wconf 92' lang='lat' dir='ltr'><strong>et</strong></span> <span class='ocrx_word' id='word_1_685' title='bbox 2617 4597 2846 4640; x_wconf 78' lang='lat' dir='ltr'><strong>veraces</strong></span> <span class='ocrx_word' id='word_1_686' title='bbox 2871 4622 2887 4647; x_wconf 91' lang='lat'><strong>,</strong></span> <span class='ocrx_word' id='word_1_687' title='bbox 2926 4581 3018 4651; x_wconf 86' lang='lat' dir='ltr'><strong>qui</strong></span> <span class='ocrx_word' id='word_1_688' title='bbox 3055 4595 3273 4638; x_wconf 84' lang='lat' dir='ltr'><strong>causam</strong></span> <span class='ocrx_word' id='word_1_689' title='bbox 3314 4582 3594 4655; x_wconf 69' lang='lat' dir='ltr'><strong>diligenter</strong></span> <span class='ocrx_word' id='word_1_690' title='bbox 3626 4576 3804 4648; x_wconf 77' lang='lat' dir='ltr'><strong>inquire-</strong></span> 
     </span>
    </p>
   </div>
   <div class='ocr_carea' id='block_1_93' title="bbox 585 4644 2174 4722">
    <p class='ocr_par' dir='ltr' id='par_1_93' title="bbox 585 4644 2174 4722">
     <span class='ocr_line' id='line_1_94' title="bbox 585 4644 2174 4722; baseline 0.008 -23"><span class='ocrx_word' id='word_1_691' title='bbox 585 4644 829 4714; x_wconf 90' lang='lat' dir='ltr'><strong>quodam</strong></span> <span class='ocrx_word' id='word_1_692' title='bbox 866 4645 1230 4703; x_wconf 85' lang='lat' dir='ltr'><strong>extrah&#39;minio</strong></span> <span class='ocrx_word' id='word_1_693' title='bbox 1265 4649 1703 4718; x_wconf 75' lang='lat' dir='ltr'><strong>memorandum,</strong></span> <span class='ocrx_word' id='word_1_694' title='bbox 1721 4653 2174 4722; x_wconf 88' lang='lat' dir='ltr'><strong>quemadmodum</strong></span> 
     </span>
    </p>
   </div>
   <div class='ocr_carea' id='block_1_94' title="bbox 583 4736 2175 4819">
    <p class='ocr_par' dir='ltr' id='par_1_94' title="bbox 583 4736 2175 4819">
     <span class='ocr_line' id='line_1_95' title="bbox 583 4736 2175 4819; baseline 0.009 -34"><span class='ocrx_word' id='word_1_695' title='bbox 583 4742 637 4787; x_wconf 88' lang='lat' dir='ltr'><strong>et</strong></span> <span class='ocrx_word' id='word_1_696' title='bbox 677 4749 785 4804; x_wconf 88' lang='lat' dir='ltr'><strong>qua</strong></span> <span class='ocrx_word' id='word_1_697' title='bbox 810 4750 880 4792; x_wconf 88' lang='lat' dir='ltr'><strong>ex</strong></span> <span class='ocrx_word' id='word_1_698' title='bbox 918 4750 1082 4812; x_wconf 87' lang='lat' dir='ltr'><strong>causa</strong></span> <span class='ocrx_word' id='word_1_699' title='bbox 1115 4736 1249 4793; x_wconf 88' lang='lat' dir='ltr'><strong>cella</strong></span> <span class='ocrx_word' id='word_1_700' title='bbox 1276 4737 1338 4792; x_wconf 89' lang='lat' dir='ltr'><strong>B.</strong></span> <span class='ocrx_word' id='word_1_701' title='bbox 1366 4737 1559 4796; x_wconf 87' lang='lat' dir='ltr'><strong>Coaris</strong></span> <span class='ocrx_word' id='word_1_702' title='bbox 1586 4743 1916 4819; x_wconf 66' lang='lat' dir='ltr'><strong>monasterio</strong></span> <span class='ocrx_word' id='word_1_703' title='bbox 1943 4742 2175 4801; x_wconf 74' lang='lat' dir='ltr'><strong>Promis:</strong></span> 
     </span>
    </p>
   </div>
   <div class='ocr_carea' id='block_1_95' title="bbox 582 4824 2178 4906">
    <p class='ocr_par' dir='ltr' id='par_1_95' title="bbox 582 4824 2178 4906">
     <span class='ocr_line' id='line_1_96' title="bbox 582 4824 2178 4906; baseline 0.009 -31"><span class='ocrx_word' id='word_1_704' title='bbox 582 4824 759 4880; x_wconf 88' lang='lat' dir='ltr'><strong>fuerit</strong></span> <span class='ocrx_word' id='word_1_705' title='bbox 792 4826 1024 4895; x_wconf 87' lang='lat' dir='ltr'><strong>sociata,</strong></span> <span class='ocrx_word' id='word_1_706' title='bbox 1054 4836 1115 4883; x_wconf 88' lang='lat' dir='ltr'><strong>nt</strong></span> <span class='ocrx_word' id='word_1_707' title='bbox 1143 4828 1290 4884; x_wconf 91' lang='lat' dir='ltr'><strong>omni</strong></span> <span class='ocrx_word' id='word_1_708' title='bbox 1319 4837 1559 4901; x_wconf 89' lang='lat' dir='ltr'><strong>tempore</strong></span> <span class='ocrx_word' id='word_1_709' title='bbox 1587 4832 1688 4888; x_wconf 88' lang='lat' dir='ltr'><strong>sub</strong></span> <span class='ocrx_word' id='word_1_710' title='bbox 1718 4833 1977 4905; x_wconf 88' lang='lat' dir='ltr'><strong>regimine</strong></span> <span class='ocrx_word' id='word_1_711' title='bbox 2003 4842 2059 4889; x_wconf 92' lang='lat' dir='ltr'><strong>et</strong></span> <span class='ocrx_word' id='word_1_712' title='bbox 2085 4850 2178 4906; x_wconf 90' lang='lat' dir='ltr'><strong>po-</strong></span> 
     </span>
    </p>
   </div>
   <div class='ocr_carea' id='block_1_96' title="bbox 585 4910 2176 5000">
    <p class='ocr_par' dir='ltr' id='par_1_96' title="bbox 585 4910 2176 5000">
     <span class='ocr_line' id='line_1_97' title="bbox 585 4910 2176 5000; baseline 0.009 -32"><span class='ocrx_word' id='word_1_713' title='bbox 585 4924 791 4972; x_wconf 88' lang='lat' dir='ltr'><strong>testate</strong></span> <span class='ocrx_word' id='word_1_714' title='bbox 839 4916 1051 4975; x_wconf 89' lang='lat' dir='ltr'><strong>abbatis</strong></span> <span class='ocrx_word' id='word_1_715' title='bbox 1086 4919 1178 4990; x_wconf 90' lang='lat' dir='ltr'><strong>qui</strong></span> <span class='ocrx_word' id='word_1_716' title='bbox 1206 4919 1257 4974; x_wconf 89' lang='lat' dir='ltr'><strong>ei</strong></span> <span class='ocrx_word' id='word_1_717' title='bbox 1283 4921 1613 4977; x_wconf 87' lang='lat' dir='ltr'><strong>monasterio</strong></span> <span class='ocrx_word' id='word_1_718' title='bbox 1641 4910 1862 4980; x_wconf 86' lang='lat' dir='ltr'><strong>auctore</strong></span> <span class='ocrx_word' id='word_1_719' title='bbox 1890 4924 2011 5000; x_wconf 78' lang='lat' dir='ltr'><strong>Deo</strong></span> <span class='ocrx_word' id='word_1_720' title='bbox 2036 4941 2176 4997; x_wconf 68' lang='lat' dir='ltr'><strong>prae-</strong></span> 
     </span>
    </p>
   </div>
   <div class='ocr_carea' id='block_1_97' title="bbox 582 5007 1590 5081">
    <p class='ocr_par' dir='ltr' id='par_1_97' title="bbox 582 5007 1590 5081">
     <span class='ocr_line' id='line_1_98' title="bbox 582 5007 1590 5081; baseline 0.01 -21"><span class='ocrx_word' id='word_1_721' title='bbox 582 5007 775 5074; x_wconf 84' lang='lat' dir='ltr'><strong>fuerit,</strong></span> <span class='ocrx_word' id='word_1_722' title='bbox 807 5008 922 5079; x_wconf 89' lang='lat' dir='ltr'><strong>ipsa</strong></span> <span class='ocrx_word' id='word_1_723' title='bbox 952 5026 1168 5081; x_wconf 89' lang='lat' dir='ltr'><strong>quoque</strong></span> <span class='ocrx_word' id='word_1_724' title='bbox 1199 5026 1320 5068; x_wconf 90' lang='lat' dir='ltr'><strong>esse</strong></span> <span class='ocrx_word' id='word_1_725' title='bbox 1345 5013 1590 5070; x_wconf 89' lang='lat' dir='ltr'><strong>deberet.</strong></span> 
     </span>
    </p>
   </div>
   <div class='ocr_carea' id='block_1_98' title="bbox 878 5117 1890 5194">
    <p class='ocr_par' dir='ltr' id='par_1_98' title="bbox 878 5117 1890 5194">
     <span class='ocr_line' id='line_1_99' title="bbox 878 5117 1890 5194; baseline 0.008 -23"><span class='ocrx_word' id='word_1_726' title='bbox 878 5117 1206 5175; x_wconf 80' lang='lat' dir='ltr'><strong>Prumiemis</strong></span> <span class='ocrx_word' id='word_1_727' title='bbox 1236 5122 1545 5178; x_wconf 79' lang='lat' dir='ltr'><strong>monasterii</strong></span> <span class='ocrx_word' id='word_1_728' title='bbox 1579 5124 1890 5194; x_wconf 83' lang='lat' dir='ltr'><strong>primordia.</strong></span> 
     </span>
    </p>
   </div>
   <div class='ocr_carea' id='block_1_99' title="bbox 659 5224 2173 5291">
    <p class='ocr_par' dir='ltr' id='par_1_99' title="bbox 659 5224 2173 5291">
     <span class='ocr_line' id='line_1_100' title="bbox 659 5224 2173 5291; baseline 0.007 -10"><span class='ocrx_word' id='word_1_729' title='bbox 659 5224 754 5281; x_wconf 71' lang='grc' dir='ltr'><strong>ιι.</strong></span> <span class='ocrx_word' id='word_1_730' title='bbox 793 5225 1276 5285; x_wconf 76' lang='lat' dir='ltr'><strong>Excellentissima:</strong></span> <span class='ocrx_word' id='word_1_731' title='bbox 1338 5232 1617 5289; x_wconf 71' lang='lat' dir='ltr'><strong>memoria:</strong></span> <span class='ocrx_word' id='word_1_732' title='bbox 1682 5249 1776 5288; x_wconf 84' lang='lat' dir='ltr'><strong>rex</strong></span> <span class='ocrx_word' id='word_1_733' title='bbox 1833 5233 2173 5291; x_wconf 83' lang='lat' dir='ltr'><strong>Francorum</strong></span> 
     </span>
    </p>
   </div>
   <div class='ocr_carea' id='block_1_100' title="bbox 582 5317 2177 5399">
    <p class='ocr_par' dir='ltr' id='par_1_100' title="bbox 582 5317 2177 5399">
     <span class='ocr_line' id='line_1_101' title="bbox 582 5317 2177 5399; baseline 0.006 -26"><span class='ocrx_word' id='word_1_734' title='bbox 582 5317 642 5374; x_wconf 85' lang='lat' dir='ltr'><strong>Pi</strong></span> <span class='ocrx_word' id='word_1_735' title='bbox 654 5319 848 5390; x_wconf 87' lang='lat' dir='ltr'><strong>ppinus</strong></span> <span class='ocrx_word' id='word_1_736' title='bbox 870 5327 1025 5391; x_wconf 86' lang='lat' dir='ltr'><strong>pater</strong></span> <span class='ocrx_word' id='word_1_737' title='bbox 1054 5320 1394 5394; x_wconf 83' lang='lat' dir='ltr'><strong>imperatoris</strong></span> <span class='ocrx_word' id='word_1_738' title='bbox 1415 5323 1761 5381; x_wconf 85' lang='lat' dir='ltr'><strong>famosissimi</strong></span> <span class='ocrx_word' id='word_1_739' title='bbox 1791 5325 1993 5392; x_wconf 85' lang='lat' dir='ltr'><strong>Caroli,</strong></span> <span class='ocrx_word' id='word_1_740' title='bbox 2025 5336 2177 5399; x_wconf 90' lang='lat' dir='ltr'><strong>post-</strong></span> 
     </span>
    </p>
   </div>
   <div class='ocr_carea' id='block_1_101' title="bbox 582 5413 2176 5486">
    <p class='ocr_par' dir='ltr' id='par_1_101' title="bbox 582 5413 2176 5486">
     <span class='ocr_line' id='line_1_102' title="bbox 582 5413 2176 5486; baseline 0.006 -21"><span class='ocrx_word' id='word_1_741' title='bbox 582 5424 753 5481; x_wconf 86' lang='lat' dir='ltr'><strong>quam</strong></span> <span class='ocrx_word' id='word_1_742' title='bbox 782 5418 842 5467; x_wconf 93' lang='lat' dir='ltr'><strong>ut</strong></span> <span class='ocrx_word' id='word_1_743' title='bbox 864 5413 1118 5470; x_wconf 89' lang='lat' dir='ltr'><strong>omnibus</strong></span> <span class='ocrx_word' id='word_1_744' title='bbox 1143 5427 1311 5486; x_wconf 81' lang='lat' dir='ltr'><strong>prape</strong></span> <span class='ocrx_word' id='word_1_745' title='bbox 1344 5423 1535 5470; x_wconf 90' lang='lat' dir='ltr'><strong>notum</strong></span> <span class='ocrx_word' id='word_1_746' title='bbox 1562 5424 1648 5473; x_wconf 87' lang='lat' dir='ltr'><strong>est</strong></span> <span class='ocrx_word' id='word_1_747' title='bbox 1672 5432 1857 5474; x_wconf 88' lang='lat' dir='ltr'><strong>amore</strong></span> <span class='ocrx_word' id='word_1_748' title='bbox 1886 5417 2089 5474; x_wconf 89' lang='lat' dir='ltr'><strong>Christi</strong></span> <span class='ocrx_word' id='word_1_749' title='bbox 2117 5427 2176 5475; x_wconf 89' lang='lat' dir='ltr'><strong>ct</strong></span> 
     </span>
    </p>
   </div>
   <div class='ocr_carea' id='block_1_102' title="bbox 582 5504 2174 5584">
    <p class='ocr_par' dir='ltr' id='par_1_102' title="bbox 582 5504 2174 5584">
     <span class='ocr_line' id='line_1_103' title="bbox 582 5504 2174 5584; baseline 0.005 -26"><span class='ocrx_word' id='word_1_750' title='bbox 582 5504 776 5562; x_wconf 86' lang='lat' dir='ltr'><strong>uxoris</strong></span> <span class='ocrx_word' id='word_1_751' title='bbox 820 5520 935 5563; x_wconf 65' lang='lat' dir='ltr'><strong>suae</strong></span> <span class='ocrx_word' id='word_1_752' title='bbox 981 5515 1183 5563; x_wconf 81' lang='lat' dir='ltr'><strong>sanctae</strong></span> <span class='ocrx_word' id='word_1_753' title='bbox 1232 5508 1627 5565; x_wconf 84' lang='lat' dir='ltr'><strong>recordationis</strong></span> <span class='ocrx_word' id='word_1_754' title='bbox 1672 5508 1952 5568; x_wconf 71' lang='lat' dir='ltr'><strong>Bertradaa</strong></span> <span class='ocrx_word' id='word_1_755' title='bbox 1983 5520 2174 5584; x_wconf 90' lang='lat' dir='ltr'><strong>rogatu</strong></span> 
     </span>
    </p>
   </div>
   <div class='ocr_carea' id='block_1_103' title="bbox 580 5660 2173 5737">
    <p class='ocr_par' dir='ltr' id='par_1_103' title="bbox 580 5660 2173 5737">
     <span class='ocr_line' id='line_1_104' title="bbox 580 5660 2173 5737; baseline 0.007 -24"><span class='ocrx_word' id='word_1_756' title='bbox 580 5700 586 5713; x_wconf 91' lang='lat'><strong>.</strong></span> <span class='ocrx_word' id='word_1_757' title='bbox 656 5673 682 5703; x_wconf 76' lang='grc' dir='ltr'><strong>ι</strong></span> <span class='ocrx_word' id='word_1_758' title='bbox 725 5660 895 5719; x_wconf 86' lang='lat' dir='ltr'><strong>Totus</strong></span> <span class='ocrx_word' id='word_1_759' title='bbox 933 5663 1036 5721; x_wconf 82' lang='lat' dir='ltr'><strong>iste</strong></span> <span class='ocrx_word' id='word_1_760' title='bbox 1073 5663 1334 5721; x_wconf 87' lang='lat' dir='ltr'><strong>articulus</strong></span> <span class='ocrx_word' id='word_1_761' title='bbox 1383 5666 1521 5737; x_wconf 86' lang='lat' dir='ltr'><strong>apud</strong></span> <span class='ocrx_word' id='word_1_762' title='bbox 1557 5666 1776 5724; x_wconf 87' lang='lat' dir='ltr'><strong>Surium</strong></span> <span class='ocrx_word' id='word_1_763' title='bbox 1815 5667 2173 5735; x_wconf 86' lang='lat' dir='ltr'><strong>desideratur,</strong></span> 
     </span>
    </p>
   </div>
   <div class='ocr_carea' id='block_1_104' title="bbox 2285 4670 3807 4744">
    <p class='ocr_par' dir='ltr' id='par_1_104' title="bbox 2285 4670 3807 4744">
     <span class='ocr_line' id='line_1_105' title="bbox 2285 4670 3807 4744; baseline -0.007 -13"><span class='ocrx_word' id='word_1_764' title='bbox 2285 4685 2445 4742; x_wconf 87' lang='lat' dir='ltr'><strong>rent,</strong></span> <span class='ocrx_word' id='word_1_765' title='bbox 2486 4674 2741 4743; x_wconf 88' lang='lat' dir='ltr'><strong>litemque</strong></span> <span class='ocrx_word' id='word_1_766' title='bbox 2778 4685 3018 4744; x_wconf 82' lang='lat' dir='ltr'><strong>congrue</strong></span> <span class='ocrx_word' id='word_1_767' title='bbox 3051 4672 3451 4739; x_wconf 85' lang='lat' dir='ltr'><strong>terminarent;</strong></span> <span class='ocrx_word' id='word_1_768' title='bbox 3504 4670 3685 4743; x_wconf 85' lang='lat' dir='ltr'><strong>quique</strong></span> <span class='ocrx_word' id='word_1_769' title='bbox 3719 4676 3807 4721; x_wconf 78' lang='lat' dir='ltr'><strong>rem</strong></span> 
     </span>
    </p>
   </div>
   <div class='ocr_carea' id='block_1_105' title="bbox 2279 4760 3803 4832">
    <p class='ocr_par' dir='ltr' id='par_1_105' title="bbox 2279 4760 3803 4832">
     <span class='ocr_line' id='line_1_106' title="bbox 2279 4760 3803 4832; baseline -0.006 -13"><span class='ocrx_word' id='word_1_770' title='bbox 2279 4766 2674 4829; x_wconf 78' lang='lat' dir='ltr'><strong>examinantes,</strong></span> <span class='ocrx_word' id='word_1_771' title='bbox 2698 4776 2806 4817; x_wconf 89' lang='lat' dir='ltr'><strong>non</strong></span> <span class='ocrx_word' id='word_1_772' title='bbox 2846 4760 2990 4815; x_wconf 91' lang='lat' dir='ltr'><strong>aliud</strong></span> <span class='ocrx_word' id='word_1_773' title='bbox 3026 4775 3190 4832; x_wconf 88' lang='lat' dir='ltr'><strong>quam</strong></span> <span class='ocrx_word' id='word_1_774' title='bbox 3223 4762 3370 4832; x_wconf 89' lang='lat' dir='ltr'><strong>quod</strong></span> <span class='ocrx_word' id='word_1_775' title='bbox 3406 4762 3568 4818; x_wconf 81' lang='lat' dir='ltr'><strong>abbas</strong></span> <span class='ocrx_word' id='word_1_776' title='bbox 3595 4762 3803 4831; x_wconf 65' lang='lat' dir='ltr'><strong>protecti-</strong></span> 
     </span>
    </p>
   </div>
   <div class='ocr_carea' id='block_1_106' title="bbox 2282 4837 3915 4926">
    <p class='ocr_par' dir='ltr' id='par_1_106' title="bbox 2282 4837 3915 4926">
     <span class='ocr_line' id='line_1_107' title="bbox 2282 4837 3915 4926; baseline -0.009 -12"><span class='ocrx_word' id='word_1_777' title='bbox 2282 4866 2368 4914; x_wconf 86' lang='lat' dir='ltr'><strong>tus</strong></span> <span class='ocrx_word' id='word_1_778' title='bbox 2414 4857 2589 4912; x_wconf 89' lang='lat' dir='ltr'><strong>fuerat</strong></span> <span class='ocrx_word' id='word_1_779' title='bbox 2645 4856 2988 4919; x_wconf 83' lang='lat' dir='ltr'><strong>invenerunt,</strong></span> <span class='ocrx_word' id='word_1_780' title='bbox 3029 4851 3163 4925; x_wconf 82' lang='lat' dir='ltr'><strong>regii</strong></span> <span class='ocrx_word' id='word_1_781' title='bbox 3224 4852 3437 4909; x_wconf 86' lang='lat' dir='ltr'><strong>scilicet</strong></span> <span class='ocrx_word' id='word_1_782' title='bbox 3472 4849 3617 4926; x_wconf 69' lang='grc' dir='ltr'><strong>[ευρ.</strong></span> <span class='ocrx_word' id='word_1_783' title='bbox 3646 4837 3808 4918; x_wconf 62' lang='lat' dir='ltr'><strong>petitu}</strong></span> <span class='ocrx_word' id='word_1_784' title='bbox 3914 4856 3915 4861; x_wconf 83' lang='lat'>‘</span> 
     </span>
    </p>
   </div>
   <div class='ocr_carea' id='block_1_107' title="bbox 2279 4934 3799 5023">
    <p class='ocr_par' dir='ltr' id='par_1_107' title="bbox 2279 4934 3799 5023">
     <span class='ocr_line' id='line_1_108' title="bbox 2279 4934 3799 5023; baseline -0.004 -18"><span class='ocrx_word' id='word_1_785' title='bbox 2279 4966 2441 5023; x_wconf 83' lang='lat' dir='ltr'><strong>quam</strong></span> <span class='ocrx_word' id='word_1_786' title='bbox 2477 4946 2831 5005; x_wconf 86' lang='lat' dir='ltr'><strong>ecclesiastici</strong></span> <span class='ocrx_word' id='word_1_787' title='bbox 2861 4945 3004 5019; x_wconf 88' lang='lat' dir='ltr'><strong>juris</strong></span> <span class='ocrx_word' id='word_1_788' title='bbox 3039 4945 3444 5017; x_wconf 83' lang='lat' dir='ltr'><strong>possessionem</strong></span> <span class='ocrx_word' id='word_1_789' title='bbox 3495 4943 3591 5001; x_wconf 91' lang='lat' dir='ltr'><strong>loci</strong></span> <span class='ocrx_word' id='word_1_790' title='bbox 3631 4934 3799 5009; x_wconf 64' lang='lat' dir='ltr'><strong>sepedi&#39;</strong></span> 
     </span>
    </p>
   </div>
   <div class='ocr_carea' id='block_1_108' title="bbox 2279 5039 2656 5095">
    <p class='ocr_par' dir='ltr' id='par_1_108' title="bbox 2279 5039 2656 5095">
     <span class='ocr_line' id='line_1_109' title="bbox 2279 5039 2656 5095; baseline -0.005 0"><span class='ocrx_word' id='word_1_791' title='bbox 2279 5039 2352 5095; x_wconf 82' lang='lat' dir='ltr'><strong>eti</strong></span> <span class='ocrx_word' id='word_1_792' title='bbox 2398 5039 2656 5094; x_wconf 80' lang='lat' dir='ltr'><strong>existere.</strong></span> 
     </span>
    </p>
   </div>
   <div class='ocr_carea' id='block_1_109' title="bbox 2284 5138 3797 5220">
    <p class='ocr_par' dir='ltr' id='par_1_109' title="bbox 2284 5138 3797 5220">
     <span class='ocr_line' id='line_1_110' title="bbox 2284 5138 3797 5220; baseline -0.007 -13"><span class='ocrx_word' id='word_1_793' title='bbox 2284 5138 2287 5141; x_wconf 67' lang='grc'><em>’</em></span> <span class='ocrx_word' id='word_1_794' title='bbox 2348 5151 2438 5207; x_wconf 74' lang='grc'><strong>46.</strong></span> <span class='ocrx_word' id='word_1_795' title='bbox 2477 5149 2587 5208; x_wconf 90' lang='lat' dir='ltr'><strong>Sed</strong></span> <span class='ocrx_word' id='word_1_796' title='bbox 2612 5164 2735 5207; x_wconf 91' lang='lat' dir='ltr'><strong>cum</strong></span> <span class='ocrx_word' id='word_1_797' title='bbox 2751 5148 3007 5219; x_wconf 89' lang='lat' dir='ltr'><strong>episcopo</strong></span> <span class='ocrx_word' id='word_1_798' title='bbox 3026 5147 3144 5203; x_wconf 67' lang='lat' dir='ltr'><strong>hate</strong></span> <span class='ocrx_word' id='word_1_799' title='bbox 3171 5162 3511 5220; x_wconf 85' lang='lat' dir='ltr'><strong>nequaquam</strong></span> <span class='ocrx_word' id='word_1_800' title='bbox 3531 5141 3797 5201; x_wconf 70' lang='lat' dir='ltr'><strong>sufﬁcerent.</strong></span> 
     </span>
    </p>
   </div>
   <div class='ocr_carea' id='block_1_110' title="bbox 2280 5228 3797 5308">
    <p class='ocr_par' dir='ltr' id='par_1_110' title="bbox 2280 5228 3797 5308">
     <span class='ocr_line' id='line_1_111' title="bbox 2280 5228 3797 5308; baseline -0.007 -10"><span class='ocrx_word' id='word_1_801' title='bbox 2280 5242 2676 5298; x_wconf 87' lang='lat' dir='ltr'><strong>famosissimus</strong></span> <span class='ocrx_word' id='word_1_802' title='bbox 2702 5239 2975 5308; x_wconf 88' lang='lat' dir='ltr'><strong>princeps,</strong></span> <span class='ocrx_word' id='word_1_803' title='bbox 3008 5236 3195 5293; x_wconf 88' lang='lat' dir='ltr'><strong>habito</strong></span> <span class='ocrx_word' id='word_1_804' title='bbox 3223 5238 3277 5293; x_wconf 90' lang='lat' dir='ltr'><strong>in</strong></span> <span class='ocrx_word' id='word_1_805' title='bbox 3306 5237 3538 5295; x_wconf 88' lang='lat' dir='ltr'><strong>Saxonia</strong></span> <span class='ocrx_word' id='word_1_806' title='bbox 3552 5247 3694 5304; x_wconf 80' lang='lat' dir='ltr'><strong>super</strong></span> <span class='ocrx_word' id='word_1_807' title='bbox 3713 5228 3797 5283; x_wconf 74' lang='lat' dir='ltr'><strong>loll-</strong></span> 
     </span>
    </p>
   </div>
   <div class='ocr_carea' id='block_1_111' title="bbox 2278 5323 3796 5401">
    <p class='ocr_par' dir='ltr' id='par_1_111' title="bbox 2278 5323 3796 5401">
     <span class='ocr_line' id='line_1_112' title="bbox 2278 5323 3796 5401; baseline -0.009 -15"><span class='ocrx_word' id='word_1_808' title='bbox 2278 5339 2386 5386; x_wconf 89' lang='lat' dir='ltr'><strong>tem</strong></span> <span class='ocrx_word' id='word_1_809' title='bbox 2428 5330 2518 5401; x_wconf 89' lang='lat' dir='ltr'><strong>qui</strong></span> <span class='ocrx_word' id='word_1_810' title='bbox 2560 5328 2750 5399; x_wconf 87' lang='lat' dir='ltr'><strong>Lippia</strong></span> <span class='ocrx_word' id='word_1_811' title='bbox 2781 5324 2967 5399; x_wconf 89' lang='lat' dir='ltr'><strong>[Surio</strong></span> <span class='ocrx_word' id='word_1_812' title='bbox 2991 5325 3185 5401; x_wconf 81' lang='lat' dir='ltr'><strong>Lupia]</strong></span> <span class='ocrx_word' id='word_1_813' title='bbox 3226 5328 3429 5384; x_wconf 88' lang='lat' dir='ltr'><strong>dicitur.</strong></span> <span class='ocrx_word' id='word_1_814' title='bbox 3449 5323 3665 5400; x_wconf 83' lang='lat' dir='ltr'><strong>generali</strong></span> <span class='ocrx_word' id='word_1_815' title='bbox 3697 5331 3796 5374; x_wconf 86' lang='lat' dir='ltr'><strong>con-</strong></span> 
     </span>
    </p>
   </div>
   <div class='ocr_carea' id='block_1_112' title="bbox 2278 5415 3796 5490">
    <p class='ocr_par' dir='ltr' id='par_1_112' title="bbox 2278 5415 3796 5490">
     <span class='ocr_line' id='line_1_113' title="bbox 2278 5415 3796 5490; baseline -0.006 -14"><span class='ocrx_word' id='word_1_816' title='bbox 2278 5430 2440 5478; x_wconf 84' lang='lat' dir='ltr'><strong>ventu</strong></span> <span class='ocrx_word' id='word_1_817' title='bbox 2466 5461 2484 5487; x_wconf 91' lang='lat'><strong>,</strong></span> <span class='ocrx_word' id='word_1_818' title='bbox 2525 5420 2627 5477; x_wconf 86' lang='lat' dir='ltr'><strong>sub</strong></span> <span class='ocrx_word' id='word_1_819' title='bbox 2654 5416 2942 5490; x_wconf 65' lang='lat' dir='ltr'><strong>praesentia</strong></span> <span class='ocrx_word' id='word_1_820' title='bbox 2985 5417 3150 5473; x_wconf 92' lang='lat' dir='ltr'><strong>totius</strong></span> <span class='ocrx_word' id='word_1_821' title='bbox 3174 5433 3340 5490; x_wconf 90' lang='lat' dir='ltr'><strong>prope</strong></span> <span class='ocrx_word' id='word_1_822' title='bbox 3367 5418 3515 5490; x_wconf 88' lang='lat' dir='ltr'><strong>regni</strong></span> <span class='ocrx_word' id='word_1_823' title='bbox 3541 5415 3796 5489; x_wconf 77' lang='lat' dir='ltr'><strong>primatum.</strong></span> 
     </span>
    </p>
   </div>
   <div class='ocr_carea' id='block_1_113' title="bbox 2276 5508 3793 5583">
    <p class='ocr_par' dir='ltr' id='par_1_113' title="bbox 2276 5508 3793 5583">
     <span class='ocr_line' id='line_1_114' title="bbox 2276 5508 3793 5583; baseline -0.009 -12"><span class='ocrx_word' id='word_1_824' title='bbox 2276 5522 2335 5571; x_wconf 92' lang='lat' dir='ltr'><strong>et</strong></span> <span class='ocrx_word' id='word_1_825' title='bbox 2374 5513 2659 5583; x_wconf 86' lang='lat' dir='ltr'><strong>utriusque</strong></span> <span class='ocrx_word' id='word_1_826' title='bbox 2697 5508 2907 5568; x_wconf 87' lang='lat' dir='ltr'><strong>ordinis</strong></span> <span class='ocrx_word' id='word_1_827' title='bbox 2951 5508 3379 5565; x_wconf 86' lang='lat' dir='ltr'><strong>clarissimorum</strong></span> <span class='ocrx_word' id='word_1_828' title='bbox 3424 5509 3676 5567; x_wconf 81' lang='lat' dir='ltr'><strong>virorum,</strong></span> <span class='ocrx_word' id='word_1_829' title='bbox 3712 5509 3793 5553; x_wconf 75' lang='lat' dir='ltr'><strong>rem</strong></span> 
     </span>
    </p>
   </div>
   <div class='ocr_carea' id='block_1_114' title="bbox 2278 5638 3795 5739">
    <p class='ocr_par' dir='ltr' id='par_1_114' title="bbox 2278 5638 3795 5739">
     <span class='ocr_line' id='line_1_115' title="bbox 2278 5638 3795 5739; baseline -0.015 -15"><span class='ocrx_word' id='word_1_830' title='bbox 2278 5638 2443 5739; x_wconf 80' lang='lat' dir='ltr'><strong>quem</strong></span> <span class='ocrx_word' id='word_1_831' title='bbox 2472 5681 2543 5722; x_wconf 85' lang='lat' dir='ltr'><strong>ex</strong></span> <span class='ocrx_word' id='word_1_832' title='bbox 2563 5664 2752 5721; x_wconf 88' lang='lat' dir='ltr'><strong>eodem</strong></span> <span class='ocrx_word' id='word_1_833' title='bbox 2783 5659 2996 5731; x_wconf 77' lang='lat' dir='ltr'><strong>Rcmig.</strong></span> <span class='ocrx_word' id='word_1_834' title='bbox 3022 5661 3470 5737; x_wconf 78' lang='lat' dir='ltr'><strong>dcprompsimus.</strong></span> <span class='ocrx_word' id='word_1_835' title='bbox 3503 5654 3643 5717; x_wconf 83' lang='lat' dir='ltr'><strong>Couf.</strong></span> <span class='ocrx_word' id='word_1_836' title='bbox 3662 5667 3707 5707; x_wconf 83' lang='grc' dir='ltr'><strong>η.</strong></span> <span class='ocrx_word' id='word_1_837' title='bbox 3727 5645 3795 5703; x_wconf 69' lang='lat'><strong>56.</strong></span> 
     </span>
    </p>
   </div>
  </div>
