4000 6352
175 380 282 436 673

777 375 1136 436 APPENDIX.
1179 409 1245 420 --
1283 374 1670 434 TllASLATlO
1708 372 1813 430 SS.
1857 375 1979 430 MM.
2022 377 2422 436 CIIRYSANTI
2460 381 2551 438 ET
2590 383 2842 442 DARUE.

3340 391 3441 446 ὃτι

176 508 274 564 per
303 505 364 546 se
395 489 817 547 examinandam
841 491 1111 560 suscepit,
1139 491 1492 560 omniumque
1519 490 1610 560 qui
1641 498 1752 545 tum
1782 501 1830 562 Α
1857 491 1980 546 dem
2011 491 2160 547 cella:
2182 493 2478 550 dominium
2508 495 2789 562 retineret,
2816 497 2982 551 sedet
3010 496 3115 552 illis
3141 513 3260 568 qum
3293 500 3438 555 futu-

177 581 402 639 adfuere
415 581 620 650 judicio
640 622 654 644 ,
679 580 1031 650 jurisjurandi
1055 581 1294 638 conditio
1335 581 1608 638 causidico
1638 597 1754 638 mo-

177 673 440 737 nasterii,
469 681 597 727 tunc
643 671 882 726 Raberto
923 672 1139 728 nomine
1181 680 1265 728 est
1292 673 1606 739 constituta,
1645 687 1754 744 qua

180 764 269 820 ille
309 772 496 835 postea
531 779 660 819 cum
691 763 811 819 aliis
849 764 1128 820 duodecim
1159 765 1431 832 ﬁrmavit,
1458 766 1756 837 possessio-

176 873 302 913 nem
335 856 676 928 saapedictam
701 871 806 911 non
835 854 1090 912 Ecclesia:
1117 857 1462 913 Trevirorum
1482 898 1498 923 ,
1534 858 1626 914 sed
1659 859 1757 914 do-

177 949 351 1004 minio
373 951 524 1019 regio
561 955 770 1002 tantum
811 956 1134 1016 competere.
1194 943 1306 1004 Hoc
1345 964 1475 1020 ergo
1507 949 1666 1004 modo
1696 963 1755 1004 re

177 1039 407 1095 definita
447 1048 502 1094 et
545 1038 797 1109 episcopo
825 1039 1039 1093 tandem
1067 1039 1474 1114 acquiescente,
1509 1039 1756 1094 famosis-

173 1133 351 1187 simus
378 1144 470 1206 rex
493 1144 619 1184 cum
662 1143 878 1184 suorum
911 1143 1182 1186 consensu
1213 1129 1400 1184 cellam
1438 1129 1610 1183 sancti
1652 1128 1756 1183 viri

175 1221 511 1278 monasterio
547 1218 782 1274 Prumia:
825 1221 1063 1286 tradidit,
1113 1221 1258 1275 edito
1288 1221 1593 1276 traditionis
1619 1219 1756 1288 ejus-

176 1314 301 1368 dem
324 1310 637 1382 privilegio,
679 1326 786 1380 quo
814 1310 1050 1366 ﬁrmavit
1085 1321 1418 1384 testatusque
1447 1322 1547 1378 est,
1577 1327 1634 1369 se
1657 1328 1755 1383 pro

173 1415 367 1456 arnore
377 1399 587 1455 Christi
615 1408 670 1454 et
695 1399 1034 1471 eleemosyna
1057 1409 1340 1470 parentum
1363 1418 1603 1467 suorum,
1636 1400 1755 1473 Pip-

173 1493 290 1564 pini
323 1491 573 1548 videlicet
602 1493 743 1563 regis
767 1501 822 1546 et
842 1493 1038 1563 reginae
1055 1493 1343 1558 Bertradae,
1371 1493 1559 1549 cellam
1583 1495 1754 1565 ipsam

173 1584 282 1640 hac
303 1582 427 1653 lege
446 1582 705 1652 jamdicto
745 1583 1074 1637 monasterio
1104 1584 1364 1649 subdere,
1403 1593 1462 1638 ut
1489 1585 1632 1639 omni
1661 1584 1756 1640 de-

172 1675 367 1744 inceps
413 1682 654 1743 tempore
704 1683 944 1729 rectores
987 1676 1302 1731 monasterii
1346 1677 1584 1747 ejusdem
1631 1693 1752 1733 eam

172 1777 403 1832 tenere,
447 1773 506 1820 et
542 1765 700 1820 rebus
723 1765 838 1834 ejus
873 1765 1042 1821 libera
1064 1767 1372 1822 conditione
1399 1769 1451 1821 in
1479 1782 1755 1838 usus‘suo-

1859 584 1937 640 ris
1975 585 2407 642 successionibus
2451 589 2770 658 acquisissct
2801 588 2925 658 jure
2975 589 3287 646 ﬁrmissimo
3321 602 3439 647 ute-

1854 684 2063 731 rentur.

1925 764 2017 821 47.
2055 763 2181 822 Haec
2225 768 2675 837 quemadmodum
2713 768 2822 823 sint
2861 778 3011 839 gesta
3048 777 3209 839 atque
3236 777 3439 824 statuta

1855 859 2057 929 poterit
2084 859 2174 928 qui
2217 859 2356 914 volet
2401 859 2600 914 relecto
2643 860 2832 913 eodem
2855 875 2943 928 qut
2973 859 3239 930 hodieque
3267 861 3320 913 in
3345 875 3439 913 ar-

1858 947 2034 1002 chivis
2056 947 2226 1016 ipsius
2251 948 2562 1003 monasterii
2600 947 2985 1018 integerrimus
3021 957 3201 1002 manet
3227 947 3444 1018 privile-

1859 1039 1947 1109 gio
1976 1040 2136 1093 scire.
2178 1037 2341 1092 Nobis
2371 1051 2484 1092 rem
2522 1037 2762 1092 breviter
2789 1052 3242 1091 commemorasse
3276 1035 3440 1092 suﬁ'e-

1857 1131 1993 1184 cerit
2013 1168 2030 1194 ,
2062 1144 2130 1183 ne
2169 1129 2221 1184 id
2246 1129 2389 1198 quod
2432 1137 2578 1184 esset
2621 1129 2750 1182 utile
2785 1130 3097 1200 cognitioni,
3127 1129 3342 1198 penitus
3371 1130 3444 1184 si-

1857 1221 2042 1284 luisse,
2063 1222 2190 1275 etin
2216 1223 2316 1276 hac
2339 1230 2490 1291 parte
2522 1222 2664 1275 circa
2685 1221 2744 1274 Β.
2768 1219 2996 1276 Goarem
3019 1220 3192 1276 cilicio
3205 1220 3444 1277 defuisse

1859 1314 2056 1369 merito
2077 1314 2201 1368 reda
2212 1329 2542 1384 rgueremur.
3442 1321 3454 1332 '

1930 1407 2016 1463 48.
2059 1408 2297 1476 Denique
2326 1423 2447 1461 cmn
2479 1408 2591 1463 ltze'c
2630 1409 3024 1472 scriberemus,
3054 1407 3194 1463 sicut
3217 1407 3274 1462 in
3299 1407 3441 1474 regi-

1850 1497 2004 1550 mine
2047 1496 2358 1550 monasterii
2404 1494 2636 1550 Prumize
2659 1538 2675 1563 ,
2719 1498 2802 1551 sic
2825 1497 2986 1550 etiam
3021 1497 3074 1550 in
3102 1496 3441 1567 possessione

1853 1587 2006 1642 cellae
2032 1585 2094 1640 S.
2121 1586 2314 1641 Goaris
2339 1587 2548 1640 Asuero
2572 1586 2903 1651 'l‘ancradus,
2951 1595 3008 1641 et
3049 1587 3098 1641 ei
3128 1585 3440 1640 Marcuvar-

1856 1676 1960 1731 'dus
1982 1676 2182 1730 vicaria
2217 1676 2514 1730 mutatione
2545 1685 2935 1731 successerant.

1925 1768 2018 1822 49.
2060 1767 2136 1821 De
2161 1768 2356 1822 abbate
2387 1783 2552 1836 porro
2577 1769 2782 1823 Asuero
2809 1777 2861 1822 et
2895 1766 3029 1823 cella
3051 1766 3224 1822 sancti
3253 1765 3353 1820 viri
3375 1781 3440 1820 ea

171 1871 299 1911 tum
321 1855 538 1925 Deoque
563 1855 912 1910 servientium
943 1854 1172 1910 fratrum
1200 1855 1534 1912 necessarios
1562 1857 1660 1922 uti,
1686 1873 1750 1912 ac
1783 1866 1825 1925 Β
1856 1873 1978 1928 qua:
2004 1859 2180 1927 primo
2216 1857 2499 1913 retulimus
2537 1858 2609 1912 ita
2655 1872 2778 1914 esse
2806 1867 2989 1929 gesta,
3017 1857 3234 1926 quidam
3257 1872 3326 1911 ex
3355 1871 3442 1911 80-

172 1947 296 2001 sine
334 1944 440 1998 ulla
487 1943 802 2014 cujusquam
857 1945 1320 2010 contradictione,
1365 1960 1482 2014 quae
1530 1946 1749 2000 utilitati

171 2036 450 2092 communi
481 2045 851 2106 competerent
885 2036 952 2091 de
973 2050 1040 2090 ea
1085 2037 1261 2092 facere
1304 2047 1359 2092 et
1385 2038 1636 2093 ordinare
1663 2039 1753 2092 dc-

172 2129 409 2193 berent;
446 2143 620 2197 neque
664 2129 826 2182 rebus
863 2127 1200 2183 solummodo
1235 2143 1370 2197 quas
1396 2135 1637 2198 tempore
1665 2144 1757 2184 eo—

1853 1950 2100 2004 nioribus
2145 1964 2251 2002 non
2294 1948 2543 2018 indiguus
2567 1947 2672 2005 ﬁde
2706 1949 2774 2004 ab
2813 1950 3004 2004 eodem
3034 1949 3226 2003 abbate
3253 1962 3314 2003 se
3343 1961 3440 2001 au-

1859 2040 2006 2093 disse
2030 2047 2112 2093 est
2133 2045 2482 2107 protestatus.

187 2315 3422 2340 Μ

1275 2478 2276 2592 APPENDIX.

1629 2700 1988 2722 Μ

313 2836 992 2954 HISTORIA
1076 2781 2210 2953 TRANSLATIONIS
2293 2836 3278 2974 RELIQUIARUM

1507 3034 1611 3095 SS.
1657 3034 2115 3098 MARTYRUM

1055 3191 1793 3298 CHRYSANTI
1869 3193 2034 3296 ET
2111 3190 2541 3298 DARL/E
2636 3150 2644 3154 ’”

1324 3371 1418 3430 Ex
1449 3371 1606 3432 urbe
1640 3373 1838 3432 Roma
1882 3372 1947 3433 in
1982 3372 2277 3434 Galliam.

1047 3491 1214 3557 (Apud
1237 3489 1417 3542 Mabill.
1442 3491 1552 3542 Act.
1579 3492 1666 3543 SS.
1686 3491 1795 3542 ord.
1811 3492 1866 3542 8.
1892 3492 2080 3542 Beued.
2105 3501 2220 3548 tom.
2244 3493 2307 3545 iV
2354 3507 2404 3557 p.
2425 3495 2564 3559 6H.)

849 3705 979 3765 CAP.
1034 3703 1077 3764 Ι.

241 3811 402 3867 Anno
423 3805 716 3862 Dominicaa
742 3801 1130 3858 lncarnationis
1157 3801 1260 3857 8M
1279 3842 1294 3866 ,
1321 3801 1618 3871 imperante
1643 3799 1746 3855 Lo-

159 3882 351 3938 thario
378 3881 621 3948 Augusto
642 3917 657 3939 ,
708 3873 1173 3948 ﬁlioserenissimi
1204 3871 1553 3948 imperatoris
1568 3871 1746 3926 Ludo-

155 3952 296 4015 vici,
332 3939 713 4009 Dlarcvvardus,
743 3944 879 3998 abba
903 3942 1135 4015 Prumiae
1153 3939 1484 4015 monasterii,
1516 3939 1745 4015 Romam

157 4023 251 4077 ire
273 4011 596 4090 disponens,
641 4013 923 4090 memorati
938 4012 1231 4090 ‘principis
1254 4011 1558 4090 impetravit
1584 4011 1746 4090 ligen-

156 4076 300 4170 tiam
331 4076 385 4145 εἱ
407 4076 662 4170 epistolas
691 4085 752 4138 ad
780 4076 1085 4164 pontificem
1121 4076 1264 4170 sedis
1287 4076 1593 4170 apostolica:
1614 4076 1748 4170 gre-

155 4163 406 4233 gorium,
439 4151 491 4211 in
523 4151 715 4233 quibus
736 4223 748 4233 ‘
772 4153 917 4233 regia
961 4151 1378 4233 conveniebatur
1423 4151 1744 4233 auctoritate

156 4220 220 4286 ὗι
247 4220 480 4299 alioujus
507 4220 906 4299 p'rapclarissimi
933 4223 1186 4299 martyﬁs
1208 4237 1406 4299 corpus
1432 4222 1481 4278 ei
1509 4222 1624 4275 dari
1656 4220 1744 4274 de-

155 4301 320 4356 beret
353 4291 843 4353 famae'celebrioris
865 4332 880 4356 ,
925 4292 990 4346 de
1029 4291 1180 4360 cujus
1215 4293 1462 4362 passione
1484 4307 1548 4362 ac
1578 4305 1740 4345 vene-

155 4373 383 4425 ratione
443 4366 619 4421 nullus
663 4362 896 4418 ﬁdelium
941 4371 1119 4431 posset
1163 4361 1454 4434 ambigere.
1512 4361 1742 4434 Arrepto

153 4453 407 4509 namque
447 4435 557 4509 jam
593 4435 830 4509 itinere,
871 4431 1739 4509 cumucomperissetantedictum

151 4501 364 4580 papam
387 4501 566 4580 obisse
582 4503 929 4580 Gregorium,
959 4502 1232 4580 aliumque
1256 4517 1352 4572 pro
1387 4516 1452 4554 eo
1482 4501 1742 4580 constitu-

153 4569 279 4634 iut'n
329 4577 545 4632 nomine
590 4569 866 4642 Sergium,
921 4573 1082 4628 missa
1116 4569 1181 4625 ad
1207 4569 1584 4642 imperatorem
1611 4569 1742 4642 rela-

153 4653 338 4710 tione.
373 4639 714 4714 receptisque
727 4657 850 4697 mox
875 4642 941 4714 ad
979 4657 1148 4714 nuper
1175 4639 1415 4714 creatum
1435 4639 1739 4714 antistitem

151 4708 461 4778 mandatis,
495 4708 708 4768 tandem
739 4720 857 4782 post
885 4708 1280 4782 longa'itineris
1310 4712 1480 4779 spatia
1514 4709 1738 4782 Romam

151 4787 493 4858 ingreditur.
511 4779 806 4858 Susceptus
819 4779 1048 4858 denique
1061 4781 1354 4858 honorifice
1369 4781 1435 4858 ab
1447 4779 1742 4858 apostolico

147 4849 328 4929 papa,
363 4854 616 4929 epistolas
660 4849 708 4907 ei
742 4851 1196 4929 regias__tradidit.
1234 4849 1538 4929 Ille_,_jussis
1568 4849 1738 4928 impe-

148 4917 411 4984 rialibus
441 4924 659 4992 ejusque
705 4917 1053 4992 petitionibus
1093 4920 1454 4992 favorabiliter
1493 4919 1544 4972 in
1567 4917 1740 4971 omni-

148 5001 266 5052 bus
318 4989 599 5057 annuens,
653 4989 944 5062 spepondit
981 5006 1038 5062 se
1083 5000 1292 5062 cuncta
1329 4989 1740 5062 facturumqu

149 5073 539 5153 suggesserat.
576 5057 706 5118 Post.
741 5057 854 5116 [nec
877 5060 1094 5153 misitrei
1125 5075 1221 5153 per
1246 5060 1510 5140 Marinum
1531 5057 1740 5137 cpisco—
1771 5095 1818 5153 Β

147 5126 301 5209 ριιῖιῖ
348 5135 542 5209 librum
583 5141 893 5209 sanctorum
915 5126 1276 5209 continentem
1303 5126 1622 5209 passiones,
1634 5126 1743 5209 jus-

149 5198 350 5277 sitque
378 5205 683 5277 passionem
724 5201 893 5255 sancti
930 5199 1214 5270 Cltrysanti
1263 5209 1317 5252 ct
1347 5199 1518 5277 Darirc
1548 5198 1742 5252 litteris

149 5270 410 5338 tradere,
465 5273 957 5344 pollicitus__eorun_i
1005 5284 1227 5340 corpora
1273 5284 1330 5324 se
1374 5270 1422 5324 ei
1469 5271 1736 5322 daturum.

148 5340 680 5420 Constitutaiutque
714 5341 800 5420 die
832 5343 899 5394 ad
928 5340 1346 5420 Lateranensem
1375 5347 1624 5420 properat
1650 5353 1742 5390 ec-

146 5416 418 5471 clesiam.
481 5410 721 5483 (lituique
764 5412 1064 5483 jussusgad
1119 5410 1419 5483 Romanum
1472 5410 1744 5483 ingressus

146 5486 366 5542 fuisset
385 5478 717 5556 pontificem,
746 5478 936 5553 positis
962 5481 1014 5535 in
1041 5481 1229 5538 locello
1257 5495 1418 5550 super
1441 5478 1613 5534 altare
1627 5493 1748 5532 cor-

231 5671 267 5700 ι
305 5658 556 5729 De_cella
598 5658 768 5715 sancti
810 5658 1002 5729 Goaris
1026 5697 1041 5721 ,
1095 5673 1159 5713 ac
1200 5659 1266 5713 de
1303 5658 1419 5729 ejus
1460 5655 1746 5729 donatione

140 5733 378 5786 Asuero
401 5727 702 5785 Prumieusi
741 5745 834 5800 per
858 5728 1139 5798 Pippinum
1166 5727 1345 5796 regem
1375 5727 1536 5796 facta,
1568 5728 1778 5798 |cgeu--

1776 3711 1822 3774 C
1852 3729 2106 3800 poribus,
2144 3736 2303 3800 atque
2344 3743 2410 3784 cx
2460 3737 2689 3798 utraque
2733 3737 2886 3800 parte
2915 3729 3182 3786 stantibus
3209 3730 3432 3789 clerico.

1850 3797 1966 3852 rum
1993 3797 2294 3862 ordinibus,
2323 3808 2375 3852 et
2392 3797 2978 3862 canentibus,'tradidit
2997 3801 3045 3854 ei
3068 3815 3190 3855 cum
3214 3817 3427 3861 summa

1844 3868 2190 3942 veneratione
2217 3875 2283 3942 _et
2330 3870 2535 3942 honore
2577 3872 2924 3942 prmfatorum
2973 3879 3270 3942 martyrum
3307 3887 3432 3927 cor-

1844 3953 1974 4008 pora
2001 3979 2042 4012 ,_
2066 3937 2166 3992 sub
2213 3936 2555 4012 invocatione
2581 3936 2823 4012 nominis
2865 3941 3076 3998 Domini
3105 3936 3430 4012 praecipiens

1844 4009 2143 4080 eumicirca
2166 4009 2777 4080 venerationemueorum
2809 4009 3115 4075 intendere,
3137 4026 3244 4080 quo
3270 4009 3428 4066 uter-

1844 4093 1948 4151 quo
1974 4077 2069 4132 Dei
2100 4078 2486 4151 omnipotentis
2513 4077 2773 4151 offensam
2805 4081 2975 4149 possit
3002 4077 3239 4149 effugere
3273 4099 3286 4136 ;
3312 4081 3428 4151 ipse

1843 4149 2058 4217 quidem
2088 4149 2229 4216 quod
2281 4148 2522 4213 dederit,
2574 4149 2662 4205 ille
2691 4148 2817 4204 vero
2844 4152 2984 4217 quod
3015 4148 3155 4205 datis
3185 4148 3426 4206 debitam

1842 4233 1949 4290 non
1995 4218 2289 4290 providerit
2335 4221 2761 4290 venerationem.
2826 4218 3068 4274 Tradidit
3115 4221 3163 4274 ei
3206 4235 3427 4290 quoque

1841 4287 2097 4361 reliquias
2120 4288 2476 4361 quadraginta
2527 4304 2622 4344 sex
2670 4293 2979 4344 sanctorum
3009 4287 3427 4361 martyrum—ac

1840 4358 2094 4427 praecepit
2117 4358 2170 4411 in
2201 4359 2405 4412 tumqu
2441 4373 2534 4414 eas
2583 4369 3002 4414 memoratorum
3037 4358 3254 4415 recondi
3297 4375 3428 4415 san-

1841 4438 2068 4483 ctorum.
2127 4427 2403 4498 Susceptis
2447 4429 2626 4498 itaque
2668 4445 2790 4483 cum
2834 4444 3043 4484 summa
3074 4430 3428 4484 veneratione

1841 4498 2174 4568 corporibus,
2202 4513 2394 4568 omnes
2414 4500 2756 4568 prmcipitans
2779 4514 2958 4568 moras
2980 4500 3272 4552 maturavit
3297 4513 3428 4566 pro-

1842 4565 2147 4638 fectionem.
2187 4566 2449 4622 Omnibus
2476 4565 2639 4638 igitur
2666 4567 3043 4630 incolumibus,
3073 4565 3420 4638 quinquage-

1841 4637 1978 4688 simo
2008 4635 2095 4707 die
2121 4645 2402 4707 postquam
2431 4635 2515 4690 ab'
2534 4637 2677 4692 Urbe
2710 4653 2952 4707 gressum
2987 4635 3345 4707 extulerant;
3367 4637 3422 4690 in

1877 4705 2234 4759 osscssionem
2265 4706 2488 4760 veniunt
2527 4705 2883 4770 monasterii,
2929 4706 3182 4760 videlicet
3230 4709 3282 4760 in
3322 4707 3428 4762 cel-

1862 4789 1952 4845 amr
1993 4776 2165 4830 sancti
2207 4775 2400 4830 Goaris
2429 4789 2453 4815 ιι
2481 4794 2495 4830 :
2532 4777 2622 4830 ubi
2651 4792 2749 4845 per
2781 4777 3003 4831 biduum
3029 4785 3422 4840 commoratus,

1841 4843 2105 4917 ordinatis
2128 4845 2540 4917 fra_tr_~ibus,_cum
2571 4843 2888 4901 venerandis
2927 4847 3247 4917 corporibus
3289 4862 3426 4917 pra:-

1841 4913 2007 4968 mittit
2031 4929 2124 4969 eos
2150 4915 2214 4968 ad
2237 4915 2508 4969 Prumiam
2535 4917 2944 4980 monasterium,
2969 4913 3198 4986 quorum
3221 4913 3424 4971 fratres

1842 4985 2084 5058 adventu
2096 4993 2372 5054 comperto
2396 5026 2410 5050 ,
2455 5001 2576 5040 cum
2605 4988 2836 5041 maxima
2860 4985 3222 5058 gratulatione
3249 4987 3425 5058 sacris

1845 5053 2015 5107 induti
2058 5054 2311 5109 festinant
2339 5071 2626 5111 occurrere
2649 5072 2770 5111 cum
2802 5053 3144 5111 candelabris
3164 5066 3219 5111 et
3245 5057 3424 5111 cruci-

1844 5125 1961 5196 bus.
2004 5122 2132 5196 Qum
2157 5139 2286 5179 vero
2312 5127 2362 5179 in
2389 5126 2490 5178 hoc
2520 5127 2694 5196 Spatio
2734 5126 2946 5180 itineris
2988 5126 3247 5180 miracula
3283 5127 3424 5181 Deus

1844 5194 1910 5246 ad
1932 5193 2261 5249 ostendenda
2289 5193 2600 5250 sanctorum
2631 5212 2849 5251 suorum
2885 5198 3076 5251 merita
3112 5196 3422 5251 declarave-

1845 5265 1947 5326 rit.
1983 5265 2333 5320 translatione
2366 5281 2551 5320 eorum
2583 5275 2794 5336 peracta
2826 5267 3129 5335 expediam.
3169 5267 3303 5321 Cum
3335 5266 3422 5319 iu-

1844 5337 1986 5406 genti
2015 5337 2192 5404 itaque
2213 5336 2493 5390 devOtione
2518 5344 2572 5390 et
2600 5337 2793 5406 gaudio
2819 5337 3084 5406 susceptis
3111 5345 3424 5391 sanctorum

1845 5405 2106 5488 reliquiis,
2141 5407 2504 5488 omnibusque
2530 5405 2658 5488 quid
2685 5407 2909 5488 tempori
2937 5405 3422 5488 congrue‘liantpa-

1845 5477 2096 5531 nentibus
2119 5515 2134 5540 ,
2177 5491 2230 5530 tv
2271 5475 2453 5531 Nonas
2477 5475 2602 5531 Julii
2629 5475 2875 5532 deferunt
2913 5493 3006 5533 eas
3050 5475 3106 5532 in
3144 5476 3423 5531 Prumiam

1846 5654 1945 5710 dus
1991 5651 2363 5710 Wandalberti
2409 5655 2544 5712 liber
2585 5657 2650 5714 de
2693 5655 2968 5711 miraculis
2997 5653 3170 5712 sancti
3207 5649 3420 5717 Goaris,

1847 5739 1966 5794 cap.
1999 5723 2053 5790 ὕ,
2086 5739 2264 5795 supra.
2909 5735 2920 5746 '
3419 5752 3424 5756 -
