4000 6352
157 387 261 448 οη

804 496 935 554 Cn.
974 493 1117 550 XIV.
1206 526 1213 531 ο

228 589 489 660 Quaedam
543 588 841 660 itemcutn
873 600 1116 660 tmanum
1154 592 1319 658 atque
1357 585 1646 660 brachium
1672 583 1755 660 ita

159 655 446 719 incurvum
477 676 544 717 ac
584 658 759 716 debile
786 658 1046 728 haberet,
1093 663 1155 711 ut
1203 655 1381 728 neque
1412 656 1479 711 ad
1505 655 1756 728 estquid-

159 749 326 805 quam
370 747 437 788 eo
472 731 740 805 potuisset
767 727 1057 805 deducere,
1106 742 1230 782 cum
1269 726 1395 805 ante
1444 726 1752 805 sepulcrum

158 795 913 875 inartyrum'diutprgstrata
962 798 1193 875 iaceret,
1228 799 1443 875 tandem
1489 795 1754 875 erationif

158 877 264 931 bus
289 868 479 929 eorum
504 868 682 944 pridie
708 868 1019 927 Palmarum
1052 870 1137 925 die
1157 870 1403 940 pristina:
1425 868 1636 924 reddita
1667 872 1754 922 est

159 947 410 1002 Sanitati.
802 1010 933 1069 CAP.
975 1009 1094 1066 xv.

230 1106 515 1162 Redeunte
552 1114 798 1176 tempore
828 1118 937 1176 quo
966 1102 1423 1176 beatissimorum,
1449 1109 1752 1176 martyrum

159 1192 392 1247 corpora
435 1177 488 1231 in
520 1171 718 1241 locum,
748 1171 1361 1247 ubi'nuncadorantur,
1394 1171 1570 1247 delata
1602 1171 1749 1247 sunt,

156 1241 283 1301 cum
340 1247 635 1302 celebritas
686 1241 1041 1300 anniversarii
1073 1245 1383 1298 immineret
1427 1243 1556 1306 diei,
1607 1242 1753 1296 inter

159 1316 530 1387 frequentiam
575 1316 940 1372 multitudinis
963 1329 1084 1387 qua:
1110 1329 1249 1383 pene
1285 1314 1411 1387 illuc
1431 1313 1754 1387 innumera-

159 1383 289 1442 bilis
317 1396 449 1442 tunc
470 1388 813 1449 accurrebat,
836 1386 1079 1454 contigit
1106 1385 1394 1455 quamdam
1424 1383 1684 1455 feminam
1702 1396 1752 1455 ea

159 1473 300 1529 pago
335 1457 750 1529 t'l‘ulpaciense“
778 1455 852 1529 [ι’.
910 1453 1315 1529 Ἰξυιρίθρᾳῃδθ]
1355 1470 1426 1509 ex
1487 1453 1753 1529 11911800ίο

158 1524 346 1582 Odi-icti
374 1524 654 1605 advenire.
705 1524 832 1582 llaic
863 1524 1077 1605 unicam
1102 1524 1410 1605 ftliam'iatn
1443 1524 1750 1605 quinquer

160 1613 307 1659 nem,
354 1600 575 1653 nomine
602 1598 1014 1661 Ermenradam,
1061 1597 1216 1666 cuius
1256 1597 1446 1651 oculos
1489 1597 1754 1666 caecitatis

159 1667 692 1746 obduxera_t_ca_l_i_go,
713 1738 726 1746 _
747 1667 973 1746 habens,
1004 1664 1208 1746 dolui-is
1234 1674 1366 1746 acta_
1382 1664 1637 1746 stimulis,
1660 1679 1751 1746 se-

158 1753 287 1793 cum
321 1739 530 1793 meritis
559 1735 968 1793 illuminandain
997 1745 1309 1792 sanctorum
1335 1738 1526 1792 devote
1549 1735 1752 1789 attulit.

158 1807 296 1875 Quae
323 1824 448 1863 eum
480 1825 509 1862 a
533 1810 851 1865 custodibus
878 1817 1105 1876 peteret,
1133 1818 1192 1861 ut
1220 1809 1274 1862 in
1296 1807 1477 1876 aliquo
1504 1805 1749 1860 ecclesiae

158 1878 284 1934 loco
322 1878 643 1949 suffragium
679 1878 1054 1950 pmlolatura
1088 1888 1397 1950 sanctorum
1432 1885 1745 1950 poneretur,

157 1950 430 2019 permissa
465 1947 550 2004 est
578 1952 630 2004 in
662 1947 863 2020 angulo
897 1958 1122 2020 cryptzc,
1148 1950 1237 2003 ubi
1271 1949 1338 2020 ad
1365 1950 1529 2020 pedes
1558 1947 1751 2002 adora.

160 2018 255 2074 iur
282 2028 620 2098 sancterum,
649 2018 770 2074 eam
806 2018 1093 2098 deponere:
1121 2018 1388 2098 Deposita
1411 2019 1608 2098 itaque
1626 2032 1751 2098 cum

160 2098 275 2145 tota
306 2091 395 2144 die
427 2090 513 2144 illa
538 2100 595 2145 et
635 2100 795 2146 nocte
833 2106 899 2146 ac
922 2092 967 2146 si
998 2091 1167 2157 rigida
1204 2090 1495 2143 immobilis
1517 2090 1749 2157 iaceret,

157 2176 227 2215 ac
252 2160 581 2216 matutinum
613 2160 979 2219 celebraretur
1008 2157 1264 2224 cilicium,
1294 2168 1349 2213 et
1383 2174 1487 2213 nox
1516 2159 1623 2213 diei
1661 2172 1753 2213 se-

156 2231 379 2299 quentis
401 2231 557 2286 daret
582 2231 826 2294 initium;
870 2231 1049 2286 subito
1082 2231 1253 2284 virtus
1291 2230 1474 2284 divina
1505 2241 1753 2299 perora-

159 2298 341 2356 tiones
384 2300 558 2356 adfuit
603 2311 936 2366 sanctornm,
963 2312 1018 2356 et
1053 2299 1273 2355 luminis
1315 2309 1532 2370 recepto
1567 2298 1751 2369 vigore

156 2373 305 2440 quod
328 2387 425 2441 per
454 2373 746 2427 triennium
774 2372 873 2425 sibi
901 2373 1219 2442 denegatum
1253 2386 1442 2425 omnes
1479 2384 1749 2442 cognove-

159 2440 509 2512 rant,’caapit
545 2445 821 2512 respicere
856 2442 1018 2497 clare.
1046 2440 1396 2512 'lloctitaque
1426 2440 1750 2494 miraculum

156 2527 285 2566 cum
314 2524 413 2582 per
432 2510 673 2567 omnium
693 2521 941 2568 curreret
960 2528 1079 2573 ura.
1103 2522 1158 2566 et
1178 2510 1408 2565 Domino
1438 2512 1751 2579 sanctisque

156 2581 279 2650 ejus
304 2581 636 2653 martyribus
664 2582 852 2638 laudes
882 2582 1213 2647 clamarent,
1256 2581 1615 2653 voluitctiani
1644 2583 1753 2653 ito-

155 2653 344 2706 minus
369 2651 617 2708 ﬁdelibus
660 2653 871 2723 populis
922 2654 1194 2723 geminato
1219 2651 1480 2706 miraculo
1507 2651 1750 2723 licinium

155 2723 443 2792 geminare
472 2721 802 2794 tspirita'lein,
846 2721 1141 2794 quantique
1174 2732 1359 2791 essent
1404 2721 1579 2778 sancti
1610 2737 1753 2775 uiar-

158 2802 314 2863 tyres
342 2793 483 2862 apud
514 2808 639 2849 eum
666 2794 844 2849 meriti
868 2793 1182 2849 Ostendere.

810 2884 967 2958 ΟΑιζε,
982 2883 1121 2941 XVI.

233 2972 370 3028 Nam
399 2976 645 3045 quzedam
678 2974 875 3030 femina
906 2977 1122 3030 nomine
1145 2975 1425 3038 Bertrada,
1455 2990 1521 3030 ex
1548 2974 1754 3030 familia

153 3044 309 3100 beati
343 3044 641 3111 Maximini,
698 3048 766 3100 de
810 3046 935 3100 villa
982 3058 1330 3117 nuncupante
1376 3046 1752 3117 Orgiscslieim,

153 3129 288 3187 cum
338 3117 504 3187 nimia
552 3127 891 3187 premeretur
941 3117 1337 3181 imbecillitate,
1377 3118 1449 3171 ita
1484 3128 1543 3170 ut
1572 3118 1754 3173 nervis

154 3186 393 3280 siccatis
450 3186 733 3280 contracta
785 3197 841 3241 et
887 3187 1079 3280 debilis
1132 3189 1384 3280 omnibus
1433 3189 1753 3280 redderetur
1779 3218 1825 3280 ε

152 3257 458 3323 membris;
490 3258 717 3312 audiens
756 3266 1066 3312 sanctorum
1098 3259 1376 3323 virtutem,
1414 3256 1481 3311 ad
1534 3259 1673 3313 hanc
1697 3269 1752 3313 et

150 3326 410 3381 eamdem
460 3328 834 3383 celebritatem
891 3343 987 3398 spe
1033 3332 1282 3383 sanitatis
1319 3345 1441 3383 sese
1470 3329 1699 3382 contulit
1734 3343 1751 3383 :

148 3410 286 3470 quae
331 3414 455 3453 cum
508 3399 700 3453 devota
756 3409 1053 3470 martyrum
1109 3400 1425 3469 imploraret
1464 3398 1753 3470 auxilium,

149 3467 414 3540 obtentu_
433 3484 621 3524 eorum
648 3470 845 3524 meruit
874 3467 1377 3540 sanitatem—Igitur
1398 3485 1521 3523 cum
1553 3469 1752 3524 missa-

150 3552 285 3592 rum
338 3538 631 3594 celebratio
677 3550 1044 3609 perageretur,
1092 3538 1406 3596 sanctorum
1455 3540 1504 3593 ei
1536 3542 1756 3595 advenit

150 3609 398 3680 virtus:
446 3619 503 3680 et
541 3625 663 3680 qua:
704 3620 986 3665 contracta
1028 3621 1083 3665 et
1111 3611 1304 3665 debilis
1344 3610 1572 3665 aliorum
1604 3611 1754 3665 venit

151 3678 528 3752 adminiculo,
558 3678 818 3751 *propris
869 3681 1081 3735 firmata
1142 3682 1417 3752 gressibus
1464 3680 1623 3735 rediit
1684 3681 1750 3735 ad

147 3750 404 3819 prOpria.

791 3821 920 3878 Car.
962 3819 1124 3877 XVII.

231 3914 360 3987 Fuit
394 3916 517 3971 item
540 3917 595 3971 in
618 3916 761 3982 vico,
787 3917 878 3987 qui
903 3916 1185 3972 Sinciaens
1211 3924 1574 3987 nuncupatur,
1598 3931 1748 3986 quae-

146 3985 287 4041 dam
329 3984 549 4051 femina,
597 3984 819 4044 nomine
858 3987 1199 4049 Gaminildis,
1241 4003 1307 4042 ex
1346 3984 1546 4043 familia
1572 3984 1747 4043 sancti

142 4054 332 4119 Petri,
364 4057 518 4126 cuius
552 4058 718 4114 facies
748 4060 801 4113 in
827 4068 1037 4112 tantum
1070 4068 1190 4113 erat
1220 4058 1539 4121 deformata,
1586 4068 1642 4113 ut
1668 4059 1748 4111 in-

147 4128 443 4183 tuentibus
472 4143 578 4182 nou
611 4143 834 4197 parvum
884 4128 1165 4184 horrorem
1212 4129 1499 4183 incuteret.
1541 4128 1649 4186 Ore
1676 4129 1747 4183 si-

143 4198 382 4267 quidem
425 4199 495 4252 ad
534 4215 721 4254 aurem
768 4214 935 4269 prope
974 4209 1222 4259 contorto
1256 4200 1535 4268 oculisque
1567 4210 1746 4256 trans-

142 4282 318 4322 versa
345 4269 643 4333 tuentibus,
673 4280 974 4339 monstrum
995 4271 1262 4339 quoddam
1292 4272 1592 4326 exstiterat.
1617 4269 1745 4327 llaec

143 4339 436 4393 dominam
467 4355 641 4401 suam.
683 4342 901 4395 nomine
933 4338 1296 4403 Heritrudem,
1325 4342 1647 4409 deprecatur
1675 4343 1744 4398 ad

141 4419 477 4464 sanctorum
524 4410 809 4465 ecclesiam
872 4421 1251 4480 properantem
1278 4451 1296 4474 ,
1362 4422 1420 4465 ut
1459 4411 1740 4468 candelam

140 4480 416 4550 quamad
439 4482 656 4534 modum
682 4481 876 4549 capitis
917 4483 997 4535 sui
1028 4490 1087 4534 ut
1121 4496 1326 4550 pauper
1346 4480 1623 4547 effecerat,
1653 4497 1742 4537 se-

135 4565 282 4604 cum
310 4549 552 4605 deferret
587 4563 601 4603 :
628 4561 894 4619 quatenus
922 4566 1020 4619 per
1041 4549 1488 4607 intlercessiouem
1519 4560 1740 4607 sancto-

138 4634 280 4673 rum
322 4621 709 4689 omnipotentis
746 4623 1025 4678 miseratio
1062 4623 1375 4677 subveniret
1404 4622 1522 4689 ejus
1548 4622 1737 4678 differ-

138 4689 357 4762 mitati.
414 4690 671 4762 Annuens
723 4694 937 4747 domina
975 4691 1226 4762 precibus
1272 4690 1508 4758 famulic,
1553 4707 1739 4748 secum

134 4759 354 4833 detulit
397 4761 540 4831 quod
578 4763 754 4816 luerat
797 4759 1086 4833 postulata.
1126 4759 1371 4833 Cumque
1402 4765 1740 4833 pervenisset

130 4832 225 4885 ad
256 4829 435 4904 locum
490 4829 813 4904 sacratum,
834 4832 1112 4904 candelam
1157 4829 1300 4904 inter
1317 4829 1503 4904 sacras
1530 4833 1741 4904 vigilias

130 4900 409 4974 accendit
438 4916 506 4955 ex
536 4916 705 4974 more.
739 4902 1008 4974 Continuo
1031 4903 1391 4958 miserabilem
1421 4900 1742 4974 longe'posi-

133 4970 477 5043 tamtvirtus
522 4972 702 5043 divina
744 4973 1059 5043 respiciens,
1091 4988 1308 5027 omnem
1339 4970 1741 5030 deformitatem

125 5044 222 5096 ab
252 5041 375 5112 ejus
394 5041 616 5097 abstulit
636 5042 772 5098 facie
797 5060 814 5098 :
835 5041 963 5097 nam
993 5044 1207 5099 rediens
1226 5044 1441 5099 domina
1463 5046 1538 5099 ita
1552 5059 1741 5099 sanam

128 5112 368 5186 reperit
394 5113 544 5167 omni
579 5113 922 5169 deformitate
947 5124 1243 5186 carentem,
1290 5125 1348 5168 ut
1387 5130 1490 5169 nec
1529 5117 1742 5186 signum

125 5181 225 5238 in
247 5181 393 5237 facie
428 5186 717 5252 praeterita:
760 5186 1082 5240 remanserit
1132 5185 1485 5242 inﬁrmitatis.
1514 5181 1744 5242 (Sestum

122 5261 243 5310 est
259 5263 319 5309 et
337 5253 443 5310 hoc
468 5255 790 5311 miraculum
814 5256 901 5310 die
921 5256 1121 5311 natalis
1144 5271 1355 5311 eorum.

784 5348 916 5404 Ctr.
952 5348 1139 5404 XVIII.

220 5436 385 5514 Alius
432 5439 672 5514 quidam,
721 5439 1081 5498 Freosbaldus
1125 5443 1366 5510 nomine,
1419 5443 1485 5501 de
1531 5444 1742 5514 Bunna,

114 5508 407 5588 pluribus
437 5508 581 5588 inter
602 5528 730 5568 suos
753 5522 950 5588 auctus
983 5515 1226 5588 pecuniis
1266 5508 1414 5588 (uan
1452 5508 1740 5588 instituen-I

116 5581 239 5658 itis
262 5581 563 5658 __t_nercibus
593 5599 814 5652 operam
864 5581 1072 5658 dabat),
1119 5581 1295 5658 valida
1333 5586 1743 5658 opprimebatu'r

113 5651 438 5728 fiebiliute
468 5651 859 5728 membrorum,
893 5657 967 5710 ita
1001 5651 1062 5711 ut
1088 5657 1222 5712 nihil
1251 5651 1419 5713 aliud'
1448 5658 1549 5712 nisi
1577 5674 1737 5728 para-

112 5723 699 5799 lyticuscrede'retur
727 5743 740 5779 :
774 5727 971 5799 quippe
995 5728 1161 5784 totius
1201 5729 1447 5799 corporis
1473 5723 1613 5785 bona
1639 5731 1735 5786 de-

113 5793 383 5851 ititutus
429 5793 743 5860 valitudine,
782 5793 1151 5854 inibi—atrorum
1195 5793 1376 5870 potius
1420 5815 1583 5870 quam
1613 5816 1739 5871 pro-

1007 379 1453 439 TRANSLATIO
1488 377 1590 436 SS.
1632 375 1757 434 HM.
1799 379 2202 440 CHRYSAN'I‘I
2237 383 2328 441 ET
2356 381 2624 443 'DARIE.

3345 392 3453 450 δῖε

1784 502 1834 565 Α
1862 494 1999 566 priis
2018 496 2275 553 utebatur
2297 498 2596 570 gressibus.
2628 497 2734 556 llic
2773 500 2956 559 audita
2994 501 3197 560 virtute
3232 518 3451 563 sancto-

1862 580 2006 637 rum,
2031 582 2194 637 quam
2235 569 2573 626 orationibus
2611 570 2725 627 suis
2765 571 3166 629 inﬁrmantibus
3194 576 3450 632 confere-

1853 633 2332 720 bant,.r'ogavit
2357 641 2424 694 ad
2453 640 2945 720 eorumdeportari
2973 647 3314 720 memoriam,
3336 662 3451 718 quo

1853 715 1914 762 ut
1934 706 2077 789 aliis.
2107 706 2187 789 ita
2230 710 2334 789 sibi
2380 708 2629 766 sanitatis
2657 706 3031 789 impenderent
3052 731 3231 789 opem.
3261 706 3449 789 Itaque

1853 790 1922 832 eo
1944 779 2195 851 vehiculo
2213 781 2531 851 deportatur
2553 797 2568 847 ;
2596 779 2749 848 nam,
2762 783 2903 839 sicut
2924 784 3060 848 dixi.
3085 779 3243 842 aliter
3262 779 3449 847 venire

1854 849 2302 926 uequ_ibat._Cuni
2339 852 2501 926 igitur
2530 853 2674 926 votis
2700 853 2931 926 espletis
2956 855 3180 911 minime
3217 858 3445 926 petitum

1853 919 2119 993 sensisset
2144 920 2197 993 iu
2228 937 2288 977 se
2318 919 2495 993 redire
2520 919 2790 993 vigorem;
2816 924 2943 979 fecit
2968 941 3028 981 se
3058 926 3199 982 unde
3219 919 3451 984 venerat

1854 986 2071 1054 referri,
2118 990 2191 1065 nil
2230 1002 2409 1048 tamen
2440 991 2504 1046 de
2548 986 2748 1048 virtute
2770 986 3079 1065 desperans
3107 1009 3445 1065 sanctorum,

1852 1073 2092 1129 congruo
2128 1062 2323 1134 iterum
2373 1078 2693 1119 reversurus
2738 1062 3001 1134 tempore.
3041 1067 3240 1123 Verum
3274 1062 3448 1126 sancti

1853 1138 2124 1201 martyres
2149 1132 2307 1186 [idem
2339 1149 2447 1188 non
2473 1134 2626 1189 obliti
2656 1132 2981 1201 recedentis,
3011 1147 3072 1192 ut
3093 1141 3453 1195 ostenderent

1852 1212 1914 1272 se
1942 1214 2049 1272 non
2088 1203 2248 1257 modo
2274 1213 2589 1272 pnesentes,
2617 1220 2808 1261 verum
2835 1208 3002 1262 etiam
3034 1208 3289 1264 absentes
3319 1226 3448 1266 ora-

1854 1270 2094 1347 tionibus
2119 1270 2418 1347 suisuposse
2451 1275 2694 1347 iuvare,
2733 1276 2860 1332 huic
2882 1293 3102 1347 quoque
3122 1280 3326 1337 virtute
3355 1297 3449 1335 su-

1851 1339 1946 1394 lita
1977 1342 2167 1399 adesse
2205 1339 2411 1415 dignati
2451 1339 2606 1400 'sunt.
2652 1346 2789 1400 Nam
2833 1339 2961 1402 dum
3003 1339 3193 1404 famuli
3222 1364 3346 1406 cuin
3377 1367 3444 1408 eo

1854 1420 2081 1486 agerent
2099 1415 2223 1486 iter,
2255 1415 2821 1486 sensitagertmeritis
2847 1428 3158 1474 sanctorum
3183 1421 3447 1476 virtutem

1853 1482 2055 1536 sensim
2102 1482 2206 1538 sibi
2256 1482 2715 1562 adveniré.‘Cur-n
2756 1487 2925 1558 igitur
2975 1490 3311 1562 pervenisset
3347 1492 3445 1545 do-

1854 1565 2044 1626 mumt,
2095 1562 2261 1623 atque
2306 1557 3043 1626 gestatorio.depnueretu'r,
3098 1561 3171 1614 ita
3218 1560 3450 1617 ﬁrmatis

1854 1623 2133 1700 gressibus
2160 1623 2521 1700 omnibusque
2549 1623 2795 1700 corporis
2828 1631 3087 1685 membris
3113 1631 3278 1700 cepit
3300 1633 3449 1700 ince-

1853 1692 2006 1765 dere,
2040 1703 2099 1749 ut
2127 1695 2218 1765 qui
2250 1692 2523 1765 quondam
2550 1692 2761 1753 diuiino
2786 1699 3088 1755 tabel‘actm
3112 1692 3303 1757 morbo
3325 1695 3447 1756 inu-

1856 1762 1971 1843 tilis
1989 1762 2358 1843 iacuerat,'ad
2386 1768 2569 1843 gmnia
2594 1784 2830 1843 prorsus
2866 1770 3123 1843 suffragio
3146 1780 3447 1843 martyrum

1781 1865 1825 1925 Β
1854 1832 2005 1915 utilis
2032 1835 2364 1890 redderetur.
2388 1835 2573 1908 Imque
2592 1832 2816 1919 laudans
2832 1850 2888 1896 et
2903 1832 3228 1925 benedicens
3250 1832 3445 1899 “cum.

1852 1904 1944 1971 qui
1966 1918 2077 1984 per
2118 1918 2336 1984 sanctos
2369 1904 2501 1984 suos
2540 1909 2977 1984 sanitatem_sitii
3021 1912 3201 1966 divine
3228 1924 3440 1984 gratam

1853 1974 2103 2041 contulit,
2136 1975 2398 2031 hactenus
2420 1980 2619 2033 virtute
2638 1980 2809 2048 potita
2834 1982 3055 2036 fruitur.

2496 2067 2626 2125 Car.
2663 2069 2804 2125 XIX.

1923 2160 2051 2215 Fuit
2073 2161 2294 2231 quidam
2340 2161 2505 2217 homo
2535 2162 2665 2216 item
2719 2177 2788 2217 ex
2834 2160 3035 2217 familia
3071 2163 3245 2219 sancti
3274 2163 3443 2231 Petri,

1836 2231 2074 2287 ‘llomiue
2102 2232 2402 2302 Daguinus,
2452 2232 2506 2286 in
2558 2232 2682 2287 villa
2710 2248 2833 2301 quae
2878 2243 3107 2289 vocatur
3139 2233 3443 2299 Albiniaca,

1852 2316 2034 2374 quem
2063 2302 2279 2374 eodem
2301 2317 2448 2374 anno
2471 2317 2579 2374 quo
2623 2314 2811 2358 sancta
2843 2313 2969 2358 sunt
2999 2319 3226 2374 corpora
3257 2316 3444 2360 tumu-

1853 2371 1983 2443 lata,
2022 2372 2098 2427 ita
2137 2372 2365 2441 contigit
2416 2372 2562 2443 tibiis
2592 2374 2862 2439 contrahi,
2907 2384 2966 2428 ut
3005 2371 3219 2443 penitus
3255 2375 3446 2431 ambu-

1851 2440 1969 2516 lare
2002 2457 2130 2516 _non
2184 2440 2384 2512 posset,
2445 2442 2537 2497 sed
2579 2444 2806 2512 genibus
2842 2440 3190 2516 et._,nauiluis
3231 2454 3448 2516 reperet

1856 2511 2084 2567 claudus
2138 2511 2251 2569 toto
2298 2511 2621 2582 permanens
2667 2529 2830 2566 anno.
2876 2513 2975 2567 Hic
3005 2515 3073 2568 ad
3101 2511 3442 2569 lurum'san-

1850 2590 2000 2657 ctutu
2032 2598 2191 2657 earro
2216 2585 2491 2657 devectus,
2523 2598 2621 2653 per
2652 2584 2889 2638 triduum
2917 2599 3039 2657 sese
3060 2586 3320 2657 reptando
3342 2601 3440 2657 per

1853 2653 2143 2709 ecclesiam
2173 2653 2359 2725 traxit,
2394 2653 2448 2706 in
2482 2662 2671 2725 erypta
2701 2669 2843 2722 saape
2878 2655 3124 2709 residens
3143 2656 3284 2725 apud
3313 2653 3441 2710 sau-

1853 2731 2064 2794 ctorum
2102 2723 2441 2794 memoriam.
2482 2721 2726 2794 Ctiinque
2754 2721 2909 2780 nocte
2936 2733 3129 2794 quarta
3156 2721 3442 2780 nocturnis

1854 2793 2085 2861 pulsatis
2107 2793 2301 2847 solitus
2328 2792 2557 2854 adforet,
2584 2793 2752 2847 finitis
2779 2794 2877 2855 eis,
2907 2810 2937 2848 a
2958 2792 3199 2849 custode
3219 2794 3445 2861 iubetur

1854 2864 1923 2935 ad
1974 2865 2163 2916 horam
2217 2863 2448 2935 ecclesia
2498 2865 2772 2935 secedere.
2816 2863 2908 2920 Ille
2942 2864 3284 2935 iussionibus
3326 2866 3446 2935 eius

1854 2933 2424 3002 obtemperans-traxit
2447 2947 2504 2987 se
2529 2932 2581 2987 in
2605 2935 2930 2989 vestibulum
2950 2932 3216 2990 ecclesiae.
3243 2932 3443 2991 Verum
3490 2948 3497 2955 '

1855 3003 2025 3058 nimio
2054 3013 2216 3057 vento
2262 3004 2334 3058 ibi
2385 3002 2574 3059 sedere
2607 3005 2930 3073 prohibitus,
2968 3006 3021 3060 in
3050 3004 3211 3061 aliam
3239 3019 3298 3061 se
3323 3020 3450 3061 con-

1858 3073 1978 3127 tulit
2007 3075 2314 3147 porticum,
2347 3074 2631 3147 ducentem
2678 3090 2779 3146 per
2811 3076 3100 3147 ecclesiam
3144 3076 3213 3131 ad
3240 3091 3446 3147 paupe-

1857 3159 1976 3198 rum
2007 3144 2299 3216 ltospitale,
2347 3153 2403 3198 et
2434 3143 2487 3197 in
2532 3145 2650 3215 ipso
2679 3143 2738 3199 se
2759 3146 2988 3216 proiecit
3016 3143 3448 3203 introitu'eccle-

1858 3213 2257 3288 sizc._Ubicum
2282 3213 2589 3288 aliquandiu
2626 3213 2907 3286 iacuisset,
2938 3216 3093 3281 vidit,
3116 3225 3185 3288 ut
3216 3217 3332 3288 ipse
3361 3232 3447 3272 reo

1858 3284 2086 3358 ferebat.
2116 3285 2268 3358 tduus
2319 3286 2527 3340 albatos
2584 3284 2779 3355 pueros
2822 3288 3048 3341 nimium
3094 3284 3323 3343 decoros
3348 3302 3450 3358 per

1856 3355 1996 3409 idem
2026 3356 2223 3428 ostium
2268 3370 2518 3427 egressos
2544 3372 2734 3411 versus
2779 3358 2998 3411 domum
3029 3358 3300 3427 hospitum
3323 3355 3447 3428 per-

1855 3439 2013 3498 gere;
2059 3426 2148 3480 ubi
2178 3426 2368 3496 parum
2396 3429 2736 3498 commorati
2770 3443 2868 3498 per
2894 3426 3141 3482 eamdem
3171 3426 3441 3498 porticum

1855 3496 2157 3565 redierunt,
2203 3504 2258 3550 et
2297 3496 2583 3551 ecclesiam
2614 3496 2885 3551 intrantes
2929 3512 3069 3551 unus
3108 3496 3298 3552 eorum
3326 3496 3445 3565 eius

1854 3564 2145 3638 humerum
2185 3567 2383 3638 tetigit,
2420 3566 2578 3638 eique
2615 3568 2792 3638 dixit:
2828 3569 3019 3638 Surge,
3057 3568 3184 3636 quia
3219 3564 3446 3623 sanatus

1852 3649 1931 3707 es,
1964 3637 2184 3707 et_vade
2211 3637 2275 3690 ad
2296 3636 2655 3707 mansionem.
2689 3637 2782 3692 Ille
2808 3636 3068 3692 continuo
3096 3652 3263 3692 sanus
3281 3638 3449 3707 evigi-

1846 3703 1992 3770 lans,
2031 3705 2216 3759 laudes
2246 3714 2304 3760 et
2342 3706 2548 3777 gratias
2577 3707 2690 3777 egit
2732 3709 2862 3769 Deo,
2903 3708 2994 3777 qui
3023 3722 3144 3760 eum
3183 3721 3281 3777 per
3316 3703 3445 3762 san-
3540 3764 3543 3767 .

1849 3783 1969 3829 ctos
1994 3790 2121 3849 suos
2150 3777 2222 3849 ita
2247 3776 2539 3849 curaverit,
2564 3776 2629 3829 ut
2648 3777 2895 3832 vehiculo
2926 3776 3443 3849 r’veniens’pedibus

1849 3846 2091 3924 propriis
2125 3847 2193 3901 ad
2224 3860 2381 3901 suam
2412 3846 2631 3902 domum
2659 3848 2981 3918 perri-xerit.

2500 3937 2628 3995 Car.
2673 3938 2791 3994 XX.

1916 4027 2052 4101 Erat
2086 4028 2306 4098 quidam
2331 4030 2587 4101 puerulus
2617 4045 2683 4086 ex
2720 4030 2919 4086 familia
2949 4030 3088 4086 beati
3119 4029 3290 4101 Petri,
3320 4033 3446 4089 nuvi

1847 4099 2057 4155 scilicet
2083 4099 2396 4157 monasterii
2414 4141 2429 4166 ,
2453 4100 2768 4156 Berefridus
2807 4103 3042 4164 numine,
3077 4100 3232 4170 cuius
3257 4102 3446 4158 oculos

1846 4170 1922 4244 ita
1963 4172 2229 4244 caecitatis
2268 4172 2574 4241 repleverat
2612 4172 2823 4244 caligo,
2872 4173 3201 4244 uteinniuo
3247 4183 3446 4244 negato

1846 4239 2055 4312 lumine
2080 4242 2241 4295 ductu
2285 4239 2567 4312 regeretur
2595 4239 2838 4298 alterius.
2881 4242 3219 4298 Adveniente
3263 4239 3447 4312 itaque

1846 4310 2140 4383 ﬂaminicae
2169 4310 2469 4383 nativitatis
2484 4314 2590 4377 die,
2616 4314 2790 4368 visum
2816 4322 2901 4368 est
2929 4312 3230 4383 patricius,
3253 4310 3372 4383 qui,
3387 4322 3447 4367 ut

1845 4379 2010 4455 ﬁlius,
2037 4380 2347 4455 Bercfridus
2374 4384 2686 4455 vocabatur,
2716 4379 2983 4455 quatenus
3014 4384 3080 4437 ad
3108 4379 3443 4455 inemoriam

1843 4451 2270 4507 clarissimorum
2316 4454 2677 4508 deduceretur
2718 4451 3051 4509 sanctorum.
3095 4452 3229 4509 Cum
3280 4454 3446 4509 igitur

1846 4522 2128 4576 adveniret
2165 4531 2399 4595 tempus,
2432 4540 2538 4593 quo
2566 4523 2634 4577 de
2668 4540 2817 4579 more
2858 4522 3442 4595 vigiliaztcelebraban-

1774 4572 1822 4632 D
1848 4572 1938 4644 in".
1959 4572 2773 4664 ἱίὸὲὦτιὶῖέζῖιὶιῖοξίῖὖε’ἑεῖἰὶῖ
2790 4572 3443 4664 ἑνάρἳἷάἷᾶιὲξιῖιᾙὲο

1850 4669 2052 4734 tyrum.
2095 4662 2503 4734 prmstolaturus
2540 4664 2738 4718 ibidem
2788 4662 3191 4734 perorationes
3223 4674 3443 4718 sancto-

1847 4746 1967 4805 rum
1997 4730 2207 4805 Dpiiiini
2237 4731 2537 4805 Salvatoris
2558 4730 3102 4805 virtuten'i.’Expletis
3132 4734 3330 4789 ibidem
3361 4734 3409 4787 vi
3429 4762 3441 4773 -

1849 4801 1991 4883 giliis
2036 4801 2178 4857 idem
2207 4816 2342 4883 piter
2380 4804 2447 4858 ad
2478 4803 2750 4883 _bospitale
2779 4801 2979 4883 relatus
3007 4814 3090 4859 est
3121 4818 3439 4873 pauperum,

1852 4872 2055 4944 iterum
2079 4887 2236 4944 mane
2260 4872 2404 4944 facto
2424 4874 2491 4929 ad
2515 4872 2778 4944 tumulum
2815 4876 2952 4929 bona
2983 4890 3076 4944 spe
3104 4872 3440 4944 reversurus.

1852 4938 1958 4996 Sed
1987 4942 2358 4998 misericordia
2385 4943 2594 5016 Domini
2623 4938 3296 5016 Redemptoris-suffragiis
3319 4961 3443 4999 sau-

1851 5021 2063 5085 etorum
2107 5023 2407 5085 martyrum
2440 5015 2737 5085 inopinanti
2786 5015 2841 5069 in
2874 5016 2991 5070 loco
3020 5015 3188 5070 adfuit
3222 5015 3440 5085 quietis.

1853 5080 1997 5158 Nam
2036 5098 2160 5158 cum
2199 5080 2286 5158 die
2335 5084 2480 5141 facto
2518 5080 2551 5141 ὁ
2594 5085 2736 5140 lecto
2766 5096 3122 5158 exsurgeret,
3174 5080 3252 5141 ita
3280 5088 3445 5158 cmpit

1853 5155 2043 5227 emnia
2074 5155 2203 5227 dare
2250 5155 2536 5227 inspicere,
2576 5166 2637 5211 ut
2664 5152 2928 5212 inoffenso
2946 5152 3144 5227 gressu
3189 5152 3442 5213 omnibus

1854 5222 2264 5299 inspicientibus
2301 5222 2369 5281 ad
2409 5226 2691 5299 basilicam
2734 5222 3047 5299 properaret
3089 5237 3440 5299 sanctorum,

1854 5296 2060 5367 gratias
2083 5294 2158 5349 illi
2188 5311 2375 5366 agens,
2416 5299 2509 5367 qui
2535 5314 2597 5353 ea
2633 5298 2719 5353 die
2734 5294 2981 5353 'exortus
3010 5306 3095 5354 est
3118 5297 3171 5352 in
3205 5299 3444 5355 tenebris

1854 5366 2020 5420 rectis
2038 5368 2221 5431 corde,
2248 5370 2336 5434 qui
2361 5366 2525 5422 etiam
2548 5370 2759 5424 meritis
2780 5369 3095 5426 earumdem
3125 5366 3441 5426 sanctorum

1851 5434 2030 5491 visum
2054 5446 2332 5495 meruerat
2354 5439 2598 5510 recipere
2632 5441 2932 5496 oculorum.

2454 5578 2461 5591 μ
2486 5531 2616 5589 Car.
2664 5532 2808 5589 XXI.
2886 5590 2889 5595 _

1877 5597 2035 5681 “Non
2069 5599 2229 5681 longe
2253 5617 2284 5657 a
2315 5605 2659 5681 possessione
2680 5606 2986 5681 Prmsll'liCll
3010 5601 3325 5681 monasterii
3357 5613 3444 5661 est

1839 5668 1969 5745 villa
1995 5668 2263 5745 quaedam,
2296 5668 2459 5745 quam
2483 5668 2783 5745 antiquitas
2810 5676 3117 5734 Tabernam
3144 5677 3316 5732 voluit
3338 5691 3442 5745 ap-

1838 5740 2073 5865 plellare.
2095 5742 2154 5796 ln
2183 5757 2247 5801 ea
2274 5740 2494 5825 quidam
2540 5740 2662 5800 erat
2706 5748 2868 5832 home
2888 5789 2904 5813 ,
2935 5740 3439 5831 nominetAivndiis.

1890 5825 2014 5865 ulus
2036 5824 2218 5865 ttaaue
2244 5815 2513 5865 acritudo
2538 5817 2805 5865 murales-is
2832 5829 2905 5865 ita
2931 5827 3104 5865 totum
3132 5818 3233 5865 sibi
3261 5818 3439 5865 undi.-

1890 5813 2014 5882 uius
2036 5813 2218 5884 itaque
2244 5815 2513 5883 agritudo
2538 5817 2805 5889 paralysis
2832 5819 2905 5874 ita
2931 5827 3105 5877 totum
3132 5818 3233 5876 sibi
3261 5818 3441 5875 vindi-
