4000 6352
560 384 664 442 679

1630 316 1973 432 APDENDIX
2014 368 2108 426 AD
2142 365 2756 427 WANDALBERTUM.

3757 365 3863 422 680

561 511 781 561 caverat
805 515 1024 572 corpus.
1047 505 1108 553 ιιι
1127 512 1292 572 Penei
1310 494 1559 572 οωηῖυιέε
1571 489 2150 572 1¹ῖξ⁸οῐῑῖί¹¹⁸ἐ¹¹θ¹¹¹¹ξτίὲν
2182 490 2228 549 Α
2258 494 2477 572 ΨΨυηί
2502 480 3240 572 ρεριδίηίιυρὲεεὲίξξιιοεξ3ίὲ
3264 483 3703 572 φεηωτίμξηβξξξ
3733 485 3864 572 ³³Σὲ

560 579 651 632 vix
681 584 882 630 tactum
903 561 1198 642 'pateret'ur
1225 565 1586 642 aliorumnAd
1615 563 2019 642 similitudinem
2048 561 2148 630 igi-

564 658 655 701 tur
683 633 1152 720 illius_evangelici
1169 637 1470 720 paralytici,
1489 637 1859 720 intermanus
1881 633 2148 720 deductus

565 714 962 774 famulantium,
997 707 1063 766 ad
1105 707 1424 766 memoriam
1472 707 1756 762 devehitur
1804 714 2146 767 sanctorunt;

561 802 724 856 quem
764 785 817 838 in
851 783 1002 856 brevi
1033 791 1272 856 tempore
1301 778 1558 856 suffragio
1595 785 1906 856 martyrum
1943 776 2019 830 ita
2069 775 2150 856 di-

561 845 687 910 vina
711 853 984 927 reparavit
998 845 1192 927 pietas,
1209 861 1268 904 ut
1282 845 1533 927 soliilatis
1555 845 1814 927 membris
1841 847 1907 901 ad
1929 845 2147 927 propria

559 919 837 982 exsultans
855 932 908 980 et
928 919 1250 977 benedicens
1281 921 1451 975 Deum
1488 919 1601 975 suis
1632 927 2021 989 reportaretur,
2053 919 2146 988 qui

560 997 791 1052 aliorum
820 1003 1045 1051 venerat
1071 992 1363 1062 gressibus.

1006 1085 1010 1088 ’
1183 1082 1312 1138 CAP.
1352 1079 1516 1135 XXII.

630 1177 784 1232 Alius
811 1175 940 1231 item
970 1173 1037 1230 de
1062 1172 1251 1229 eadem
1288 1170 1438 1234 villa,
1474 1169 1694 1224 nomine
1738 1165 2014 1231 Hibaldus,
2040 1170 2148 1239 pri-

558 1248 778 1304 vatione
820 1245 1125 1301 communis
1169 1244 1454 1296 damnatus
1504 1239 1744 1302 luminis,
1782 1241 2005 1293 audiens
2035 1241 2145 1294 vir-

558 1328 676 1372 tute
701 1326 1000 1388 martyrum
1032 1313 1274 1388 concivis
1303 1312 1397 1388 sui
1415 1310 1644 1379 paralysi
1668 1309 1945 1388 dissolutis
1975 1325 2146 1364 mem-

556 1388 674 1444 bris
725 1381 964 1458 priorem
1028 1384 1296 1452 recepisse
1350 1383 1602 1458 virtutem
1619 1419 1671 1458 ,Α
1702 1396 1796 1449 spe
1860 1381 2145 1458 roboratus

558 1448 768 1528 petiit'a
803 1473 901 1528 suo
927 1448 1183 1528 germani}
1203 1469 1268 1508 eo
1296 1465 1354 1506 se
1381 1451 1592 1528 deduci.
1632 1448 1937 1504 Germanus
1959 1453 2141 1528 itaque

559 1522 678 1595 ejus
704 1543 830 1582 cum
873 1522 1059 1581 fratris
1109 1524 1397 1595 miseratus
1439 1522 1766 1595 caecitatem,
1818 1531 1929 1574 tum
1978 1523 2141 1595 etiam

560 1591 876 1653 sanctorum
907 1612 1015 1651 non
1043 1593 1289 1650 dillidcns
1317 1591 1546 1652 meritis,
1575 1592 1739 1659 cmpit
1761 1607 1883 1645 cum
1929 1607 1995 1646 eo
2041 1593 2144 1647 iter

559 1684 726 1738 agens
748 1669 814 1722 ad
841 1667 1018 1722 locum
1045 1679 1356 1738 properare.
1389 1677 1454 1716 ac
1478 1660 1673 1738 futurae
1710 1661 1898 1738 salutis
1921 1661 2138 1738 indicio,

559 1731 624 1808 ιιῖ
647 1737 868 1793 alterius
914 1731 1161 1808 gestatus
1197 1733 1392 1808 cilicio,
1429 1731 1830 1808 mira_tcndere
1877 1732 2137 1808 agilitate.

557 1807 661 1875 Qui
696 1824 818 1863 cum
844 1800 987 1862 haud
1013 1807 1170 1875 longe
1190 1803 1489 1875 abfuissent
1518 1817 1550 1875 a_
1577 1800 1714 1875 loco.
1749 1802 1819 1854 ita
1847 1811 1902 1854 ut
1921 1800 2139 1857 culmen

557 1872 824 1950 potuisset
855 1872 1400 1950 ecclesiae;conspici,
1430 1872 1720 1950 paululuur
1738 1887 1984 1950 represso
2012 1875 2140 1950 sun-

560 1940 840 2017 sequentis
867 1948 1066 2017 gradu:
1099 1940 1310 2017 Frater,
1347 1943 1540 2017 inquit,
1577 1944 1620 1996 si
1665 1942 1758 1995 tibi
1801 1943 1976 1996 virtus
2009 1940 2139 2017 suf-

559 2013 1124 2087 fragaretur'luminis,
1153 2015 1421 2084 potuisses
1446 2013 1651 2087 utique
1667 2017 1804 2066 tecta
1829 2021 1886 2087 _ct
1905 2014 2141 2087 parietes

558 2081 802 2143 ecclesiae.
839 2081 1169 2155 conspicere
1197 2093 1528 2138 sanctorum.
1591 2081 1689 2136 llic
1740 2081 1916 2155 tacito
1945 2085 2139 2138 mentis

557 2169 690 2212 nutu
752 2173 927 2212 czecus
975 2153 1312 2211 orationibus
1381 2162 1678 2224 martyrum
1741 2153 1980 2206 divinum
2035 2155 2134 2208 sibi

559 2229 752 2283 adesse
782 2227 1074 2297 implorans
1098 2225 1376 2297 auxilium,
1416 2226 1578 2291 erepit
1607 2224 1800 2297 mirum
1839 2225 1889 2276 in
1922 2227 2139 2297 modum

556 2297 756 2366 fugatis
787 2293 1027 2352 tenebris
1052 2309 1242 2367 parum
1272 2293 1476 2367 videre,
1500 2302 1554 2345 et
1576 2295 1742 2346 menti
1767 2294 1958 2367 injecta
1975 2295 2140 2364 digito

557 2363 748 2422 notare
787 2368 924 2423 loca.
953 2363 1330 2421 Ad’tumulum
1372 2364 1539 2433 igitur
1565 2364 1881 2431 perveniens
1920 2363 2138 2419 sancto-

556 2454 699 2502 rum,
741 2439 814 2492 ita
853 2437 992 2491 infra
1035 2449 1234 2505 paucos
1261 2435 1374 2487 dies
1399 2433 1682 2502 pristinam
1722 2434 1910 2505 recipit
1938 2437 2140 2491 sanita-

555 2516 686 2572 tem,
717 2516 777 2562 ut
817 2524 922 2561 non
963 2504 1327 2576 integritatem
1376 2505 1545 2576 modo
1563 2504 1828 2572 recepiret
1859 2506 2022 2576 visus,
2049 2522 2140 2561 ve-

556 2594 674 2631 rttm
723 2579 890 2633 etiam
929 2574 1206 2632 oculorum
1254 2574 1710 2645 magnitudinem,
1760 2576 1850 2644 qui
1892 2575 2138 2644 caliginis

552 2648 759 2702 diutina
791 2647 1034 2703 caecitate
1065 2647 1139 2700 ita
1169 2645 1325 2715 parvi
1348 2642 1540 2700 'efl'ecti
1563 2642 1800 2711 fuerant,
1834 2654 1893 2700 ut
1924 2642 2025 2700 vix
2045 2663 2137 2717 pu-

554 2717 681 2788 pilla
710 2720 764 2773 in
789 2718 872 2774 eis
897 2725 1234 2774 cerneretur.

1147 2807 1277 2862 CAP.
1340 2803 1530 2860 XXIII.

622 2898 784 2952 Aliud
808 2897 934 2953 huic
966 2896 1112 2952 haud
1141 2898 1369 2951 multum
1397 2895 1660 2966 dissimile
1685 2895 2003 2966 subjungam
2034 2897 2138 2952 mi-

551 2969 819 3022 raculum.
849 2968 1103 3034 Quaedam
1134 2983 1365 3035 namque
1394 2965 1593 3020 femina
1619 2967 1868 3022 similiter
1889 2965 1987 3035 per
2007 2985 2135 3022 con-

551 3041 761 3093 tinuum
798 3052 1106 3108 c:eca,cum
1133 3037 1524 3108 desperationis
1567 3037 1748 3108 nimite
1794 3046 2136 3108 torqueretur

551 3124 769 3178 angore,
817 3109 999 3162 funem
1043 3107 1243 3161 factum
1276 3107 1538 3178 accedens
1577 3107 1644 3178 ad
1668 3107 1872 3178 locum
1922 3107 2034 3163 Deo
2069 3124 2134 3164 ac

551 3177 757 3233 sanctis
793 3179 984 3232 obtulit
1015 3178 1380 3247 martyribus;
1424 3177 1538 3248 h:ec
1569 3177 1612 3230 si
1643 3177 1732 3232 ille
1771 3193 1875 3232 non
1914 3193 2132 3248 compe-

551 3257 712 3313 teret,
741 3248 967 3301 formam
994 3248 1094 3302 sibi
1124 3264 1153 3300 a
1185 3248 1404 3302 custode
1429 3247 1582 3315 petiit
1608 3248 1745 3310 dari.
1781 3264 1888 3318 quo
1909 3289 1924 3312 ,
1953 3247 2134 3304 rever-

549 3329 674 3372 tens
720 3321 963 3381 doumm,
1010 3327 1193 3387 aptum
1237 3331 1537 3387 praeparare
1591 3319 1874 3386 potuisset.
1923 3318 2132 3375 Interea

549 3391 678 3442 dum
703 3400 886 3459 custos
913 3390 1158 3459 necteret
1195 3403 1398 3459 moras,
1430 3387 1517 3440 illa
1547 3389 1752 3459 regenti
1783 3388 1884 3442 sibi
1915 3405 2135 3459 gressus

549 3459 782 3527 imperat
810 3458 900 3512 illo
941 3473 1002 3514 se
1041 3458 1185 3521 duci,
1215 3460 1302 3512 ubi
1333 3457 2016 3528 signorum’depcmlebant
2052 3461 2136 3514 fu-

547 3541 690 3600 nes:
737 3544 860 3582 nam
903 3531 972 3582 ad
1021 3528 1159 3583 idem
1195 3543 1331 3597 opus
1371 3543 1526 3581 suum
1574 3528 1817 3600 intexere
1859 3531 2131 3600 cupiebat.

547 3597 882 3668 Factumque
911 3608 1012 3653 est.
1046 3600 1287 3667 Cumque
1327 3599 1747 3669 grossittulinem
1799 3597 2136 3669 pertentaret

547 3684 733 3732 manu,
765 3667 1049 3737 magnifica
1078 3669 1222 3722 circa
1257 3667 1505 3722 miseram
1551 3667 1642 3723 Dei
1681 3667 1879 3724 claruit
1917 3672 2091 3726 virtus
2114 3711 2130 3737 ,

547 3754 614 3794 ac
637 3740 773 3793 mira
804 3740 1083 3794 celeritate
1111 3738 1320 3807 objecta
1364 3740 1603 3792 deseruit
1639 3741 1856 3795 caecitas
1897 3741 2083 3796 oculos
2115 3761 2129 3798 :

546 3818 608 3881 ut
640 3825 746 3862 uno
774 3811 1072 3880 eodemque
1105 3819 1380 3881 momento
1427 3821 1484 3881 et
1528 3811 1710 3864 funem
1761 3813 2048 3881 arriperet.
2077 3823 2134 3868 et

547 3879 1059 3950 luminisreeiperet
1079 3879 1666 3935 cIaritatem.G:mdens
1688 3881 1852 3950 igitur
1871 3879 1925 3937 et
1952 3885 2135 3937 exsul-

548 3949 694 4010 tans,
728 3949 808 4022 adu
827 3949 1139 4003 memoriam
1164 3949 1396 4022 recurrit
1419 3949 1739 4022 martyrum,
1766 3960 1951 4022 atque,
1975 3963 2134 4022 prout

547 4019 909 4093 competebat,
951 4023 1245 4093 gratiarum
1290 4021 1372 4074 eis
1414 4019 1673 4090 persdlvit
1713 4019 1938 4087 laudes,
1976 4019 2132 4093 'qnod

547 4088 920 4164 misericordia
948 4088 1127 4144 divina
1162 4088 1464 4144 interventu
1491 4106 1679 4146 eorum
1704 4106 1824 4147 eam
1863 4088 2132 4164 respicere

547 4159 766 4230 dignata
793 4159 883 4213 sit.

1154 4229 1285 4285 CAP.
1323 4229 1514 4285 XXIV.

618 4319 887 4391 Tempore
924 4337 1031 4392 quo
1053 4334 1363 4396 sanctorum
1394 4324 1705 4396 recondiue
1729 4326 1861 4380 sunt
1891 4341 2133 4396 renqma:

545 4391 601 4466 in
627 4391 1154 4466 memoratoszepius
1182 4395 1321 4458 loco,
1347 4406 1505 4466 erant
1533 4396 1583 4448 in
1623 4395 1745 4466 villa
1787 4391 2132 4466 nuncupaute

541 4463 768 4532 Crupta,
803 4463 921 4535 duo
961 4465 1142 4535 curitis
1170 4465 1439 4531 conjuncti
1483 4465 1694 4533 copula,
1724 4482 1952 4535 quorum
1972 4463 2133 4522 'alter

543 4534 958 4607 nuncupabatur
982 4533 1334 4599 Willtelmus,
1363 4535 1529 4588 altera
1561 4533 1947 4606 Engilsitindis,
1976 4539 2066 4607 qui
2099 4553 2130 4592 a

540 4602 942 4674 conjmictionis
973 4619 1091 4676 sua:
1125 4613 1363 4673 tempore
1395 4621 1562 4674 usque
1588 4602 1714 4659 iu'id
1743 4616 1952 4676 tempus
1984 4602 2124 4662 bona

541 4688 758 4742 semper
786 4676 1020 4728 roborati
1047 4675 1293 4729 vixerant
1321 4675 1644 4730 valetudine.
1686 4675 1896 4731 Accidit
1939 4688 2122 4732 autem

540 4743 808 4826 pradicto
836 4755 1078 4826 tempore
1103 4746 1435 4826 indissimili,
1460 4763 1713 4826 uirosque
1732 4747 1950 4826 fatigari
1975 4749 2128 4801 iulir-

540 4815 751 4887 utitate.
781 4815 826 4868 A
852 4815 1072 4887 renibus
1101 4831 1332 4885 namque
1376 4818 1446 4868 ita
1482 4815 1641 4870 omne
1671 4815 1894 4870 inferius
1924 4834 2122 4887 corpus

540 4884 733 4940 feritas
761 4885 970 4957 attrivit
1001 4887 1208 4957 morbi,
1249 4884 1315 4940 fut
1353 4887 1454 4940 nisi
1495 4889 1908 4957 obsequentium
1940 4884 2123 4957 porta-

541 4964 733 5008 rentur
756 4954 1027 5028 manibus,
1066 4956 1208 5010 tmlla
1251 4966 1476 5028 urgente
1515 4954 1841 5011 necessitate
1867 4954 1984 5013 loco
2009 4974 2122 5014 mo-

541 5033 818 5098 verentur.
846 5024 986 5098 _Cum
1017 5027 1198 5098 itaque
1244 5024 1496 5096 fre'quens
1529 5036 1840 5098 sanctorum
1871 5028 2126 5082 virtutem

541 5102 599 5147 et
636 5095 896 5168 miracula
937 5095 1127 5168 opinio
1148 5095 1568 5166 circumquaque
1591 5097 1940 5168 idill‘underet,
1973 5099 2127 5153 habi-

542 5167 936 5237 tatores‘etiam
974 5166 1216 5237 'przefatte
1263 5168 1490 5237 replevit
1532 5167 1692 5222 villae.
1753 5168 1866 5222 llac
1905 5170 2124 5223 excitati

539 5233 708 5299 fama,
754 5232 894 5310 facta
946 5232 1304 5310 conventione
1323 5232 1418 5310 'ad
1462 5239 1638 5294 locum
1685 5253 1876 5310 omnes
1921 5239 2126 5310 pariter

537 5314 753 5381 oratum
797 5307 1155 5381 diSponebant
1203 5308 1300 5364 ire.
1341 5309 1457 5364 Duo
1500 5311 1666 5381 igitur
1698 5309 1811 5381 jam
1860 5307 2122 5367 nominati

537 5376 842 5452 vicinorum
896 5377 1262 5448 religiositatis
1316 5376 1713 5452 cognoscentes
1751 5381 2119 5446 voluntatem,

538 5449 753 5523 tametsi
783 5464 1010 5518 corpore
1041 5453 1347 5520 nequirent,
1378 5449 1558 5508 animo
1590 5461 1770 5507 tamen
1814 5454 1893 5508 ire
1937 5452 2131 5523 gestie-

535 5517 687 5572 bant.
711 5517 945 5590 Aecepta
966 5517 1202 5594 namque
1224 5539 1371 5592 cera,
1401 5523 1667 5594 factisque
1685 5517 2128 5589 candelisfiusti-

605 5667 632 5696 ι
673 5655 771 5736 llic
797 5658 905 5714 duo
926 5659 1161 5736 notanda
1187 5661 1479 5736 :p_rimum,
1496 5664 1817 5736 monachos,
1839 5673 1900 5720 ut
1925 5664 2123 5736 saepius

525 5725 638 5804 jam
683 5728 1052 5804 observatum,
1085 5732 1172 5804 hic
1206 5725 1435 5804 clericos
1467 5725 1756 5804 appellari.
1788 5725 2117 5800 Secundum,

528 5799 694 5852 etiam
734 5810 844 5854 tum
883 5803 936 5855 in
965 5816 1116 5856 more
1143 5800 1310 5858 fuisse
1331 5807 1471 5873 apud
1501 5799 1818 5873 t'tionacbos,
1847 5807 1899 5861 in
1927 5799 2119 5863 diebus

2258 565 2435 626 torum
2476 553 3064 626 mittere’tnartyrum,
3111 563 3380 623 quatenus
3422 555 3708 610 miseratio
3758 553 3865 608 Re-

2251 625 2546 695 demptoris
2605 625 2908 681 interventu
2968 633 3281 695 sanctorum
3330 641 3514 681 eorum
3555 626 3866 680 subvenire

2250 694 2564 765 dignaretur
2592 695 2968 752 imbecillitati.
3006 694 3331 751 Parautibus
3355 705 3532 750 autem
3557 697 3672 759 eis,
3713 697 3861 749 mira

2249 766 2392 822 circa
2430 783 2526 822 eos
2569 768 2750 822 divina
2785 766 2986 822 effulsit
3026 766 3220 835 pietas.
3263 766 3397 820 Nam
3443 766 3560 820 loco
3601 767 3865 820 nondum

2253 839 2434 903 motis,
2457 839 2604 893 dicto
2631 839 2792 894 citius
2829 839 2902 892 ita
2931 837 3107 891 virtus
3131 837 3304 892 adfuit
3326 836 3441 902 Dei,
3480 846 3539 890 ut
3563 852 3681 892 uno
3722 846 3867 889 tein-

2249 923 2380 976 pore
2423 917 2479 964 et
2525 908 2798 964 sanissimi
2848 916 3242 975 exsurgerent,
3291 908 3498 976 iterque
3543 922 3673 961 cum
3738 907 3867 960 aliis

2247 979 2551 1047 arriperent
2578 997 2590 1032 :
2621 980 2821 1049 quique
2847 977 3066 1047 petituri
3099 978 3388 1033 Sanitatem
3420 976 3674 1049 aliorum
3698 976 3867 1032 ibant

2248 1061 2377 1112 ore,
2404 1049 2503 1118 ipsi
2542 1047 3004 1104 intercedentibus
3034 1056 3345 1118 sanctorum
3383 1047 3723 1103 clarissimis
3751 1063 3870 1102 me.

2248 1118 2368 1173 ritis
2388 1116 2486 1190 per
2509 1133 2567 1175 se
2588 1129 2713 1175 vota
2743 1127 3083 1175 mererentur
3105 1116 3336 1175 deferre.

2877 1214 3002 1270 CAP.
3045 1212 3216 1268 XXV.

2315 1303 2538 1377 Femina
2563 1306 2812 1377 quzedam
2840 1323 2907 1364 ex
2933 1312 3212 1377 provincia
3245 1309 3580 1372 Arduennam
3615 1310 3868 1366 nomine

2244 1373 2490 1440 Immina,
2515 1373 2731 1452 exvilla
2753 1393 2875 1447 quae
2906 1373 3174 1452 Binuzfelt
3209 1381 3428 1452 dicitur,
3450 1395 3577 1452 ctum
3607 1382 3747 1452 jam
3773 1383 3866 1436 diu

2245 1454 2388 1521 esset
2435 1447 2595 1502 surda
2623 1459 2678 1501 et
2719 1457 2890 1514 muta,
2945 1447 3304 1521 manibusque
3343 1450 3548 1514 debilis,
3605 1447 3754 1506 cum
3801 1454 3866 1505 ad

2246 1515 2426 1591 locum
2459 1521 3121 1591 sauctum_comitantibus
3154 1515 3351 1577 vicinis
3387 1531 3442 1576 et
3487 1523 3867 1591 permittente

2242 1586 2459 1660 domina
2516 1602 2638 1652 sua,
2690 1586 2995 1660 Teotburga
3048 1593 3289 1657 nomine,
3335 1586 3544 1646 oratum
3597 1593 3869 1647 venisset

2243 1655 2387 1734 diem
2423 1656 2692 1734 integrum
2720 1655 3076 1734 commorata,
3119 1678 3245 1734 mox
3275 1655 3361 1734 ut
3386 1662 3600 1732 regredi
3624 1664 3864 1734 recepit.

2244 1727 2418 1793 primo
2457 1727 2622 1802 unius
2648 1742 2937 1802 manuset
2962 1731 3197 1802 loquelae
3239 1727 3562 1800 auditusque
3611 1727 3866 1786 faculta-

2249 1803 2390 1860 tem;
2433 1813 2559 1872 mox
2593 1799 2786 1872 deinde
2815 1799 3054 1856 alterius
3084 1817 3301 1872 quoque
3343 1799 3547 1872 manus
3571 1812 3629 1856 et
3674 1803 3865 1857 totius

2244 1868 2612 1941 corporis_est
2647 1868 2934 1941 sanitatem
2961 1868 3156 1941 adepta
3191 1868 3315 1926 {ita
3345 1880 3407 1926 ut
3433 1871 3716 1940 hodieque
3775 1875 3863 1927 vi-

2241 1935 2348 1990 cini
2375 1945 2429 1990 et
2459 1936 2788 2010 aliinesejus
2813 1935 3099 2005 testentur,
3125 1956 3399 2010 nunquam
3427 1957 3544 1995 eam
3574 1935 3632 1996 in
3659 1943 3861 1998 multo

2243 2015 2389 2061 retro
2419 2009 2612 2078 spatio,
2646 2008 2720 2063 ita
2754 2019 2812 2064 ut
2834 2027 2998 2076 nunc,
3023 2028 3214 2066 sanam
3248 2008 3548 2068 exstitisse.

2845 2099 2974 2155 CAP.
3033 2100 3224 2156 XXVI.

2312 2189 2442 2262 Item
2474 2205 2577 2244 ana
2608 2205 2730 2262 qum
2767 2191 3003 2261 priorem
3047 2192 3099 2246 in
3135 2207 3298 2262 supra
3328 2191 3470 2247 dicta
3513 2191 3861 2248 infirmitate

2242 2260 2484 2323 vidisset,
2500 2270 2554 2315 et
2571 2260 2636 2314 ad
2658 2260 2905 2316 sanetum
2931 2263 3104 2316 locum
3127 2260 3385 2318 comitata
3414 2263 3566 2317 testis
3583 2264 3859 2319 sanitatis

2241 2330 2357 2401 ejus
2387 2332 2667 2401 existeret,
2694 2333 2908 2386 nomine
2936 2333 3173 2396 Grimilt.
3206 2349 3332 2387 cum
3361 2347 3392 2386 a
3419 2334 3535 2386 viro
3580 2349 3686 2387 suo
3718 2351 3857 2388 nar-

2241 2400 2360 2455 rata
2390 2401 2588 2472 prioris
2615 2400 2829 2456 femina:
2855 2404 3108 2466 sanitate,
3135 2419 3298 2471 quam
3338 2403 3442 2458 sub
3465 2405 3642 2458 oculis
3682 2407 3855 2460 vide-

2241 2481 2362 2536 rat,
2405 2472 2607 2544 utusibi
2650 2472 2826 2544 denuo
2862 2481 3074 2544 oratum
3116 2473 3308 2527 liceret
3327 2473 3529 2533 venire,
3565 2474 3852 2544 petisset.

2241 2557 2341 2596 nec
2370 2542 2438 2596 ad
2477 2542 2533 2614 id
2575 2543 2835 2611 temporis
2863 2543 3217 2608 obtinuisset;
3263 2559 3369 2613 qua
3421 2542 3579 2601 hora.
3609 2553 3670 2596 ut
3723 2558 3856 2614 post

2238 2613 2576 2684 compentuiu
2608 2621 2708 2684 est,
2756 2614 3178 2684 inumonasterio
3213 2614 3492 2668 beatorum
3525 2613 3853 2684 martyrum

2169 2730 2172 2732 γ
2239 2683 2418 2737 missae
2444 2681 2705 2737 Dominici
2735 2683 2863 2748 diei,
2884 2685 3080 2752 quibus
3101 2683 3191 2737 illa
3214 2699 3274 2739 se
3300 2681 3699 2738 interfuturaui
3721 2701 3852 2742 esse

2241 2761 2480 2815 voverat,
2511 2753 2774 2825 celebrari
2799 2763 3100 2825 creperum,
3129 2755 3241 2825 ipsa
3265 2769 3518 2808 manuum
3539 2765 3625 2808 est
3643 2756 3851 2812 debili-

2241 2829 2347 2894 tate
2383 2832 2438 2894 et
2469 2823 2633 2877 totius
2673 2829 2919 2894 corporis
2966 2823 3187 2878 multata
3239 2825 3550 2894 gravedine.
3603 2827 3756 2880 adeo
3788 2840 3848 2882 nt

2237 2891 2361 2962 quia
2394 2893 2662 2964 incessum
2708 2891 2812 2949 non
2856 2903 3086 2963 poterat,
3132 2891 3372 2950 carnales:
3399 2897 3754 2964 superposita
3779 2900 3845 2952 ad

2237 2963 2624 3034 monasterium
2657 2964 2833 3019 denuo
2859 2965 3168 3018 veheretur.
3209 2964 3453 3034 Cmnque
3472 2963 3762 3029 venisset.
3789 2979 3846 3022 et

2236 3033 2378 3106 apud
2421 3034 2739 3106 memoriam
2771 3044 3072 3106 martyrum
3121 3035 3437 3106 aliquandiu
3479 3050 3837 3106 perorasset;

2237 3104 2414 3172 primo
2453 3105 2504 3157 in
2527 3104 2755 3159 ecclesia
2788 3121 2892 3158 una
2917 3104 2967 3158 ei
3005 3120 3195 3159 manus
3219 3114 3306 3160 est
3335 3104 3606 3171 absoluta,
3637 3109 3840 3164 deinde

2239 3175 2382 3228 inter
2409 3175 2776 3244 prandendum
2805 3175 3032 3230 alterius
3061 3191 3254 3245 manus
3291 3187 3348 3231 et
3378 3177 3545 3230 totius
3586 3183 3840 3245 corporis

2238 3245 2594 3317 commoditas
2634 3248 2902 3317 restituta.
2950 3245 3027 3299 Ita
3069 3244 3274 3317 factum
3303 3255 3415 3310 est,
3443 3255 3504 3300 ut
3527 3263 3651 3316 quze
3685 3244 3839 3317 prius

2233 3315 2424 3369 alienae
2467 3315 2715 3370 sanitatis
2749 3317 3022 3388 narratrix
3064 3316 3387 3383 exstiterat,
3422 3315 3555 3372 aute
3578 3315 3838 3388 deinceps

2232 3393 2289 3439 et
2313 3399 2534 3454 compos
2562 3394 2706 3441 esset
2731 3395 2787 3441 et
2813 3387 2986 3441 testis.

2819 3476 2948 3533 CAP.
2999 3475 3214 3532 XXVII.

2303 3571 2399 3627 Est
2423 3574 2756 3628 consuetudo
2794 3573 2920 3639 loci,
2957 3582 3016 3628 ut
3051 3573 3140 3628 die
3165 3573 3532 3644 solemnitatis
3560 3577 3835 3644 paschalis

2231 3643 2414 3699 clerici
2444 3655 2469 3683 ι
2506 3645 2869 3712 vespertinum
2900 3645 3239 3700 celebrantes
3270 3643 3504 3699 ollicium
3552 3643 3624 3699 ita
3663 3651 3833 3700 sacris

2235 3714 2552 3777 imluautur,
2596 3724 2654 3769 ut
2681 3715 2734 3768 in
2776 3715 3064 3769 missarum
3089 3715 3267 3784 agitur
3292 3714 3684 3770 celebratione.
3733 3717 3831 3771 ιτε-

2234 3793 2380 3838 ctum
2409 3794 2493 3838 est
2520 3786 2700 3854 igitur,
2721 3793 2780 3838 ut
2806 3796 2989 3840 custos
3023 3786 3089 3838 de
3122 3801 3271 3839 more
3295 3799 3418 3840 cum
3441 3787 3569 3842 aliis
3593 3788 3829 3849 indutus.

2236 3855 2512 3924 lampades
2530 3870 2862 3909 accensurus
2898 3856 3152 3910 Ecclesiae
3187 3857 3532 3924 procederet.
3569 3857 3676 3910 Sed
3706 3858 3828 3911 du:

2235 3925 2449 3978 incaute
2475 3926 2912 3994 progrederetur,
2941 3927 3147 3995 positus
3168 3927 3270 3981 sub
3290 3925 3636 3994 lampadibus
3654 3927 3828 3982 oleum

2235 3995 2499 4062 lampadis
2532 3996 2749 4060 cecidit,
2796 4006 2960 4066 atque
3005 4005 3215 4066 partem
3241 3997 3491 4066 planetu;
3539 4014 3650 4066 qua
3695 3997 3829 4052 forte

2235 4066 2454 4119 indutus
2481 4076 2620 4131 erat,
2651 4080 2758 4119 non
2785 4067 2987 4136 absque
3013 4067 3358 4121 deformitate
3387 4067 3598 4120 infecit.
3634 4068 3850 4137 Custos

2234 4137 2549 4197 exterritus,
2578 4152 2700 4190 mox
2723 4137 2788 4189 ad
2811 4138 3162 4191 secretarium
3191 4137 3418 4206 gradum
3453 4139 3717 4198 retorsit.
3746 4149 3824 4193 at-

2233 4220 2339 4274 que
2361 4222 2421 4258 ea
2449 4217 2642 4260 exutus
2665 4221 2903 4274 congruo
2925 4223 3029 4260 non
3049 4208 3252 4275 absque
3266 4207 3390 4267 fide.
3408 4208 3670 4275 deposuit
3690 4209 3825 4265 loco.

2236 4275 2410 4349 lianc,
2441 4277 2632 4349 inquit,
2656 4287 2841 4349 sancta
2869 4278 3051 4342 Daria,
3069 4277 3112 4331 si
3141 4276 3286 4349 vales
3311 4278 3419 4332 tuis
3444 4282 3688 4333 reforma
3713 4295 3824 4349 pre.

2233 4347 2410 4400 cibus.
2447 4347 2715 4401 Postridie
2743 4348 2858 4417 ejus
2885 4349 2990 4402 diei
3017 4348 3248 4418 accessit
3274 4357 3486 4411 custos,
3520 4359 3580 4402 ut
3611 4347 3821 4418 deposi~

2237 4425 2347 4470 tam
2373 4417 2587 4488 ignaris
2613 4431 2732 4471 eam
2771 4416 3008 4472 mitteret
3046 4416 3319 4488 feminis,
3344 4435 3468 4487 qua:
3520 4416 3823 4488 bujusinodi

2233 4487 2833 4559 potuissentememlare
2853 4489 3058 4549 vitium,
3076 4503 3238 4556 quant
3253 4487 3567 4559 diligentius
3592 4487 3822 4553 intuens.

2162 4547 2207 4606 Ι)
2233 4547 2334 4634 inec
2386 4557 2556 4634 levem
2603 4558 2752 4634 inea
2796 4547 3238 4634 reperire'potuit
3268 4547 3562 4627 maculam,
3593 4577 3720 4634 qua:
3739 4547 3824 4616 aut

2230 4628 2502 4682 honestati
2529 4638 2624 4683 aut
2653 4631 2854 4684 damno
2886 4644 3007 4684 esse
3041 4628 3325 4700 potuisset.

2806 4737 2933 4796 CAP.
2990 4737 3224 4796 XXVIII.

2300 4827 2433 4883 Villa
2473 4829 2719 4898 quaedam
2752 4837 2963 4884 estnon
2993 4827 3150 4952 loulge
3185 4844 3216 4884 a
3258 4829 3584 4886 monasterii
3613 4844 3822 4902 posses-

2300 4914 2403 4952 me.
2433 4915 2553 4952 uiue
2592 4898 2742 4952 Wisa
2790 4909 3036 4952 vocatur.
3120 4901 3239 4952 nius
3274 4902 3442 4952 initur
3486 4901 3822 4952 habitatores

2227 4899 2403 4972 sione,
2433 4915 2553 4968 quae
2592 4898 2742 4972 Wisa
2790 4898 3239 4972 vocatur.rllujus
3269 4902 3442 4972 igitur
3485 4898 3822 4957 habitatores

2225 4969 2584 5024 condixeraut
2613 4971 2716 5024 sibi
2739 4985 2930 5024 omnes
2950 4969 3241 5040 pariter’ad
3266 4969 3444 5026 locum
3469 4972 3819 5036 contendere,

2230 5048 2285 5092 et
2317 5048 2374 5092 ut
2397 5056 2504 5093 non
2535 5054 2701 5094 vacua
2745 5040 3059 5095 viderentur
3081 5040 3268 5095 venire
3293 5055 3457 5096 manu
3479 5081 3496 5107 ,
3533 5043 3820 5097 collatione

2230 5109 2372 5164 facta
2396 5125 2490 5164 vas
2511 5113 2654 5180 quod
2685 5125 2820 5179 cupa
2846 5112 3066 5175 dicitur,
3093 5111 3325 5166 cervisia
3343 5112 3732 5180 impleverant,
3763 5125 3816 5164 ut

2227 5180 2400 5252 etiam
2417 5179 2563 5236 dono
2593 5181 2835 5252 muneris
2860 5179 2972 5235 Deo
3007 5190 3064 5236 et
3088 5182 3300 5236 sanctis
3324 5179 3669 5252 martyribus
3693 5192 3810 5236 vota

2225 5250 2622 5333 persolverent.
2647 5249 2782 5306 Cum
2807 5251 2972 5333 igitur
2992 5251 3105 5322 jam
3129 5266 3424 5333 properare
3442 5249 3807 5333 disponerent,

2225 5322 2451 5378 consilio
2480 5324 2668 5378 habito
2707 5321 3026 5392 qualitatem
3070 5321 3218 5392 prius
3264 5330 3478 5392 tentare
3531 5321 3808 5378 voluerunt

2227 5401 2407 5485 potus,
2456 5391 2746 5462 antequam
2793 5394 2900 5485 iter
2949 5391 3273 5485 arriperent.
3323 5391 3806 5485 cumcum-itaque

2231 5463 2394 5525 facto,
2431 5479 2531 5519 nec
2560 5461 2726 5534 parva
2756 5464 2974 5534 quidem
3002 5461 3077 5518 eo‘
3105 5462 3276 5533 digeri
3299 5465 3475 5533 potuit
3500 5473 3673 5535 gutta.
3708 5461 3802 5535 Ve-

2228 5551 2346 5589 rum
2378 5551 2410 5590 a
2441 5531 2690 5592 ministro
2714 5531 2952 5606 segniter
2975 5535 3081 5591 hoc
3114 5531 3371 5605 ptitantes
3397 5531 3681 5606 peractum
3703 5531 3800 5586 alio

2225 5671 2559 5730 solemnibus
2606 5691 2716 5730 non
2747 5682 2959 5730 tantum
3009 5672 3148 5730 albis
3184 5673 3447 5737 vestibus,
3486 5682 3546 5727 ut
3583 5670 3642 5727 fit
3667 5666 3796 5743 apud

2225 5759 2343 5810 nos,
2370 5746 2469 5812 sed,
2509 5747 2673 5802 etiam
2705 5745 2824 5800 aliis
2851 5745 3184 5800 ornamentis
3220 5744 3596 5800 induerentur.
