  <div class='ocr_page' id='page_1' title='image "/cluster/home/n/w/nwhite01/storage/ocr_20150623/121/hvd.32044015471642/348.png"; bbox 0 0 4000 6352; ppageno 0'>
   <div class='ocr_carea' id='block_1_1' title="bbox 1329 347 2287 406">
    <p class='ocr_par' dir='ltr' id='par_1_1' title="bbox 1329 347 2287 406">
     <span class='ocr_line' id='line_1_1' title="bbox 1329 347 2287 406; baseline -0.008 0"><span class='ocrx_word' id='word_1_1' title='bbox 1329 353 1529 406; x_wconf 72' lang='lat' dir='ltr'><strong>LIBER</strong></span> <span class='ocrx_word' id='word_1_2' title='bbox 1566 348 1879 403; x_wconf 66' lang='lat' dir='ltr'><strong>AllV’El’tSl&#39;</strong></span> <span class='ocrx_word' id='word_1_3' title='bbox 1893 348 1930 400; x_wconf 86' lang='lat' dir='ltr'><strong>S</strong></span> <span class='ocrx_word' id='word_1_4' title='bbox 1968 347 2287 399; x_wconf 68' lang='lat' dir='ltr'><strong>GliAiCllS.</strong></span> 
     </span>
    </p>
   </div>
   <div class='ocr_carea' id='block_1_2' title="bbox 3334 350 3437 405">
    <p class='ocr_par' dir='ltr' id='par_1_2' title="bbox 3334 350 3437 405">
     <span class='ocr_line' id='line_1_2' title="bbox 3334 350 3437 405; baseline 0.01 -1"><span class='ocrx_word' id='word_1_5' title='bbox 3334 350 3437 405; x_wconf 79' lang='lat'><strong>086</strong></span> 
     </span>
    </p>
   </div>
   <div class='ocr_carea' id='block_1_3' title="bbox 188 500 3370 537">
    <p class='ocr_par' dir='ltr' id='par_1_3' title="bbox 188 500 3370 537">
     <span class='ocr_line' id='line_1_3' title="bbox 188 500 3370 537; baseline 0.002 -7"><span class='ocrx_word' id='word_1_6' title='bbox 188 500 3370 537; x_wconf 57' lang='lat' dir='ltr'><em>W</em></span> 
     </span>
    </p>
   </div>
   <div class='ocr_carea' id='block_1_4' title="bbox 1206 644 2388 730">
    <p class='ocr_par' dir='ltr' id='par_1_4' title="bbox 1206 644 2388 730">
     <span class='ocr_line' id='line_1_4' title="bbox 1206 644 2388 730; baseline -0.009 -1"><span class='ocrx_word' id='word_1_7' title='bbox 1206 648 1739 730; x_wconf 67' lang='lat' dir='ltr'><strong>PIL/EFATlo</strong></span> <span class='ocrx_word' id='word_1_8' title='bbox 1856 644 2388 722; x_wconf 75' lang='lat' dir='ltr'><strong>AUCTORIS.</strong></span> 
     </span>
    </p>
   </div>
   <div class='ocr_carea' id='block_1_5' title="bbox 250 889 3438 972">
    <p class='ocr_par' dir='ltr' id='par_1_5' title="bbox 250 889 3438 972">
     <span class='ocr_line' id='line_1_5' title="bbox 250 889 3438 972; baseline -0.004 -13"><span class='ocrx_word' id='word_1_9' title='bbox 250 906 477 971; x_wconf 69' lang='lat' dir='ltr'><strong>Encas,</strong></span> <span class='ocrx_word' id='word_1_10' title='bbox 498 903 887 960; x_wconf 88' lang='lat' dir='ltr'><strong>Parisiacensis</strong></span> <span class='ocrx_word' id='word_1_11' title='bbox 909 902 1059 957; x_wconf 85' lang='lat' dir='ltr'><strong>urbis</strong></span> <span class='ocrx_word' id='word_1_12' title='bbox 1088 915 1393 972; x_wconf 78' lang='lat' dir='ltr'><strong>episcopus,</strong></span> <span class='ocrx_word' id='word_1_13' title='bbox 1416 913 1524 968; x_wconf 90' lang='lat' dir='ltr'><strong>quo</strong></span> <span class='ocrx_word' id='word_1_14' title='bbox 1551 895 1759 964; x_wconf 89' lang='lat' dir='ltr'><strong>primus</strong></span> <span class='ocrx_word' id='word_1_15' title='bbox 1788 899 1837 957; x_wconf 75' lang='grc' dir='ltr'><strong>Α</strong></span> <span class='ocrx_word' id='word_1_16' title='bbox 1863 905 2188 943; x_wconf 80' lang='lat' dir='ltr'><strong>ascensorem</strong></span> <span class='ocrx_word' id='word_1_17' title='bbox 2269 890 2455 958; x_wconf 80' lang='lat' dir='ltr'><strong>dejerit</strong></span> <span class='ocrx_word' id='word_1_18' title='bbox 2532 889 2586 942; x_wconf 83' lang='lat' dir='ltr'><strong>in</strong></span> <span class='ocrx_word' id='word_1_19' title='bbox 2649 905 2794 941; x_wconf 86' lang='lat' dir='ltr'><strong>mare</strong></span> <span class='ocrx_word' id='word_1_20' title='bbox 2862 890 2880 959; x_wconf 89' lang='lat'>(</span> <span class='ocrx_word' id='word_1_21' title='bbox 2906 889 3078 944; x_wconf 68' lang='lat' dir='ltr'><strong>Exod.</strong></span> <span class='ocrx_word' id='word_1_22' title='bbox 3156 907 3224 946; x_wconf 83' lang='lat' dir='ltr'><strong>xv</strong></span> <span class='ocrx_word' id='word_1_23' title='bbox 3249 933 3264 957; x_wconf 94' lang='lat'><strong>,</strong></span> <span class='ocrx_word' id='word_1_24' title='bbox 3346 894 3366 946; x_wconf 81' lang='lat' dir='ltr'><strong>l</strong></span> <span class='ocrx_word' id='word_1_25' title='bbox 3400 893 3438 962; x_wconf 91' lang='lat'><strong>).</strong></span> 
     </span>
    </p>
   </div>
   <div class='ocr_carea' id='block_1_6' title="bbox 173 985 1762 1069">
    <p class='ocr_par' dir='ltr' id='par_1_6' title="bbox 173 985 1762 1069">
     <span class='ocr_line' id='line_1_6' title="bbox 173 985 1762 1069; baseline -0.01 -16"><span class='ocrx_word' id='word_1_26' title='bbox 173 999 438 1069; x_wconf 68' lang='lat' dir='ltr'><strong>praesedit</strong></span> <span class='ocrx_word' id='word_1_27' title='bbox 487 996 544 1055; x_wconf 87' lang='lat' dir='ltr'><strong>S.</strong></span> <span class='ocrx_word' id='word_1_28' title='bbox 599 995 902 1066; x_wconf 83' lang='lat' dir='ltr'><strong>Dionysius,</strong></span> <span class='ocrx_word' id='word_1_29' title='bbox 938 1009 967 1046; x_wconf 92' lang='lat' dir='ltr'><strong>a</strong></span> <span class='ocrx_word' id='word_1_30' title='bbox 1004 993 1173 1047; x_wconf 89' lang='lat' dir='ltr'><strong>Paulo</strong></span> <span class='ocrx_word' id='word_1_31' title='bbox 1199 989 1440 1061; x_wconf 77' lang='lat' dir='ltr'><strong>apostolo</strong></span> <span class='ocrx_word' id='word_1_32' title='bbox 1468 985 1762 1041; x_wconf 77' lang='lat' dir='ltr'><strong>Athenien-</strong></span> 
     </span>
    </p>
   </div>
   <div class='ocr_carea' id='block_1_7' title="bbox 175 1076 1762 1156">
    <p class='ocr_par' dir='ltr' id='par_1_7' title="bbox 175 1076 1762 1156">
     <span class='ocr_line' id='line_1_7' title="bbox 175 1076 1762 1156; baseline -0.009 -12"><span class='ocrx_word' id='word_1_33' title='bbox 175 1090 322 1144; x_wconf 86' lang='lat' dir='ltr'><strong>sium</strong></span> <span class='ocrx_word' id='word_1_34' title='bbox 354 1099 705 1144; x_wconf 89' lang='lat' dir='ltr'><strong>consecratus</strong></span> <span class='ocrx_word' id='word_1_35' title='bbox 737 1087 1194 1156; x_wconf 83' lang='lat' dir='ltr'><strong>archiepiscopus,</strong></span> <span class='ocrx_word' id='word_1_36' title='bbox 1227 1084 1320 1139; x_wconf 91' lang='lat' dir='ltr'><strong>sed</strong></span> <span class='ocrx_word' id='word_1_37' title='bbox 1349 1097 1380 1136; x_wconf 89' lang='lat' dir='ltr'><strong>a</strong></span> <span class='ocrx_word' id='word_1_38' title='bbox 1419 1087 1605 1136; x_wconf 88' lang='lat' dir='ltr'><strong>sancto</strong></span> <span class='ocrx_word' id='word_1_39' title='bbox 1643 1076 1762 1131; x_wconf 88' lang='lat' dir='ltr'><strong>Cle—</strong></span> 
     </span>
    </p>
   </div>
   <div class='ocr_carea' id='block_1_8' title="bbox 175 1173 1763 1244">
    <p class='ocr_par' dir='ltr' id='par_1_8' title="bbox 175 1173 1763 1244">
     <span class='ocr_line' id='line_1_8' title="bbox 175 1173 1763 1244; baseline -0.009 -10"><span class='ocrx_word' id='word_1_40' title='bbox 175 1191 365 1234; x_wconf 88' lang='lat' dir='ltr'><strong>mente</strong></span> <span class='ocrx_word' id='word_1_41' title='bbox 393 1180 554 1232; x_wconf 93' lang='lat' dir='ltr'><strong>totius</strong></span> <span class='ocrx_word' id='word_1_42' title='bbox 575 1177 761 1233; x_wconf 79' lang='lat' dir='ltr'><strong>Galliae</strong></span> <span class='ocrx_word' id='word_1_43' title='bbox 785 1177 1114 1232; x_wconf 90' lang='lat' dir='ltr'><strong>constitutus</strong></span> <span class='ocrx_word' id='word_1_44' title='bbox 1157 1173 1466 1244; x_wconf 83' lang='lat' dir='ltr'><strong>apostolus;</strong></span> <span class='ocrx_word' id='word_1_45' title='bbox 1493 1182 1679 1240; x_wconf 90' lang='lat' dir='ltr'><strong>pacem</strong></span> <span class='ocrx_word' id='word_1_46' title='bbox 1707 1174 1763 1221; x_wconf 90' lang='lat' dir='ltr'><strong>et</strong></span> 
     </span>
    </p>
   </div>
   <div class='ocr_carea' id='block_1_9' title="bbox 173 1268 1218 1341">
    <p class='ocr_par' dir='ltr' id='par_1_9' title="bbox 173 1268 1218 1341">
     <span class='ocr_line' id='line_1_9' title="bbox 173 1268 1218 1341; baseline -0.001 -19"><span class='ocrx_word' id='word_1_47' title='bbox 173 1270 410 1341; x_wconf 86' lang='lat' dir='ltr'><strong>gloriam</strong></span> <span class='ocrx_word' id='word_1_48' title='bbox 439 1271 720 1324; x_wconf 67' lang='lat' dir='ltr'><strong>catholicae</strong></span> <span class='ocrx_word' id='word_1_49' title='bbox 749 1269 870 1324; x_wconf 94' lang='lat' dir='ltr'><strong>ﬁdei</strong></span> <span class='ocrx_word' id='word_1_50' title='bbox 898 1268 1218 1324; x_wconf 84' lang='lat' dir='ltr'><strong>cultoribus.</strong></span> 
     </span>
    </p>
   </div>
   <div class='ocr_carea' id='block_1_10' title="bbox 250 1353 1760 1433">
    <p class='ocr_par' dir='ltr' id='par_1_10' title="bbox 250 1353 1760 1433">
     <span class='ocr_line' id='line_1_10' title="bbox 250 1353 1760 1433; baseline -0.008 -17"><span class='ocrx_word' id='word_1_51' title='bbox 250 1362 506 1433; x_wconf 76' lang='lat' dir='ltr'><strong>Legimus</strong></span> <span class='ocrx_word' id='word_1_52' title='bbox 535 1362 588 1415; x_wconf 91' lang='lat' dir='ltr'><strong>in</strong></span> <span class='ocrx_word' id='word_1_53' title='bbox 621 1361 759 1416; x_wconf 88' lang='lat' dir='ltr'><strong>libro</strong></span> <span class='ocrx_word' id='word_1_54' title='bbox 801 1359 1048 1414; x_wconf 84' lang='lat' dir='ltr'><strong>Judicum</strong></span> <span class='ocrx_word' id='word_1_55' title='bbox 1103 1360 1241 1429; x_wconf 82' lang='lat' dir='ltr'><strong>(cap.</strong></span> <span class='ocrx_word' id='word_1_56' title='bbox 1283 1355 1389 1427; x_wconf 78' lang='lat' dir='ltr'><strong>in),</strong></span> <span class='ocrx_word' id='word_1_57' title='bbox 1437 1353 1579 1423; x_wconf 90' lang='lat' dir='ltr'><strong>quod</strong></span> <span class='ocrx_word' id='word_1_58' title='bbox 1619 1367 1760 1422; x_wconf 68' lang='lat' dir='ltr'><strong>prae-</strong></span> 
     </span>
    </p>
   </div>
   <div class='ocr_carea' id='block_1_11' title="bbox 173 1443 1764 1520">
    <p class='ocr_par' dir='ltr' id='par_1_11' title="bbox 173 1443 1764 1520">
     <span class='ocr_line' id='line_1_11' title="bbox 173 1443 1764 1520; baseline -0.009 -12"><span class='ocrx_word' id='word_1_59' title='bbox 173 1452 408 1508; x_wconf 87' lang='lat' dir='ltr'><strong>scientia</strong></span> <span class='ocrx_word' id='word_1_60' title='bbox 432 1451 611 1506; x_wconf 89' lang='lat' dir='ltr'><strong>divina</strong></span> <span class='ocrx_word' id='word_1_61' title='bbox 639 1461 798 1506; x_wconf 54' lang='lat' dir='ltr'><strong>terra}</strong></span> <span class='ocrx_word' id='word_1_62' title='bbox 826 1450 1060 1520; x_wconf 70' lang='lat' dir='ltr'><strong>inclytae,</strong></span> <span class='ocrx_word' id='word_1_63' title='bbox 1089 1448 1280 1503; x_wconf 88' lang='lat' dir='ltr'><strong>semini</strong></span> <span class='ocrx_word' id='word_1_64' title='bbox 1310 1446 1540 1501; x_wconf 66' lang='lat' dir='ltr'><strong>Abrahae</strong></span> <span class='ocrx_word' id='word_1_65' title='bbox 1567 1444 1636 1498; x_wconf 86' lang='lat' dir='ltr'><strong>ob</strong></span> <span class='ocrx_word' id='word_1_66' title='bbox 1663 1443 1764 1496; x_wconf 91' lang='lat' dir='ltr'><strong>im-</strong></span> 
     </span>
    </p>
   </div>
   <div class='ocr_carea' id='block_1_12' title="bbox 175 1535 1763 1612">
    <p class='ocr_par' dir='ltr' id='par_1_12' title="bbox 175 1535 1763 1612">
     <span class='ocr_line' id='line_1_12' title="bbox 175 1535 1763 1612; baseline -0.006 -15"><span class='ocrx_word' id='word_1_67' title='bbox 175 1559 385 1598; x_wconf 71' lang='lat' dir='ltr'><strong>mensa:</strong></span> <span class='ocrx_word' id='word_1_68' title='bbox 438 1543 562 1597; x_wconf 92' lang='lat' dir='ltr'><strong>ﬁdei</strong></span> <span class='ocrx_word' id='word_1_69' title='bbox 609 1542 819 1597; x_wconf 87' lang='lat' dir='ltr'><strong>laudem</strong></span> <span class='ocrx_word' id='word_1_70' title='bbox 858 1541 1220 1612; x_wconf 67' lang='lat' dir='ltr'><strong>repromissae,</strong></span> <span class='ocrx_word' id='word_1_71' title='bbox 1273 1539 1451 1593; x_wconf 90' lang='lat' dir='ltr'><strong>inesse</strong></span> <span class='ocrx_word' id='word_1_72' title='bbox 1507 1535 1763 1606; x_wconf 79' lang='lat' dir='ltr'><strong>reliquias</strong></span> 
     </span>
    </p>
   </div>
   <div class='ocr_carea' id='block_1_13' title="bbox 172 1627 1759 1702">
    <p class='ocr_par' dir='ltr' id='par_1_13' title="bbox 172 1627 1759 1702">
     <span class='ocr_line' id='line_1_13' title="bbox 172 1627 1759 1702; baseline -0.005 -14"><span class='ocrx_word' id='word_1_73' title='bbox 172 1631 610 1688; x_wconf 77' lang='lat' dir='ltr'><strong>Chananzeorum</strong></span> <span class='ocrx_word' id='word_1_74' title='bbox 649 1647 712 1686; x_wconf 80' lang='lat' dir='ltr'><strong>ex</strong></span> <span class='ocrx_word' id='word_1_75' title='bbox 741 1639 894 1702; x_wconf 90' lang='lat' dir='ltr'><strong>parte</strong></span> <span class='ocrx_word' id='word_1_76' title='bbox 921 1629 1250 1700; x_wconf 80' lang='lat' dir='ltr'><strong>permiserit,</strong></span> <span class='ocrx_word' id='word_1_77' title='bbox 1281 1627 1488 1683; x_wconf 89' lang='lat' dir='ltr'><strong>scilicet</strong></span> <span class='ocrx_word' id='word_1_78' title='bbox 1508 1635 1567 1680; x_wconf 91' lang='lat' dir='ltr'><strong>ut</strong></span> <span class='ocrx_word' id='word_1_79' title='bbox 1593 1640 1759 1695; x_wconf 79' lang='lat' dir='ltr'><strong>expe-</strong></span> 
     </span>
    </p>
   </div>
   <div class='ocr_carea' id='block_1_14' title="bbox 175 1715 1762 1786">
    <p class='ocr_par' dir='ltr' id='par_1_14' title="bbox 175 1715 1762 1786">
     <span class='ocr_line' id='line_1_14' title="bbox 175 1715 1762 1786; baseline -0.005 -11"><span class='ocrx_word' id='word_1_80' title='bbox 175 1722 385 1775; x_wconf 88' lang='lat' dir='ltr'><strong>riretur</strong></span> <span class='ocrx_word' id='word_1_81' title='bbox 433 1720 484 1774; x_wconf 94' lang='lat' dir='ltr'><strong>in</strong></span> <span class='ocrx_word' id='word_1_82' title='bbox 512 1721 591 1774; x_wconf 91' lang='lat' dir='ltr'><strong>eis</strong></span> <span class='ocrx_word' id='word_1_83' title='bbox 640 1719 825 1779; x_wconf 89' lang='lat' dir='ltr'><strong>lsrael,</strong></span> <span class='ocrx_word' id='word_1_84' title='bbox 871 1733 940 1772; x_wconf 91' lang='lat' dir='ltr'><strong>ne</strong></span> <span class='ocrx_word' id='word_1_85' title='bbox 969 1716 1108 1774; x_wconf 90' lang='lat' dir='ltr'><strong>forte</strong></span> <span class='ocrx_word' id='word_1_86' title='bbox 1136 1718 1248 1772; x_wconf 92' lang='lat' dir='ltr'><strong>otio</strong></span> <span class='ocrx_word' id='word_1_87' title='bbox 1283 1726 1500 1786; x_wconf 90' lang='lat' dir='ltr'><strong>torpens</strong></span> <span class='ocrx_word' id='word_1_88' title='bbox 1541 1715 1762 1786; x_wconf 84' lang='lat' dir='ltr'><strong>ignarus</strong></span> 
     </span>
    </p>
   </div>
   <div class='ocr_carea' id='block_1_15' title="bbox 173 1805 1760 1876">
    <p class='ocr_par' dir='ltr' id='par_1_15' title="bbox 173 1805 1760 1876">
     <span class='ocr_line' id='line_1_15' title="bbox 173 1805 1760 1876; baseline -0.004 -11"><span class='ocrx_word' id='word_1_89' title='bbox 173 1810 445 1865; x_wconf 88' lang='lat' dir='ltr'><strong>bellorum</strong></span> <span class='ocrx_word' id='word_1_90' title='bbox 483 1811 641 1874; x_wconf 88' lang='lat' dir='ltr'><strong>foret,</strong></span> <span class='ocrx_word' id='word_1_91' title='bbox 692 1808 845 1876; x_wconf 84' lang='lat' dir='ltr'><strong>cujus</strong></span> <span class='ocrx_word' id='word_1_92' title='bbox 891 1807 1082 1862; x_wconf 76' lang='lat' dir='ltr'><strong>efﬁcax</strong></span> <span class='ocrx_word' id='word_1_93' title='bbox 1112 1808 1306 1872; x_wconf 86' lang='lat' dir='ltr'><strong>virtus,</strong></span> <span class='ocrx_word' id='word_1_94' title='bbox 1335 1807 1445 1860; x_wconf 92' lang='lat' dir='ltr'><strong>Deo</strong></span> <span class='ocrx_word' id='word_1_95' title='bbox 1489 1805 1760 1874; x_wconf 59' lang='lat' dir='ltr'><strong>praeduce,</strong></span> 
     </span>
    </p>
   </div>
   <div class='ocr_carea' id='block_1_16' title="bbox 173 1894 1760 1969">
    <p class='ocr_par' dir='ltr' id='par_1_16' title="bbox 173 1894 1760 1969">
     <span class='ocr_line' id='line_1_16' title="bbox 173 1894 1760 1969; baseline -0.004 -15"><span class='ocrx_word' id='word_1_96' title='bbox 173 1901 383 1955; x_wconf 89' lang='lat' dir='ltr'><strong>dudum</strong></span> <span class='ocrx_word' id='word_1_97' title='bbox 411 1915 634 1969; x_wconf 79' lang='lat' dir='ltr'><strong>regnum</strong></span> <span class='ocrx_word' id='word_1_98' title='bbox 664 1899 959 1968; x_wconf 85' lang='lat' dir='ltr'><strong>egregium,</strong></span> <span class='ocrx_word' id='word_1_99' title='bbox 1015 1897 1225 1952; x_wconf 87' lang='lat' dir='ltr'><strong>cunctis</strong></span> <span class='ocrx_word' id='word_1_100' title='bbox 1253 1895 1465 1950; x_wconf 69' lang='lat' dir='ltr'><strong>saeculis</strong></span> <span class='ocrx_word' id='word_1_101' title='bbox 1495 1894 1760 1964; x_wconf 64' lang='lat' dir='ltr'><strong>praedica-</strong></span> 
     </span>
    </p>
   </div>
   <div class='ocr_carea' id='block_1_17' title="bbox 171 1985 1762 2057">
    <p class='ocr_par' dir='ltr' id='par_1_17' title="bbox 171 1985 1762 2057">
     <span class='ocr_line' id='line_1_17' title="bbox 171 1985 1762 2057; baseline -0.005 -9"><span class='ocrx_word' id='word_1_102' title='bbox 171 1993 309 2057; x_wconf 83' lang='lat' dir='ltr'><strong>bile,</strong></span> <span class='ocrx_word' id='word_1_103' title='bbox 333 1993 436 2047; x_wconf 88' lang='lat' dir='ltr'><strong>sibi</strong></span> <span class='ocrx_word' id='word_1_104' title='bbox 473 1992 642 2046; x_wconf 86' lang='lat' dir='ltr'><strong>armis</strong></span> <span class='ocrx_word' id='word_1_105' title='bbox 672 1991 1061 2045; x_wconf 79' lang='lat' dir='ltr'><strong>vindicaverat.</strong></span> <span class='ocrx_word' id='word_1_106' title='bbox 1102 1987 1274 2056; x_wconf 83' lang='lat' dir='ltr'><strong>Hujus</strong></span> <span class='ocrx_word' id='word_1_107' title='bbox 1299 1985 1571 2057; x_wconf 79' lang='lat' dir='ltr'><strong>aequitatis</strong></span> <span class='ocrx_word' id='word_1_108' title='bbox 1608 1985 1762 2040; x_wconf 85' lang='lat' dir='ltr'><strong>lance</strong></span> 
     </span>
    </p>
   </div>
   <div class='ocr_carea' id='block_1_18' title="bbox 171 2077 1759 2147">
    <p class='ocr_par' dir='ltr' id='par_1_18' title="bbox 171 2077 1759 2147">
     <span class='ocr_line' id='line_1_18' title="bbox 171 2077 1759 2147; baseline -0.004 -9"><span class='ocrx_word' id='word_1_109' title='bbox 171 2085 504 2147; x_wconf 82' lang='lat' dir='ltr'><strong>caelestium,</strong></span> <span class='ocrx_word' id='word_1_110' title='bbox 565 2082 904 2136; x_wconf 86' lang='lat' dir='ltr'><strong>terrestrium</strong></span> <span class='ocrx_word' id='word_1_111' title='bbox 977 2089 1034 2136; x_wconf 89' lang='lat' dir='ltr'><strong>et</strong></span> <span class='ocrx_word' id='word_1_112' title='bbox 1074 2078 1410 2134; x_wconf 78' lang='lat' dir='ltr'><strong>infernarum</strong></span> <span class='ocrx_word' id='word_1_113' title='bbox 1476 2077 1759 2144; x_wconf 87' lang='lat' dir='ltr'><strong>Dominus,</strong></span> 
     </span>
    </p>
   </div>
   <div class='ocr_carea' id='block_1_19' title="bbox 170 2167 1758 2228">
    <p class='ocr_par' dir='ltr' id='par_1_19' title="bbox 170 2167 1758 2228">
     <span class='ocr_line' id='line_1_19' title="bbox 170 2167 1758 2228; baseline -0.005 0"><span class='ocrx_word' id='word_1_114' title='bbox 170 2185 422 2228; x_wconf 85' lang='lat' dir='ltr'><strong>sanctam</strong></span> <span class='ocrx_word' id='word_1_115' title='bbox 463 2173 758 2228; x_wconf 88' lang='lat' dir='ltr'><strong>Ecclesiam</strong></span> <span class='ocrx_word' id='word_1_116' title='bbox 798 2187 905 2227; x_wconf 90' lang='lat' dir='ltr'><strong>non</strong></span> <span class='ocrx_word' id='word_1_117' title='bbox 936 2171 1224 2226; x_wconf 81' lang='lat' dir='ltr'><strong>habentem</strong></span> <span class='ocrx_word' id='word_1_118' title='bbox 1251 2167 1518 2223; x_wconf 79' lang='lat' dir='ltr'><strong>maculam</strong></span> <span class='ocrx_word' id='word_1_119' title='bbox 1544 2175 1637 2221; x_wconf 89' lang='lat' dir='ltr'><strong>aut</strong></span> <span class='ocrx_word' id='word_1_120' title='bbox 1663 2183 1758 2222; x_wconf 91' lang='lat' dir='ltr'><strong>ru-</strong></span> 
     </span>
    </p>
   </div>
   <div class='ocr_carea' id='block_1_20' title="bbox 1934 980 3440 1050">
    <p class='ocr_par' dir='ltr' id='par_1_20' title="bbox 1934 980 3440 1050">
     <span class='ocr_line' id='line_1_20' title="bbox 1934 980 3440 1050; baseline 0.003 -17"><span class='ocrx_word' id='word_1_121' title='bbox 1934 981 2119 1050; x_wconf 88' lang='lat' dir='ltr'><strong>ltaque</strong></span> <span class='ocrx_word' id='word_1_122' title='bbox 2160 981 2486 1050; x_wconf 82' lang='lat' dir='ltr'><strong>temporibus</strong></span> <span class='ocrx_word' id='word_1_123' title='bbox 2512 980 2728 1050; x_wconf 80' lang='lat' dir='ltr'><strong>gloriosi</strong></span> <span class='ocrx_word' id='word_1_124' title='bbox 2768 991 2822 1036; x_wconf 91' lang='lat' dir='ltr'><strong>ct</strong></span> <span class='ocrx_word' id='word_1_125' title='bbox 2850 982 3135 1037; x_wconf 84' lang='lat' dir='ltr'><strong>orthodoxi</strong></span> <span class='ocrx_word' id='word_1_126' title='bbox 3184 982 3440 1038; x_wconf 81' lang='lat' dir='ltr'><strong>Ludovici</strong></span> 
     </span>
    </p>
   </div>
   <div class='ocr_carea' id='block_1_21' title="bbox 1866 1071 3444 1142">
    <p class='ocr_par' dir='ltr' id='par_1_21' title="bbox 1866 1071 3444 1142">
     <span class='ocr_line' id='line_1_21' title="bbox 1866 1071 3444 1142; baseline 0.001 -14"><span class='ocrx_word' id='word_1_127' title='bbox 1866 1074 2231 1142; x_wconf 81' lang='lat' dir='ltr'><strong>imperatoris,</strong></span> <span class='ocrx_word' id='word_1_128' title='bbox 2283 1071 2510 1136; x_wconf 63' lang='lat' dir='ltr'><strong>Graecia,</strong></span> <span class='ocrx_word' id='word_1_129' title='bbox 2545 1089 2664 1142; x_wconf 71' lang='lat' dir='ltr'><strong>qum</strong></span> <span class='ocrx_word' id='word_1_130' title='bbox 2695 1088 2752 1126; x_wconf 91' lang='lat' dir='ltr'><strong>se</strong></span> <span class='ocrx_word' id='word_1_131' title='bbox 2799 1082 3026 1127; x_wconf 82' lang='lat' dir='ltr'><strong>matrem</strong></span> <span class='ocrx_word' id='word_1_132' title='bbox 3074 1075 3361 1130; x_wconf 83' lang='lat' dir='ltr'><strong>verborum</strong></span> <span class='ocrx_word' id='word_1_133' title='bbox 3389 1085 3444 1130; x_wconf 77' lang='lat' dir='ltr'><strong>et</strong></span> 
     </span>
    </p>
   </div>
   <div class='ocr_carea' id='block_1_22' title="bbox 1864 1162 3438 1233">
    <p class='ocr_par' dir='ltr' id='par_1_22' title="bbox 1864 1162 3438 1233">
     <span class='ocr_line' id='line_1_22' title="bbox 1864 1162 3438 1233; baseline 0.002 -17"><span class='ocrx_word' id='word_1_134' title='bbox 1864 1163 2179 1233; x_wconf 84' lang='lat' dir='ltr'><strong>genitricem</strong></span> <span class='ocrx_word' id='word_1_135' title='bbox 2243 1162 2704 1232; x_wconf 80' lang='lat' dir='ltr'><strong>pliilOSOphorum,</strong></span> <span class='ocrx_word' id='word_1_136' title='bbox 2750 1172 2806 1216; x_wconf 88' lang='lat' dir='ltr'><strong>et</strong></span> <span class='ocrx_word' id='word_1_137' title='bbox 2854 1163 3091 1217; x_wconf 87' lang='lat' dir='ltr'><strong>omnium</strong></span> <span class='ocrx_word' id='word_1_138' title='bbox 3138 1165 3438 1219; x_wconf 75' lang='lat' dir='ltr'><strong>liberalium</strong></span> 
     </span>
    </p>
   </div>
   <div class='ocr_carea' id='block_1_23' title="bbox 1864 1251 3443 1327">
    <p class='ocr_par' dir='ltr' id='par_1_23' title="bbox 1864 1251 3443 1327">
     <span class='ocr_line' id='line_1_23' title="bbox 1864 1251 3443 1327; baseline 0.003 -20"><span class='ocrx_word' id='word_1_139' title='bbox 1864 1253 2061 1307; x_wconf 87' lang='lat' dir='ltr'><strong>artium</strong></span> <span class='ocrx_word' id='word_1_140' title='bbox 2106 1251 2386 1306; x_wconf 83' lang='lat' dir='ltr'><strong>fautricem</strong></span> <span class='ocrx_word' id='word_1_141' title='bbox 2417 1252 2674 1322; x_wconf 87' lang='lat' dir='ltr'><strong>appellari</strong></span> <span class='ocrx_word' id='word_1_142' title='bbox 2703 1255 2995 1319; x_wconf 85' lang='lat' dir='ltr'><strong>contendit,</strong></span> <span class='ocrx_word' id='word_1_143' title='bbox 3038 1256 3102 1310; x_wconf 87' lang='lat' dir='ltr'><strong>de</strong></span> <span class='ocrx_word' id='word_1_144' title='bbox 3144 1256 3228 1311; x_wconf 90' lang='lat' dir='ltr'><strong>his</strong></span> <span class='ocrx_word' id='word_1_145' title='bbox 3256 1274 3443 1327; x_wconf 84' lang='lat' dir='ltr'><strong>super—</strong></span> 
     </span>
    </p>
   </div>
   <div class='ocr_carea' id='block_1_24' title="bbox 1865 1343 3440 1418">
    <p class='ocr_par' dir='ltr' id='par_1_24' title="bbox 1865 1343 3440 1418">
     <span class='ocr_line' id='line_1_24' title="bbox 1865 1343 3440 1418; baseline 0.003 -20"><span class='ocrx_word' id='word_1_146' title='bbox 1865 1344 2173 1399; x_wconf 88' lang='lat' dir='ltr'><strong>stitionihus</strong></span> <span class='ocrx_word' id='word_1_147' title='bbox 2215 1343 2523 1414; x_wconf 85' lang='lat' dir='ltr'><strong>superﬁuis,</strong></span> <span class='ocrx_word' id='word_1_148' title='bbox 2569 1359 2687 1414; x_wconf 76' lang='lat' dir='ltr'><strong>quae</strong></span> <span class='ocrx_word' id='word_1_149' title='bbox 2715 1355 2771 1399; x_wconf 89' lang='lat' dir='ltr'><strong>et</strong></span> <span class='ocrx_word' id='word_1_150' title='bbox 2801 1361 2973 1418; x_wconf 83' lang='lat' dir='ltr'><strong>nunc,</strong></span> <span class='ocrx_word' id='word_1_151' title='bbox 3006 1347 3305 1402; x_wconf 83' lang='lat' dir='ltr'><strong>Romanam</strong></span> <span class='ocrx_word' id='word_1_152' title='bbox 3337 1349 3440 1403; x_wconf 89' lang='lat' dir='ltr'><strong>Ec-</strong></span> 
     </span>
    </p>
   </div>
   <div class='ocr_carea' id='block_1_25' title="bbox 1865 1433 3442 1509">
    <p class='ocr_par' dir='ltr' id='par_1_25' title="bbox 1865 1433 3442 1509">
     <span class='ocr_line' id='line_1_25' title="bbox 1865 1433 3442 1509; baseline 0.005 -22"><span class='ocrx_word' id='word_1_153' title='bbox 1865 1433 2106 1499; x_wconf 86' lang='lat' dir='ltr'><strong>clesiatn,</strong></span> <span class='ocrx_word' id='word_1_154' title='bbox 2148 1435 2256 1488; x_wconf 94' lang='lat' dir='ltr'><strong>imo</strong></span> <span class='ocrx_word' id='word_1_155' title='bbox 2287 1445 2340 1490; x_wconf 91' lang='lat' dir='ltr'><strong>et</strong></span> <span class='ocrx_word' id='word_1_156' title='bbox 2369 1451 2584 1490; x_wconf 89' lang='lat' dir='ltr'><strong>omnem</strong></span> <span class='ocrx_word' id='word_1_157' title='bbox 2616 1445 2830 1506; x_wconf 82' lang='lat' dir='ltr'><strong>gentem</strong></span> <span class='ocrx_word' id='word_1_158' title='bbox 2858 1437 3046 1492; x_wconf 88' lang='lat' dir='ltr'><strong>Latina</strong></span> <span class='ocrx_word' id='word_1_159' title='bbox 3077 1438 3256 1509; x_wconf 82' lang='lat' dir='ltr'><strong>lingua</strong></span> <span class='ocrx_word' id='word_1_160' title='bbox 3288 1449 3442 1497; x_wconf 87' lang='lat' dir='ltr'><strong>uten-</strong></span> 
     </span>
    </p>
   </div>
   <div class='ocr_carea' id='block_1_26' title="bbox 1866 1529 3443 1603">
    <p class='ocr_par' dir='ltr' id='par_1_26' title="bbox 1866 1529 3443 1603">
     <span class='ocr_line' id='line_1_26' title="bbox 1866 1529 3443 1603; baseline 0.006 -23"><span class='ocrx_word' id='word_1_161' title='bbox 1866 1535 1974 1582; x_wconf 86' lang='lat' dir='ltr'><strong>tem</strong></span> <span class='ocrx_word' id='word_1_162' title='bbox 2007 1529 2289 1584; x_wconf 81' lang='lat' dir='ltr'><strong>consulere</strong></span> <span class='ocrx_word' id='word_1_163' title='bbox 2328 1531 2575 1595; x_wconf 83' lang='lat' dir='ltr'><strong>tentavit,</strong></span> <span class='ocrx_word' id='word_1_164' title='bbox 2630 1533 2870 1603; x_wconf 89' lang='lat' dir='ltr'><strong>satisque</strong></span> <span class='ocrx_word' id='word_1_165' title='bbox 2897 1533 3202 1588; x_wconf 88' lang='lat' dir='ltr'><strong>mirandum</strong></span> <span class='ocrx_word' id='word_1_166' title='bbox 3248 1535 3301 1589; x_wconf 89' lang='lat' dir='ltr'><strong>in</strong></span> <span class='ocrx_word' id='word_1_167' title='bbox 3331 1543 3443 1589; x_wconf 89' lang='lat' dir='ltr'><strong>tam</strong></span> 
     </span>
    </p>
   </div>
   <div class='ocr_carea' id='block_1_27' title="bbox 1864 1618 3440 1694">
    <p class='ocr_par' dir='ltr' id='par_1_27' title="bbox 1864 1618 3440 1694">
     <span class='ocr_line' id='line_1_27' title="bbox 1864 1618 3440 1694; baseline 0.005 -23"><span class='ocrx_word' id='word_1_168' title='bbox 1864 1618 2141 1673; x_wconf 76' lang='lat' dir='ltr'><strong>vilissimis</strong></span> <span class='ocrx_word' id='word_1_169' title='bbox 2165 1620 2548 1688; x_wconf 78' lang='lat' dir='ltr'><strong>quzeslionibus</strong></span> <span class='ocrx_word' id='word_1_170' title='bbox 2571 1630 2908 1691; x_wconf 85' lang='lat' dir='ltr'><strong>occupatam,</strong></span> <span class='ocrx_word' id='word_1_171' title='bbox 2942 1621 3181 1694; x_wconf 72' lang='lat' dir='ltr'><strong>longrevo</strong></span> <span class='ocrx_word' id='word_1_172' title='bbox 3211 1625 3440 1679; x_wconf 88' lang='lat' dir='ltr'><strong>ventila-</strong></span> 
     </span>
    </p>
   </div>
   <div class='ocr_carea' id='block_1_28' title="bbox 1865 1711 3442 1784">
    <p class='ocr_par' dir='ltr' id='par_1_28' title="bbox 1865 1711 3442 1784">
     <span class='ocr_line' id='line_1_28' title="bbox 1865 1711 3442 1784; baseline 0.004 -21"><span class='ocrx_word' id='word_1_173' title='bbox 1865 1711 1935 1764; x_wconf 90' lang='lat' dir='ltr'><strong>tis</strong></span> <span class='ocrx_word' id='word_1_174' title='bbox 1972 1725 2107 1776; x_wconf 62' lang='grc' dir='ltr'><strong>πονο,</strong></span> <span class='ocrx_word' id='word_1_175' title='bbox 2141 1721 2195 1765; x_wconf 90' lang='lat' dir='ltr'><strong>et</strong></span> <span class='ocrx_word' id='word_1_176' title='bbox 2224 1711 2504 1781; x_wconf 86' lang='lat' dir='ltr'><strong>perspicue</strong></span> <span class='ocrx_word' id='word_1_177' title='bbox 2549 1711 2614 1764; x_wconf 91' lang='lat' dir='ltr'><strong>ad</strong></span> <span class='ocrx_word' id='word_1_178' title='bbox 2655 1711 2916 1781; x_wconf 91' lang='lat' dir='ltr'><strong>liquidum</strong></span> <span class='ocrx_word' id='word_1_179' title='bbox 2968 1712 3295 1779; x_wconf 86' lang='lat' dir='ltr'><strong>dilucidatis,</strong></span> <span class='ocrx_word' id='word_1_180' title='bbox 3323 1732 3442 1784; x_wconf 65' lang='lat' dir='ltr'><strong>qua:</strong></span> 
     </span>
    </p>
   </div>
   <div class='ocr_carea' id='block_1_29' title="bbox 1865 1801 3444 1874">
    <p class='ocr_par' dir='ltr' id='par_1_29' title="bbox 1865 1801 3444 1874">
     <span class='ocr_line' id='line_1_29' title="bbox 1865 1801 3444 1874; baseline 0.002 -18"><span class='ocrx_word' id='word_1_181' title='bbox 1865 1801 2028 1856; x_wconf 91' lang='lat' dir='ltr'><strong>totius</strong></span> <span class='ocrx_word' id='word_1_182' title='bbox 2059 1803 2263 1872; x_wconf 76' lang='lat' dir='ltr'><strong>peritia:</strong></span> <span class='ocrx_word' id='word_1_183' title='bbox 2314 1817 2374 1856; x_wconf 91' lang='lat' dir='ltr'><strong>ac</strong></span> <span class='ocrx_word' id='word_1_184' title='bbox 2403 1801 2665 1857; x_wconf 73' lang='lat' dir='ltr'><strong>facundia:</strong></span> <span class='ocrx_word' id='word_1_185' title='bbox 2714 1819 2773 1857; x_wconf 91' lang='lat' dir='ltr'><strong>se</strong></span> <span class='ocrx_word' id='word_1_186' title='bbox 2809 1802 2923 1858; x_wconf 91' lang='lat' dir='ltr'><strong>fore</strong></span> <span class='ocrx_word' id='word_1_187' title='bbox 2961 1803 3222 1874; x_wconf 80' lang='lat' dir='ltr'><strong>gloriatur</strong></span> <span class='ocrx_word' id='word_1_188' title='bbox 3249 1808 3444 1861; x_wconf 85' lang='lat' dir='ltr'><strong>auctri-</strong></span> 
     </span>
    </p>
   </div>
   <div class='ocr_carea' id='block_1_30' title="bbox 1864 1893 3440 1965">
    <p class='ocr_par' dir='ltr' id='par_1_30' title="bbox 1864 1893 3440 1965">
     <span class='ocr_line' id='line_1_30' title="bbox 1864 1893 3440 1965; baseline 0.002 -19"><span class='ocrx_word' id='word_1_189' title='bbox 1864 1907 2005 1957; x_wconf 89' lang='lat' dir='ltr'><strong>cem,</strong></span> <span class='ocrx_word' id='word_1_190' title='bbox 2059 1902 2119 1947; x_wconf 91' lang='lat' dir='ltr'><strong>ut</strong></span> <span class='ocrx_word' id='word_1_191' title='bbox 2145 1893 2368 1964; x_wconf 84' lang='lat' dir='ltr'><strong>pelagus</strong></span> <span class='ocrx_word' id='word_1_192' title='bbox 2419 1893 2712 1948; x_wconf 79' lang='lat' dir='ltr'><strong>dialect.ij</strong></span> <span class='ocrx_word' id='word_1_193' title='bbox 2765 1894 3079 1949; x_wconf 84' lang='lat' dir='ltr'><strong>subtilitatis</strong></span> <span class='ocrx_word' id='word_1_194' title='bbox 3114 1896 3440 1965; x_wconf 79' lang='lat' dir='ltr'><strong>expostulat,</strong></span> 
     </span>
    </p>
   </div>
   <div class='ocr_carea' id='block_1_31' title="bbox 1862 1984 3440 2055">
    <p class='ocr_par' dir='ltr' id='par_1_31' title="bbox 1862 1984 3440 2055">
     <span class='ocr_line' id='line_1_31' title="bbox 1862 1984 3440 2055; baseline 0.004 -20"><span class='ocrx_word' id='word_1_195' title='bbox 1862 1991 2058 2052; x_wconf 85' lang='lat' dir='ltr'><strong>putans</strong></span> <span class='ocrx_word' id='word_1_196' title='bbox 2087 1999 2146 2039; x_wconf 89' lang='lat' dir='ltr'><strong>se</strong></span> <span class='ocrx_word' id='word_1_197' title='bbox 2189 2000 2347 2054; x_wconf 89' lang='lat' dir='ltr'><strong>posse</strong></span> <span class='ocrx_word' id='word_1_198' title='bbox 2379 1985 2645 2038; x_wconf 83' lang='lat' dir='ltr'><strong>veraciter</strong></span> <span class='ocrx_word' id='word_1_199' title='bbox 2675 1984 3004 2055; x_wconf 87' lang='lat' dir='ltr'><strong>distinguere</strong></span> <span class='ocrx_word' id='word_1_200' title='bbox 3027 2001 3154 2039; x_wconf 86' lang='lat' dir='ltr'><strong>vera</strong></span> <span class='ocrx_word' id='word_1_201' title='bbox 3206 2002 3236 2038; x_wconf 90' lang='lat' dir='ltr'><strong>a</strong></span> <span class='ocrx_word' id='word_1_202' title='bbox 3267 1984 3440 2041; x_wconf 79' lang='lat' dir='ltr'><strong>falsis.</strong></span> 
     </span>
    </p>
   </div>
   <div class='ocr_carea' id='block_1_32' title="bbox 1863 2070 3442 2144">
    <p class='ocr_par' dir='ltr' id='par_1_32' title="bbox 1863 2070 3442 2144">
     <span class='ocr_line' id='line_1_32' title="bbox 1863 2070 3442 2144; baseline 0.003 -18"><span class='ocrx_word' id='word_1_203' title='bbox 1863 2070 2029 2141; x_wconf 86' lang='lat' dir='ltr'><strong>Ergo,</strong></span> <span class='ocrx_word' id='word_1_204' title='bbox 2067 2083 2126 2127; x_wconf 90' lang='lat' dir='ltr'><strong>ut</strong></span> <span class='ocrx_word' id='word_1_205' title='bbox 2154 2073 2362 2128; x_wconf 90' lang='lat' dir='ltr'><strong>intonat</strong></span> <span class='ocrx_word' id='word_1_206' title='bbox 2388 2073 2676 2143; x_wconf 85' lang='lat' dir='ltr'><strong>Apostolus</strong></span> <span class='ocrx_word' id='word_1_207' title='bbox 2707 2090 2876 2144; x_wconf 87' lang='lat' dir='ltr'><strong>usque</strong></span> <span class='ocrx_word' id='word_1_208' title='bbox 2902 2076 2968 2128; x_wconf 86' lang='lat' dir='ltr'><strong>ad</strong></span> <span class='ocrx_word' id='word_1_209' title='bbox 3002 2076 3218 2130; x_wconf 90' lang='lat' dir='ltr'><strong>tertium</strong></span> <span class='ocrx_word' id='word_1_210' title='bbox 3243 2077 3442 2132; x_wconf 70' lang='lat' dir='ltr'><strong>coelum</strong></span> 
     </span>
    </p>
   </div>
   <div class='ocr_carea' id='block_1_33' title="bbox 1867 2164 3443 2238">
    <p class='ocr_par' dir='ltr' id='par_1_33' title="bbox 1867 2164 3443 2238">
     <span class='ocr_line' id='line_1_33' title="bbox 1867 2164 3443 2238; baseline 0.002 -19"><span class='ocrx_word' id='word_1_211' title='bbox 1867 2171 2076 2233; x_wconf 84' lang='lat' dir='ltr'><strong>raptus,</strong></span> <span class='ocrx_word' id='word_1_212' title='bbox 2106 2164 2151 2220; x_wconf 98' lang='lat' dir='ltr'><strong>si</strong></span> <span class='ocrx_word' id='word_1_213' title='bbox 2197 2165 2375 2218; x_wconf 76' lang='lat' dir='ltr'><strong>Juda&#39;i</strong></span> <span class='ocrx_word' id='word_1_214' title='bbox 2399 2165 2549 2235; x_wconf 80' lang='lat' dir='ltr'><strong>signa</strong></span> <span class='ocrx_word' id='word_1_215' title='bbox 2594 2176 2791 2234; x_wconf 85' lang='lat' dir='ltr'><strong>petunt,</strong></span> <span class='ocrx_word' id='word_1_216' title='bbox 2841 2175 2889 2220; x_wconf 90' lang='lat' dir='ltr'><strong>et</strong></span> <span class='ocrx_word' id='word_1_217' title='bbox 2920 2164 3090 2220; x_wconf 75' lang='lat' dir='ltr'><strong>Crwci</strong></span> <span class='ocrx_word' id='word_1_218' title='bbox 3129 2168 3443 2238; x_wconf 78' lang='lat' dir='ltr'><strong>sapientiam</strong></span> 
     </span>
    </p>
   </div>
   <div class='ocr_carea' id='block_1_34' title="bbox 166 2248 3444 2332">
    <p class='ocr_par' dir='ltr' id='par_1_34' title="bbox 166 2248 3444 2332">
     <span class='ocr_line' id='line_1_34' title="bbox 166 2248 3444 2332; baseline 0 -17"><span class='ocrx_word' id='word_1_219' title='bbox 166 2278 328 2332; x_wconf 84' lang='lat' dir='ltr'><strong>gam,</strong></span> <span class='ocrx_word' id='word_1_220' title='bbox 359 2262 556 2316; x_wconf 90' lang='lat' dir='ltr'><strong>annulo</strong></span> <span class='ocrx_word' id='word_1_221' title='bbox 576 2278 687 2318; x_wconf 73' lang='lat' dir='ltr'><strong>sua:</strong></span> <span class='ocrx_word' id='word_1_222' title='bbox 706 2261 974 2332; x_wconf 89' lang='lat' dir='ltr'><strong>passionis</strong></span> <span class='ocrx_word' id='word_1_223' title='bbox 1000 2260 1100 2315; x_wconf 89' lang='lat' dir='ltr'><strong>sibi</strong></span> <span class='ocrx_word' id='word_1_224' title='bbox 1129 2259 1444 2315; x_wconf 85' lang='lat' dir='ltr'><strong>solemniter</strong></span> <span class='ocrx_word' id='word_1_225' title='bbox 1464 2258 1590 2330; x_wconf 85' lang='lat' dir='ltr'><strong>jure</strong></span> <span class='ocrx_word' id='word_1_226' title='bbox 1614 2257 1762 2330; x_wconf 87' lang='lat' dir='ltr'><strong>regio</strong></span> <span class='ocrx_word' id='word_1_227' title='bbox 1794 2248 1841 2308; x_wconf 89' lang='lat' dir='ltr'><strong>B</strong></span> <span class='ocrx_word' id='word_1_228' title='bbox 1867 2265 2112 2327; x_wconf 64' lang='lat' dir='ltr'><strong>quierunt</strong></span> <span class='ocrx_word' id='word_1_229' title='bbox 2155 2255 2209 2328; x_wconf 91' lang='lat' dir='ltr'><strong>(I</strong></span> <span class='ocrx_word' id='word_1_230' title='bbox 2236 2256 2358 2310; x_wconf 84' lang='lat' dir='ltr'><strong>Gor.</strong></span> <span class='ocrx_word' id='word_1_231' title='bbox 2411 2273 2493 2323; x_wconf 84' lang='grc' dir='ltr'>ιιι,</span> <span class='ocrx_word' id='word_1_232' title='bbox 2539 2255 2649 2327; x_wconf 73' lang='grc'><strong>22),</strong></span> <span class='ocrx_word' id='word_1_233' title='bbox 2686 2258 2853 2312; x_wconf 83' lang='lat' dir='ltr'><strong>haeret</strong></span> <span class='ocrx_word' id='word_1_234' title='bbox 2897 2259 3164 2328; x_wconf 82' lang='lat' dir='ltr'><strong>sagacitas</strong></span> <span class='ocrx_word' id='word_1_235' title='bbox 3211 2260 3277 2314; x_wconf 89' lang='lat' dir='ltr'><strong>de</strong></span> <span class='ocrx_word' id='word_1_236' title='bbox 3306 2275 3444 2329; x_wconf 89' lang='lat' dir='ltr'><strong>puro</strong></span> 
     </span>
    </p>
   </div>
   <div class='ocr_carea' id='block_1_35' title="bbox 173 2348 1808 2423">
    <p class='ocr_par' dir='ltr' id='par_1_35' title="bbox 173 2348 1808 2423">
     <span class='ocr_line' id='line_1_35' title="bbox 173 2348 1808 2423; baseline -0.003 -16"><span class='ocrx_word' id='word_1_237' title='bbox 173 2355 592 2423; x_wconf 83' lang='lat' dir='ltr'><strong>desponsatam,</strong></span> <span class='ocrx_word' id='word_1_238' title='bbox 645 2352 917 2407; x_wconf 83' lang='lat' dir='ltr'><strong>baereticae</strong></span> <span class='ocrx_word' id='word_1_239' title='bbox 945 2350 1232 2421; x_wconf 82' lang='lat' dir='ltr'><strong>pravitatis</strong></span> <span class='ocrx_word' id='word_1_240' title='bbox 1266 2349 1655 2404; x_wconf 87' lang='lat' dir='ltr'><strong>assertionibus</strong></span> <span class='ocrx_word' id='word_1_241' title='bbox 1681 2348 1768 2403; x_wconf 83' lang='lat' dir='ltr'><strong>la-</strong></span> <span class='ocrx_word' id='word_1_242' title='bbox 1800 2403 1808 2412; x_wconf 89' lang='lat'>_</span> 
     </span>
    </p>
   </div>
   <div class='ocr_carea' id='block_1_36' title="bbox 1801 2439 3443 2512">
    <p class='ocr_par' dir='ltr' id='par_1_36' title="bbox 1801 2439 3443 2512">
     <span class='ocr_line' id='line_1_36' title="bbox 1801 2439 3443 2512; baseline 0.001 -18"><span class='ocrx_word' id='word_1_243' title='bbox 1801 2439 1803 2442; x_wconf 48' lang='grc'><em>⁴</em></span> <span class='ocrx_word' id='word_1_244' title='bbox 1866 2439 1940 2494; x_wconf 89' lang='lat' dir='ltr'><strong>lia</strong></span> <span class='ocrx_word' id='word_1_245' title='bbox 1967 2441 2294 2496; x_wconf 79' lang='lat' dir='ltr'><strong>sciscitando</strong></span> <span class='ocrx_word' id='word_1_246' title='bbox 2328 2454 2535 2495; x_wconf 84' lang='lat' dir='ltr'><strong>summa</strong></span> <span class='ocrx_word' id='word_1_247' title='bbox 2571 2447 2751 2496; x_wconf 85' lang='lat' dir='ltr'><strong>tenere</strong></span> <span class='ocrx_word' id='word_1_248' title='bbox 2788 2449 3046 2496; x_wconf 84' lang='lat' dir='ltr'><strong>conantes</strong></span> <span class='ocrx_word' id='word_1_249' title='bbox 3090 2441 3443 2512; x_wconf 83' lang='lat' dir='ltr'><strong>ignominioso</strong></span> 
     </span>
    </p>
   </div>
   <div class='ocr_carea' id='block_1_37' title="bbox 171 2444 1768 2516">
    <p class='ocr_par' dir='ltr' id='par_1_37' title="bbox 171 2444 1768 2516">
     <span class='ocr_line' id='line_1_37' title="bbox 171 2444 1768 2516; baseline -0.003 -12"><span class='ocrx_word' id='word_1_250' title='bbox 171 2452 461 2514; x_wconf 89' lang='lat' dir='ltr'><strong>cessitam,</strong></span> <span class='ocrx_word' id='word_1_251' title='bbox 488 2450 698 2505; x_wconf 84' lang='lat' dir='ltr'><strong>victrici</strong></span> <span class='ocrx_word' id='word_1_252' title='bbox 727 2449 911 2503; x_wconf 87' lang='lat' dir='ltr'><strong>laurea</strong></span> <span class='ocrx_word' id='word_1_253' title='bbox 936 2447 1175 2516; x_wconf 79' lang='lat' dir='ltr'><strong>experiri</strong></span> <span class='ocrx_word' id='word_1_254' title='bbox 1197 2445 1388 2511; x_wconf 92' lang='lat' dir='ltr'><strong>voluit,</strong></span> <span class='ocrx_word' id='word_1_255' title='bbox 1420 2444 1586 2500; x_wconf 85' lang='lat' dir='ltr'><strong>veluti</strong></span> <span class='ocrx_word' id='word_1_256' title='bbox 1616 2452 1768 2500; x_wconf 87' lang='lat' dir='ltr'><strong>stans</strong></span> 
     </span>
    </p>
   </div>
   <div class='ocr_carea' id='block_1_38' title="bbox 170 2535 1768 2604">
    <p class='ocr_par' dir='ltr' id='par_1_38' title="bbox 170 2535 1768 2604">
     <span class='ocr_line' id='line_1_38' title="bbox 170 2535 1768 2604; baseline -0.004 -8"><span class='ocrx_word' id='word_1_257' title='bbox 170 2542 232 2596; x_wconf 88' lang='lat' dir='ltr'><strong>in</strong></span> <span class='ocrx_word' id='word_1_258' title='bbox 264 2541 382 2595; x_wconf 88' lang='lat' dir='ltr'><strong>acie</strong></span> <span class='ocrx_word' id='word_1_259' title='bbox 433 2557 625 2596; x_wconf 90' lang='lat' dir='ltr'><strong>manus</strong></span> <span class='ocrx_word' id='word_1_260' title='bbox 657 2541 710 2594; x_wconf 92' lang='lat' dir='ltr'><strong>in</strong></span> <span class='ocrx_word' id='word_1_261' title='bbox 740 2540 877 2596; x_wconf 88' lang='lat' dir='ltr'><strong>bella</strong></span> <span class='ocrx_word' id='word_1_262' title='bbox 905 2540 1274 2604; x_wconf 88' lang='lat' dir='ltr'><strong>contraheret,</strong></span> <span class='ocrx_word' id='word_1_263' title='bbox 1303 2545 1360 2594; x_wconf 89' lang='lat' dir='ltr'><strong>et</strong></span> <span class='ocrx_word' id='word_1_264' title='bbox 1403 2537 1474 2593; x_wconf 87' lang='lat' dir='ltr'><strong>ob</strong></span> <span class='ocrx_word' id='word_1_265' title='bbox 1500 2535 1768 2592; x_wconf 87' lang='lat' dir='ltr'><strong>creberri-</strong></span> 
     </span>
    </p>
   </div>
   <div class='ocr_carea' id='block_1_39' title="bbox 171 2625 1766 2698">
    <p class='ocr_par' dir='ltr' id='par_1_39' title="bbox 171 2625 1766 2698">
     <span class='ocr_line' id='line_1_39' title="bbox 171 2625 1766 2698; baseline -0.003 -14"><span class='ocrx_word' id='word_1_266' title='bbox 171 2645 328 2684; x_wconf 87' lang='lat' dir='ltr'><strong>mam</strong></span> <span class='ocrx_word' id='word_1_267' title='bbox 381 2630 814 2684; x_wconf 73' lang='lat' dir='ltr'><strong>adversariorum</strong></span> <span class='ocrx_word' id='word_1_268' title='bbox 885 2629 1197 2696; x_wconf 87' lang='lat' dir='ltr'><strong>victoriam,</strong></span> <span class='ocrx_word' id='word_1_269' title='bbox 1261 2629 1318 2683; x_wconf 89' lang='lat' dir='ltr'><strong>in</strong></span> <span class='ocrx_word' id='word_1_270' title='bbox 1375 2626 1626 2698; x_wconf 85' lang='lat' dir='ltr'><strong>amplexu</strong></span> <span class='ocrx_word' id='word_1_271' title='bbox 1681 2625 1766 2681; x_wconf 89' lang='lat' dir='ltr'><strong>sui</strong></span> 
     </span>
    </p>
   </div>
   <div class='ocr_carea' id='block_1_40' title="bbox 171 2717 1768 2790">
    <p class='ocr_par' dir='ltr' id='par_1_40' title="bbox 171 2717 1768 2790">
     <span class='ocr_line' id='line_1_40' title="bbox 171 2717 1768 2790; baseline -0.003 -16"><span class='ocrx_word' id='word_1_272' title='bbox 171 2719 380 2790; x_wconf 87' lang='lat' dir='ltr'><strong>Sponsi</strong></span> <span class='ocrx_word' id='word_1_273' title='bbox 425 2721 833 2786; x_wconf 90' lang='lat' dir='ltr'><strong>condelectans,</strong></span> <span class='ocrx_word' id='word_1_274' title='bbox 891 2719 945 2774; x_wconf 92' lang='lat' dir='ltr'><strong>in</strong></span> <span class='ocrx_word' id='word_1_275' title='bbox 993 2719 1160 2775; x_wconf 82' lang='lat' dir='ltr'><strong>totius</strong></span> <span class='ocrx_word' id='word_1_276' title='bbox 1222 2717 1423 2773; x_wconf 67' lang='lat' dir='ltr'><strong>laztitire</strong></span> <span class='ocrx_word' id='word_1_277' title='bbox 1471 2730 1499 2759; x_wconf 74' lang='grc' dir='ltr'><strong>ει</strong></span> <span class='ocrx_word' id='word_1_278' title='bbox 1551 2722 1768 2787; x_wconf 88' lang='lat' dir='ltr'><strong>patrato</strong></span> 
     </span>
    </p>
   </div>
   <div class='ocr_carea' id='block_1_41' title="bbox 171 2807 1766 2880">
    <p class='ocr_par' dir='ltr' id='par_1_41' title="bbox 171 2807 1766 2880">
     <span class='ocr_line' id='line_1_41' title="bbox 171 2807 1766 2880; baseline -0.002 -17"><span class='ocrx_word' id='word_1_279' title='bbox 171 2810 460 2880; x_wconf 89' lang='lat' dir='ltr'><strong>triumpho</strong></span> <span class='ocrx_word' id='word_1_280' title='bbox 485 2811 774 2865; x_wconf 88' lang='lat' dir='ltr'><strong>admodum</strong></span> <span class='ocrx_word' id='word_1_281' title='bbox 804 2809 1125 2875; x_wconf 82' lang='lat' dir='ltr'><strong>exsultaret,</strong></span> <span class='ocrx_word' id='word_1_282' title='bbox 1164 2817 1222 2863; x_wconf 91' lang='lat' dir='ltr'><strong>et</strong></span> <span class='ocrx_word' id='word_1_283' title='bbox 1247 2807 1512 2878; x_wconf 83' lang='lat' dir='ltr'><strong>frequenti</strong></span> <span class='ocrx_word' id='word_1_284' title='bbox 1543 2821 1766 2862; x_wconf 87' lang='lat' dir='ltr'><strong>concer-</strong></span> 
     </span>
    </p>
   </div>
   <div class='ocr_carea' id='block_1_42' title="bbox 171 2899 1767 2972">
    <p class='ocr_par' dir='ltr' id='par_1_42' title="bbox 171 2899 1767 2972">
     <span class='ocr_line' id='line_1_42' title="bbox 171 2899 1767 2972; baseline -0.003 -17"><span class='ocrx_word' id='word_1_285' title='bbox 171 2901 390 2957; x_wconf 87' lang='lat' dir='ltr'><strong>tatione</strong></span> <span class='ocrx_word' id='word_1_286' title='bbox 413 2901 467 2954; x_wconf 90' lang='lat' dir='ltr'><strong>in</strong></span> <span class='ocrx_word' id='word_1_287' title='bbox 491 2901 628 2956; x_wconf 90' lang='lat' dir='ltr'><strong>bella</strong></span> <span class='ocrx_word' id='word_1_288' title='bbox 651 2902 745 2957; x_wconf 90' lang='lat' dir='ltr'><strong>Dei</strong></span> <span class='ocrx_word' id='word_1_289' title='bbox 771 2902 853 2956; x_wconf 92' lang='lat' dir='ltr'><strong>sui</strong></span> <span class='ocrx_word' id='word_1_290' title='bbox 879 2915 1188 2972; x_wconf 85' lang='lat' dir='ltr'><strong>assurgens,</strong></span> <span class='ocrx_word' id='word_1_291' title='bbox 1213 2899 1438 2957; x_wconf 87' lang='lat' dir='ltr'><strong>scientia</strong></span> <span class='ocrx_word' id='word_1_292' title='bbox 1463 2911 1767 2970; x_wconf 74' lang='lat' dir='ltr'><strong>repugnau-</strong></span> 
     </span>
    </p>
   </div>
   <div class='ocr_carea' id='block_1_43' title="bbox 167 2988 1766 3064">
    <p class='ocr_par' dir='ltr' id='par_1_43' title="bbox 167 2988 1766 3064">
     <span class='ocr_line' id='line_1_43' title="bbox 167 2988 1766 3064; baseline -0.003 -16"><span class='ocrx_word' id='word_1_293' title='bbox 167 2994 229 3048; x_wconf 89' lang='lat' dir='ltr'><strong>di</strong></span> <span class='ocrx_word' id='word_1_294' title='bbox 289 3001 578 3048; x_wconf 83' lang='lat' dir='ltr'><strong>venustata</strong></span> <span class='ocrx_word' id='word_1_295' title='bbox 625 3009 746 3050; x_wconf 91' lang='lat' dir='ltr'><strong>cum</strong></span> <span class='ocrx_word' id='word_1_296' title='bbox 807 2993 1000 3048; x_wconf 89' lang='lat' dir='ltr'><strong>decore</strong></span> <span class='ocrx_word' id='word_1_297' title='bbox 1026 2991 1273 3064; x_wconf 87' lang='lat' dir='ltr'><strong>polleret,</strong></span> <span class='ocrx_word' id='word_1_298' title='bbox 1307 2998 1366 3046; x_wconf 87' lang='lat' dir='ltr'><strong>ut</strong></span> <span class='ocrx_word' id='word_1_299' title='bbox 1411 3002 1472 3046; x_wconf 88' lang='lat' dir='ltr'><strong>se</strong></span> <span class='ocrx_word' id='word_1_300' title='bbox 1515 2988 1766 3044; x_wconf 82' lang='lat' dir='ltr'><strong>toxicatis</strong></span> 
     </span>
    </p>
   </div>
   <div class='ocr_carea' id='block_1_44' title="bbox 168 3081 1762 3156">
    <p class='ocr_par' dir='ltr' id='par_1_44' title="bbox 168 3081 1762 3156">
     <span class='ocr_line' id='line_1_44' title="bbox 168 3081 1762 3156; baseline -0.003 -16"><span class='ocrx_word' id='word_1_301' title='bbox 168 3086 354 3141; x_wconf 87' lang='lat' dir='ltr'><strong>armis</strong></span> <span class='ocrx_word' id='word_1_302' title='bbox 374 3093 704 3141; x_wconf 89' lang='lat' dir='ltr'><strong>attentantes</strong></span> <span class='ocrx_word' id='word_1_303' title='bbox 733 3094 981 3156; x_wconf 88' lang='lat' dir='ltr'><strong>potenter</strong></span> <span class='ocrx_word' id='word_1_304' title='bbox 1011 3084 1275 3155; x_wconf 88' lang='lat' dir='ltr'><strong>repellere</strong></span> <span class='ocrx_word' id='word_1_305' title='bbox 1309 3082 1627 3145; x_wconf 82' lang='lat' dir='ltr'><strong>addisceret,</strong></span> <span class='ocrx_word' id='word_1_306' title='bbox 1658 3081 1762 3152; x_wconf 88' lang='lat' dir='ltr'><strong>ipsi</strong></span> 
     </span>
    </p>
   </div>
   <div class='ocr_carea' id='block_1_45' title="bbox 167 3172 1764 3247">
    <p class='ocr_par' dir='ltr' id='par_1_45' title="bbox 167 3172 1764 3247">
     <span class='ocr_line' id='line_1_45' title="bbox 167 3172 1764 3247; baseline -0.001 -17"><span class='ocrx_word' id='word_1_307' title='bbox 167 3176 551 3242; x_wconf 87' lang='lat' dir='ltr'><strong>conclamans,</strong></span> <span class='ocrx_word' id='word_1_308' title='bbox 573 3176 663 3246; x_wconf 92' lang='lat' dir='ltr'><strong>qui</strong></span> <span class='ocrx_word' id='word_1_309' title='bbox 685 3184 846 3246; x_wconf 90' lang='lat' dir='ltr'><strong>caput</strong></span> <span class='ocrx_word' id='word_1_310' title='bbox 888 3175 1084 3247; x_wconf 87' lang='lat' dir='ltr'><strong>galeati</strong></span> <span class='ocrx_word' id='word_1_311' title='bbox 1127 3174 1384 3230; x_wconf 86' lang='lat' dir='ltr'><strong>contrivit</strong></span> <span class='ocrx_word' id='word_1_312' title='bbox 1408 3172 1670 3244; x_wconf 76' lang='lat' dir='ltr'><strong>chelydri,</strong></span> <span class='ocrx_word' id='word_1_313' title='bbox 1698 3188 1764 3228; x_wconf 92' lang='lat' dir='ltr'><strong>ac</strong></span> 
     </span>
    </p>
   </div>
   <div class='ocr_carea' id='block_1_46' title="bbox 169 3265 1761 3337">
    <p class='ocr_par' dir='ltr' id='par_1_46' title="bbox 169 3265 1761 3337">
     <span class='ocr_line' id='line_1_46' title="bbox 169 3265 1761 3337; baseline -0.002 -17"><span class='ocrx_word' id='word_1_314' title='bbox 169 3265 508 3321; x_wconf 83' lang='lat' dir='ltr'><strong>ﬁducialiter</strong></span> <span class='ocrx_word' id='word_1_315' title='bbox 546 3281 756 3337; x_wconf 84' lang='lat' dir='ltr'><strong>agens:</strong></span> <span class='ocrx_word' id='word_1_316' title='bbox 801 3266 1017 3332; x_wconf 82' lang='lat' dir='ltr'><strong>Judica,</strong></span> <span class='ocrx_word' id='word_1_317' title='bbox 1073 3265 1316 3330; x_wconf 83' lang='lat' dir='ltr'><strong>Domine,</strong></span> <span class='ocrx_word' id='word_1_318' title='bbox 1363 3274 1602 3319; x_wconf 69' lang='lat' dir='ltr'><strong>nocentes</strong></span> <span class='ocrx_word' id='word_1_319' title='bbox 1644 3279 1761 3329; x_wconf 88' lang='lat' dir='ltr'><strong>me;</strong></span> 
     </span>
    </p>
   </div>
   <div class='ocr_carea' id='block_1_47' title="bbox 167 3356 1763 3428">
    <p class='ocr_par' dir='ltr' id='par_1_47' title="bbox 167 3356 1763 3428">
     <span class='ocr_line' id='line_1_47' title="bbox 167 3356 1763 3428; baseline -0.003 -16"><span class='ocrx_word' id='word_1_320' title='bbox 167 3375 426 3428; x_wconf 76' lang='lat' dir='ltr'><strong>expugna</strong></span> <span class='ocrx_word' id='word_1_321' title='bbox 452 3358 814 3428; x_wconf 70' lang='lat' dir='ltr'><strong>impugnante;</strong></span> <span class='ocrx_word' id='word_1_322' title='bbox 852 3374 954 3412; x_wconf 84' lang='lat' dir='ltr'><strong>me.</strong></span> <span class='ocrx_word' id='word_1_323' title='bbox 1001 3356 1344 3428; x_wconf 82' lang='lat' dir='ltr'><strong>Apprehende</strong></span> <span class='ocrx_word' id='word_1_324' title='bbox 1385 3371 1536 3410; x_wconf 88' lang='lat' dir='ltr'><strong>arma</strong></span> <span class='ocrx_word' id='word_1_325' title='bbox 1568 3362 1618 3408; x_wconf 88' lang='lat' dir='ltr'><strong>et</strong></span> <span class='ocrx_word' id='word_1_326' title='bbox 1645 3370 1763 3408; x_wconf 82' lang='lat' dir='ltr'><strong>scu-</strong></span> 
     </span>
    </p>
   </div>
   <div class='ocr_carea' id='block_1_48' title="bbox 166 3447 1759 3520">
    <p class='ocr_par' dir='ltr' id='par_1_48' title="bbox 166 3447 1759 3520">
     <span class='ocr_line' id='line_1_48' title="bbox 166 3447 1759 3520; baseline 0 -18"><span class='ocrx_word' id='word_1_327' title='bbox 166 3460 316 3513; x_wconf 84' lang='lat' dir='ltr'><strong>tum,</strong></span> <span class='ocrx_word' id='word_1_328' title='bbox 341 3459 389 3502; x_wconf 87' lang='lat' dir='ltr'><strong>et</strong></span> <span class='ocrx_word' id='word_1_329' title='bbox 413 3465 632 3519; x_wconf 70' lang='lat' dir='ltr'><strong>exsurge</strong></span> <span class='ocrx_word' id='word_1_330' title='bbox 663 3450 717 3503; x_wconf 85' lang='lat' dir='ltr'><strong>in</strong></span> <span class='ocrx_word' id='word_1_331' title='bbox 747 3449 1072 3519; x_wconf 84' lang='lat' dir='ltr'><strong>adjutorium</strong></span> <span class='ocrx_word' id='word_1_332' title='bbox 1098 3450 1228 3502; x_wconf 84' lang='lat' dir='ltr'><strong>mihi</strong></span> <span class='ocrx_word' id='word_1_333' title='bbox 1260 3447 1433 3520; x_wconf 83' lang='lat' dir='ltr'><strong>(Psal.</strong></span> <span class='ocrx_word' id='word_1_334' title='bbox 1466 3463 1652 3513; x_wconf 73' lang='lat' dir='ltr'><strong>XXXIV,</strong></span> <span class='ocrx_word' id='word_1_335' title='bbox 1683 3448 1759 3518; x_wconf 77' lang='grc'><strong>1).</strong></span> 
     </span>
    </p>
   </div>
   <div class='ocr_carea' id='block_1_49' title="bbox 246 3537 1761 3608">
    <p class='ocr_par' dir='ltr' id='par_1_49' title="bbox 246 3537 1761 3608">
     <span class='ocr_line' id='line_1_49' title="bbox 246 3537 1761 3608; baseline -0.001 -15"><span class='ocrx_word' id='word_1_336' title='bbox 246 3538 422 3608; x_wconf 83' lang='lat' dir='ltr'><strong>Igitur</strong></span> <span class='ocrx_word' id='word_1_337' title='bbox 470 3539 740 3594; x_wconf 85' lang='lat' dir='ltr'><strong>multoties</strong></span> <span class='ocrx_word' id='word_1_338' title='bbox 786 3539 982 3594; x_wconf 89' lang='lat' dir='ltr'><strong>devicti</strong></span> <span class='ocrx_word' id='word_1_339' title='bbox 1035 3539 1217 3594; x_wconf 91' lang='lat' dir='ltr'><strong>hostes</strong></span> <span class='ocrx_word' id='word_1_340' title='bbox 1263 3553 1387 3593; x_wconf 91' lang='lat' dir='ltr'><strong>cum</strong></span> <span class='ocrx_word' id='word_1_341' title='bbox 1431 3537 1648 3608; x_wconf 81' lang='lat' dir='ltr'><strong>indigne</strong></span> <span class='ocrx_word' id='word_1_342' title='bbox 1693 3552 1761 3593; x_wconf 87' lang='lat' dir='ltr'><strong>ac</strong></span> 
     </span>
    </p>
   </div>
   <div class='ocr_carea' id='block_1_50' title="bbox 159 3629 1762 3701">
    <p class='ocr_par' dir='ltr' id='par_1_50' title="bbox 159 3629 1762 3701">
     <span class='ocr_line' id='line_1_50' title="bbox 159 3629 1762 3701; baseline 0.001 -17"><span class='ocrx_word' id='word_1_343' title='bbox 159 3631 420 3700; x_wconf 82' lang='lat' dir='ltr'><strong>turpiter</strong></span> <span class='ocrx_word' id='word_1_344' title='bbox 447 3631 684 3684; x_wconf 85' lang='lat' dir='ltr'><strong>rediviva</strong></span> <span class='ocrx_word' id='word_1_345' title='bbox 711 3631 911 3686; x_wconf 92' lang='lat' dir='ltr'><strong>audent</strong></span> <span class='ocrx_word' id='word_1_346' title='bbox 937 3645 1193 3701; x_wconf 88' lang='lat' dir='ltr'><strong>reparare</strong></span> <span class='ocrx_word' id='word_1_347' title='bbox 1223 3630 1546 3696; x_wconf 88' lang='lat' dir='ltr'><strong>certamina,</strong></span> <span class='ocrx_word' id='word_1_348' title='bbox 1573 3630 1626 3684; x_wconf 91' lang='lat' dir='ltr'><strong>in</strong></span> <span class='ocrx_word' id='word_1_349' title='bbox 1657 3629 1762 3685; x_wconf 90' lang='lat' dir='ltr'><strong>hoc</strong></span> 
     </span>
    </p>
   </div>
   <div class='ocr_carea' id='block_1_51' title="bbox 164 3720 1764 3792">
    <p class='ocr_par' dir='ltr' id='par_1_51' title="bbox 164 3720 1764 3792">
     <span class='ocr_line' id='line_1_51' title="bbox 164 3720 1764 3792; baseline -0.001 -14"><span class='ocrx_word' id='word_1_350' title='bbox 164 3721 414 3791; x_wconf 82' lang='lat' dir='ltr'><strong>segnitia</strong></span> <span class='ocrx_word' id='word_1_351' title='bbox 445 3721 732 3777; x_wconf 87' lang='lat' dir='ltr'><strong>deterioris</strong></span> <span class='ocrx_word' id='word_1_352' title='bbox 767 3721 926 3777; x_wconf 64' lang='lat' dir='ltr'><strong>famae</strong></span> <span class='ocrx_word' id='word_1_353' title='bbox 953 3737 1050 3791; x_wconf 88' lang='lat' dir='ltr'><strong>per</strong></span> <span class='ocrx_word' id='word_1_354' title='bbox 1076 3737 1172 3776; x_wconf 86' lang='lat' dir='ltr'><strong>ora</strong></span> <span class='ocrx_word' id='word_1_355' title='bbox 1208 3730 1584 3792; x_wconf 86' lang='lat' dir='ltr'><strong>magnatorum</strong></span> <span class='ocrx_word' id='word_1_356' title='bbox 1626 3720 1764 3776; x_wconf 86' lang='lat' dir='ltr'><strong>infe-</strong></span> 
     </span>
    </p>
   </div>
   <div class='ocr_carea' id='block_1_52' title="bbox 163 3812 1763 3884">
    <p class='ocr_par' dir='ltr' id='par_1_52' title="bbox 163 3812 1763 3884">
     <span class='ocr_line' id='line_1_52' title="bbox 163 3812 1763 3884; baseline -0.003 -13"><span class='ocrx_word' id='word_1_357' title='bbox 163 3816 341 3871; x_wconf 91' lang='lat' dir='ltr'><strong>licius</strong></span> <span class='ocrx_word' id='word_1_358' title='bbox 373 3814 710 3879; x_wconf 85' lang='lat' dir='ltr'><strong>deteruntur,</strong></span> <span class='ocrx_word' id='word_1_359' title='bbox 747 3829 856 3884; x_wconf 90' lang='lat' dir='ltr'><strong>quo</strong></span> <span class='ocrx_word' id='word_1_360' title='bbox 904 3813 1111 3884; x_wconf 84' lang='lat' dir='ltr'><strong>subrigi</strong></span> <span class='ocrx_word' id='word_1_361' title='bbox 1160 3813 1387 3884; x_wconf 82' lang='lat' dir='ltr'><strong>ingeniis</strong></span> <span class='ocrx_word' id='word_1_362' title='bbox 1417 3813 1665 3868; x_wconf 79' lang='lat' dir='ltr'><strong>fraudum</strong></span> <span class='ocrx_word' id='word_1_363' title='bbox 1693 3812 1763 3866; x_wconf 88' lang='lat' dir='ltr'><strong>ad</strong></span> 
     </span>
    </p>
   </div>
   <div class='ocr_carea' id='block_1_53' title="bbox 163 3904 1762 3977">
    <p class='ocr_par' dir='ltr' id='par_1_53' title="bbox 163 3904 1762 3977">
     <span class='ocr_line' id='line_1_53' title="bbox 163 3904 1762 3977; baseline -0.001 -15"><span class='ocrx_word' id='word_1_364' title='bbox 163 3905 500 3962; x_wconf 88' lang='lat' dir='ltr'><strong>sublimiora</strong></span> <span class='ocrx_word' id='word_1_365' title='bbox 520 3907 781 3977; x_wconf 82' lang='lat' dir='ltr'><strong>gestiunt,</strong></span> <span class='ocrx_word' id='word_1_366' title='bbox 811 3907 907 3961; x_wconf 89' lang='lat' dir='ltr'><strong>sed</strong></span> <span class='ocrx_word' id='word_1_367' title='bbox 933 3921 1032 3960; x_wconf 89' lang='lat' dir='ltr'><strong>ceu</strong></span> <span class='ocrx_word' id='word_1_368' title='bbox 1058 3904 1350 3960; x_wconf 76' lang='lat' dir='ltr'><strong>effeminati</strong></span> <span class='ocrx_word' id='word_1_369' title='bbox 1377 3904 1583 3960; x_wconf 90' lang='lat' dir='ltr'><strong>viribus</strong></span> <span class='ocrx_word' id='word_1_370' title='bbox 1609 3913 1762 3977; x_wconf 87' lang='lat' dir='ltr'><strong>terga</strong></span> 
     </span>
    </p>
   </div>
   <div class='ocr_carea' id='block_1_54' title="bbox 161 3997 1760 4069">
    <p class='ocr_par' dir='ltr' id='par_1_54' title="bbox 161 3997 1760 4069">
     <span class='ocr_line' id='line_1_54' title="bbox 161 3997 1760 4069; baseline -0.001 -15"><span class='ocrx_word' id='word_1_371' title='bbox 161 3999 487 4069; x_wconf 67' lang='lat' dir='ltr'><strong>praebentes</strong></span> <span class='ocrx_word' id='word_1_372' title='bbox 527 3998 842 4054; x_wconf 80' lang='lat' dir='ltr'><strong>deformiter</strong></span> <span class='ocrx_word' id='word_1_373' title='bbox 888 3999 1266 4054; x_wconf 89' lang='lat' dir='ltr'><strong>succumbunt.</strong></span> <span class='ocrx_word' id='word_1_374' title='bbox 1319 3997 1397 4053; x_wconf 87' lang='lat' dir='ltr'><strong>Ita</strong></span> <span class='ocrx_word' id='word_1_375' title='bbox 1441 3997 1488 4052; x_wconf 90' lang='lat' dir='ltr'><strong>si</strong></span> <span class='ocrx_word' id='word_1_376' title='bbox 1543 3997 1760 4068; x_wconf 91' lang='lat' dir='ltr'><strong>quidem</strong></span> 
     </span>
    </p>
   </div>
   <div class='ocr_carea' id='block_1_55' title="bbox 162 4089 1763 4163">
    <p class='ocr_par' dir='ltr' id='par_1_55' title="bbox 162 4089 1763 4163">
     <span class='ocr_line' id='line_1_55' title="bbox 162 4089 1763 4163; baseline -0.001 -17"><span class='ocrx_word' id='word_1_377' title='bbox 162 4100 451 4146; x_wconf 80' lang='lat' dir='ltr'><strong>venenata</strong></span> <span class='ocrx_word' id='word_1_378' title='bbox 495 4091 763 4160; x_wconf 88' lang='lat' dir='ltr'><strong>pernicies</strong></span> <span class='ocrx_word' id='word_1_379' title='bbox 806 4090 1048 4161; x_wconf 85' lang='lat' dir='ltr'><strong>perversi</strong></span> <span class='ocrx_word' id='word_1_380' title='bbox 1077 4090 1344 4163; x_wconf 84' lang='lat' dir='ltr'><strong>dogmatis</strong></span> <span class='ocrx_word' id='word_1_381' title='bbox 1373 4090 1442 4145; x_wconf 89' lang='lat' dir='ltr'><strong>ab</strong></span> <span class='ocrx_word' id='word_1_382' title='bbox 1485 4089 1639 4146; x_wconf 90' lang='lat' dir='ltr'><strong>initio</strong></span> <span class='ocrx_word' id='word_1_383' title='bbox 1669 4105 1763 4144; x_wconf 87' lang='lat' dir='ltr'><strong>na-</strong></span> 
     </span>
    </p>
   </div>
   <div class='ocr_carea' id='block_1_56' title="bbox 163 4182 1760 4254">
    <p class='ocr_par' dir='ltr' id='par_1_56' title="bbox 163 4182 1760 4254">
     <span class='ocr_line' id='line_1_56' title="bbox 163 4182 1760 4254; baseline 0 -16"><span class='ocrx_word' id='word_1_384' title='bbox 163 4183 389 4238; x_wconf 81' lang='lat' dir='ltr'><strong>scentis</strong></span> <span class='ocrx_word' id='word_1_385' title='bbox 428 4182 686 4238; x_wconf 82' lang='lat' dir='ltr'><strong>Ecclesiae</strong></span> <span class='ocrx_word' id='word_1_386' title='bbox 735 4196 906 4251; x_wconf 89' lang='lat' dir='ltr'><strong>usque</strong></span> <span class='ocrx_word' id='word_1_387' title='bbox 931 4183 999 4237; x_wconf 90' lang='lat' dir='ltr'><strong>ad</strong></span> <span class='ocrx_word' id='word_1_388' title='bbox 1023 4196 1262 4252; x_wconf 71' lang='lat' dir='ltr'><strong>prazsens</strong></span> <span class='ocrx_word' id='word_1_389' title='bbox 1307 4183 1558 4254; x_wconf 88' lang='lat' dir='ltr'><strong>nequiter</strong></span> <span class='ocrx_word' id='word_1_390' title='bbox 1587 4183 1760 4254; x_wconf 86' lang='lat' dir='ltr'><strong>pullu-</strong></span> 
     </span>
    </p>
   </div>
   <div class='ocr_carea' id='block_1_57' title="bbox 162 4273 1762 4356">
    <p class='ocr_par' dir='ltr' id='par_1_57' title="bbox 162 4273 1762 4356">
     <span class='ocr_line' id='line_1_57' title="bbox 162 4273 1762 4356; baseline 0.003 -29"><span class='ocrx_word' id='word_1_391' title='bbox 162 4273 300 4328; x_wconf 85' lang='lat' dir='ltr'><strong>lans</strong></span> <span class='ocrx_word' id='word_1_392' title='bbox 347 4285 568 4342; x_wconf 88' lang='lat' dir='ltr'><strong>serpere</strong></span> <span class='ocrx_word' id='word_1_393' title='bbox 597 4288 702 4328; x_wconf 89' lang='lat' dir='ltr'><strong>non</strong></span> <span class='ocrx_word' id='word_1_394' title='bbox 754 4273 986 4338; x_wconf 83' lang='lat' dir='ltr'><strong>desistit,</strong></span> <span class='ocrx_word' id='word_1_395' title='bbox 1027 4288 1295 4344; x_wconf 86' lang='lat' dir='ltr'><strong>occupare</strong></span> <span class='ocrx_word' id='word_1_396' title='bbox 1344 4275 1610 4356; x_wconf 72' lang='lat' dir='ltr'><strong>incautos,</strong></span> <span class='ocrx_word' id='word_1_397' title='bbox 1641 4291 1762 4331; x_wconf 90' lang='lat' dir='ltr'><strong>cor-</strong></span> 
     </span>
    </p>
   </div>
   <div class='ocr_carea' id='block_1_58' title="bbox 158 4363 1764 4438">
    <p class='ocr_par' dir='ltr' id='par_1_58' title="bbox 158 4363 1764 4438">
     <span class='ocr_line' id='line_1_58' title="bbox 158 4363 1764 4438; baseline 0.001 -19"><span class='ocrx_word' id='word_1_398' title='bbox 158 4378 436 4433; x_wconf 84' lang='lat' dir='ltr'><strong>rumpere</strong></span> <span class='ocrx_word' id='word_1_399' title='bbox 465 4363 709 4418; x_wconf 88' lang='lat' dir='ltr'><strong>doctrina</strong></span> <span class='ocrx_word' id='word_1_400' title='bbox 740 4364 976 4433; x_wconf 85' lang='lat' dir='ltr'><strong>quietos,</strong></span> <span class='ocrx_word' id='word_1_401' title='bbox 1001 4379 1153 4420; x_wconf 90' lang='lat' dir='ltr'><strong>more</strong></span> <span class='ocrx_word' id='word_1_402' title='bbox 1183 4365 1409 4420; x_wconf 89' lang='lat' dir='ltr'><strong>latronis</strong></span> <span class='ocrx_word' id='word_1_403' title='bbox 1443 4367 1662 4438; x_wconf 84' lang='lat' dir='ltr'><strong>aggredi</strong></span> <span class='ocrx_word' id='word_1_404' title='bbox 1685 4366 1764 4421; x_wconf 85' lang='lat' dir='ltr'><strong>la-</strong></span> 
     </span>
    </p>
   </div>
   <div class='ocr_carea' id='block_1_59' title="bbox 162 4454 1762 4525">
    <p class='ocr_par' dir='ltr' id='par_1_59' title="bbox 162 4454 1762 4525">
     <span class='ocr_line' id='line_1_59' title="bbox 162 4454 1762 4525; baseline 0.002 -15"><span class='ocrx_word' id='word_1_405' title='bbox 162 4464 362 4510; x_wconf 81' lang='lat' dir='ltr'><strong>tenter</strong></span> <span class='ocrx_word' id='word_1_406' title='bbox 399 4456 535 4510; x_wconf 90' lang='lat' dir='ltr'><strong>bene</strong></span> <span class='ocrx_word' id='word_1_407' title='bbox 588 4455 866 4525; x_wconf 90' lang='lat' dir='ltr'><strong>degentes,</strong></span> <span class='ocrx_word' id='word_1_408' title='bbox 909 4469 1038 4509; x_wconf 88' lang='lat' dir='ltr'><strong>vera</strong></span> <span class='ocrx_word' id='word_1_409' title='bbox 1080 4455 1135 4510; x_wconf 91' lang='lat' dir='ltr'><strong>in</strong></span> <span class='ocrx_word' id='word_1_410' title='bbox 1193 4454 1343 4511; x_wconf 90' lang='lat' dir='ltr'><strong>falsis</strong></span> <span class='ocrx_word' id='word_1_411' title='bbox 1395 4464 1762 4514; x_wconf 90' lang='lat' dir='ltr'><strong>transmutare</strong></span> 
     </span>
    </p>
   </div>
   <div class='ocr_carea' id='block_1_60' title="bbox 160 4549 1762 4622">
    <p class='ocr_par' dir='ltr' id='par_1_60' title="bbox 160 4549 1762 4622">
     <span class='ocr_line' id='line_1_60' title="bbox 160 4549 1762 4622; baseline 0.002 -18"><span class='ocrx_word' id='word_1_412' title='bbox 160 4549 379 4604; x_wconf 87' lang='lat' dir='ltr'><strong>callide</strong></span> <span class='ocrx_word' id='word_1_413' title='bbox 409 4549 772 4604; x_wconf 82' lang='lat' dir='ltr'><strong>laborans.At</strong></span> <span class='ocrx_word' id='word_1_414' title='bbox 800 4558 985 4604; x_wconf 86' lang='lat' dir='ltr'><strong>saneta</strong></span> <span class='ocrx_word' id='word_1_415' title='bbox 1008 4549 1272 4616; x_wconf 87' lang='lat' dir='ltr'><strong>Ecclesia,</strong></span> <span class='ocrx_word' id='word_1_416' title='bbox 1291 4549 1405 4619; x_wconf 88' lang='lat' dir='ltr'><strong>jam</strong></span> <span class='ocrx_word' id='word_1_417' title='bbox 1432 4552 1583 4622; x_wconf 91' lang='lat' dir='ltr'><strong>quasi</strong></span> <span class='ocrx_word' id='word_1_418' title='bbox 1611 4553 1762 4608; x_wconf 89' lang='lat' dir='ltr'><strong>senio</strong></span> 
     </span>
    </p>
   </div>
   <div class='ocr_carea' id='block_1_61' title="bbox 159 4637 1762 4709">
    <p class='ocr_par' dir='ltr' id='par_1_61' title="bbox 159 4637 1762 4709">
     <span class='ocr_line' id='line_1_61' title="bbox 159 4637 1762 4709; baseline 0.003 -18"><span class='ocrx_word' id='word_1_419' title='bbox 159 4639 411 4702; x_wconf 87' lang='lat' dir='ltr'><strong>lassata,</strong></span> <span class='ocrx_word' id='word_1_420' title='bbox 437 4653 559 4692; x_wconf 91' lang='lat' dir='ltr'><strong>cum</strong></span> <span class='ocrx_word' id='word_1_421' title='bbox 590 4637 770 4709; x_wconf 81' lang='lat' dir='ltr'><strong>Moyse</strong></span> <span class='ocrx_word' id='word_1_422' title='bbox 803 4638 872 4692; x_wconf 85' lang='lat' dir='ltr'><strong>ad</strong></span> <span class='ocrx_word' id='word_1_423' title='bbox 899 4639 1184 4694; x_wconf 86' lang='lat' dir='ltr'><strong>Dominum</strong></span> <span class='ocrx_word' id='word_1_424' title='bbox 1210 4639 1622 4697; x_wconf 90' lang='lat' dir='ltr'><strong>iuterventrices</strong></span> <span class='ocrx_word' id='word_1_425' title='bbox 1649 4641 1762 4696; x_wconf 89' lang='lat' dir='ltr'><strong>ele-</strong></span> 
     </span>
    </p>
   </div>
   <div class='ocr_carea' id='block_1_62' title="bbox 156 4731 1762 4802">
    <p class='ocr_par' dir='ltr' id='par_1_62' title="bbox 156 4731 1762 4802">
     <span class='ocr_line' id='line_1_62' title="bbox 156 4731 1762 4802; baseline 0.001 -15"><span class='ocrx_word' id='word_1_426' title='bbox 156 4741 268 4788; x_wconf 85' lang='lat' dir='ltr'><strong>vat</strong></span> <span class='ocrx_word' id='word_1_427' title='bbox 310 4747 506 4785; x_wconf 89' lang='lat' dir='ltr'><strong>manus</strong></span> <span class='ocrx_word' id='word_1_428' title='bbox 540 4747 638 4801; x_wconf 90' lang='lat' dir='ltr'><strong>pro</strong></span> <span class='ocrx_word' id='word_1_429' title='bbox 689 4731 802 4786; x_wconf 88' lang='lat' dir='ltr'><strong>suis</strong></span> <span class='ocrx_word' id='word_1_430' title='bbox 844 4741 903 4786; x_wconf 90' lang='lat' dir='ltr'><strong>ut</strong></span> <span class='ocrx_word' id='word_1_431' title='bbox 933 4732 1180 4798; x_wconf 88' lang='lat' dir='ltr'><strong>vincant;</strong></span> <span class='ocrx_word' id='word_1_432' title='bbox 1231 4741 1288 4787; x_wconf 91' lang='lat' dir='ltr'><strong>et</strong></span> <span class='ocrx_word' id='word_1_433' title='bbox 1331 4733 1554 4802; x_wconf 90' lang='lat' dir='ltr'><strong>pulchre</strong></span> <span class='ocrx_word' id='word_1_434' title='bbox 1580 4735 1762 4789; x_wconf 83' lang='lat' dir='ltr'><strong>Aaron</strong></span> 
     </span>
    </p>
   </div>
   <div class='ocr_carea' id='block_1_63' title="bbox 156 4821 1762 4891">
    <p class='ocr_par' dir='ltr' id='par_1_63' title="bbox 156 4821 1762 4891">
     <span class='ocr_line' id='line_1_63' title="bbox 156 4821 1762 4891; baseline 0.001 -13"><span class='ocrx_word' id='word_1_435' title='bbox 156 4833 222 4878; x_wconf 88' lang='lat' dir='ltr'><strong>et</strong></span> <span class='ocrx_word' id='word_1_436' title='bbox 255 4821 380 4876; x_wconf 78' lang='lat' dir='ltr'><strong>llur</strong></span> <span class='ocrx_word' id='word_1_437' title='bbox 413 4821 666 4891; x_wconf 85' lang='lat' dir='ltr'><strong>fatigatas</strong></span> <span class='ocrx_word' id='word_1_438' title='bbox 713 4822 1003 4887; x_wconf 89' lang='lat' dir='ltr'><strong>sustinent,</strong></span> <span class='ocrx_word' id='word_1_439' title='bbox 1035 4822 1241 4876; x_wconf 88' lang='lat' dir='ltr'><strong>scilicet</strong></span> <span class='ocrx_word' id='word_1_440' title='bbox 1278 4821 1410 4878; x_wconf 82' lang='lat' dir='ltr'><strong>Novi</strong></span> <span class='ocrx_word' id='word_1_441' title='bbox 1443 4839 1506 4879; x_wconf 90' lang='lat' dir='ltr'><strong>ac</strong></span> <span class='ocrx_word' id='word_1_442' title='bbox 1555 4823 1762 4880; x_wconf 79' lang='lat' dir='ltr'><strong>Veteris</strong></span> 
     </span>
    </p>
   </div>
   <div class='ocr_carea' id='block_1_64' title="bbox 157 4911 1760 4974">
    <p class='ocr_par' dir='ltr' id='par_1_64' title="bbox 157 4911 1760 4974">
     <span class='ocr_line' id='line_1_64' title="bbox 157 4911 1760 4974; baseline -0.001 -5"><span class='ocrx_word' id='word_1_443' title='bbox 157 4912 515 4970; x_wconf 85' lang='lat' dir='ltr'><strong>Testamenti</strong></span> <span class='ocrx_word' id='word_1_444' title='bbox 566 4913 756 4974; x_wconf 88' lang='lat' dir='ltr'><strong>series,</strong></span> <span class='ocrx_word' id='word_1_445' title='bbox 800 4912 1107 4967; x_wconf 88' lang='lat' dir='ltr'><strong>testimonia</strong></span> <span class='ocrx_word' id='word_1_446' title='bbox 1146 4921 1456 4966; x_wconf 85' lang='lat' dir='ltr'><strong>sanctarum</strong></span> <span class='ocrx_word' id='word_1_447' title='bbox 1493 4911 1760 4968; x_wconf 55' lang='lat' dir='ltr'><strong>defensio-</strong></span> 
     </span>
    </p>
   </div>
   <div class='ocr_carea' id='block_1_65' title="bbox 152 5003 1759 5075">
    <p class='ocr_par' dir='ltr' id='par_1_65' title="bbox 152 5003 1759 5075">
     <span class='ocr_line' id='line_1_65' title="bbox 152 5003 1759 5075; baseline -0.002 -10"><span class='ocrx_word' id='word_1_448' title='bbox 152 5023 309 5065; x_wconf 83' lang='lat' dir='ltr'><strong>num</strong></span> <span class='ocrx_word' id='word_1_449' title='bbox 338 5006 394 5060; x_wconf 92' lang='lat' dir='ltr'><strong>in</strong></span> <span class='ocrx_word' id='word_1_450' title='bbox 421 5014 670 5075; x_wconf 88' lang='lat' dir='ltr'><strong>promptu</strong></span> <span class='ocrx_word' id='word_1_451' title='bbox 695 5004 890 5059; x_wconf 89' lang='lat' dir='ltr'><strong>festina</strong></span> <span class='ocrx_word' id='word_1_452' title='bbox 919 5005 1215 5074; x_wconf 89' lang='lat' dir='ltr'><strong>portendit,</strong></span> <span class='ocrx_word' id='word_1_453' title='bbox 1242 5021 1309 5060; x_wconf 94' lang='lat' dir='ltr'><strong>ne</strong></span> <span class='ocrx_word' id='word_1_454' title='bbox 1332 5003 1470 5060; x_wconf 90' lang='lat' dir='ltr'><strong>forte</strong></span> <span class='ocrx_word' id='word_1_455' title='bbox 1492 5005 1598 5070; x_wconf 91' lang='lat' dir='ltr'><strong>sui,</strong></span> <span class='ocrx_word' id='word_1_456' title='bbox 1621 5020 1759 5075; x_wconf 83' lang='lat' dir='ltr'><strong>quos</strong></span> 
     </span>
    </p>
   </div>
   <div class='ocr_carea' id='block_1_66' title="bbox 152 5094 1756 5165">
    <p class='ocr_par' dir='ltr' id='par_1_66' title="bbox 152 5094 1756 5165">
     <span class='ocr_line' id='line_1_66' title="bbox 152 5094 1756 5165; baseline -0.001 -12"><span class='ocrx_word' id='word_1_457' title='bbox 152 5094 450 5153; x_wconf 84' lang='lat' dir='ltr'><strong>eatbolice</strong></span> <span class='ocrx_word' id='word_1_458' title='bbox 479 5096 755 5150; x_wconf 88' lang='lat' dir='ltr'><strong>enutriens</strong></span> <span class='ocrx_word' id='word_1_459' title='bbox 799 5095 867 5149; x_wconf 88' lang='lat' dir='ltr'><strong>ad</strong></span> <span class='ocrx_word' id='word_1_460' title='bbox 913 5095 1259 5165; x_wconf 87' lang='lat' dir='ltr'><strong>perfectionis</strong></span> <span class='ocrx_word' id='word_1_461' title='bbox 1302 5096 1516 5151; x_wconf 91' lang='lat' dir='ltr'><strong>culmen</strong></span> <span class='ocrx_word' id='word_1_462' title='bbox 1553 5099 1756 5163; x_wconf 77' lang='lat' dir='ltr'><strong>evexit,</strong></span> 
     </span>
    </p>
   </div>
   <div class='ocr_carea' id='block_1_67' title="bbox 150 5187 1759 5259">
    <p class='ocr_par' dir='ltr' id='par_1_67' title="bbox 150 5187 1759 5259">
     <span class='ocr_line' id='line_1_67' title="bbox 150 5187 1759 5259; baseline -0.002 -13"><span class='ocrx_word' id='word_1_463' title='bbox 150 5189 378 5246; x_wconf 84' lang='lat' dir='ltr'><strong>cedant</strong></span> <span class='ocrx_word' id='word_1_464' title='bbox 423 5187 642 5258; x_wconf 80' lang='lat' dir='ltr'><strong>Spiculis</strong></span> <span class='ocrx_word' id='word_1_465' title='bbox 666 5187 1112 5258; x_wconf 84' lang='lat' dir='ltr'><strong>oppugnantium,</strong></span> <span class='ocrx_word' id='word_1_466' title='bbox 1156 5189 1250 5242; x_wconf 89' lang='lat' dir='ltr'><strong>sed</strong></span> <span class='ocrx_word' id='word_1_467' title='bbox 1283 5187 1472 5259; x_wconf 88' lang='lat' dir='ltr'><strong>clypeo</strong></span> <span class='ocrx_word' id='word_1_468' title='bbox 1513 5189 1759 5245; x_wconf 89' lang='lat' dir='ltr'><strong>veritatis</strong></span> 
     </span>
    </p>
   </div>
   <div class='ocr_carea' id='block_1_68' title="bbox 148 5280 1761 5352">
    <p class='ocr_par' dir='ltr' id='par_1_68' title="bbox 148 5280 1761 5352">
     <span class='ocr_line' id='line_1_68' title="bbox 148 5280 1761 5352; baseline 0 -16"><span class='ocrx_word' id='word_1_469' title='bbox 148 5281 412 5336; x_wconf 78' lang='lat' dir='ltr'><strong>viriliter</strong></span> <span class='ocrx_word' id='word_1_470' title='bbox 460 5280 787 5342; x_wconf 88' lang='lat' dir='ltr'><strong>resistentes,</strong></span> <span class='ocrx_word' id='word_1_471' title='bbox 833 5281 1059 5336; x_wconf 89' lang='lat' dir='ltr'><strong>Domino</strong></span> <span class='ocrx_word' id='word_1_472' title='bbox 1095 5282 1355 5336; x_wconf 87' lang='lat' dir='ltr'><strong>virtutum</strong></span> <span class='ocrx_word' id='word_1_473' title='bbox 1404 5291 1459 5337; x_wconf 92' lang='lat' dir='ltr'><strong>et</strong></span> <span class='ocrx_word' id='word_1_474' title='bbox 1489 5282 1620 5351; x_wconf 84' lang='lat' dir='ltr'><strong>Regi</strong></span> <span class='ocrx_word' id='word_1_475' title='bbox 1653 5282 1761 5352; x_wconf 85' lang='lat' dir='ltr'><strong>glo-</strong></span> 
     </span>
    </p>
   </div>
   <div class='ocr_carea' id='block_1_69' title="bbox 149 5370 1756 5441">
    <p class='ocr_par' dir='ltr' id='par_1_69' title="bbox 149 5370 1756 5441">
     <span class='ocr_line' id='line_1_69' title="bbox 149 5370 1756 5441; baseline -0.002 -13"><span class='ocrx_word' id='word_1_476' title='bbox 149 5376 268 5428; x_wconf 77' lang='lat' dir='ltr'><strong>riae</strong></span> <span class='ocrx_word' id='word_1_477' title='bbox 291 5371 654 5439; x_wconf 86' lang='lat' dir='ltr'><strong>jocundantes</strong></span> <span class='ocrx_word' id='word_1_478' title='bbox 705 5370 1041 5441; x_wconf 84' lang='lat' dir='ltr'><strong>proclament</strong></span> <span class='ocrx_word' id='word_1_479' title='bbox 1088 5389 1103 5428; x_wconf 90' lang='lat'><strong>:</strong></span> <span class='ocrx_word' id='word_1_480' title='bbox 1147 5370 1431 5428; x_wconf 81' lang='lat' dir='ltr'><strong>Cantemus</strong></span> <span class='ocrx_word' id='word_1_481' title='bbox 1478 5373 1702 5426; x_wconf 85' lang='lat' dir='ltr'><strong>Domino</strong></span> <span class='ocrx_word' id='word_1_482' title='bbox 1738 5387 1756 5424; x_wconf 93' lang='lat'><strong><em>:</em></strong></span> 
     </span>
    </p>
   </div>
   <div class='ocr_carea' id='block_1_70' title="bbox 146 5463 1755 5536">
    <p class='ocr_par' dir='ltr' id='par_1_70' title="bbox 146 5463 1755 5536">
     <span class='ocr_line' id='line_1_70' title="bbox 146 5463 1755 5536; baseline 0.001 -19"><span class='ocrx_word' id='word_1_483' title='bbox 146 5464 406 5535; x_wconf 75' lang='lat' dir='ltr'><strong>gloriose</strong></span> <span class='ocrx_word' id='word_1_484' title='bbox 446 5465 582 5517; x_wconf 84' lang='lat' dir='ltr'><strong>enim</strong></span> <span class='ocrx_word' id='word_1_485' title='bbox 615 5463 984 5534; x_wconf 80' lang='lat' dir='ltr'><strong>magniﬁcatus</strong></span> <span class='ocrx_word' id='word_1_486' title='bbox 1021 5474 1120 5530; x_wconf 76' lang='lat' dir='ltr'><strong>est,</strong></span> <span class='ocrx_word' id='word_1_487' title='bbox 1166 5466 1292 5535; x_wconf 84' lang='lat' dir='ltr'><strong>quia</strong></span> <span class='ocrx_word' id='word_1_488' title='bbox 1332 5481 1522 5536; x_wconf 84' lang='lat' dir='ltr'><strong>equum</strong></span> <span class='ocrx_word' id='word_1_489' title='bbox 1563 5475 1610 5519; x_wconf 83' lang='lat' dir='ltr'><strong>et</strong></span> <span class='ocrx_word' id='word_1_490' title='bbox 1640 5465 1755 5534; x_wconf 77' lang='lat' dir='ltr'><strong>ejus</strong></span> 
     </span>
    </p>
   </div>
   <div class='ocr_carea' id='block_1_71' title="bbox 233 5591 1755 5665">
    <p class='ocr_par' dir='ltr' id='par_1_71' title="bbox 233 5591 1755 5665">
     <span class='ocr_line' id='line_1_71' title="bbox 233 5591 1755 5665; baseline 0.005 -20"><span class='ocrx_word' id='word_1_491' title='bbox 233 5607 268 5635; x_wconf 73' lang='grc' dir='ltr'>ι</span> <span class='ocrx_word' id='word_1_492' title='bbox 302 5591 528 5648; x_wconf 86' lang='lat' dir='ltr'><strong>Patrato</strong></span> <span class='ocrx_word' id='word_1_493' title='bbox 560 5597 841 5665; x_wconf 80' lang='lat' dir='ltr'><strong>triumpho.</strong></span> <span class='ocrx_word' id='word_1_494' title='bbox 875 5596 965 5650; x_wconf 90' lang='lat' dir='ltr'><strong>Sic</strong></span> <span class='ocrx_word' id='word_1_495' title='bbox 989 5596 1183 5665; x_wconf 87' lang='lat' dir='ltr'><strong>legitur</strong></span> <span class='ocrx_word' id='word_1_496' title='bbox 1211 5597 1263 5650; x_wconf 92' lang='lat' dir='ltr'><strong>in</strong></span> <span class='ocrx_word' id='word_1_497' title='bbox 1289 5613 1392 5651; x_wconf 91' lang='lat' dir='ltr'><strong>ms.</strong></span> <span class='ocrx_word' id='word_1_498' title='bbox 1415 5598 1623 5658; x_wconf 84' lang='lat' dir='ltr'><strong>codice,</strong></span> <span class='ocrx_word' id='word_1_499' title='bbox 1655 5612 1755 5653; x_wconf 90' lang='lat' dir='ltr'><strong>nec</strong></span> 
     </span>
    </p>
   </div>
   <div class='ocr_carea' id='block_1_72' title="bbox 148 5666 1680 5736">
    <p class='ocr_par' dir='ltr' id='par_1_72' title="bbox 148 5666 1680 5736">
     <span class='ocr_line' id='line_1_72' title="bbox 148 5666 1680 5736; baseline 0 -15"><span class='ocrx_word' id='word_1_500' title='bbox 148 5683 218 5721; x_wconf 84' lang='lat' dir='ltr'><strong>sa</strong></span> <span class='ocrx_word' id='word_1_501' title='bbox 230 5666 308 5718; x_wconf 89' lang='lat' dir='ltr'><strong>tis</strong></span> <span class='ocrx_word' id='word_1_502' title='bbox 334 5667 450 5736; x_wconf 78' lang='lat' dir='ltr'><strong>scio</strong></span> <span class='ocrx_word' id='word_1_503' title='bbox 473 5682 569 5719; x_wconf 88' lang='lat' dir='ltr'><strong>cur</strong></span> <span class='ocrx_word' id='word_1_504' title='bbox 591 5668 852 5720; x_wconf 85' lang='lat' dir='ltr'><strong>Acherius</strong></span> <span class='ocrx_word' id='word_1_505' title='bbox 875 5667 1150 5735; x_wconf 87' lang='lat' dir='ltr'><strong>scripserit</strong></span> <span class='ocrx_word' id='word_1_506' title='bbox 1173 5678 1378 5736; x_wconf 85' lang='lat' dir='ltr'><strong>patente</strong></span> <span class='ocrx_word' id='word_1_507' title='bbox 1396 5670 1680 5735; x_wconf 82' lang='lat' dir='ltr'><strong>triumpho.</strong></span> 
     </span>
    </p>
   </div>
   <div class='ocr_carea' id='block_1_73' title="bbox 237 5735 1751 5808">
    <p class='ocr_par' dir='ltr' id='par_1_73' title="bbox 237 5735 1751 5808">
     <span class='ocr_line' id='line_1_73' title="bbox 237 5735 1751 5808; baseline 0.002 -18"><span class='ocrx_word' id='word_1_508' title='bbox 237 5737 271 5776; x_wconf 67' lang='grc' dir='ltr'>δ</span> <span class='ocrx_word' id='word_1_509' title='bbox 303 5735 511 5801; x_wconf 76' lang='lat' dir='ltr'><strong>Corpus</strong></span> <span class='ocrx_word' id='word_1_510' title='bbox 541 5748 776 5790; x_wconf 81' lang='lat' dir='ltr'><strong>nostrum</strong></span> <span class='ocrx_word' id='word_1_511' title='bbox 808 5737 862 5791; x_wconf 88' lang='lat' dir='ltr'><strong>in</strong></span> <span class='ocrx_word' id='word_1_512' title='bbox 885 5738 997 5792; x_wconf 86' lang='lat' dir='ltr'><strong>illa.</strong></span> <span class='ocrx_word' id='word_1_513' title='bbox 1037 5736 1250 5808; x_wconf 85' lang='lat' dir='ltr'><strong>Optime</strong></span> <span class='ocrx_word' id='word_1_514' title='bbox 1279 5748 1331 5794; x_wconf 84' lang='lat' dir='ltr'><strong>et</strong></span> <span class='ocrx_word' id='word_1_515' title='bbox 1362 5739 1429 5794; x_wconf 88' lang='lat' dir='ltr'><strong>ad</strong></span> <span class='ocrx_word' id='word_1_516' title='bbox 1457 5740 1615 5795; x_wconf 81' lang='lat' dir='ltr'><strong>ﬁdem</strong></span> <span class='ocrx_word' id='word_1_517' title='bbox 1647 5752 1751 5793; x_wconf 80' lang='lat' dir='ltr'><strong>ms.</strong></span> 
     </span>
    </p>
   </div>
   <div class='ocr_carea' id='block_1_74' title="bbox 1868 2348 3445 2420">
    <p class='ocr_par' dir='ltr' id='par_1_74' title="bbox 1868 2348 3445 2420">
     <span class='ocr_line' id='line_1_74' title="bbox 1868 2348 3445 2420; baseline 0.002 -18"><span class='ocrx_word' id='word_1_518' title='bbox 1868 2349 2017 2403; x_wconf 87' lang='lat' dir='ltr'><strong>fonte</strong></span> <span class='ocrx_word' id='word_1_519' title='bbox 2042 2348 2365 2418; x_wconf 75' lang='lat' dir='ltr'><strong>potentium,</strong></span> <span class='ocrx_word' id='word_1_520' title='bbox 2393 2364 2490 2403; x_wconf 90' lang='lat' dir='ltr'><strong>cur</strong></span> <span class='ocrx_word' id='word_1_521' title='bbox 2520 2348 2592 2401; x_wconf 91' lang='lat' dir='ltr'><strong>ita</strong></span> <span class='ocrx_word' id='word_1_522' title='bbox 2631 2349 2899 2403; x_wconf 90' lang='lat' dir='ltr'><strong>hebetudo</strong></span> <span class='ocrx_word' id='word_1_523' title='bbox 2923 2364 3114 2405; x_wconf 87' lang='lat' dir='ltr'><strong>sensus</strong></span> <span class='ocrx_word' id='word_1_524' title='bbox 3144 2351 3445 2420; x_wconf 89' lang='lat' dir='ltr'><strong>despicabi-</strong></span> 
     </span>
    </p>
   </div>
   <div class='ocr_carea' id='block_1_75' title="bbox 1864 2529 3443 2606">
    <p class='ocr_par' dir='ltr' id='par_1_75' title="bbox 1864 2529 3443 2606">
     <span class='ocr_line' id='line_1_75' title="bbox 1864 2529 3443 2606; baseline 0.003 -22"><span class='ocrx_word' id='word_1_525' title='bbox 1864 2530 2202 2596; x_wconf 87' lang='lat' dir='ltr'><strong>obtenebrat,</strong></span> <span class='ocrx_word' id='word_1_526' title='bbox 2250 2545 2387 2600; x_wconf 89' lang='lat' dir='ltr'><strong>quos</strong></span> <span class='ocrx_word' id='word_1_527' title='bbox 2436 2529 2648 2594; x_wconf 84' lang='lat' dir='ltr'><strong>culmen</strong></span> <span class='ocrx_word' id='word_1_528' title='bbox 2697 2533 2876 2601; x_wconf 85' lang='lat' dir='ltr'><strong>magni</strong></span> <span class='ocrx_word' id='word_1_529' title='bbox 2918 2529 3242 2606; x_wconf 73' lang='lat' dir='ltr'><strong>intellectus,</strong></span> <span class='ocrx_word' id='word_1_530' title='bbox 3275 2542 3330 2588; x_wconf 87' lang='lat' dir='ltr'><strong>ut</strong></span> <span class='ocrx_word' id='word_1_531' title='bbox 3363 2532 3443 2588; x_wconf 86' lang='lat' dir='ltr'><strong>illi</strong></span> 
     </span>
    </p>
   </div>
   <div class='ocr_carea' id='block_1_76' title="bbox 1866 2618 3443 2689">
    <p class='ocr_par' dir='ltr' id='par_1_76' title="bbox 1866 2618 3443 2689">
     <span class='ocr_line' id='line_1_76' title="bbox 1866 2618 3443 2689; baseline 0.003 -17"><span class='ocrx_word' id='word_1_532' title='bbox 1866 2619 2003 2674; x_wconf 86' lang='lat' dir='ltr'><strong>falso</strong></span> <span class='ocrx_word' id='word_1_533' title='bbox 2025 2620 2336 2689; x_wconf 88' lang='lat' dir='ltr'><strong>opinantur,</strong></span> <span class='ocrx_word' id='word_1_534' title='bbox 2387 2618 2442 2673; x_wconf 92' lang='lat' dir='ltr'><strong>in</strong></span> <span class='ocrx_word' id='word_1_535' title='bbox 2471 2620 2677 2687; x_wconf 82' lang='lat' dir='ltr'><strong>gremio</strong></span> <span class='ocrx_word' id='word_1_536' title='bbox 2736 2619 3101 2689; x_wconf 87' lang='lat' dir='ltr'><strong>amplitudinis</strong></span> <span class='ocrx_word' id='word_1_537' title='bbox 3143 2637 3255 2677; x_wconf 75' lang='lat' dir='ltr'><strong>sua:</strong></span> <span class='ocrx_word' id='word_1_538' title='bbox 3297 2622 3443 2676; x_wconf 76' lang='lat' dir='ltr'><strong>velut</strong></span> 
     </span>
    </p>
   </div>
   <div class='ocr_carea' id='block_1_77' title="bbox 1867 2713 3440 2788">
    <p class='ocr_par' dir='ltr' id='par_1_77' title="bbox 1867 2713 3440 2788">
     <span class='ocr_line' id='line_1_77' title="bbox 1867 2713 3440 2788; baseline 0.001 -18"><span class='ocrx_word' id='word_1_539' title='bbox 1867 2730 2163 2770; x_wconf 88' lang='lat' dir='ltr'><strong>coruscans</strong></span> <span class='ocrx_word' id='word_1_540' title='bbox 2205 2714 2548 2785; x_wconf 89' lang='lat' dir='ltr'><strong>amplectitur</strong></span> <span class='ocrx_word' id='word_1_541' title='bbox 2587 2722 2642 2769; x_wconf 90' lang='lat' dir='ltr'><strong>et</strong></span> <span class='ocrx_word' id='word_1_542' title='bbox 2671 2713 2831 2770; x_wconf 90' lang='lat' dir='ltr'><strong>fovet.</strong></span> <span class='ocrx_word' id='word_1_543' title='bbox 2874 2714 3077 2786; x_wconf 78' lang='lat' dir='ltr'><strong>Nempe</strong></span> <span class='ocrx_word' id='word_1_544' title='bbox 3102 2733 3226 2772; x_wconf 89' lang='lat' dir='ltr'><strong>cum</strong></span> <span class='ocrx_word' id='word_1_545' title='bbox 3259 2717 3440 2788; x_wconf 89' lang='lat' dir='ltr'><strong>populi</strong></span> 
     </span>
    </p>
   </div>
   <div class='ocr_carea' id='block_1_78' title="bbox 1865 2803 3443 2877">
    <p class='ocr_par' dir='ltr' id='par_1_78' title="bbox 1865 2803 3443 2877">
     <span class='ocr_line' id='line_1_78' title="bbox 1865 2803 3443 2877; baseline 0 -16"><span class='ocrx_word' id='word_1_546' title='bbox 1865 2804 2244 2872; x_wconf 88' lang='lat' dir='ltr'><strong>Orientalium,</strong></span> <span class='ocrx_word' id='word_1_547' title='bbox 2289 2805 2443 2876; x_wconf 88' lang='lat' dir='ltr'><strong>quasi</strong></span> <span class='ocrx_word' id='word_1_548' title='bbox 2472 2803 2573 2859; x_wconf 89' lang='lat' dir='ltr'><strong>sub</strong></span> <span class='ocrx_word' id='word_1_549' title='bbox 2598 2804 2833 2870; x_wconf 82' lang='lat' dir='ltr'><strong>scabello</strong></span> <span class='ocrx_word' id='word_1_550' title='bbox 2879 2805 3091 2861; x_wconf 85' lang='lat' dir='ltr'><strong>Domini</strong></span> <span class='ocrx_word' id='word_1_551' title='bbox 3139 2808 3443 2877; x_wconf 81' lang='lat' dir='ltr'><strong>specialiter</strong></span> 
     </span>
    </p>
   </div>
   <div class='ocr_carea' id='block_1_79' title="bbox 1865 2894 3443 2962">
    <p class='ocr_par' dir='ltr' id='par_1_79' title="bbox 1865 2894 3443 2962">
     <span class='ocr_line' id='line_1_79' title="bbox 1865 2894 3443 2962; baseline 0.001 -11"><span class='ocrx_word' id='word_1_552' title='bbox 1865 2896 2226 2962; x_wconf 87' lang='lat' dir='ltr'><strong>subsidentes,</strong></span> <span class='ocrx_word' id='word_1_553' title='bbox 2253 2911 2374 2951; x_wconf 85' lang='lat' dir='ltr'><strong>cum</strong></span> <span class='ocrx_word' id='word_1_554' title='bbox 2403 2894 2839 2953; x_wconf 87' lang='lat' dir='ltr'><strong>Occidentalibus</strong></span> <span class='ocrx_word' id='word_1_555' title='bbox 2865 2895 2920 2951; x_wconf 92' lang='lat' dir='ltr'><strong>in</strong></span> <span class='ocrx_word' id='word_1_556' title='bbox 2951 2897 3075 2951; x_wconf 90' lang='lat' dir='ltr'><strong>ﬁdei</strong></span> <span class='ocrx_word' id='word_1_557' title='bbox 3103 2898 3443 2953; x_wconf 88' lang='lat' dir='ltr'><strong>documentis</strong></span> 
     </span>
    </p>
   </div>
   <div class='ocr_carea' id='block_1_80' title="bbox 1866 2987 3443 3059">
    <p class='ocr_par' dir='ltr' id='par_1_80' title="bbox 1866 2987 3443 3059">
     <span class='ocr_line' id='line_1_80' title="bbox 1866 2987 3443 3059; baseline 0.003 -18"><span class='ocrx_word' id='word_1_558' title='bbox 1866 2987 2167 3059; x_wconf 88' lang='lat' dir='ltr'><strong>disceptare</strong></span> <span class='ocrx_word' id='word_1_559' title='bbox 2219 2987 2489 3053; x_wconf 88' lang='lat' dir='ltr'><strong>videntur,</strong></span> <span class='ocrx_word' id='word_1_560' title='bbox 2525 2987 2678 3057; x_wconf 91' lang='lat' dir='ltr'><strong>quasi</strong></span> <span class='ocrx_word' id='word_1_561' title='bbox 2729 2987 2810 3042; x_wconf 93' lang='lat' dir='ltr'><strong>sol</strong></span> <span class='ocrx_word' id='word_1_562' title='bbox 2856 2987 3250 3058; x_wconf 89' lang='lat' dir='ltr'><strong>pulcherrimus</strong></span> <span class='ocrx_word' id='word_1_563' title='bbox 3284 3006 3443 3045; x_wconf 89' lang='lat' dir='ltr'><strong>mane</strong></span> 
     </span>
    </p>
   </div>
   <div class='ocr_carea' id='block_1_81' title="bbox 1865 3077 3444 3149">
    <p class='ocr_par' dir='ltr' id='par_1_81' title="bbox 1865 3077 3444 3149">
     <span class='ocr_line' id='line_1_81' title="bbox 1865 3077 3444 3149; baseline 0.003 -15"><span class='ocrx_word' id='word_1_564' title='bbox 1865 3078 1921 3134; x_wconf 88' lang='lat' dir='ltr'><strong>in</strong></span> <span class='ocrx_word' id='word_1_565' title='bbox 1949 3077 2169 3134; x_wconf 90' lang='lat' dir='ltr'><strong>Oriente</strong></span> <span class='ocrx_word' id='word_1_566' title='bbox 2196 3079 2422 3149; x_wconf 80' lang='lat' dir='ltr'><strong>positus,</strong></span> <span class='ocrx_word' id='word_1_567' title='bbox 2451 3079 2504 3133; x_wconf 92' lang='lat' dir='ltr'><strong>in</strong></span> <span class='ocrx_word' id='word_1_568' title='bbox 2531 3078 2785 3134; x_wconf 91' lang='lat' dir='ltr'><strong>occiduos</strong></span> <span class='ocrx_word' id='word_1_569' title='bbox 2812 3094 2922 3134; x_wconf 65' lang='lat' dir='ltr'><strong>suae</strong></span> <span class='ocrx_word' id='word_1_570' title='bbox 2951 3079 3088 3136; x_wconf 86' lang='lat' dir='ltr'><strong>lucis</strong></span> <span class='ocrx_word' id='word_1_571' title='bbox 3107 3082 3298 3149; x_wconf 79' lang='lat' dir='ltr'><strong>radios</strong></span> <span class='ocrx_word' id='word_1_572' title='bbox 3323 3099 3444 3138; x_wconf 18' lang='lat' dir='ltr'><strong>ves.</strong></span> 
     </span>
    </p>
   </div>
   <div class='ocr_carea' id='block_1_82' title="bbox 1864 3168 3440 3240">
    <p class='ocr_par' dir='ltr' id='par_1_82' title="bbox 1864 3168 3440 3240">
     <span class='ocr_line' id='line_1_82' title="bbox 1864 3168 3440 3240; baseline 0.003 -17"><span class='ocrx_word' id='word_1_573' title='bbox 1864 3169 1980 3240; x_wconf 88' lang='lat' dir='ltr'><strong>peri</strong></span> <span class='ocrx_word' id='word_1_574' title='bbox 2007 3177 2327 3225; x_wconf 87' lang='lat' dir='ltr'><strong>transmutat</strong></span> <span class='ocrx_word' id='word_1_575' title='bbox 2349 3169 2403 3224; x_wconf 90' lang='lat' dir='ltr'><strong>iu</strong></span> <span class='ocrx_word' id='word_1_576' title='bbox 2435 3170 2704 3224; x_wconf 87' lang='lat' dir='ltr'><strong>tenebras.</strong></span> <span class='ocrx_word' id='word_1_577' title='bbox 2728 3168 2844 3224; x_wconf 87' lang='lat' dir='ltr'><strong>Non</strong></span> <span class='ocrx_word' id='word_1_578' title='bbox 2870 3181 3053 3225; x_wconf 88' lang='lat' dir='ltr'><strong>autem</strong></span> <span class='ocrx_word' id='word_1_579' title='bbox 3079 3171 3201 3226; x_wconf 68' lang='grc' dir='ltr'><strong>σα)ιί</strong></span> <span class='ocrx_word' id='word_1_580' title='bbox 3221 3172 3440 3228; x_wconf 63' lang='lat' dir='ltr'><strong>climata</strong></span> 
     </span>
    </p>
   </div>
   <div class='ocr_carea' id='block_1_83' title="bbox 1864 3262 3442 3340">
    <p class='ocr_par' dir='ltr' id='par_1_83' title="bbox 1864 3262 3442 3340">
     <span class='ocr_line' id='line_1_83' title="bbox 1864 3262 3442 3340; baseline 0.004 -22"><span class='ocrx_word' id='word_1_581' title='bbox 1864 3262 2161 3318; x_wconf 90' lang='lat' dir='ltr'><strong>deteriores</strong></span> <span class='ocrx_word' id='word_1_582' title='bbox 2187 3263 2415 3320; x_wconf 87' lang='lat' dir='ltr'><strong>reddunt</strong></span> <span class='ocrx_word' id='word_1_583' title='bbox 2454 3264 2663 3320; x_wconf 83' lang='lat' dir='ltr'><strong>animos</strong></span> <span class='ocrx_word' id='word_1_584' title='bbox 2697 3263 3026 3332; x_wconf 81' lang='lat' dir='ltr'><strong>mortalium,</strong></span> <span class='ocrx_word' id='word_1_585' title='bbox 3069 3281 3241 3338; x_wconf 85' lang='lat' dir='ltr'><strong>neque</strong></span> <span class='ocrx_word' id='word_1_586' title='bbox 3268 3268 3442 3340; x_wconf 61' lang='lat' dir='ltr'><strong>plagis</strong></span> 
     </span>
    </p>
   </div>
   <div class='ocr_carea' id='block_1_84' title="bbox 1863 3357 3442 3432">
    <p class='ocr_par' dir='ltr' id='par_1_84' title="bbox 1863 3357 3442 3432">
     <span class='ocr_line' id='line_1_84' title="bbox 1863 3357 3442 3432; baseline 0.005 -24"><span class='ocrx_word' id='word_1_587' title='bbox 1863 3368 2113 3424; x_wconf 65' lang='lat' dir='ltr'><strong>supernae</strong></span> <span class='ocrx_word' id='word_1_588' title='bbox 2156 3371 2256 3426; x_wconf 89' lang='lat' dir='ltr'><strong>pro</strong></span> <span class='ocrx_word' id='word_1_589' title='bbox 2293 3357 2565 3412; x_wconf 86' lang='lat' dir='ltr'><strong>variarum</strong></span> <span class='ocrx_word' id='word_1_590' title='bbox 2595 3359 2882 3414; x_wconf 90' lang='lat' dir='ltr'><strong>dementiis</strong></span> <span class='ocrx_word' id='word_1_591' title='bbox 2911 3370 3184 3416; x_wconf 91' lang='lat' dir='ltr'><strong>sectarum</strong></span> <span class='ocrx_word' id='word_1_592' title='bbox 3219 3362 3442 3432; x_wconf 89' lang='lat' dir='ltr'><strong>culpan-</strong></span> 
     </span>
    </p>
   </div>
   <div class='ocr_carea' id='block_1_85' title="bbox 1865 3448 3441 3522">
    <p class='ocr_par' dir='ltr' id='par_1_85' title="bbox 1865 3448 3441 3522">
     <span class='ocr_line' id='line_1_85' title="bbox 1865 3448 3441 3522; baseline 0.004 -20"><span class='ocrx_word' id='word_1_593' title='bbox 1865 3448 1965 3514; x_wconf 70' lang='lat' dir='ltr'><strong>daa,</strong></span> <span class='ocrx_word' id='word_1_594' title='bbox 1989 3463 2114 3503; x_wconf 92' lang='lat' dir='ltr'><strong>cum</strong></span> <span class='ocrx_word' id='word_1_595' title='bbox 2147 3449 2340 3504; x_wconf 90' lang='lat' dir='ltr'><strong>Oriens</strong></span> <span class='ocrx_word' id='word_1_596' title='bbox 2369 3458 2424 3504; x_wconf 89' lang='lat' dir='ltr'><strong>et</strong></span> <span class='ocrx_word' id='word_1_597' title='bbox 2444 3449 2708 3506; x_wconf 89' lang='lat' dir='ltr'><strong>Occidens</strong></span> <span class='ocrx_word' id='word_1_598' title='bbox 2730 3451 2938 3507; x_wconf 82' lang='lat' dir='ltr'><strong>mixtim</strong></span> <span class='ocrx_word' id='word_1_599' title='bbox 2970 3454 3242 3508; x_wconf 89' lang='lat' dir='ltr'><strong>contineat</strong></span> <span class='ocrx_word' id='word_1_600' title='bbox 3262 3453 3441 3522; x_wconf 76' lang='lat' dir='ltr'><strong>justus</strong></span> 
     </span>
    </p>
   </div>
   <div class='ocr_carea' id='block_1_86' title="bbox 1865 3541 3442 3612">
    <p class='ocr_par' dir='ltr' id='par_1_86' title="bbox 1865 3541 3442 3612">
     <span class='ocr_line' id='line_1_86' title="bbox 1865 3541 3442 3612; baseline 0.004 -16"><span class='ocrx_word' id='word_1_601' title='bbox 1865 3551 1921 3596; x_wconf 89' lang='lat' dir='ltr'><strong>et</strong></span> <span class='ocrx_word' id='word_1_602' title='bbox 1944 3542 2232 3611; x_wconf 88' lang='lat' dir='ltr'><strong>reprobos;</strong></span> <span class='ocrx_word' id='word_1_603' title='bbox 2283 3541 2378 3596; x_wconf 92' lang='lat' dir='ltr'><strong>sed</strong></span> <span class='ocrx_word' id='word_1_604' title='bbox 2405 3542 2710 3598; x_wconf 89' lang='lat' dir='ltr'><strong>humanitas</strong></span> <span class='ocrx_word' id='word_1_605' title='bbox 2750 3545 2926 3612; x_wconf 90' lang='lat' dir='ltr'><strong>primo</strong></span> <span class='ocrx_word' id='word_1_606' title='bbox 2958 3545 3097 3600; x_wconf 90' lang='lat' dir='ltr'><strong>bona</strong></span> <span class='ocrx_word' id='word_1_607' title='bbox 3121 3547 3357 3610; x_wconf 88' lang='lat' dir='ltr'><strong>condita,</strong></span> <span class='ocrx_word' id='word_1_608' title='bbox 3385 3557 3442 3602; x_wconf 88' lang='lat' dir='ltr'><strong>et</strong></span> 
     </span>
    </p>
   </div>
   <div class='ocr_carea' id='block_1_87' title="bbox 1789 3611 3443 3708">
    <p class='ocr_par' dir='ltr' id='par_1_87' title="bbox 1789 3611 3443 3708">
     <span class='ocr_line' id='line_1_87' title="bbox 1789 3611 3443 3708; baseline 0.004 -21"><span class='ocrx_word' id='word_1_609' title='bbox 1789 3611 1835 3674; x_wconf 62' lang='grc' dir='ltr'><strong>(ἶ</strong></span> <span class='ocrx_word' id='word_1_610' title='bbox 1866 3631 1921 3687; x_wconf 90' lang='lat' dir='ltr'><strong>in</strong></span> <span class='ocrx_word' id='word_1_611' title='bbox 1941 3631 2110 3687; x_wconf 88' lang='lat' dir='ltr'><strong>libero</strong></span> <span class='ocrx_word' id='word_1_612' title='bbox 2135 3632 2360 3687; x_wconf 86' lang='lat' dir='ltr'><strong>arbitrio</strong></span> <span class='ocrx_word' id='word_1_613' title='bbox 2380 3641 2629 3704; x_wconf 88' lang='lat' dir='ltr'><strong>potenter</strong></span> <span class='ocrx_word' id='word_1_614' title='bbox 2649 3611 2906 3702; x_wconf 81' lang='lat' dir='ltr'><strong>stabilita,</strong></span> <span class='ocrx_word' id='word_1_615' title='bbox 2935 3637 3255 3708; x_wconf 80' lang='lat' dir='ltr'><strong>negligenda</strong></span> <span class='ocrx_word' id='word_1_616' title='bbox 3276 3639 3443 3693; x_wconf 82' lang='lat' dir='ltr'><strong>Crea-</strong></span> 
     </span>
    </p>
   </div>
   <div class='ocr_carea' id='block_1_88' title="bbox 1866 3724 3442 3792">
    <p class='ocr_par' dir='ltr' id='par_1_88' title="bbox 1866 3724 3442 3792">
     <span class='ocr_line' id='line_1_88' title="bbox 1866 3724 3442 3792; baseline 0.005 -17"><span class='ocrx_word' id='word_1_617' title='bbox 1866 3731 2063 3788; x_wconf 89' lang='lat' dir='ltr'><strong>torem,</strong></span> <span class='ocrx_word' id='word_1_618' title='bbox 2089 3732 2144 3777; x_wconf 89' lang='lat' dir='ltr'><strong>et</strong></span> <span class='ocrx_word' id='word_1_619' title='bbox 2167 3724 2510 3779; x_wconf 83' lang='lat' dir='ltr'><strong>obaudiendo</strong></span> <span class='ocrx_word' id='word_1_620' title='bbox 2531 3726 2891 3792; x_wconf 89' lang='lat' dir='ltr'><strong>seductorem,</strong></span> <span class='ocrx_word' id='word_1_621' title='bbox 2922 3728 2990 3782; x_wconf 91' lang='lat' dir='ltr'><strong>de</strong></span> <span class='ocrx_word' id='word_1_622' title='bbox 3017 3728 3224 3785; x_wconf 80' lang='lat' dir='ltr'><strong>dextris</strong></span> <span class='ocrx_word' id='word_1_623' title='bbox 3245 3731 3310 3784; x_wconf 88' lang='lat' dir='ltr'><strong>ad</strong></span> <span class='ocrx_word' id='word_1_624' title='bbox 3342 3729 3406 3783; x_wconf 77' lang='lat' dir='ltr'><strong>la:</strong></span> <span class='ocrx_word' id='word_1_625' title='bbox 3432 3762 3442 3773; x_wconf 66' lang='grc' dir='ltr'><strong>ς</strong></span> 
     </span>
    </p>
   </div>
   <div class='ocr_carea' id='block_1_89' title="bbox 1863 3813 3446 3882">
    <p class='ocr_par' dir='ltr' id='par_1_89' title="bbox 1863 3813 3446 3882">
     <span class='ocr_line' id='line_1_89' title="bbox 1863 3813 3446 3882; baseline 0.009 -19"><span class='ocrx_word' id='word_1_626' title='bbox 1863 3824 1986 3864; x_wconf 91' lang='lat' dir='ltr'><strong>vam</strong></span> <span class='ocrx_word' id='word_1_627' title='bbox 2029 3813 2335 3882; x_wconf 86' lang='lat' dir='ltr'><strong>promoveri</strong></span> <span class='ocrx_word' id='word_1_628' title='bbox 2375 3815 2601 3882; x_wconf 90' lang='lat' dir='ltr'><strong>meruit;</strong></span> <span class='ocrx_word' id='word_1_629' title='bbox 2635 3816 2760 3872; x_wconf 68' lang='lat' dir='ltr'><strong>exin</strong></span> <span class='ocrx_word' id='word_1_630' title='bbox 2799 3817 2949 3874; x_wconf 86' lang='lat' dir='ltr'><strong>orbis</strong></span> <span class='ocrx_word' id='word_1_631' title='bbox 2993 3818 3307 3880; x_wconf 82' lang='lat' dir='ltr'><strong>multiplicis</strong></span> <span class='ocrx_word' id='word_1_632' title='bbox 3333 3831 3446 3877; x_wconf 63' lang='lat' dir='ltr'><strong>trea</strong></span> 
     </span>
    </p>
   </div>
   <div class='ocr_carea' id='block_1_90' title="bbox 1863 3900 2620 3976">
    <p class='ocr_par' dir='ltr' id='par_1_90' title="bbox 1863 3900 2620 3976">
     <span class='ocr_line' id='line_1_90' title="bbox 1863 3900 2620 3976; baseline 0.005 -22"><span class='ocrx_word' id='word_1_633' title='bbox 1863 3900 1982 3955; x_wconf 88' lang='lat' dir='ltr'><strong>miti</strong></span> <span class='ocrx_word' id='word_1_634' title='bbox 2012 3901 2167 3958; x_wconf 91' lang='lat' dir='ltr'><strong>devio</strong></span> <span class='ocrx_word' id='word_1_635' title='bbox 2196 3903 2405 3960; x_wconf 89' lang='lat' dir='ltr'><strong>inhiare</strong></span> <span class='ocrx_word' id='word_1_636' title='bbox 2438 3905 2620 3976; x_wconf 66' lang='lat' dir='ltr'><strong>coepit.</strong></span> 
     </span>
    </p>
   </div>
   <div class='ocr_carea' id='block_1_91' title="bbox 1935 3995 3435 4077">
    <p class='ocr_par' dir='ltr' id='par_1_91' title="bbox 1935 3995 3435 4077">
     <span class='ocr_line' id='line_1_91' title="bbox 1935 3995 3435 4077; baseline 0.007 -27"><span class='ocrx_word' id='word_1_637' title='bbox 1935 3995 2046 4052; x_wconf 86' lang='lat' dir='ltr'><strong>Nec</strong></span> <span class='ocrx_word' id='word_1_638' title='bbox 2087 3998 2224 4053; x_wconf 91' lang='lat' dir='ltr'><strong>adeo</strong></span> <span class='ocrx_word' id='word_1_639' title='bbox 2251 3998 2446 4052; x_wconf 91' lang='lat' dir='ltr'><strong>mirum</strong></span> <span class='ocrx_word' id='word_1_640' title='bbox 2477 4000 2544 4053; x_wconf 89' lang='lat' dir='ltr'><strong>ab</strong></span> <span class='ocrx_word' id='word_1_641' title='bbox 2590 3998 2740 4065; x_wconf 86' lang='lat' dir='ltr'><strong>Asia,</strong></span> <span class='ocrx_word' id='word_1_642' title='bbox 2785 4000 2871 4057; x_wconf 88' lang='lat' dir='ltr'><strong>vel</strong></span> <span class='ocrx_word' id='word_1_643' title='bbox 2901 4016 2932 4056; x_wconf 89' lang='lat' dir='ltr'><strong>a</strong></span> <span class='ocrx_word' id='word_1_644' title='bbox 2962 4002 3159 4059; x_wconf 88' lang='lat' dir='ltr'><strong>ﬁnibus</strong></span> <span class='ocrx_word' id='word_1_645' title='bbox 3185 4002 3435 4077; x_wconf 63' lang='lat' dir='ltr'><strong>Europae,</strong></span> 
     </span>
    </p>
   </div>
   <div class='ocr_carea' id='block_1_92' title="bbox 1862 4087 3441 4164">
    <p class='ocr_par' dir='ltr' id='par_1_92' title="bbox 1862 4087 3441 4164">
     <span class='ocr_line' id='line_1_92' title="bbox 1862 4087 3441 4164; baseline 0.006 -23"><span class='ocrx_word' id='word_1_646' title='bbox 1862 4087 1954 4142; x_wconf 91' lang='lat' dir='ltr'><strong>ubi</strong></span> <span class='ocrx_word' id='word_1_647' title='bbox 1983 4088 2090 4144; x_wconf 88' lang='lat' dir='ltr'><strong>sita</strong></span> <span class='ocrx_word' id='word_1_648' title='bbox 2137 4087 2630 4158; x_wconf 86' lang='lat' dir='ltr'><strong>Constantinopolis</strong></span> <span class='ocrx_word' id='word_1_649' title='bbox 2662 4090 2884 4148; x_wconf 64' lang='lat' dir='ltr'><strong>Graeciaa</strong></span> <span class='ocrx_word' id='word_1_650' title='bbox 2925 4093 3236 4164; x_wconf 90' lang='lat' dir='ltr'><strong>metropolis</strong></span> <span class='ocrx_word' id='word_1_651' title='bbox 3271 4095 3441 4150; x_wconf 86' lang='lat' dir='ltr'><strong>habe-</strong></span> 
     </span>
    </p>
   </div>
   <div class='ocr_carea' id='block_1_93' title="bbox 1862 4177 3437 4242">
    <p class='ocr_par' dir='ltr' id='par_1_93' title="bbox 1862 4177 3437 4242">
     <span class='ocr_line' id='line_1_93' title="bbox 1862 4177 3437 4242; baseline 0.006 -12"><span class='ocrx_word' id='word_1_652' title='bbox 1862 4183 1970 4242; x_wconf 91' lang='lat' dir='ltr'><strong>tur,</strong></span> <span class='ocrx_word' id='word_1_653' title='bbox 2009 4186 2283 4233; x_wconf 87' lang='lat' dir='ltr'><strong>tantarum</strong></span> <span class='ocrx_word' id='word_1_654' title='bbox 2316 4177 2652 4235; x_wconf 88' lang='lat' dir='ltr'><strong>fallaciarum</strong></span> <span class='ocrx_word' id='word_1_655' title='bbox 2685 4181 2820 4236; x_wconf 90' lang='lat' dir='ltr'><strong>oriri</strong></span> <span class='ocrx_word' id='word_1_656' title='bbox 2842 4181 3153 4238; x_wconf 89' lang='lat' dir='ltr'><strong>discrimina</strong></span> <span class='ocrx_word' id='word_1_657' title='bbox 3180 4202 3194 4238; x_wconf 91' lang='lat'><strong>:</strong></span> <span class='ocrx_word' id='word_1_658' title='bbox 3224 4185 3268 4239; x_wconf 91' lang='lat' dir='ltr'><strong>si</strong></span> <span class='ocrx_word' id='word_1_659' title='bbox 3291 4186 3437 4241; x_wconf 91' lang='lat' dir='ltr'><strong>enim</strong></span> 
     </span>
    </p>
   </div>
   <div class='ocr_carea' id='block_1_94' title="bbox 1862 4269 3438 4341">
    <p class='ocr_par' dir='ltr' id='par_1_94' title="bbox 1862 4269 3438 4341">
     <span class='ocr_line' id='line_1_94' title="bbox 1862 4269 3438 4341; baseline 0.008 -19"><span class='ocrx_word' id='word_1_660' title='bbox 1862 4269 2214 4325; x_wconf 84' lang='lat' dir='ltr'><strong>revolvantur</strong></span> <span class='ocrx_word' id='word_1_661' title='bbox 2259 4280 2572 4326; x_wconf 89' lang='lat' dir='ltr'><strong>sanctorum</strong></span> <span class='ocrx_word' id='word_1_662' title='bbox 2615 4280 2816 4328; x_wconf 89' lang='lat' dir='ltr'><strong>statuta</strong></span> <span class='ocrx_word' id='word_1_663' title='bbox 2858 4290 3144 4341; x_wconf 87' lang='lat' dir='ltr'><strong>canonum,</strong></span> <span class='ocrx_word' id='word_1_664' title='bbox 3171 4286 3226 4332; x_wconf 89' lang='lat' dir='ltr'><strong>et</strong></span> <span class='ocrx_word' id='word_1_665' title='bbox 3267 4279 3438 4334; x_wconf 63' lang='grc'><strong>00610-</strong></span> 
     </span>
    </p>
   </div>
   <div class='ocr_carea' id='block_1_95' title="bbox 1861 4365 3437 4438">
    <p class='ocr_par' dir='ltr' id='par_1_95' title="bbox 1861 4365 3437 4438">
     <span class='ocr_line' id='line_1_95' title="bbox 1861 4365 3437 4438; baseline 0.007 -19"><span class='ocrx_word' id='word_1_666' title='bbox 1861 4365 2200 4420; x_wconf 86' lang='lat' dir='ltr'><strong>siasticarum</strong></span> <span class='ocrx_word' id='word_1_667' title='bbox 2224 4366 2546 4422; x_wconf 89' lang='lat' dir='ltr'><strong>discutiatur</strong></span> <span class='ocrx_word' id='word_1_668' title='bbox 2573 4368 2742 4424; x_wconf 87' lang='lat' dir='ltr'><strong>series</strong></span> <span class='ocrx_word' id='word_1_669' title='bbox 2784 4369 3154 4438; x_wconf 90' lang='lat' dir='ltr'><strong>historiarum,</strong></span> <span class='ocrx_word' id='word_1_670' title='bbox 3184 4373 3252 4427; x_wconf 89' lang='lat' dir='ltr'><strong>ab</strong></span> <span class='ocrx_word' id='word_1_671' title='bbox 3295 4375 3437 4430; x_wconf 83' lang='lat' dir='ltr'><strong>illius</strong></span> 
     </span>
    </p>
   </div>
   <div class='ocr_carea' id='block_1_96' title="bbox 1863 4455 3435 4528">
    <p class='ocr_par' dir='ltr' id='par_1_96' title="bbox 1863 4455 3435 4528">
     <span class='ocr_line' id='line_1_96' title="bbox 1863 4455 3435 4528; baseline 0.008 -20"><span class='ocrx_word' id='word_1_672' title='bbox 1863 4455 2014 4523; x_wconf 88' lang='lat' dir='ltr'><strong>regni</strong></span> <span class='ocrx_word' id='word_1_673' title='bbox 2044 4456 2288 4524; x_wconf 88' lang='lat' dir='ltr'><strong>partibus</strong></span> <span class='ocrx_word' id='word_1_674' title='bbox 2328 4457 2510 4527; x_wconf 89' lang='lat' dir='ltr'><strong>potius</strong></span> <span class='ocrx_word' id='word_1_675' title='bbox 2533 4474 2692 4528; x_wconf 88' lang='lat' dir='ltr'><strong>quam</strong></span> <span class='ocrx_word' id='word_1_676' title='bbox 2721 4461 2823 4515; x_wconf 91' lang='lat' dir='ltr'><strong>sub</strong></span> <span class='ocrx_word' id='word_1_677' title='bbox 2852 4461 3092 4518; x_wconf 84' lang='lat' dir='ltr'><strong>Romana</strong></span> <span class='ocrx_word' id='word_1_678' title='bbox 3114 4465 3317 4520; x_wconf 88' lang='lat' dir='ltr'><strong>ditioue</strong></span> <span class='ocrx_word' id='word_1_679' title='bbox 3339 4467 3435 4521; x_wconf 90' lang='lat' dir='ltr'><strong>de-</strong></span> 
     </span>
    </p>
   </div>
   <div class='ocr_carea' id='block_1_97' title="bbox 1862 4549 3435 4628">
    <p class='ocr_par' dir='ltr' id='par_1_97' title="bbox 1862 4549 3435 4628">
     <span class='ocr_line' id='line_1_97' title="bbox 1862 4549 3435 4628; baseline 0.008 -27"><span class='ocrx_word' id='word_1_680' title='bbox 1862 4549 2136 4618; x_wconf 83' lang='lat' dir='ltr'><strong>gentibus,</strong></span> <span class='ocrx_word' id='word_1_681' title='bbox 2172 4551 2515 4619; x_wconf 86' lang='lat' dir='ltr'><strong>reperientur</strong></span> <span class='ocrx_word' id='word_1_682' title='bbox 2563 4551 2856 4621; x_wconf 86' lang='lat' dir='ltr'><strong>pullulasse</strong></span> <span class='ocrx_word' id='word_1_683' title='bbox 2893 4557 3166 4624; x_wconf 86' lang='lat' dir='ltr'><strong>genimina</strong></span> <span class='ocrx_word' id='word_1_684' title='bbox 3220 4559 3435 4628; x_wconf 86' lang='lat' dir='ltr'><strong>vipera-</strong></span> 
     </span>
    </p>
   </div>
   <div class='ocr_carea' id='block_1_98' title="bbox 1862 4641 3435 4720">
    <p class='ocr_par' dir='ltr' id='par_1_98' title="bbox 1862 4641 3435 4720">
     <span class='ocr_line' id='line_1_98' title="bbox 1862 4641 3435 4720; baseline 0.01 -28"><span class='ocrx_word' id='word_1_685' title='bbox 1862 4654 2004 4704; x_wconf 89' lang='lat' dir='ltr'><strong>rum,</strong></span> <span class='ocrx_word' id='word_1_686' title='bbox 2035 4641 2088 4695; x_wconf 89' lang='lat' dir='ltr'><strong>id</strong></span> <span class='ocrx_word' id='word_1_687' title='bbox 2128 4650 2232 4707; x_wconf 89' lang='lat' dir='ltr'><strong>est,</strong></span> <span class='ocrx_word' id='word_1_688' title='bbox 2262 4642 2645 4713; x_wconf 88' lang='lat' dir='ltr'><strong>quamplurimi</strong></span> <span class='ocrx_word' id='word_1_689' title='bbox 2697 4645 3006 4705; x_wconf 89' lang='lat' dir='ltr'><strong>inventores</strong></span> <span class='ocrx_word' id='word_1_690' title='bbox 3057 4665 3435 4720; x_wconf 88' lang='lat' dir='ltr'><strong>perversorum</strong></span> 
     </span>
    </p>
   </div>
   <div class='ocr_carea' id='block_1_99' title="bbox 1861 4732 3439 4808">
    <p class='ocr_par' dir='ltr' id='par_1_99' title="bbox 1861 4732 3439 4808">
     <span class='ocr_line' id='line_1_99' title="bbox 1861 4732 3439 4808; baseline 0.008 -20"><span class='ocrx_word' id='word_1_691' title='bbox 1861 4732 2197 4804; x_wconf 84' lang='lat' dir='ltr'><strong>dogmatum,</strong></span> <span class='ocrx_word' id='word_1_692' title='bbox 2238 4733 2399 4789; x_wconf 88' lang='lat' dir='ltr'><strong>veluti</strong></span> <span class='ocrx_word' id='word_1_693' title='bbox 2440 4735 2659 4800; x_wconf 90' lang='lat' dir='ltr'><strong>fuerint,</strong></span> <span class='ocrx_word' id='word_1_694' title='bbox 2685 4747 2742 4791; x_wconf 90' lang='lat' dir='ltr'><strong>ut</strong></span> <span class='ocrx_word' id='word_1_695' title='bbox 2771 4754 2838 4794; x_wconf 83' lang='lat' dir='ltr'><strong>ex</strong></span> <span class='ocrx_word' id='word_1_696' title='bbox 2863 4741 3046 4797; x_wconf 91' lang='lat' dir='ltr'><strong>multis</strong></span> <span class='ocrx_word' id='word_1_697' title='bbox 3071 4758 3439 4808; x_wconf 81' lang='lat' dir='ltr'><strong>memoremus</strong></span> 
     </span>
    </p>
   </div>
   <div class='ocr_carea' id='block_1_100' title="bbox 1863 4824 3436 4898">
    <p class='ocr_par' dir='ltr' id='par_1_100' title="bbox 1863 4824 3436 4898">
     <span class='ocr_line' id='line_1_100' title="bbox 1863 4824 3436 4898; baseline 0.01 -21"><span class='ocrx_word' id='word_1_698' title='bbox 1863 4824 2100 4894; x_wconf 88' lang='lat' dir='ltr'><strong>aliquos,</strong></span> <span class='ocrx_word' id='word_1_699' title='bbox 2143 4825 2327 4890; x_wconf 85' lang='lat' dir='ltr'><strong>Arius,</strong></span> <span class='ocrx_word' id='word_1_700' title='bbox 2378 4826 2692 4890; x_wconf 83' lang='lat' dir='ltr'><strong>Eunomius,</strong></span> <span class='ocrx_word' id='word_1_701' title='bbox 2723 4828 3008 4898; x_wconf 88' lang='lat' dir='ltr'><strong>Photinus,</strong></span> <span class='ocrx_word' id='word_1_702' title='bbox 3037 4831 3292 4897; x_wconf 82' lang='lat' dir='ltr'><strong>Marcion,</strong></span> <span class='ocrx_word' id='word_1_703' title='bbox 3337 4837 3436 4893; x_wconf 84' lang='lat' dir='ltr'><strong>Ce-</strong></span> 
     </span>
    </p>
   </div>
   <div class='ocr_carea' id='block_1_101' title="bbox 1863 4916 3440 4986">
    <p class='ocr_par' dir='ltr' id='par_1_101' title="bbox 1863 4916 3440 4986">
     <span class='ocr_line' id='line_1_101' title="bbox 1863 4916 3440 4986; baseline 0.01 -16"><span class='ocrx_word' id='word_1_704' title='bbox 1863 4917 2098 4981; x_wconf 90' lang='lat' dir='ltr'><strong>rinthus,</strong></span> <span class='ocrx_word' id='word_1_705' title='bbox 2129 4916 2474 4984; x_wconf 74' lang='lat' dir='ltr'><strong>Manichzeus,</strong></span> <span class='ocrx_word' id='word_1_706' title='bbox 2511 4918 2742 4986; x_wconf 85' lang='lat' dir='ltr'><strong>Hebion,</strong></span> <span class='ocrx_word' id='word_1_707' title='bbox 2787 4921 3089 4984; x_wconf 84' lang='lat' dir='ltr'><strong>Nestorius.</strong></span> <span class='ocrx_word' id='word_1_708' title='bbox 3133 4925 3440 4985; x_wconf 87' lang='lat' dir='ltr'><strong>Constanti-</strong></span> 
     </span>
    </p>
   </div>
   <div class='ocr_carea' id='block_1_102' title="bbox 1866 5006 3438 5085">
    <p class='ocr_par' dir='ltr' id='par_1_102' title="bbox 1866 5006 3438 5085">
     <span class='ocr_line' id='line_1_102' title="bbox 1866 5006 3438 5085; baseline 0.01 -25"><span class='ocrx_word' id='word_1_709' title='bbox 1866 5006 2206 5076; x_wconf 89' lang='lat' dir='ltr'><strong>n0politanus</strong></span> <span class='ocrx_word' id='word_1_710' title='bbox 2258 5008 2562 5078; x_wconf 86' lang='lat' dir='ltr'><strong>episcopus,</strong></span> <span class='ocrx_word' id='word_1_711' title='bbox 2620 5021 2934 5082; x_wconf 68' lang='lat' dir='ltr'><strong>czeterzeque</strong></span> <span class='ocrx_word' id='word_1_712' title='bbox 2974 5025 3154 5085; x_wconf 86' lang='lat' dir='ltr'><strong>pestes</strong></span> <span class='ocrx_word' id='word_1_713' title='bbox 3201 5018 3438 5075; x_wconf 81' lang='lat' dir='ltr'><strong>dilatata:</strong></span> 
     </span>
    </p>
   </div>
   <div class='ocr_carea' id='block_1_103' title="bbox 1863 5095 3436 5173">
    <p class='ocr_par' dir='ltr' id='par_1_103' title="bbox 1863 5095 3436 5173">
     <span class='ocr_line' id='line_1_103' title="bbox 1863 5095 3436 5173; baseline 0.012 -24"><span class='ocrx_word' id='word_1_714' title='bbox 1863 5095 2154 5162; x_wconf 65' lang='lat' dir='ltr'><strong>haereseos,</strong></span> <span class='ocrx_word' id='word_1_715' title='bbox 2210 5099 2406 5166; x_wconf 90' lang='lat' dir='ltr'><strong>quibus</strong></span> <span class='ocrx_word' id='word_1_716' title='bbox 2466 5115 2572 5154; x_wconf 92' lang='lat' dir='ltr'><strong>non</strong></span> <span class='ocrx_word' id='word_1_717' title='bbox 2606 5099 2703 5157; x_wconf 91' lang='lat' dir='ltr'><strong>fuit</strong></span> <span class='ocrx_word' id='word_1_718' title='bbox 2753 5103 2966 5173; x_wconf 89' lang='lat' dir='ltr'><strong>requies</strong></span> <span class='ocrx_word' id='word_1_719' title='bbox 2991 5108 3137 5162; x_wconf 91' lang='lat' dir='ltr'><strong>omni</strong></span> <span class='ocrx_word' id='word_1_720' title='bbox 3181 5109 3436 5167; x_wconf 78' lang='lat' dir='ltr'><strong>instantia</strong></span> 
     </span>
    </p>
   </div>
   <div class='ocr_carea' id='block_1_104' title="bbox 1862 5188 3438 5276">
    <p class='ocr_par' dir='ltr' id='par_1_104' title="bbox 1862 5188 3438 5276">
     <span class='ocr_line' id='line_1_104' title="bbox 1862 5188 3438 5276; baseline 0.011 -34"><span class='ocrx_word' id='word_1_721' title='bbox 1862 5188 2159 5244; x_wconf 89' lang='lat' dir='ltr'><strong>catholicas</strong></span> <span class='ocrx_word' id='word_1_722' title='bbox 2207 5190 2505 5246; x_wconf 90' lang='lat' dir='ltr'><strong>dilacerare</strong></span> <span class='ocrx_word' id='word_1_723' title='bbox 2539 5201 2594 5248; x_wconf 88' lang='lat' dir='ltr'><strong>et</strong></span> <span class='ocrx_word' id='word_1_724' title='bbox 2641 5209 2949 5267; x_wconf 87' lang='lat' dir='ltr'><strong>oppugnare</strong></span> <span class='ocrx_word' id='word_1_725' title='bbox 2996 5209 3221 5256; x_wconf 88' lang='lat' dir='ltr'><strong>mentes.</strong></span> <span class='ocrx_word' id='word_1_726' title='bbox 3273 5204 3438 5276; x_wconf 70' lang='lat' dir='ltr'><strong>Euty-</strong></span> 
     </span>
    </p>
   </div>
   <div class='ocr_carea' id='block_1_105' title="bbox 1864 5281 3436 5366">
    <p class='ocr_par' dir='ltr' id='par_1_105' title="bbox 1864 5281 3436 5366">
     <span class='ocr_line' id='line_1_105' title="bbox 1864 5281 3436 5366; baseline 0.012 -32"><span class='ocrx_word' id='word_1_727' title='bbox 1864 5281 2019 5336; x_wconf 92' lang='lat' dir='ltr'><strong>chius</strong></span> <span class='ocrx_word' id='word_1_728' title='bbox 2044 5282 2228 5348; x_wconf 89' lang='lat' dir='ltr'><strong>etiam,</strong></span> <span class='ocrx_word' id='word_1_729' title='bbox 2253 5284 2863 5358; x_wconf 66' lang='lat' dir='ltr'><strong>Constantinopolitana:</strong></span> <span class='ocrx_word' id='word_1_730' title='bbox 2885 5291 3031 5346; x_wconf 90' lang='lat' dir='ltr'><strong>urbis</strong></span> <span class='ocrx_word' id='word_1_731' title='bbox 3047 5295 3354 5366; x_wconf 83' lang='lat' dir='ltr'><strong>episcopus,</strong></span> <span class='ocrx_word' id='word_1_732' title='bbox 3371 5303 3436 5353; x_wconf 79' lang='lat' dir='ltr'><strong>de</strong></span> 
     </span>
    </p>
   </div>
   <div class='ocr_carea' id='block_1_106' title="bbox 1864 5373 3433 5460">
    <p class='ocr_par' dir='ltr' id='par_1_106' title="bbox 1864 5373 3433 5460">
     <span class='ocr_line' id='line_1_106' title="bbox 1864 5373 3433 5460; baseline 0.012 -33"><span class='ocrx_word' id='word_1_733' title='bbox 1864 5373 2281 5432; x_wconf 82' lang='lat' dir='ltr'><strong>Resurrectione</strong></span> <span class='ocrx_word' id='word_1_734' title='bbox 2309 5378 2361 5433; x_wconf 91' lang='lat' dir='ltr'><strong>in</strong></span> <span class='ocrx_word' id='word_1_735' title='bbox 2386 5387 2594 5435; x_wconf 90' lang='lat' dir='ltr'><strong>tantum</strong></span> <span class='ocrx_word' id='word_1_736' title='bbox 2621 5383 2848 5448; x_wconf 88' lang='lat' dir='ltr'><strong>erravit,</strong></span> <span class='ocrx_word' id='word_1_737' title='bbox 2875 5394 2934 5438; x_wconf 90' lang='lat' dir='ltr'><strong>ut</strong></span> <span class='ocrx_word' id='word_1_738' title='bbox 2959 5384 3256 5444; x_wconf 86' lang='lat' dir='ltr'><strong>afﬁrmaret</strong></span> <span class='ocrx_word' id='word_1_739' title='bbox 3290 5394 3433 5460; x_wconf 79' lang='lat' dir='ltr'><strong>quod</strong></span> 
     </span>
    </p>
   </div>
   <div class='ocr_carea' id='block_1_107' title="bbox 1865 5467 3437 5549">
    <p class='ocr_par' dir='ltr' id='par_1_107' title="bbox 1865 5467 3437 5549">
     <span class='ocr_line' id='line_1_107' title="bbox 1865 5467 3437 5549; baseline 0.01 -28"><span class='ocrx_word' id='word_1_740' title='bbox 1865 5467 1894 5508; x_wconf 67' lang='grc' dir='ltr'>ιδ</span> <span class='ocrx_word' id='word_1_741' title='bbox 1920 5482 2117 5537; x_wconf 87' lang='lat' dir='ltr'><strong>corpus</strong></span> <span class='ocrx_word' id='word_1_742' title='bbox 2154 5477 2404 5538; x_wconf 69' lang='lat' dir='ltr'><strong>nostrum</strong></span> <span class='ocrx_word' id='word_1_743' title='bbox 2436 5471 2490 5526; x_wconf 88' lang='lat' dir='ltr'><strong>in</strong></span> <span class='ocrx_word' id='word_1_744' title='bbox 2519 5471 2605 5526; x_wconf 89' lang='lat' dir='ltr'><strong>illa</strong></span> <span class='ocrx_word' id='word_1_745' title='bbox 2645 5475 3056 5532; x_wconf 90' lang='lat' dir='ltr'><strong>resurrectionis</strong></span> <span class='ocrx_word' id='word_1_746' title='bbox 3086 5477 3252 5549; x_wconf 83' lang='lat' dir='ltr'><strong>gloria</strong></span> <span class='ocrx_word' id='word_1_747' title='bbox 3295 5481 3437 5536; x_wconf 85' lang='lat' dir='ltr'><strong>futu-</strong></span> 
     </span>
    </p>
   </div>
   <div class='ocr_carea' id='block_1_108' title="bbox 1863 5601 3434 5680">
    <p class='ocr_par' dir='ltr' id='par_1_108' title="bbox 1863 5601 3434 5680">
     <span class='ocr_line' id='line_1_108' title="bbox 1863 5601 3434 5680; baseline 0.008 -25"><span class='ocrx_word' id='word_1_748' title='bbox 1863 5602 2067 5680; x_wconf 80' lang='lat' dir='ltr'><strong>codicis</strong></span> <span class='ocrx_word' id='word_1_749' title='bbox 2078 5617 2117 5680; x_wconf 82' lang='lat'><strong>_:</strong></span> <span class='ocrx_word' id='word_1_750' title='bbox 2127 5601 2421 5680; x_wconf 83' lang='lat' dir='ltr'><strong>_Acherius,</strong></span> <span class='ocrx_word' id='word_1_751' title='bbox 2444 5616 2676 5662; x_wconf 80' lang='lat' dir='ltr'><strong>nostrum</strong></span> <span class='ocrx_word' id='word_1_752' title='bbox 2707 5608 2896 5678; x_wconf 85' lang='lat' dir='ltr'><strong>multa,</strong></span> <span class='ocrx_word' id='word_1_753' title='bbox 2927 5619 2981 5666; x_wconf 88' lang='lat' dir='ltr'><strong>et</strong></span> <span class='ocrx_word' id='word_1_754' title='bbox 3003 5611 3162 5680; x_wconf 84' lang='lat' dir='ltr'><strong>male,</strong></span> <span class='ocrx_word' id='word_1_755' title='bbox 3187 5624 3238 5669; x_wconf 91' lang='lat' dir='ltr'><strong>et</strong></span> <span class='ocrx_word' id='word_1_756' title='bbox 3269 5615 3434 5670; x_wconf 78' lang='lat' dir='ltr'><strong>invito</strong></span> 
     </span>
    </p>
   </div>
   <div class='ocr_carea' id='block_1_109' title="bbox 1863 5673 2354 5732">
    <p class='ocr_par' dir='ltr' id='par_1_109' title="bbox 1863 5673 2354 5732">
     <span class='ocr_line' id='line_1_109' title="bbox 1863 5673 2354 5732; baseline 0.004 -4"><span class='ocrx_word' id='word_1_757' title='bbox 1863 5673 2047 5728; x_wconf 87' lang='lat' dir='ltr'><strong>codice</strong></span> <span class='ocrx_word' id='word_1_758' title='bbox 2077 5673 2354 5732; x_wconf 87' lang='lat' dir='ltr'><strong>Thuaneo.</strong></span> 
     </span>
    </p>
   </div>
  </div>
