4000 6352
680 361 784 415 (ρΒῘ

1809 372 2040 430 mea
2063 362 2503 439 ’rantsms‘sns
2544 386 2848 445 EPISCOPI

679 512 799 551 rum
830 506 973 552 esset
996 498 1361 570 impalpabile,
1388 504 1561 559 ventis
1581 519 1816 575 aereque
1843 510 2093 566 subtilius
2122 529 2136 577 ;
2167 516 2262 570 sed
2290 502 2334 559 Α
2364 492 2614 590 εξπδίδυέ
2654 503 2847 558 “nemi-
2877 505 2983 560 5οά
3024 506 3152 576 (ιυίε
3195 519 3412 568 “news
3436 513 3559 572 ἀίοίῑ
3586 500 3841 590 Ammius.

674 600 777 641 nos
802 602 836 642 e
859 597 1050 644 contra
1093 590 1345 655 dicimus,
1374 606 1670 667 sanctaque
1719 600 2038 658 credulitate
2075 604 2262 661 ﬁrma-

672 691 798 733 mus
830 679 978 749 quod
1034 679 1088 734 in
1128 681 1216 736 illa
1273 687 1686 744 resurrectionis
1725 690 1898 761 gloria
1925 695 2033 750 erit
2060 711 2257 768 corpus

670 778 916 825 nostrum
966 771 1164 827 subtile
1208 775 1431 843 quidem
1457 794 1554 848 per
1582 779 1832 838 elfectum
1881 786 2141 855 spiritalis
2169 805 2258 859 po-

672 861 872 927 tentiae,
926 862 1017 917 sed
1070 865 1337 935 palpabile
1387 885 1485 939 per
1512 873 1796 929 veritatem
1839 887 2066 935 naturas.
2120 881 2255 937 Nam

663 950 860 1007 beatus
886 967 1024 1025 papa
1060 955 1375 1027 Gregorius,
1407 965 1680 1031 quondam
1703 965 1755 1020 in
1777 968 1967 1024 eadem
1990 970 2255 1029 Constan-

665 1042 1022 1114 tinopolitana
1055 1049 1188 1104 urbe
1221 1052 1450 1120 positus,
1479 1071 1601 1109 cum
1642 1058 1865 1126 praefato
1893 1062 2157 1135 Eutychio
2187 1068 2253 1122 de

663 1133 769 1190 hac
806 1151 867 1193 re
904 1137 957 1192 in
985 1152 1274 1211 conspectu
1308 1143 1508 1199 Tiberii
1536 1146 1873 1205 Constantini
1908 1133 2251 1223 imperatoris

660 1227 956 1299 gloriosum
987 1234 1175 1289 habuit
1201 1245 1499 1304 certamen,
1532 1240 1695 1295 veluti
1722 1242 1836 1312 ipse
1867 1244 2077 1315 plenius
2103 1263 2251 1303 com-

657 1334 927 1378 memorat
953 1324 1006 1379 in
1049 1325 1260 1382 decimo
1288 1340 1485 1399 quarto
1513 1331 1653 1388 libro
1684 1334 1965 1391 Moralium
1991 1338 2110 1394 .Iob.
2142 1340 2247 1396 Sed

657 1413 734 1467 ita
760 1413 829 1469 ab
848 1429 914 1470 eo
934 1416 1186 1471 nobiliter
1207 1428 1289 1473 est
1316 1421 1580 1489 devictus,
1612 1433 1674 1478 ut
1694 1425 1890 1495 pellem
1913 1443 2106 1484 manus
2136 1446 2247 1486 sua:

654 1513 890 1571 teneret,
914 1506 1134 1563 dicens:
1154 1497 1421 1579 Conﬁteor
1448 1513 1572 1583 quia
1595 1531 1771 1570 omnes
1793 1517 1847 1571 in
1870 1517 1969 1571 hac
1988 1536 2145 1574 carne
2167 1537 2246 1575 re-

652 1612 947 1667 surgemus,
964 1600 1105 1669 quod
1135 1602 1460 1657 omnimodis
1480 1604 1629 1674 prius
1650 1621 1848 1677 negare
1863 1620 2240 1667 consueverat.

726 1688 820 1741 Est
841 1700 1021 1743 autem
1046 1691 1191 1745 dictu
1216 1691 1563 1748 lamentabile
1582 1696 1705 1765 quia
1727 1697 1919 1752 eadem
1945 1699 2102 1754 sedes
2123 1715 2243 1769 qua:

650 1788 813 1849 caput
861 1777 1041 1837 levare
1091 1789 1318 1836 conatur
1365 1783 1434 1837 ad
1486 1798 1731 1854 superos,
1780 1801 1880 1855 pro
1922 1796 2089 1843 recta:
2113 1790 2239 1845 fidei

626 1870 967 1941 gprmsnlibns
1007 1873 1268 1935 doctrina,
1294 1873 1549 1943 foedatos,
1603 1887 1843 1934 rectores
1887 1880 2016 1935 olim
2049 1882 2236 1938 habuit
2264 1880 2420 1940 8"",
2457 1865 2565 1938 ‘2)-

649 1968 925 2033 nzeretica,
975 1984 1110 2038 quos
1135 1970 1429 2041 Tripertita
1467 1972 1690 2027 denotat
1719 1972 1975 2041 Historia,
2027 1985 2082 2031 et
2109 1992 2235 2031 san-

644 2068 862 2114 etnrttm
905 2059 1128 2115 Patrum
1162 2062 1213 2115 in
1245 2063 1545 2119 canonibus
1583 2064 1803 2119 damnat
1842 2066 2082 2122 solertia.
2114 2068 2232 2125 Non

643 2162 775 2205 vero
801 2150 853 2205 in
879 2150 1122 2206 Romana
1151 2152 1298 2215 sede,
1322 2153 1432 2209 Deo
1457 2162 1688 2220 rectore,
1713 2156 1819 2211 tale
1846 2173 2079 2227 unquam
2105 2175 2233 2215 con-

640 2238 765 2309 tigit
794 2239 1051 2306 dedecus,
1095 2252 1152 2295 ut
1179 2242 1375 2311 aliquis
1417 2243 1806 2301 haeresiarches
1846 2247 2021 2302 cidem
2050 2251 2230 2319 ρι’ωεί-

636 2330 811 2394 deret,
863 2344 1026 2399 quam
1090 2345 1335 2386 summus
1399 2334 1765 2403 apostolorum
1825 2338 2077 2409 princeps
2131 2356 2228 2396 sna

637 2419 883 2474 sessione
910 2419 1198 2475 illustravit
1224 2430 1281 2477 et
1315 2421 1436 2477 fuso
1459 2424 1719 2495 sanguine
1749 2431 2106 2494 consecravit,
2138 2432 2226 2486 cui

636 2527 769 2569 suas
818 2514 1082 2584 regendas
1116 2529 1248 2569 oves
1284 2515 1379 2570 Dei
1431 2514 1602 2571 Filius
1631 2518 1849 2587 speciali
1903 2536 2031 2575 cura
2072 2538 2224 2577 com-

624 2603 820 2670 misit;
867 2617 967 2659 nec
997 2604 1214 2671 mirum,
1243 2606 1369 2675 quia
1413 2606 1515 2676 ipsi
1559 2606 1760 2662 dictum
1804 2608 2024 2665 fuerat:
2071 2611 2147 2667 Tu
2170 2630 2223 2668 es

521 2746 530 2756 ,
627 2690 851 2759 Petrus,
906 2704 954 2748 et
1000 2711 1156 2764 super
1196 2697 1333 2750 hanc
1367 2708 1569 2767 petram
1607 2699 1880 2767 aediﬁcabo
1926 2699 2221 2757 Ecclesium

631 2800 803 2838 meam
849 2797 867 2836 :
910 2794 959 2839 et
1011 2786 1103 2838 tibi
1138 2784 1283 2840 'dabo
1313 2786 1480 2841 claves
1519 2788 1663 2860 regni
1709 2788 1955 2844 calorum
2002 2792 2217 2862 (Matth.

627 2888 743 2941 xvi,
784 2875 870 2941 l8,
905 2874 1017 2946 19).
1065 2875 1206 2946 Ergo
1238 2878 1321 2931 cui
1367 2879 1583 2950 propria
1618 2880 1947 2951 auctoritate
1994 2898 2217 2955 regnum

629 2964 812 3029 dabat,
845 2964 1004 3034 hujus
1032 2965 1192 3020 ﬁdem
1237 2965 1455 3021 ﬁrmare
1480 2983 1586 3023 non
1612 2969 1862 3039 poterat?
1890 2971 2059 3037 Quem
2091 2988 2214 3028 cum

626 3065 839 3125 petram
864 3057 1015 3123 dicit,
1043 3056 1445 3113 ﬁrmamentum
1471 3059 1725 3116 Ecclesiae
1750 3062 2026 3118 indicavit.
2054 3063 2217 3121 Libe-

626 3146 744 3202 rius
780 3156 981 3215 tamen,
1008 3165 1145 3220 papa
1172 3165 1203 3204 a
1229 3151 1390 3206 beato
1413 3150 1576 3208 Petro
1607 3154 2211 3226 tricesimnsscplimus,

622 3240 876 3308 quamvis
900 3255 931 3295 a
963 3241 1087 3297 ﬁdei
1120 3242 1336 3297 tramite
1362 3257 1471 3298 non
1512 3242 1776 3311 deviaret,
1815 3246 2007 3301 exsilio
2031 3256 2087 3301 et
2112 3247 2211 3301 rni-
2238 3237 2283 3300 C
2316 3238 2519 3295 mdillis
2566 3240 2924 3311 detorqueanl
2955 3242 3205 3298 Ιιωτθιίοιι
3256 3248 3519 3315 pravilale
3566 3247 3796 3316 degeneres-

623 3329 712 3385 nis
737 3330 924 3385 Ariani
948 3331 1210 3403 principis
1232 3334 1476 3400 territus,
1519 3348 1627 3388 non
1656 3334 1857 3391 virtute
1883 3351 1989 3406 qua
2027 3336 2212 3392 debuit

606 3420 844 3491 ,perﬁdis
886 3421 1107 3478 Arianis
1134 3422 1367 3478 viriliter
1393 3426 1732 3495 repugnavit.
1774 3424 1871 3481 llis
1900 3436 2082 3481 autem
2116 3429 2210 3499 qui

599 3512 693 3568 .ab
721 3527 849 3570 arce
881 3514 1047 3569 totius
1074 3513 1506 3571 Christianitatis
1534 3516 1753 3573 deviare
1794 3518 2063 3583 videntur,
2107 3534 2208 3575 no-

606 3618 823 3675 masque
872 3604 1225 3660 adinveniunt
1264 3606 1610 3676 quaestiones,
1644 3616 1790 3663 recte
1825 3608 2038 3663 intonat
2067 3608 2209 3665 Pau-

614 3694 703 3751 lus
724 3696 793 3752 ad
815 3695 1053 3764 Galatas,
1081 3713 1313 3767 quorum
1341 3713 1409 3753 ex
1432 3697 1642 3754 Graecia
1664 3710 1998 3771 propagatur
2018 3700 2202 3773 origo:

596 3788 789 3845 -Miror
804 3789 945 3861 quod
975 3789 1049 3845 sic
1102 3800 1211 3844 tam
1237 3791 1339 3845 cito
1370 3790 1753 3861 transferimini
1800 3794 1864 3846 ab
1910 3809 1970 3847 eo
1995 3794 2085 3864 qui
2116 3810 2204 3849 vos

592 3882 814 3937 pacavit
852 3883 908 3937 in
930 3883 1157 3952 gratiam
1196 3881 1395 3938 Christi
1431 3882 1564 3938 Jesu
1594 3885 1651 3938 in
1677 3883 1825 3939 aliud
1858 3884 2203 3957 Evgngelium

611 3972 753 4042 quod
780 3989 883 4027 non
905 3944 980 4027 eiu
1002 3973 1171 4039 aliud,
1190 3974 1290 4028 nisi
1314 3984 1435 4028 sunt
1453 3974 1618 4046 aliqui
1640 3976 1728 4046 qui
1751 3992 1840 4029 vos
1863 3944 2201 4043 cor‘itu'rbant,

611 4072 666 4117 et
710 4062 890 4118 volunt
916 4074 1208 4119 convertere
1254 4064 1577 4135 evangelium
1636 4064 1829 4121 Christi
1869 4066 2012 4137 (Gal.
2038 4084 2079 4134 ι,
2119 4069 2197 4140 6).

606 4151 801 4223 Magna
828 4152 991 4208 etiam
1020 4153 1345 4209 auctoritate
1372 4154 1671 4225 ingeminat
1693 4156 1879 4212 dicens
1910 4175 1922 4210 :
1953 4155 2057 4213 Sed
2080 4159 2201 4213 licet

604 4260 706 4299 uos
732 4253 823 4299 aut
842 4243 1058 4316 angelus
1087 4245 1152 4299 de
1173 4244 1299 4299 ctelo
1330 4243 1666 4317 Evangelizet
1690 4247 1830 4301 robis
1850 4259 2199 4320 praeterquam

584 4334 749 4407 .quod
774 4335 1245 4406 evangelisavimus
1272 4336 1432 4398 vobis,
1457 4337 1736 4392 anathema
1768 4339 1835 4392 sit
1875 4336 2018 4410 (Gal.
2051 4355 2091 4405 ι,
2116 4341 2192 4414 6).

577 4425 675 4483 .Ει
698 4433 1100 4497 consequenter
1135 4425 1341 4482 addidit
1370 4445 1382 4481 :
1416 4424 1560 4482 Sicut
1594 4428 1955 4497 praediximus,
1984 4439 2032 4484 et
2057 4447 2194 4485 nunc

2367 586 2580 688 Oportet
2619 605 2793 649 autem
2825 597 3046 653 ha'reses
3072 616 3182 655 esse
3214 611 3269 656 ut
3291 604 3488 673 probati
3514 586 3842 688 πωλέίωίρώ

2363 678 2535 751 (Psal.
2577 700 2764 750 xxxw,
2798 688 2873 755 1),
2903 687 3239 747 fallaciarum
3266 693 3507 763 ludibria,
3547 678 3652 773 quae
3677 678 3837 768 aut...

2359 772 2632 872 applicare
2672 779 2897 833 tentavit
2922 789 3236 837 sanctarum
3256 784 3427 842 hostis
3463 772 3741 862 animarum,
3762 801 3839 872 cly-

2357 856 2459 932 peo
2479 856 2856 937 Redemptoris
2883 871 2966 925 sui
2997 872 3183 942 repelli
3205 875 3385 944 habet,
3411 895 3504 936 nec
3523 856 3837 952 patietur'diri-

2356 955 2499 1010 nitas
2532 957 2823 1016 visibilium
2866 972 2921 1018 et
2950 964 3297 1025 invisibilium
3348 987 3522 1030 rerum
3571 984 3839 1042 sacratioret

2354 1047 2534 1144 potior
2571 1049 2711 1105 vinci
2741 1067 2771 1106 a
2802 1063 3075 1122 creatura,
3108 1073 3229 1128 quae
3271 1063 3483 1119 condita
3522 1066 3612 1122 fuit
3642 1075 3837 1144 angelica,

2351 1134 2448 1189 sed
2486 1134 2555 1189 ob
2600 1145 2866 1196 tumorem
2894 1144 3162 1214 superbiae
3200 1162 3297 1203 sua
3318 1162 3523 1219 sponte,
3550 1172 3643 1213 non
3670 1134 3753 1218 alio
3772 1134 3837 1219 eo;

2351 1234 2530 1293 gente,
2556 1228 2872 1286 sceleratior
2898 1231 3058 1297 facta,
3094 1236 3286 1293 incidit
3312 1240 3366 1295 in
3399 1243 3680 1302 barathrum
3702 1265 3836 1321 perpe-

2352 1323 2456 1370 tuze
2475 1320 2860 1388 damnationis,
2893 1325 2979 1379 cui
3007 1326 3082 1380 nil
3108 1328 3367 1398 placitum
3390 1334 3490 1389 nisi
3511 1346 3689 1394 tantum

2350 1405 2427 1460 tio
2470 1408 2771 1466 beatorum.
2827 1411 2961 1469 Nam
3022 1428 3345 1477 cunctorum
3403 1427 3582 1495 opiﬁce
3625 1405 3831 1501 largiente,

2347 1499 2667 1568 sapientiam
2713 1517 2820 1557 non
2849 1505 3031 1561 vincet
3064 1508 3294 1575 malitia,
3320 1514 3414 1568 sed
3445 1516 3605 1572 victor
3628 1499 3833 1591 apparebit

2348 1595 2403 1643 in
2438 1595 2695 1662 pr0priis,
2724 1595 2816 1665 qui
2851 1612 2979 1652 suos
3000 1613 3216 1670 semper
3242 1618 3273 1657 a
3303 1606 3477 1675 primo
3502 1614 3698 1666 armavit
3723 1616 3830 1683 spiri-

2340 1679 2546 1737 talibus
2591 1683 2930 1742 documentis
2960 1705 2973 1742 :
3008 1688 3203 1746 Omnes
3244 1696 3392 1749 enim
3420 1700 3505 1768 qui
3532 1700 3682 1755 volunt
3704 1679 3828 1772 pieri-

2344 1789 2460 1827 tvere
2477 1774 2531 1827 in
2554 1771 2764 1828 Christo
2785 1773 2938 1843 Jesu,
2951 1782 3362 1849 persecutionem
3382 1787 3627 1855 patientur
3646 1771 3711 1845 lll
3733 1791 3824 1846 Tia.

3906 1404 3920 1637 l

3872 2743 3920 3067 ’1

3900 3067 3920 3253 Ι

2402 1953 2591 2024 itaque
2619 1956 3102 2028 impraesentiarum
3122 1963 3239 2033 jam
3285 1965 3470 2022 adfore
3498 1968 3823 2039 deprehenditur

2331 2052 2465 2100 mtas
2507 2046 2663 2116 plena
2706 2050 3072 2117 miseriarum,
3116 2069 3239 2124 qua:
3285 2060 3611 2125 prcsentitur
3643 2062 3820 2131 amplecti

2331 2138 2564 2207 spatium
2619 2143 2898 2211 temporis,
2950 2144 3017 2199 de
3069 2161 3177 2214 quo
3228 2147 3514 2218 Apostolus
3561 2152 3819 2207 lamentando

2328 2230 2633 2300 prtecinuit,
2656 2232 2842 2288 dicens
2871 2253 2884 2288 :
2913 2234 3030 2289 Erit
3060 2237 3198 2290 enim
3225 2249 3430 2309 tempus
3450 2259 3558 2295 cum
3580 2260 3728 2296 sanant
3752 2245 3815 2295 tle-

2328 2322 2551 2375 ctrinam
2591 2339 2693 2377 non
2720 2326 3067 2392 sustinebunt,
3095 2330 3186 2382 sed
3207 2331 3277 2382 ad
3297 2348 3395 2385 sua
3418 2335 3653 2387 desideria
3668 2350 3816 2387 corra-

2327 2414 2529 2467 vabunt.
2546 2414 2646 2467 sibi
2684 2416 2960 2485 magistros
2988 2420 3281 2487 prurientes
3308 2424 3534 2488 auribus,
3560 2434 3603 2477 et
3626 2443 3652 2477 a
3669 2426 3813 2478 rerum

2324 2508 2530 2571 quidem
2545 2510 2785 2563 auditum
2810 2522 3064 2577 avertent,
3087 2514 3157 2566 ad
3174 2515 3388 2584 fabulas
3414 2527 3574 2571 autem
3593 2527 3810 2572 converter-

2324 2612 2413 2653 tur
2438 2599 2526 2671 (ll
2553 2599 2687 2655 Tim.
2720 2617 2791 2667 tv,
2821 2602 2897 2671 5).
2943 2603 3082 2658 Ecce
3122 2605 3173 2659 in
3217 2617 3467 2679 promptu
3497 2610 3599 2663 haec
3626 2609 3806 2678 praedicta

2324 2704 2543 2760 serpere
2585 2693 2970 2763 COllSpiClmllS,
2998 2702 3053 2749 et
3088 2695 3210 2751 ideo
3264 2698 3391 2752 dum
3422 2698 3537 2753 tuba
3569 2707 3808 2768 personatur

2321 2781 2466 2847 belli,
2499 2798 2718 2839 necesse
2742 2795 2822 2839 est
2852 2794 2911 2840 ut
2933 2802 3083 2840 arma
3109 2796 3366 2858 aptentur
3387 2790 3439 2845 in
3472 2791 3803 2845 milituth

2321 2872 2454 2939 bris,
2479 2880 2537 2927 ut
2563 2874 2778 2929 doz-tmn
2812 2876 3073 2931 industria
3102 2893 3481 2951 pneoccttpare
3511 2889 3703 2951 nequeat
3725 2894 3804 2950 per-

2322 2962 2458 3018 fidus
2482 2964 2669 3019 hostis.
2694 2964 2956 3032 Quamvis
2982 2976 3159 3022 autent
3192 2969 3245 3024 in
3294 2971 3486 3026 talibus
3511 2969 3802 3026 controversi:

2316 3054 2569 3125 proceliis
2612 3057 2954 3112 concutiatur
2983 3058 3194 3113 Domini
3227 3062 3517 3127 exercitus,
3556 3061 3684 3115 valde
3712 3057 3800 3113 iudi-

2320 3162 2484 3218 gnum
2515 3156 2574 3202 ut
2598 3149 2806 3204 animos
2838 3147 3153 3206 fortitudine
3175 3153 3481 3210 nobilitatos
3509 3170 3535 3208 a
3559 3163 3677 3209 statu
3695 3150 3799 3205 recti-

2315 3327 2530 3395 Quanto
2555 3330 2701 3385 enim
2726 3333 2924 3385 astutia
2950 3332 3145 3387 diaboli
3175 3349 3301 3389 cum
3323 3351 3459 3390 saeva
3486 3334 3728 3390 calliditate
3740 3344 3796 3384 ac-

2314 3419 2457 3473 cedit
2477 3421 2733 3485 atrocior,
2760 3429 2910 3476 tanto
2932 3422 3270 3493 providentia
3295 3424 3505 3479 fortium
3526 3423 3795 3490 cautiusprz-

2312 3513 2518 3566 munita
2572 3514 2730 3568 debet
2779 3528 2901 3569 esse
2963 3516 3224 3585 paratior.
3270 3518 3566 3573 Admonens
3607 3514 3793 3584 siquidem

2310 3602 2589 3658 alumnum
2630 3604 2973 3660 Timotheum
2999 3606 3292 3677 Apostolus
3326 3624 3395 3664 ne
3424 3605 3792 3680 impcdiretnrde

2308 3694 2502 3764 cipnlis
2524 3695 2957 3766 malignantinm,
2979 3697 3175 3754 blande
3196 3700 3465 3765 hortator,
3491 3701 3679 3755 dicens:
3702 3693 3791 3749 Pro-

2290 3786 2438 3856 fana
2469 3796 2643 3841 autem
2671 3798 2719 3841 et
2753 3787 3081 3860 inaniloquia
3106 3790 3319 3857 devita;
3358 3799 3565 3847 multum
3583 3791 3692 3845 enim
3708 3801 3787 3856 pro-

2304 3878 2481 3947 ﬁcient
2512 3879 2581 3932 ad
2610 3880 2965 3950 impietatem;
3008 3893 3055 3936 et
3078 3900 3248 3936 sermo
3273 3885 3480 3939 illorum
3514 3886 3628 3939 sicut
3663 3891 3788 3935 cantet

2303 3971 2461 4040 serpit
2513 3968 2598 4042 (II
2633 3969 2770 4024 Tim.
2826 3986 2888 4035 tt,
2922 3971 3029 4038 l7).
3059 3972 3139 4027 Ad
3186 3974 3369 4030 Titum
3396 3978 3545 4031 etiam
3585 3975 3643 4029 ita
3666 3969 3783 4025 dicit:

2306 4056 2513 4113 Stultus
2555 4070 2731 4115 autem
2758 4063 3069 4132 qua'stiones
3115 4074 3165 4117 et
3208 4066 3549 4135 genealogias,
3574 4073 3615 4117 et
3636 4068 3784 4115 contes-

2303 4150 2487 4215 tiones,
2531 4162 2579 4205 et
2619 4169 2824 4223 pugnas
2853 4152 2978 4223 legis
3017 4155 3188 4209 devita
3214 4170 3233 4207 :
3261 4168 3384 4211 sunt
3423 4159 3549 4212 enim
3575 4152 3782 4208 inutilem

2299 4256 2452 4295 vana:
2481 4240 2606 4312 (Tit.
2638 4258 2732 4307 Ill,
2770 4244 2878 4315 l0).
2911 4244 2979 4298 Et
3022 4255 3081 4300 ut
3126 4246 3409 4302 sollicitior
3439 4246 3715 4303 redderetur.
3747 4243 3781 4289 ει

2300 4340 2490 4387 sancto
2531 4333 2779 4391 acumine
2828 4335 3149 4391 instructior
3199 4349 3367 4402 esset,
3405 4338 3542 4392 addit
3577 4354 3589 4389 :
3619 4327 3778 4387 lla-reti-

2298 4439 2417 4477 cum
2455 4424 2718 4480 hominem
2760 4437 2875 4496 post
2908 4444 3069 4482 unam
3112 4439 3160 4483 et
3190 4431 3469 4484 secundam
3496 4424 3776 4491 correptiones

597 4517 794 4571 iterum
835 4516 954 4571 dico
986 4532 1005 4571 :
1048 4514 1107 4571 Si
1135 4516 1253 4591 qgis
1283 4518 1421 4572 vobis
1462 4515 1893 4588 euangelisaverit
1923 4529 2113 4590 prwter
2138 4522 2177 4575 iu

2222 4590 2256 4594 _
2298 4515 2512 4583 devita;
2557 4520 2725 4573 sciens
2767 4519 2891 4591 quia
2913 4520 3189 4575 subversas
3218 4532 3294 4577 est
3316 4525 3404 4594 qui
3424 4517 3646 4592 ejusmodi
3664 4516 3774 4574 and

594 4610 738 4679 quod
768 4610 1062 4681 accepistis,
1089 4611 1369 4666 anathema
1390 4613 1480 4665 sit.

2217 4590 2273 4651 Ῑ)
2297 4604 2551 4677 delinquit
2589 4590 2801 4679 proprio
2842 4609 3050 4679 judicio
3096 4590 3465 4667 condemnatus
3518 4608 3667 4682 (ibid.,
3702 4599 3771 4667 Η)-

671 4699 805 4757 Jure
830 4701 1015 4773 itaque
1035 4717 1066 4757 a
1091 4710 1303 4759 rectore
1329 4712 1533 4760 sanctae
1553 4705 1810 4762 Ecclesue
1833 4723 1863 4762 a
1887 4707 1973 4763 via
1996 4708 2196 4764 verita-

2193 4739 2196 4751 ,
2296 4697 2438 4769 Ergo
2461 4715 2586 4755 cum
2631 4710 2820 4757 sancto
2848 4702 3028 4759 Eliseo
3073 4704 3362 4760 credamus
3388 4704 3504 4774 quia
3527 4698 3773 4771 pluressnnl

597 4794 673 4850 tis
723 4792 1108 4851 abcrrantibus
1164 4795 1293 4851 talia
1338 4796 1637 4868 apostolice
1693 4797 2018 4854 inferuntur.
2082 4798 2177 4855 Hat

2191 4819 2196 4852 ι
2293 4793 2574 4849 nobiscum
2606 4809 2769 4865 quam
2800 4810 2925 4851 cum
2972 4795 3099 4862 illis,
3132 4796 3184 4852 id
3230 4806 3335 4863 est,
3371 4797 3625 4864 utriusque
3643 4786 3771 4842 Testa-

577 4886 763 4942 -etiam
789 4887 941 4958 virga
964 4872 1402 4958 reprehensionis
1422 4888 1571 4960 digni
1601 4888 1874 4945 habentur
1898 4908 1912 4945 :
1941 4889 1986 4945 0
2013 4892 2191 4946 insen-
2292 4888 2461 4946 menti
2514 4888 2854 4956 sagacissimi
2894 4886 3107 4980 Patres,
3139 4897 3216 4980 ret
3244 4904 3355 4980 pro
3384 4884 3769 4980 defensione-vet?

596 4979 701 5033 sati
732 4976 974 5033 Galatae!
1000 4980 1119 5051 quis
1163 4998 1248 5035 vos
1276 4980 1554 5050 fascinavit
1592 4984 1794 5036 veritati
1819 4999 1920 5037 non
1954 4983 2183 5050 obedire,
2290 4979 2417 5035 ﬁdei
2460 4978 2756 5033 avidissimi
2792 4987 2848 5033 et
2888 4977 3228 5034 invictissimi
3273 4979 3565 5038 bellatores,
3597 4975 3765 5041 quicum

520 5076 526 5089 '
594 5079 719 5125 ante
737 5086 960 5141 quorum
987 5072 1163 5127 oculos
1191 5072 1346 5127 Iesus
1386 5070 1623 5127 Christus
1660 5075 1983 5143 proscriptus
2013 5084 2088 5128 est
2132 5083 2181 5129 et
2288 5069 2666 5125 robustissimo
2689 5066 2854 5124 Josue
2878 5067 3047 5123 Deum
3081 5068 3385 5139 supplicare
3406 5054 3765 5163 studeanllllilf‘

594 5162 885 5231 cruciﬁxus
909 5163 933 5216 9
959 5163 1201 5234 Denique
1229 5165 1442 5220 cunctis
1477 5166 1689 5220 saeculis
1713 5180 1934 5220 enorme
1955 5178 2181 5236 genera-
2288 5162 2389 5229 sol,
2446 5162 2499 5238 id
2550 5172 2655 5227 est,
2698 5171 2911 5232 tempus
2938 5173 2964 5202 ι
3019 5172 3223 5217 sancta:
3280 5156 3653 5218 concertationis
3684 5156 3763 5238 pur

579 5261 685 5307 .tur
710 5252 1003 5323 piaculum,
1037 5233 1163 5309 dum
1202 5254 1270 5309 ab
1296 5254 1428 5325 ipsis
1462 5271 1693 5325 quorum
1736 5254 1983 5309 doctrina
2018 5256 2180 5311 atlor-
2286 5253 2449 5310 lixins
2474 5254 2760 5317 clarescat,
2798 5255 2970 5309 donec
3002 5270 3062 5309 se
3085 5270 3245 5309 verus
3271 5254 3427 5309 Israel
3459 5233 3759 5347 uici-scaturit?

590 5345 715 5399 nari
761 5344 1020 5400 debuerat
1051 5345 1315 5413 Ecclesia,
1344 5345 1537 5400 florere
1572 5349 1749 5401 nitore
1798 5346 2094 5416 religionis,
2126 5356 2179 5400 et
2287 5345 2522 5401 inimicis
2550 5344 2680 5399 suis.
2715 5342 2837 5398 Non
2879 5347 3019 5398 enim
3044 5348 3237 5400 vocarit
3273 5364 3364 5400 nos
3389 5345 3516 5399 Deus
3547 5340 3757 5392 inimum-

580 5418 939 5512 .augmentum
968 5441 1216 5509 accipere
1239 5455 1349 5494 sutc
1374 5439 1713 5503 Salvationis,
1758 5440 2030 5494 humiliari
2060 5440 2176 5493 zelo
2285 5440 2492 5500 ditium,
2541 5439 2631 5500 sed
2684 5440 2738 5492 in
2776 5441 3243 5507 suncti/icatiottem
3287 5438 3370 5510 (Il
3409 5437 3568 5491 Thess.
3596 5443 3652 5490 IV.
3681 5419 3753 5516 illi

588 5511 846 5606 nequitiae
887 5534 1230 5589 contenditur
1259 5552 1269 5585 :
1304 5542 1357 5585 et
1383 5549 1411 5587 a
1435 5550 1539 5604 qua
1566 5533 1742 5588 omnis
1773 5533 1984 5587 macula
2024 5534 2181 5601 longe
2284 5531 2417 5587 dicit
2454 5528 2761 5599 Apostolus,
2793 5538 3079 5599 postquam
3115 5532 3254 5585 unda
3289 5524 3596 5599 baptismatis
3616 5511 3753 5607 9‘5?“

584 5630 781 5683 abesse
826 5626 1109 5690 debuerat,
1136 5624 1187 5679 ei
1234 5624 1472 5694 inﬂigere
1519 5624 1785 5688 nituntur,
1818 5632 1878 5677 ut
1912 5638 2015 5677 non
2046 5623 2115 5676 sit
2142 5638 2173 5676 a
2285 5622 2388 5675 ritu
2420 5631 2606 5675 sancto
2628 5622 2679 5675 in
2702 5622 2874 5691 gratia
2896 5621 3099 5678 Christi
3130 5622 3365 5678 renovati
3393 5610 3748 5677 sumus-QN“?

2284 5757 2459 5824 ipsum
2505 5757 2747 5812 codicem
2775 5755 2929 5823 cujus
2954 5772 3056 5827 ope
3079 5758 3229 5827 prior
3256 5757 3416 5811 editio
3453 5743 3743 5827 adornatae}

658 5776 685 5804 ι
717 5762 928 5815 δαηειω
970 5762 1388 5854 concertationis.
1426 5761 1520 5844 llic
1564 5776 1777 5854 quoqn'e
1820 5760 2172 5854 'pltll}::llnmlf‘:

2159 5789 2172 5800 ’
2284 5760 2459 5824 ⁵¹³⁵¹¹¹¹¹
2484 5760 2747 5854 ιῗθίῗῖεθω
2775 5760 2929 5854 “"l?”
2954 5772 3056 5827 ονε
3079 5760 3235 5854 Pri".
3256 5760 3416 5854 ‘3‘}???
3449 5760 3739 5854 Ξξῗιῗὶῗῗὶίξξὲ

2285 5821 2708 5883 tit-curationibus
2738 5821 2908 5883 oculis
2951 5821 3112 5898 quam
3142 5830 3416 5894 Acbcrins,
3449 5821 3713 5879 collustmnc

585 5834 821 5887 minuent
845 5843 1041 5888 sanctte
1079 5835 1480 5887 conversationis
1513 5835 1711 5888 amovit
1739 5831 2012 5896 Balnzins,
2049 5846 2171 5885 cum
