4000 6352
261 358 380 419 689

1408 358 1613 416 LIBER
1653 357 2023 417 ADVERSUS
2061 358 2386 418 GBECOS.

3432 363 3538 419 690

260 492 332 532 ea
366 490 476 531 non
499 473 797 531 cedendum
821 470 1167 535 adversariis,
1198 470 1293 528 sed
1318 470 1549 527 viriliter
1582 471 1845 527 resisten-
1880 474 1928 535 Α
1957 471 2088 526 tiam
2115 471 2440 541 ineptiarum
2482 467 3088 545 garrientesinquirunt
3113 487 3281 544 quare
3301 475 3541 532 chrisma

261 564 427 629 dum,
458 573 517 618 ut
539 579 643 619 non
670 564 949 634 capiamur
973 563 1119 619 illius
1139 561 1430 627 illecebris,
1454 561 1546 632 qui
1570 561 1636 618 de
1665 577 1853 633 super-

260 659 358 714 nis
393 659 468 713 ob
506 657 815 728 superbiam
861 659 928 712 ad
978 655 1085 713 ima
1134 655 1404 728 delapsus,
1450 658 1554 713 boc
1586 658 1833 714 elaborat

260 748 483 803 nisibus
513 747 836 817 iniquitatis,
871 755 933 803 ut
970 745 1238 814 Ecclesia,
1264 764 1383 819 qua:
1416 761 1501 804 est
1539 748 1650 805 lilia
1680 750 1851 821 pacis.

260 840 602 896 dilaceretur
630 839 877 896 doctrina
920 838 1207 907 fmditatis,
1251 848 1309 897 et
1351 848 1536 912 pateat
1581 841 1853 898 morsibus

258 932 497 988 erroris.

341 1026 471 1083 Haec
504 1035 561 1083 et
590 1026 786 1083 similia
815 1035 876 1082 ut
909 1034 1242 1099 praecaveret
1268 1024 1621 1089 Timotlneus,
1665 1039 1851 1081 sacra-

260 1117 412 1173 rium
463 1116 702 1187 Spiritus
747 1119 921 1174 sancti
978 1118 1244 1172 charitate
1288 1114 1536 1180 fervens,
1598 1113 1855 1170 admonet

258 1206 505 1265 Paulus:
540 1206 744 1263 Stultus
789 1218 968 1263 autem
1004 1218 1054 1263 et
1081 1209 1205 1262 sine
1229 1205 1507 1276 disciplina
1540 1206 1851 1277 quaestiones

260 1300 461 1365 devita,
494 1301 661 1356 sciens
703 1301 829 1372 quia
881 1310 1135 1371 generant
1161 1299 1275 1353 lites
1326 1297 1409 1370 (11
1454 1297 1589 1352 Tim.
1637 1312 1696 1358 tt,
1732 1296 1848 1366 22).

259 1389 394 1445 llzrc
441 1405 636 1462 nempe
684 1405 991 1462 praecavere
1030 1398 1244 1460 oportet
1267 1388 1599 1462 generaliter
1626 1396 1850 1444 cunctos

257 1482 319 1536 in
341 1481 620 1537 Christum
647 1484 955 1545 credentes,
984 1483 1220 1537 maxime
1248 1481 1448 1552 eosqui
1482 1481 1725 1551 regimen
1756 1478 1849 1536 de-

254 1568 395 1628 bent
424 1574 624 1628 habere
670 1576 993 1638 animarum,
1021 1582 1077 1629 et
1111 1588 1233 1629 esse
1278 1570 1556 1642 speculum
1583 1571 1847 1626 bonorum

253 1674 485 1732 operum
518 1672 569 1717 et
597 1672 900 1717 sam-tarum
929 1663 1104 1720 forma
1144 1665 1426 1719 virtutum.
1455 1662 1584 1718 lude
1628 1676 1846 1732 gemen-

253 1750 390 1807 dum
420 1753 561 1808 bene
604 1753 930 1818 viventibus,
960 1755 1087 1824 quia
1117 1755 1262 1810 unde
1285 1755 1340 1810 iu
1380 1763 1568 1810 sancta
1597 1752 1842 1809 Ecclesia

1957 571 2217 626 nostrum,
2251 562 2362 619 imo
2391 562 2509 629 Dei,
2532 577 2600 619 ex
2628 578 2767 634 aqua
2795 562 3036 619 fluminis
3068 563 3442 629 coniiciamus,
3481 574 3540 623 et

1954 670 2123 725 quare
2144 670 2338 726 agnum
2364 655 2680 713 simul‘cum
2707 670 2937 727 corpore
2958 655 3161 712 Christi
3188 656 3538 730 et'sanguino

1954 748 2007 802 in
2033 747 2241 803 Pascha
2269 762 2434 819 super
2459 748 2631 805 altare
2658 764 2945 820 ponamus,
2972 758 3028 805 et
3050 764 3198 806 more
3219 748 3538 806 Judieorum

1952 841 2273 908 olféramus,
2303 858 2426 899 cum
2454 843 2760 900 nullatenus
2789 845 2906 900 haec
2930 842 3015 897 vel
3043 842 3244 914 aliquis
3263 842 3537 914 desipien-

1954 934 2086 990 ti’um
2113 949 2351 1004 unquam
2380 934 2693 991 crediderit.
2715 934 2846 1002 Qua:
2882 934 2990 989 duo
3021 934 3073 989 in
3106 924 3316 989 tantum
3341 932 3532 990 viden-

1951 1024 2459 1096 turindignissima,
2488 1034 2547 1079 ut
2570 1025 2640 1081 ab
2666 1024 2850 1080 auditu
2878 1023 3116 1080 fideliam
3156 1038 3224 1081 ex
3254 1030 3368 1080 toto
3391 1022 3537 1094 judi-

1948 1126 2145 1172 centur
2167 1117 2385 1187 penitus
2404 1131 2526 1172 esse
2550 1125 2829 1172 extranea.

2021 1207 2147 1264 Haec
2177 1208 2524 1263 deliramenta
2571 1208 2934 1264 versutiarum
2968 1207 3230 1264 Graecalis
3261 1204 3548 1262 industria.

1949 1297 2299 1367 supercilioso
2346 1299 2550 1355 ambitu
2584 1312 2682 1368 per
2734 1297 3036 1353 Romanum
3093 1296 3303 1367 spargit
3350 1296 3532 1365 impe-

1947 1389 2109 1454 rium,
2132 1397 2188 1444 et
2212 1390 2497 1445 dominicis
2522 1387 2744 1445 aciebus
2765 1388 3043 1453 insistens,
3069 1397 3188 1444 astu
3217 1386 3532 1444 calliditatis

1947 1479 2270 1545 scaturiens,
2302 1479 2581 1535 contendit
2614 1479 2886 1535 lacessere
2929 1478 3163 1549 quietos.
3215 1478 3285 1533 At
3339 1484 3532 1532 contra

1946 1577 2250 1642 repugnant
2288 1569 2519 1626 ducibus
2563 1570 2764 1641 injusta
2815 1569 3153 1625 molientium
3192 1568 3408 1641 agmina
3439 1584 3532 1623 su—

1942 1675 2233 1731 pernarum
2258 1661 2537 1728 virtutum,
2566 1662 2695 1732 quin
2722 1662 2831 1717 imo
2858 1662 3016 1732 longe
3043 1662 3378 1732 portendunt
3405 1675 3536 1716 scu-

1943 1759 2055 1807 tum
2099 1760 2301 1809 sanctae
2342 1752 2664 1824 repulsionis
2694 1753 2986 1810 illustrium
3007 1752 3252 1810 defensio
3279 1753 3539 1816 Patrum,.

253 1847 522 1905 decorum
572 1857 722 1903 esset.
747 1849 1030 1920 splendere
1061 1850 1319 1905 honorem
1377 1850 1581 1921 gaudii,
1635 1850 1703 1905 ab
1752 1848 1839 1904 his
1872 1839 1919 1900 Β
1948 1844 2233 1899 concordia
2260 1859 2551 1911 canonum,
2589 1846 2890 1902 auctoritas
2917 1854 2973 1900 et
2993 1845 3224 1901 victoria
3255 1843 3531 1901 excellen-

249 1937 507 2009 partibas
537 1937 721 1993 multis
763 1939 1101 1995 volventibus
1126 1938 1341 1996 saeculis
1382 1924 1707 1995 oboriuntur
1737 1939 1840 1994 im-

249 2027 437 2083 mensi
478 2028 807 2084 detrimenta
839 2029 1099 2085 scaiulali.
1149 2029 1207 2085 Si
1256 2030 1400 2086 enim
1454 2030 1657 2085 ferrum
1692 2028 1840 2086 ferro

250 2118 501 2183 acuitur,
523 2134 821 2190 congruum
850 2128 994 2175 esset
1019 2129 1075 2173 ut
1095 2119 1283 2176 Graeca
1312 2120 1493 2192 lingua
1519 2136 1549 2174 a
1578 2135 1706 2176 vero
1731 2136 1839 2177 non

250 2208 615 2279 discreparet,
666 2210 721 2264 in
751 2225 860 2280 quo
893 2210 1082 2266 Latina
1125 2225 1369 2267 normam
1401 2211 1681 2269 catholicae
1712 2213 1838 2271 fidei

247 2298 706 2355 indissolubiliter
732 2308 895 2356 tenet.

328 2388 424 2444 liae
446 2398 573 2446 sunt
596 2406 725 2462 ergo
753 2390 1042 2461 superfluae
1083 2393 1410 2464 quaestiones
1453 2393 1522 2449 ad
1555 2393 1836 2450 smcularia

245 2481 437 2550 potius
463 2496 625 2551 quam
654 2481 721 2535 ad
748 2482 1008 2552 spiritalia
1037 2483 1336 2547 tendentes,
1366 2499 1488 2555 qua:
1518 2498 1623 2539 non
1647 2484 1835 2540 viden-

245 2582 345 2627 tur
370 2572 669 2642 procedere
704 2574 774 2627 ab
813 2576 1146 2643 experientia
1177 2577 1356 2647 magni
1386 2576 1709 2644 intellectus,
1739 2578 1834 2635 sed

251 2662 416 2717 nasci
445 2678 475 2716 a
503 2664 1031 2733 reprehensibilitate
1045 2667 1331 2723 exterioris
1356 2669 1849 2727 sensus.llludita-.

244 2766 360 2820 que
385 2752 628 2824 pelagus,
661 2762 718 2807 ut
759 2755 1019 2826 jactatur,
1051 2757 1279 2825 insignis
1315 2757 1634 2828 eloquentia:
1672 2758 1834 2817 infert

244 2839 516 2898 Romanis
563 2843 802 2899 auribus.
828 2845 1008 2913 Quare
1038 2844 1302 2916 Spiritum
1332 2859 1580 2903 sanctmn
1610 2864 1640 2903 a
1672 2848 1835 2905 Patre

240 2941 309 2990 et
327 2932 467 2989 Filio
497 2934 851 3004 proﬁteamur
876 2936 1186 3005 procedere,
1221 2946 1276 2991 et
1303 2952 1410 2991 non
1441 2953 1473 2991 a
1503 2937 1617 2993 solo
1642 2938 1826 3005 Patre,

240 3038 445 3080 rursus
487 3039 658 3095 quare
683 3026 735 3080 in
786 3025 1040 3081 Sabbatis
1063 3025 1329 3095 jejunium
1357 3042 1729 3094 exerceamus,
1773 3039 1840 3087 et.

238 3129 423 3186 quare
454 3116 525 3171 ab
551 3114 728 3171 ullieio
774 3117 1215 3188 presbyterorum
1260 3120 1474 3190 nuptias
1524 3136 1825 3179 arceamus.

1902 1924 1907 1929 ’
1942 1936 2279 1992 tlssimorum
2303 1937 2633 2004 antistitum,
2662 1952 2762 2009 per
2788 1921 3085 1993 Christiani
3119 1936 3357 1993 nominis
3386 1936 3547 1992 limi-«

1941 2036 2048 2083 tem
2080 2028 2135 2083 in
2166 2028 2373 2083 theoria
2416 2029 2701 2101 magnifice
2741 2029 3106 2100 vulgatorum.
3135 2031 3304 2085 verbo
3334 2044 3400 2085 ac
3433 2029 3527 2083 do-

1938 2120 2110 2177 ctrina
2147 2118 2315 2175 caalos
2344 2120 2794 2193 contingentium.
2829 2120 2886 2176 lu
2916 2122 3019 2176 hoc
3070 2120 3194 2176 forti
3224 2136 3549 2192 congressa.

1937 2224 2047 2266 non
2077 2208 2255 2266 ferent
2279 2209 2475 2265 vexilla
2503 2212 2727 2276 tirones,
2762 2225 2865 2266 nec
2886 2209 3109 2281 fatigata
3141 2211 3364 2265 brachia
3387 2209 3544 2266 καθ-.

1846 2364 1851 2369 _
1936 2312 2059 2359 rent
2105 2304 2315 2359 emeriti
2355 2318 2537 2368 senes,
2568 2304 2663 2359 sed
2688 2304 2898 2359 delecta
2937 2304 3442 2374 viribusjuvenuis,
3470 2303 3543 2357 id-

1936 2401 2022 2450 est
2073 2393 2127 2448 in
2158 2392 2264 2449 fide
2298 2393 2499 2448 Christi
2528 2392 2944 2463 perfectissimis
2986 2402 3197 2448 utentes
3248 2394 3542 2454 sensibus,.

1935 2500 2003 2541 ex
2057 2485 2203 2541 omni
2233 2492 2388 2555 parte
2413 2484 2582 2539 armis
2634 2498 2913 2538 sacrorum
2945 2484 3255 2553 dogmatum
3312 2482 3527 2535 munita

1936 2590 2163 2647 corpora
2190 2582 2506 2644 mentesque
2527 2571 2788 2638 ferentes,
2816 2572 3014 2641 inclyta
3063 2571 3330 2637 lacessent
3353 2567 3531 2631 bella,

1933 2677 1990 2723 et
2043 2666 2271 2721 Domino
2311 2663 2527 2719 favente
2577 2664 2815 2718 victores
2845 2662 3101 2716 existent.
3156 2659 3298 2727 Lege
3337 2668 3521 2712 autem

1938 2756 2323 2826 triumphantis
2348 2763 2569 2824 peracto
2613 2752 2935 2815 certamine,
2961 2750 3090 2804 dum
3120 2748 3336 2805 lassatis
3363 2749 3520 2818 quasi

1935 2847 2195 2904 membris
2224 2845 2564 2916 refrigerium
2609 2842 3043 2899 subministrabit
3070 2840 3308 2913 Spiritus
3343 2842 3518 2897 sancti

1933 2938 2163 3002 alllatus,
2203 2938 2358 3010 potiti
2388 2945 2516 2991 voto
2538 2934 2914 3007 gloriosissimi
2956 2934 3181 3000 milites,
3208 2941 3264 2989 et
3290 2933 3362 2989 ob
3389 2947 3521 3004 ago-

1931 3034 2077 3087 niam
2100 3030 2298 3086 eximie
2317 3029 2586 3094 laetantes,
2613 3028 2681 3083 ad
2702 3027 2867 3083 caelos
2890 3028 3171 3099 porrigant
3192 3027 3520 3098 conspicuos

1930 3123 2132 3185 vultus,
2179 3120 2313 3191 Regi
2342 3135 2528 3193 regum
2554 3118 2876 3175 dominatori
2915 3133 3015 3174 suo
3045 3118 3220 3174 laudis
3241 3119 3518 3189 praeconia

235 3205 469 3262 Addunt
493 3209 657 3263 etiam
686 3223 855 3277 quare
879 3210 1179 3280 presbyteri
1205 3209 1521 3266 Latinorum
1548 3212 1828 3270 inhibean-
1856 3190 1901 3253 (ἶ
1932 3190 2296 3272 acclamantes
2322 3230 2336 3269 :
2368 3190 2623 3269 Dominus
2653 3214 2805 3285 fortis
2832 3223 2882 3268 et
2906 3223 3107 3284 potens,
3130 3213 3388 3269 Dominus
3412 3232 3512 3285 po-

236 3307 341 3354 tur
359 3297 565 3355 frontes
595 3300 990 3370 baptizatorum
1019 3302 1507 3370 cbrismatelinire,
1530 3321 1654 3361 cum
1676 3306 1828 3363 locus

234 3388 599 3459 eonsignandi
634 3390 686 3444 in
727 3390 904 3446 fronte
928 3391 1146 3460 proprie
1173 3393 1245 3447 sit
1264 3394 1664 3465 episcoporum,
1695 3396 1825 3452 etin

231 3478 451 3535 vertice
486 3479 943 3551 presbyterorum.
999 3482 1129 3538 Item
1176 3484 1524 3539 sciscitantur
1567 3499 1738 3555 quare
1792 3501 1824 3541 a

232 3569 493 3625 carnium
545 3584 643 3625 esu
699 3581 824 3628 octo
873 3573 1300 3630 hebdomadibus
1349 3584 1475 3630 ante
1502 3574 1827 3643 Pascha,et

232 3667 452 3730 septem
493 3675 523 3715 a
554 3662 696 3716 casei
727 3670 782 3717 et
805 3677 1028 3719 ovorum
1076 3680 1228 3721 more
1262 3680 1360 3720 suo
1382 3681 1492 3720 non
1520 3680 1815 3725 cessamus.

231 3748 534 3819 apponunt
579 3759 840 3821 praeterea
877 3768 978 3809 cur
1017 3753 1199 3808 clerici
1257 3755 1459 3810 barbas
1502 3756 1717 3818 radaut,
1765 3764 1823 3811 et

233 3853 414 3909 quare
436 3838 648 3895 diaconi
678 3841 913 3897 nondum
946 3852 1198 3914 suscepto
1221 3845 1628 3915 presbyteratus
1648 3844 1823 3902 oliicio

233 3926 298 3982 in
323 3927 608 3998 episcopos
626 3930 1011 3996 ordiuanturu,
1046 3942 1105 3987 ut
1130 3948 1248 3988 mos
1283 3942 1367 3989 est
1395 3933 1683 4006 aliquando
1708 3934 1822 3990 Ro-
1858 3980 1863 3987 ,

229 4017 440 4073 manis.
465 4018 883 4089 Conqueruntur
900 4023 1064 4077 etiam
1093 4023 1159 4078 de
1182 4024 1652 4094 trausmigratione
1674 4026 1821 4097 prin-

229 4110 452 4180 cipatus
470 4109 727 4167 Romana:
747 4114 912 4179 sedis,
934 4129 1095 4185 quam
1121 4115 1306 4170 dicunt
1328 4114 1526 4172 factam
1547 4117 1817 4174 Constan-

227 4201 488 4272 tinopoli,
527 4204 669 4258 unde
717 4213 773 4261 et
819 4220 938 4261 eam
981 4222 1104 4261 cum
1155 4207 1462 4278 patriarcha
1506 4223 1605 4263 suo
1656 4219 1821 4280 caput

229 4290 518 4363 dignitatis
546 4295 838 4365 appellant.
877 4296 957 4352 Ad
977 4298 1261 4353 stultarum
1285 4298 1561 4355 cumulum
1583 4309 1637 4356 et
1672 4301 1794 4355 iner

305 4433 334 4462 ι
358 4420 428 4504 In
451 4425 716 4504 episcopos
746 4428 1079 4504 ordinantur.
1109 4428 1225 4485 Non
1274 4430 1413 4486 male
1428 4431 1685 4504 quidem;
1717 4443 1816 4487 sed

222 4504 361 4569 cum
386 4498 566 4569 in_m_s.
598 4498 783 4569 codice
809 4498 1100 4569 legaturjn
1125 4515 1260 4568 epm,
1294 4498 1477 4555 nescio
1507 4518 1687 4556 annon
1725 4518 1814 4557 re-

221 4561 379 4617 ctius
414 4564 484 4618 sit
503 4566 558 4619 in
577 4561 948 4638 episcopatu'm.
998 4566 1098 4623 llic
1134 4561 1340 4625 notabit
1376 4571 1549 4627 lector
1576 4570 1817 4628 ίΕιιεειιιι
1839 4563 1889 4623 D

1928 3317 2039 3363 tens
2078 3307 2132 3362 in
2173 3306 2355 3378 prazlio
2410 3304 2584 3377 (Psal.
2625 3304 2884 3376 nttl,8).
2911 3304 3016 3359 Et:
3044 3303 3304 3360 Dominus
3351 3305 3516 3359 virtu-

1927 3408 2037 3452 tum
2071 3397 2179 3467 ipse
2224 3405 2299 3451 est
2343 3411 2436 3450 rea:
2472 3394 2653 3465 gloriae
2691 3394 2868 3465 (ibid.,
2905 3394 3013 3462 l0).
3045 3394 3118 3450 At
3148 3409 3277 3451 vero
3303 3395 3527 3451 exhila-.

1931 3497 2080 3543 ratus
2101 3487 2266 3543 Pater
2296 3487 2459 3543 totius
2489 3486 2766 3552 Ecclesiae,
2791 3486 3101 3557 apostolica:
3130 3486 3338 3542 scilicet
3366 3486 3535 3543 sedis

1929 3581 2275 3636 beatissimus
2299 3578 2563 3650 pontifex,
2593 3595 2717 3635 cum
2742 3578 2913 3635 Paulo
2943 3578 3188 3647 apostolo
3213 3579 3430 3650 erigens
3451 3580 3534 3634 in:

1927 3669 2157 3725 excelsis
2184 3679 2369 3741 caput,
2393 3671 2509 3726 haec
2551 3671 2712 3725 verba
2741 3671 3034 3740 protectori
3064 3670 3173 3725 Deo
3198 3670 3532 3727 solemnitat-

1925 3763 2236 3833 personabit
2267 3776 2282 3816 :
2324 3762 2581 3818 Dominus
2610 3775 2780 3817 autem
2815 3764 2942 3819 mihi
2970 3764 3132 3817 astitit
3153 3772 3200 3818 et
3228 3764 3505 3834 conforta-

1925 3857 1992 3909 vit
2022 3872 2103 3909 me
2123 3872 2143 3921 ;
2163 3863 2219 3909 ut
2244 3871 2336 3925 per
2356 3872 2435 3909 me
2464 3855 2768 3927 prtedicatio
2795 3855 3182 3925 adimpleatur;
3205 3865 3255 3909 et
3284 3856 3511 3909 audiant

1924 3956 2304 4021 omueggentes
2327 3962 2346 4002 :
2368 3955 2414 4000 et
2438 3945 2687 4001 liberatus
2712 3963 2827 4000 sunt
2857 3947 2921 4001 de
2943 3963 3032 4002 ore
3060 3947 3247 4001 leonis.
3290 3944 3508 4000 Libera-

1922 4041 1990 4094 vit
2021 4056 2101 4094 me
2121 4038 2379 4095 Dominus
2408 4039 2473 4093 ab
2503 4040 2645 4093 omni
2666 4056 2818 4110 opere
2845 4038 3011 4104 malo,
3046 4050 3092 4094 et
3129 4038 3328 4094 salt-um
3353 4039 3511 4109 faciet

1920 4132 1976 4186 in
2014 4147 2230 4203 regnum
2254 4147 2408 4186 suum
2435 4130 2658 4197 calcate,
2700 4131 2787 4185 cui
2816 4132 2883 4185 sit
2905 4130 3074 4202 gloria
3106 4132 3161 4186 in
3189 4131 3384 4186 uacula
3409 4148 3515 4186 εωο

1919 4225 2180 4280 culorum.
2211 4224 2378 4280 Amen
2404 4223 2490 4295 (II
2524 4222 2658 4280 Tim.
2684 4240 2757 4291 tv,
2788 4224 2902 4296 17).

1918 4439 2106 4493 eadem
2151 4438 2459 4494 Graecorum
2485 4438 2696 4508 objecta
2727 4440 3010 4509 repellere.
3041 4455 3160 4509 quae
3188 4456 3219 4494 a
3247 4439 3506 4495 Ratraah

1918 4526 1988 4563 no
2017 4525 2226 4564 summa
2253 4511 2303 4564 vi
2328 4510 2541 4581 repulsa
2564 4524 2686 4566 esse
2715 4510 2946 4566 vidimus
2971 4526 3154 4581 supra.

239 4764 3511 4806 mw

1311 4912 1850 5026 INCEPIT
1939 4914 2396 5029 LIBER.

917 5189 1044 5243 CAP.
1084 5189 1123 5245 l.

294 5296 532 5353 Sanctus
558 5297 909 5365 Athanasius,
935 5303 1312 5378 Alexandrina:
1336 5307 1478 5363 sedis
1497 5309 1802 5381 episcopus,

1909 5222 1974 5277 de
1997 5221 2212 5278 Unitate
2233 5232 2433 5278 sancta:
2456 5234 2513 5279 et
2528 5196 2825 5283 individua:
2845 5227 3127 5287 Trinitatis
3145 5231 3316 5289 dicit:
3341 5234 3511 5301 Ωιιοῶ

1906 5315 1962 5367 in
1992 5311 2154 5367 Patre
2173 5314 2242 5368 sit
2264 5311 2436 5370 Filius
2461 5326 2508 5370 et
2530 5314 2759 5388 Spiritus
2785 5330 3021 5389 sanctus,
3043 5326 3239 5396 et.quia
3267 5323 3501 5397 Spiritus
3528 5360 3554 5383 ν.

209 5390 665 5490 Cascae-lingua:
702 5397 1216 5465 experientissimus,
1249 5398 1340 5455 ubi
1370 5400 1556 5458 beatus
1593 5403 1804 5461 Marcus
1905 5419 2117 5461 sanctus
2143 5425 2175 5462 α
2208 5407 2315 5463 Deo
2342 5406 2504 5465 Patre
2530 5412 2796 5481 procedat,
2825 5413 2912 5468 ubi
2951 5390 3277 5490 nequaquam
3307 5390 3492 5475 excitu

208 5485 552 5555 evangelista
578 5488 859 5556 praesedit;
883 5505 1002 5559 quae
1025 5492 1180 5547 sedes
1205 5494 1436 5548 secunda
1462 5506 1544 5551 est
1568 5513 1597 5551 a
1628 5498 1800 5567 prima

210 5576 500 5640 ﬂuuiana,
531 5585 587 5631 ut
615 5577 892 5634 Canonum
926 5588 1128 5637 statuta
1171 5582 1465 5639 decernunt
1486 5627 1499 5651 ,
1530 5599 1550 5627 ι
1583 5590 1635 5642 in
1666 5589 1801 5644 libro

1905 5500 2051 5553 dimr
2084 5497 2216 5555 Filii
2243 5517 2444 5556 nomen.
2480 5521 2497 5553 ‹
2536 5503 2892 5562 Serviendum
2940 5508 3123 5578 itaque
3163 5519 3249 5564 est
3271 5510 3493 5568 Christo

1911 5593 2065 5659 Filio,
2093 5595 2218 5664 quia
2252 5605 2305 5651 et
2333 5598 2603 5667 perfectus
2636 5599 2878 5666 Deus..et
2907 5617 3067 5657 verus
3092 5612 3173 5659 cst
3203 5602 3389 5659 Filius.
3429 5605 3503 5658 iit

286 5728 314 5756 ⁸
351 5714 415 5769 lu
447 5716 577 5774 libro
605 5720 686 5775 de.
718 5719 885 5790 Hujus
918 5721 1059 5788 libri,
1095 5724 1180 5793 qui
1226 5732 1305 5779 est
1335 5726 1396 5780 (le
1440 5723 1649 5783 L'uilate
1680 5729 1793 5796 Dei,
1821 5731 2005 5786 titulus
2029 5732 2114 5788 hic
2137 5742 2218 5788 est
2257 5734 2309 5788 in
2340 5734 2498 5789 editis
2528 5752 2544 5787 '.
2571 5734 2647 5791 De
2689 5736 2883 5793 Ariaua
2916 5750 2960 5795 el
2993 5741 3248 5796 catholica
3288 5740 3417 5807 ﬁde.
