4000 6352
590 296 688 354 691

1703 299 1939 357 AENEAS
1982 301 2411 360 PABISIENSIS
2449 306 2754 366 EPISCOPl
3705 335 3782 393 σθ,

590 410 687 483 qui
731 403 970 470 ﬁdeliter
1009 411 1180 471 servit
1224 411 1384 479 Filio,
1427 411 1574 467 Patri
1615 415 1812 496 servit,
1855 423 1910 469 et
1949 415 2172 484 Spiritui
2200 418 2252 476 Α
2277 424 2332 470 ει
2364 432 2582 474 sensum
2628 421 2935 480 intellectus
2975 425 3084 481 mei
3131 426 3226 484 tibi
3273 429 3468 490 refero.
3494 433 3636 494 Pater
3678 460 3780 506 unus

591 513 784 561 sancto
832 505 927 576 qui
949 505 1004 560 in
1031 518 1096 561 eo
1117 512 1222 559 εει.
1255 503 1322 558 Ει
1359 503 1450 574 qui
1480 503 1670 559 adorat
1703 491 1941 570 Patrem,
1969 506 2024 560 in
2057 505 2174 575 ipso

591 599 784 654 adorat
823 599 1018 654 Filium
1059 608 1117 654 et
1165 598 1428 670 Spiritum
1457 608 1739 665 sanctum,
1769 601 1896 671 quia
1928 601 1983 656 in
2012 601 2173 658 Patre

590 697 676 743 est
703 687 871 746 Filius
891 698 947 745 et
974 688 1208 759 Spiritus
1228 699 1448 746 sanctus
1467 689 1558 759 qui
1579 705 1610 745 a
1636 689 1747 745 Deo
1765 691 2033 761 procedit,
2055 692 2174 763 ipso

589 781 819 837 Domino
865 782 1118 838 dicente:
1149 781 1264 854 Ego
1293 783 1350 838 in
1381 782 1544 838 Patre
1586 793 1636 839 et
1678 783 1843 839 Pater
1876 786 1932 840 in
1969 802 2053 840 me
2097 796 2174 840 est

589 874 775 945 (loan.
801 891 915 942 xxv,
943 875 1056 948 10).
1090 877 1166 931 De
1195 875 1402 948 Spiritu
1439 889 1654 947 quoque
1683 876 1763 932 sic
1787 876 1866 930 ait
1899 894 1911 930 :
1943 875 2172 946 Spiritus

587 974 760 1019 autem
765 965 1074 1036 paraclitus
1101 966 1191 1037 qui
1216 985 1249 1020 α
1279 963 1442 1022 Patre
1462 983 1577 1021 meo
1602 967 1833 1037 procedit
1863 965 2044 1037 (Joan.
2077 983 2168 1032 xv,

585 1056 700 1129 26).
739 1057 806 1113 Ει
834 1073 956 1113 cum
987 1057 1183 1114 Filium
1222 1059 1345 1129 quis
1378 1059 1590 1126 adorat,
1619 1060 1673 1114 in
1701 1074 1767 1114 eo
1797 1060 2012 1116 Patrem
2042 1060 2173 1116 ado—

583 1157 693 1216 rat,
719 1159 777 1205 et
823 1149 1082 1221 Spiritum
1125 1160 1372 1208 sanctum
1397 1193 1413 1218 ,
1455 1152 1584 1223 quia
1628 1153 1685 1208 in
1715 1152 1831 1223 ipso
1864 1161 1949 1208 est
1976 1153 2165 1220 Pater;

583 1240 797 1297 dicente
833 1257 901 1299 eo
937 1261 950 1299 :
981 1243 1211 1310 Qui-me
1252 1245 1420 1310 videt,
1464 1240 1600 1300 eiciet
1646 1255 1698 1300 et
1737 1243 1954 1301 Patrem
1995 1263 2170 1302 meum

582 1330 770 1397 (Joan.
803 1348 858 1400 ι,
890 1334 978 1406 9);
1007 1345 1062 1390 et
1081 1335 1276 1391 iterum
1304 1353 1318 1391 :
1348 1334 1514 1390 Pater
1539 1345 1712 1391 autem
1741 1337 1797 1391 in
1826 1353 1908 1391 me
1930 1354 2166 1405 manens,

580 1423 694 1491 ipse
736 1423 863 1494 facit
906 1441 1084 1496 opera.
1131 1425 1310 1498 (ibid.)
1350 1427 1426 1482 De
1462 1425 1664 1498 Spiritu
1703 1443 1834 1485 vero
1863 1437 2052 1484 sancto
2090 1431 2170 1487 sic
2237 1440 2241 1444 ’

582 1512 661 1567 ait
687 1530 701 1568 :
735 1513 857 1580 Ille,
881 1515 1080 1586 inquit,
1104 1533 1186 1571 me
1211 1516 1539 1588 clariﬁcavit,
1558 1515 1684 1588 quia
1705 1518 1769 1573 de
1793 1535 1906 1573 meo
1927 1521 2167 1592 accipiet,

578 1611 628 1655 et
657 1604 988 1659 annuntiabit
1011 1605 1151 1660 vobis
1175 1605 1356 1677 (Joan.
1389 1623 1496 1671 xvr,
1528 1607 1651 1677 id);
1682 1617 1735 1662 et
1762 1625 1775 1661 :
1809 1606 1999 1663 Omnia
2023 1627 2168 1680 qua:-

578 1709 782 1764 cunque
807 1696 959 1750 habet
1001 1696 1181 1762 Pater,
1211 1715 1324 1753 mea
1359 1710 1519 1767 sunt;
1548 1711 1820 1771 propterea
1859 1702 1972 1756 dixi
2000 1704 2163 1769 vobis,

488 1851 502 1867 ο
576 1785 705 1852 quia
749 1785 814 1840 de
862 1802 975 1840 meo
1031 1788 1244 1858 accipiet
1297 1788 1487 1859 (ibid.,
1535 1789 1644 1861 15).
1703 1791 1936 1860 Spiritus
1981 1793 2163 1862 itaque
2193 1779 2240 1838 Β

577 1872 756 1930 Patris
788 1875 1020 1947 Spiritus
1041 1877 1162 1932 Filii
1187 1887 1291 1944 est,
1319 1879 1574 1950 Apostolo
1602 1881 1814 1936 dicente
1846 1898 1858 1934 :
1890 1880 2044 1946 Quod
2068 1899 2165 1936 au-

577 1974 680 2017 tem
724 1969 847 2020 estis
885 1968 982 2036 ﬁlii
1009 1968 1128 2035 Dei,
1173 1971 1316 2025 misit
1359 1971 1500 2025 Deus
1531 1971 1783 2042 Spiritum
1816 1969 1947 2026 Filii
1989 1975 2072 2028 sui
2109 1976 2163 2030 in

573 2056 738 2109 corda
767 2068 945 2112 nostra
983 2057 1129 2129 (Gal.
1162 2076 1235 2125 tv,
1264 2061 1352 2131 6);
1381 2072 1436 2117 et
1462 2063 1656 2117 iterum
1692 2080 1705 2115 :
1736 2061 1797 2118 Si
1829 2064 1945 2132 quis
1987 2075 2162 2120 autem

575 2141 833 2214 Spiritum
860 2146 1055 2204 Christi
1096 2167 1201 2205 non
1246 2152 1430 2217 habet,
1459 2155 1544 2207 hic
1590 2171 1693 2207 non
1726 2164 1802 2208 est
1829 2153 1942 2224 ejus
1971 2154 2157 2226 (Rom.

570 2248 695 2302 νηί,
723 2237 814 2308 9);
843 2248 897 2293 et
927 2239 1121 2294 iterum
1151 2257 1164 2296 :
1208 2240 1330 2297 Scio
1360 2245 1498 2296 enim
1524 2245 1648 2314 quia
1688 2245 1786 2298 hoc
1821 2245 1947 2298 mihi
1977 2263 2160 2314 prore-

571 2328 679 2380 uiet
704 2329 759 2381 in
783 2329 1006 2384 salutem
1031 2349 1123 2401 per
1146 2342 1366 2386 vestram
1403 2336 1691 2388 orationem
1728 2345 1775 2389 et
1796 2335 2162 2390 subministra-

568 2414 761 2470 tionem
793 2418 1022 2487 Spiritus
1047 2421 1176 2475 Jesu
1203 2422 1398 2477 Christi
1434 2421 1650 2493 (Philip.
1679 2442 1719 2489 ι,
1747 2423 1859 2494 29).
1893 2424 1950 2479 In
1980 2427 2157 2480 Evan-

569 2505 710 2571 εειῑο
744 2521 958 2577 quoque
1001 2510 1115 2578 ipse
1159 2512 1419 2568 Dominus
1444 2514 1521 2568 ait
1554 2533 1566 2566 :
1600 2515 1921 2580 Paraclitus,
1961 2517 2157 2585 inquit,

571 2597 806 2666 Spiritus
836 2612 1049 2655 sanctus
1069 2642 1084 2668 ,
1111 2621 1264 2672 quem
1307 2605 1472 2660 mittet
1504 2603 1667 2660 Pater
1706 2607 1763 2660 in
1804 2608 2011 2661 nomine
2043 2625 2157 2663 meo

567 2688 752 2754 (loan.
785 2705 896 2755 XIV,
929 2691 1042 2762 926).
1072 2692 1138 2746 Et
1164 2693 1217 2746 in
1245 2693 1470 2748 Actibus
1507 2695 1875 2763 apostolorum
1918 2695 1991 2750 ita
2019 2696 2154 2767 legi-

567 2787 658 2831 tur
686 2797 698 2830 :
733 2778 1081 2835 Transeuntes
1106 2792 1281 2837 autem
1313 2783 1600 2854 Phrygiam
1625 2795 1674 2838 et
1705 2783 1992 2850 Galatiam,
2018 2787 2157 2840 vetiti

565 2878 690 2922 sunt
733 2887 765 2922 α
797 2869 997 2939 Spiritu
1038 2881 1218 2925 sancto
1265 2871 1406 2942 loqui
1455 2872 1682 2926 verbum.
1731 2872 1862 2927 Cum
1902 2875 2155 2928 venissent

566 2973 744 3016 autent
780 2965 834 3016 in
880 2963 1128 3033 Mysiam,
1175 2967 1441 3019 tentabant
1492 2967 1568 3020 ire
1609 2966 2019 3036 Bithyniamﬁet
2051 2987 2153 3025 non

564 3055 800 3122 permisit
829 3072 914 3108 eos
951 3056 1181 3126 Spiritus
1211 3055 1341 3111 Jesu
1366 3057 1503 3126 (Act.
1532 3058 1666 3128 xvi).
1698 3058 2152 3117 Manifestissimis

563 3147 732 3216 igitur
762 3148 1084 3203 testimoniis
1129 3149 1406 3218 probatur,
1441 3149 1586 3220 quod
1631 3148 1868 3219 Spiritus
1895 3161 2148 3218 sanctus,
2181 3140 2225 3201 C

565 3241 802 3308 Spiritus
851 3233 1178 3310 paraelit‘us,
1231 3235 1588 3310 Spiritus‘qui
1629 3256 1660 3294 a
1695 3240 1854 3309 Patre
1879 3243 2156 3310 procedit,

565 3332 802 3402 Spiritus
829 3335 899 3387 sit
923 3333 1067 3398 Filii,
1100 3331 1336 3403 Spiritus
1357 3333 1582 3399 Christi,
1615 3332 1851 3403 Spiritus
1877 3332 2024 3391 Jesu.
2054 3354 2072 3387 ι

1247 3442 1374 3498 Car.
1413 3442 1473 3498 ll.

633 3558 763 3614 item
810 3558 866 3613 S.
910 3558 1237 3614 Athanasius
1287 3557 1339 3612 in
1385 3557 1570 3612 libron
1602 3559 1669 3613 de
1713 3557 1922 3613 unitate
1967 3557 2147 3612 Trini-

560 3653 689 3707 tatis
718 3670 730 3706 :
767 3651 920 3719 Quod
951 3651 1175 3722 Spiritus
1201 3662 1409 3706 sanctus
1433 3651 1609 3706 unitas
1642 3651 1785 3706 Deus
1809 3653 1874 3706 sit
1902 3652 1956 3706 in
1983 3649 2146 3708 Patre

558 3756 606 3798 et
655 3743 796 3798 Filio
819 3786 832 3810 ,
865 3744 944 3799 sic
974 3743 1104 3798 dicit
1142 3762 1155 3797 :
1188 3760 1208 3794 ο
1246 3741 1328 3797 An
1360 3743 1580 3814 ignoras
1622 3743 1748 3813 quia
1790 3742 1954 3798 Pater
2006 3758 2144 3798 unus

558 3836 703 3889 Deus
732 3844 837 3899 est,
868 3844 925 3890 et
955 3833 1125 3889 Filius
1156 3848 1294 3887 unus
1327 3833 1469 3888 Dens
1499 3841 1616 3898 est,
1659 3841 1713 3887 ct
1743 3831 1976 3902 Spiritus
2004 3848 2143 3888 unus

558 3925 703 3980 Deus
729 3926 848 3980 est?
875 3922 1064 3981 Nonne
1086 3939 1226 3979 unus
1258 3924 1401 3978 Deus
1423 3932 1526 3990 est,
1551 3924 1675 3978 dum
1703 3923 1914 3978 unitum
1945 3937 2140 3977 nomen

558 4023 637 4068 est
676 4015 728 4067 in
773 4021 966 4067 natura
1008 4014 1216 4076 οὐσίαςς
1260 4011 1338 4066 sic
1378 4021 1433 4066 et
1456 4027 1596 4066 unus
1624 4010 1860 4082 Spiritus
1886 4019 1988 4075 est,
2015 4011 2142 4080 quia

557 4106 709 4159 unita
741 4113 824 4159 est
847 4103 1084 4173 ejusdem
1125 4104 1314 4158 deitas.
1358 4102 1491 4158 Nam
1522 4104 1566 4157 si
1600 4111 1656 4156 tu
1687 4117 1785 4172 per
1805 4102 2012 4173 singula
2041 4117 2141 4157 no-

556 4198 705 4252 mina
735 4211 1086 4266 personarum
1133 4197 1342 4250 unitum
1390 4210 1584 4250 nomen
1615 4195 1849 4266 Spiritus
1886 4204 1969 4249 ter
1998 4196 2143 4252 desi-

555 4286 757 4356 gnasti,
791 4285 1030 4356 nunquid
1061 4294 1171 4340 tres
1213 4283 1446 4354 Spiritus
1483 4285 1663 4341 dicere
1692 4288 1940 4357 oportet?
1966 4287 2140 4342 Absit.

556 4379 710 4446 Quod
734 4379 778 4433 si
805 4379 908 4434 ltoc
933 4385 1183 4449 potuerat
1202 4376 1329 4442 dici,
1366 4378 1468 4432 tale
1496 4386 1698 4432 eratut
1722 4387 1775 4433 ει
1797 4379 1898 4433 boc
1929 4379 1981 4432 in
2009 4395 2140 4434 con-

2277 505 2420 562 Deus
2447 519 2552 575 est,
2578 521 2634 564 et
2675 511 2842 567 Filius
2882 515 3189 586 unigenitus
3219 520 3359 577 Deus
3396 533 3506 590 est,
3532 536 3581 582 et
3603 529 3780 601 Spiritus

2276 610 2494 658 sanctus
2515 604 2697 660 unitus
2723 606 2777 660 in
2806 605 2966 662 Patre
2988 618 3044 666 et
3071 611 3206 668 Filio
3229 614 3371 670 Deus
3389 625 3488 672 est.
3517 639 3536 672 ο

2913 717 3064 776 CAP.
3117 721 3204 778 Ill.

2355 825 2488 882 Item
2513 828 2653 884 idem
2682 830 2735 884 in
2759 831 2948 887 eodem
2978 834 3118 890 libro
3145 853 3160 890 :
3191 835 3346 903 Quod
3383 839 3600 912 Spiritus
3619 861 3782 908 sanctus

2273 933 2365 972 nec
2391 917 2554 974 Pater
2575 922 2641 974 sit
2665 939 2756 976 nec
2786 921 2983 990 Filius,
3011 927 3100 980 sed
3123 927 3188 982 de
3213 939 3404 984 natura
3430 935 3565 989 unita
3585 939 3781 1008 existere,

2270 1009 2517 1078 procedat
2542 1011 2606 1065 de
2625 1011 2734 1066 Deo
2759 1011 2942 1079 Patre,
2965 1024 3014 1069 et
3037 1018 3261 1086 accipiat
3283 1021 3348 1074 de
3371 1019 3464 1075 Dei
3483 1021 3630 1080 Filio.
3656 1046 3672 1079 t
3689 1029 3782 1085 Bea-

2274 1109 2360 1157 tus
2402 1101 2638 1158 Joannes
2681 1105 3010 1175 evangelista
3049 1108 3180 1163 dicit
3206 1109 3260 1164 in
3287 1110 3522 1180 Epistula
3549 1117 3782 1176 suaﬂm

2270 1200 2390 1245 sunt
2426 1195 2515 1264 qui
2552 1195 2903 1249 testimonium
2930 1197 3112 1251 dicunt
3154 1199 3210 1254 in
3248 1199 3400 1266 calo,
3445 1201 3596 1258 Pater
3617 1216 3658 1260 et
3687 1205 3782 1262 Ver-

2271 1282 2393 1336 bum
2449 1294 2499 1340 et
2552 1283 2814 1356 Spiritus,
2870 1296 2921 1342 et
2968 1289 3026 1343 in
3073 1288 3283 1345 Christo
3336 1289 3466 1347 Iesu
3509 1310 3650 1349 unum
3691 1310 3782 1353 sunt

2271 1374 2323 1444 (I
2343 1373 2504 1429 Joan.
2531 1377 2609 1447 v).
2635 1375 2751 1432 Non
2781 1385 2960 1434 tamen
2985 1395 3125 1436 unus
3148 1389 3250 1447 est,
3279 1384 3408 1454 quia
3436 1400 3536 1440 non
3559 1397 3632 1442 est
3653 1388 3698 1444 in
3718 1390 3782 1447 his

2269 1474 2376 1522 una
2425 1483 2674 1538 persona.
2723 1468 2859 1524 Nam
2902 1487 3066 1525 unum
3105 1474 3259 1542 quod
3286 1475 3425 1529 dixit
3462 1475 3525 1530 de
3564 1478 3787 1553 utrisque,

2269 1556 2406 1626 quid
2426 1557 2571 1613 aliud
2601 1558 2920 1631 intelligitur
2945 1577 3109 1632 quam
3141 1565 3286 1632 quod
3315 1565 3454 1620 Deus
3479 1565 3624 1621 Pater
3644 1568 3689 1622 in
3711 1583 3780 1623 na-

2268 1657 2388 1704 tura
2420 1651 2716 1707 divinitatis
2750 1653 2892 1707 idem
2933 1653 3049 1724 ipse
3084 1654 3299 1710 dicatur
3317 1664 3375 1710 et
3396 1655 3652 1723 Dominus,
3673 1658 3782 1715 idem

2267 1745 2383 1814 ipse
2411 1746 2481 1800 sit
2516 1754 2573 1801 et
2611 1745 2886 1814 Spiritus:
2912 1758 2969 1804 et
3007 1747 3178 1804 Filius
3216 1750 3387 1815 Deus,
3413 1751 3640 1822 idemque
3657 1753 3715 1808 sit
3741 1754 3782 1810 in

2267 1839 2548 1894 divinitate
2588 1849 2645 1893 et
2688 1841 2972 1906 Dominus,
3023 1852 3046 1881 ο
3079 1843 3334 1911 idemque
3379 1843 3450 1897 sit
3486 1851 3539 1898 et
3571 1842 3784 1914 Spiritus?

2267 1928 2362 1983 sed
2394 1937 2449 1983 et
2479 1928 2714 1999 Spiritus
2743 1931 3034 2001 paraclitus
3071 1933 3236 1998 Deus,
3269 1933 3519 2002 idemque
3541 1934 3605 1989 sit
3629 1944 3674 1990 et
3700 1934 3779 1992 Do-

2264 2021 2442 2076 minus
2470 2022 2522 2075 in
2547 2031 2737 2076 natura
2769 2023 3009 2088 deitatis,
3033 2023 3174 2078 idem
3197 2025 3270 2078 sit
3300 2033 3358 2080 et
3386 2024 3638 2094 Spiritus?
3659 2024 3782 2081 Vides

2262 2112 2387 2182 quia
2421 2113 2474 2166 in
2500 2113 2702 2169 deitate
2735 2123 2791 2168 et
2810 2114 2863 2168 in
2893 2115 3191 2170 substantia
3224 2115 3568 2185 plenitudinis
3595 2131 3676 2187 per
3693 2133 3781 2173 om-

2262 2201 2351 2254 nia
2381 2217 2544 2255 unum
2575 2213 2721 2266 sunt,
2749 2213 2803 2258 et
2832 2204 2884 2258 in
2913 2206 3164 2260 omnibus
3185 2220 3537 2275 personarum
3559 2216 3655 2263 tres
3672 2218 3788 2262 sunt.

2260 2289 2396 2344 Nam
2441 2291 2583 2360 quod
2630 2300 2740 2347 tres
2787 2302 2944 2359 sunt,
2994 2295 3123 2365 quid
3175 2295 3323 2350 aliud
3379 2281 3599 2354 sentitur
3637 2299 3786 2366 fuisse,

2259 2394 2422 2448 quam
2456 2380 2620 2435 Pater
2657 2397 2820 2436 verus
2861 2400 3021 2448 unus,
3053 2385 3140 2439 vel
3166 2385 3320 2441 solus
3345 2388 3436 2457 qui
3468 2389 3654 2458 genuit,
3677 2389 3782 2445 idem

2258 2482 2365 2522 non
2395 2469 2466 2522 sit
2491 2470 2584 2538 qui
2613 2479 2670 2524 et
2693 2472 3007 2540 unigenitus
3035 2473 3102 2527 ab
3134 2474 3254 2543 ipso
3285 2476 3415 2530 est?
3436 2476 3664 2531 EtFilius
3681 2494 3787 2534 unus

2259 2560 2350 2629 qui
2383 2575 2488 2615 non
2512 2563 2696 2631 genuit
2721 2563 2862 2617 sicut
2889 2563 3004 2632 ipse
3032 2580 3061 2618 a
3088 2564 3249 2621 Patre
3275 2569 3514 2638 genitus,
3544 2568 3684 2624 Pater
3703 2588 3782 2626 non

2257 2651 2364 2705 sit?
2389 2661 2447 2704 et
2471 2652 2559 2705 bic
2590 2651 2825 2722 Spiritus
2858 2665 3080 2710 sanctus
3117 2657 3254 2712 alius
3284 2661 3382 2725 sit,
3426 2661 3514 2730 qui
3541 2677 3632 2717 nec
3663 2662 3786 2717 Pater

2256 2753 2357 2793 nec
2384 2739 2554 2794 Filius
2579 2751 2683 2802 est,
2712 2742 2803 2811 qui
2831 2759 2931 2800 nev.
2952 2746 3137 2814 genuit
3161 2764 3259 2802 nec
3281 2751 3531 2818 genitus?
3556 2768 3660 2805 cum
3679 2753 3781 2806 alius

2256 2828 2327 2882 sit
2357 2828 2410 2881 in
2446 2845 2676 2898 persona
2703 2831 2794 2900 qui
2823 2833 3028 2902 genuit,
3060 2843 3115 2889 et
3144 2835 3282 2890 alter
3308 2839 3386 2893 sit
3412 2839 3464 2893 in
3496 2856 3695 2910 persona
3714 2845 3781 2910 qui

2254 2919 2564 2988 unigenitus
2594 2922 2662 2975 ab
2694 2921 2809 2991 ipso
2843 2933 2946 2987 est,
2979 2935 3032 2981 et
3061 2925 3201 2981 alius
3233 2929 3462 2999 adaeque
3499 2931 3547 2985 iu
3580 2948 3780 3002 persona,

2254 3016 2315 3061 ut
2359 3009 2489 3075 dixi,
2534 3013 2830 3066 secundum
2876 3013 3112 3069 divinam
3166 3016 3541 3090 Scripturam,
3593 3022 3671 3090 qui
3708 3036 3779 3074 nec

2256 3098 2418 3155 Pater
2447 3116 2545 3156 nec
2573 3101 2739 3156 Filius
2761 3111 2846 3158 est
2873 3123 2886 3157 :
2920 3105 3010 3159 hic
3053 3115 3137 3162 est
3181 3108 3424 3178 Spiritus
3465 3123 3682 3177 sanctus,
3708 3112 3778 3166 sed

2258 3188 2416 3258 plane
2465 3192 2530 3246 de
2565 3192 2715 3246 unita
2763 3202 2952 3249 natura
2995 3197 3266 3252 est:ideo
3315 3200 3376 3253 in
3424 3200 3611 3255 deitate
3649 3201 3780 3262 unita,

2255 3281 2284 3321 ἀ
2315 3282 2524 3337 unitum
2554 3283 2851 3340 divinitatis
2898 3301 3096 3342 nomen
3145 3298 3248 3355 est,
3298 3291 3448 3346 sicut
3493 3293 3544 3348 in
3585 3292 3782 3347 claritate

2254 3374 2574 3443 evangelicae
2620 3375 2936 3446 Scriptum,
2983 3378 3051 3432 de
3099 3379 3306 3449 Spiritu
3356 3383 3607 3452 paraclito
3647 3382 3776 3436 Filius

2252 3471 2500 3528 testatur,
2548 3463 2769 3518 dicens:
2802 3464 2874 3518 De
2912 3463 3074 3520 Patre
3108 3469 3345 3536 procedit
3378 3469 3555 3540 (Joan.
3579 3486 3657 3536 xv,
3681 3469 3773 3540 26);

2247 3561 2304 3607 et
2327 3554 2754 3622 sic~prosecutus
2779 3563 2898 3609 est:
2928 3556 2996 3609 Et
3023 3558 3086 3611 de
3115 3574 3227 3612 meo
3255 3562 3479 3630 accipiet
3504 3562 3665 3632 (Joan.
3686 3577 3772 3624 xu,

2249 3642 2358 3714 14).
2392 3643 2455 3698 Et
2489 3645 2608 3700 ideo
2635 3644 2722 3697 ubi
2766 3660 3011 3714 persona:
3059 3649 3436 3716 requiruntur,
3474 3652 3667 3722 propria
3700 3667 3774 3706 no-

2247 3735 2390 3788 mina
2441 3734 2560 3806 [per
2605 3734 2742 3806 lucc]
2792 3737 3216 3807 distinguuntur.
3271 3739 3378 3795 Ubi
3429 3753 3600 3796 autem
3643 3742 3775 3797 deitas

2243 3828 2519 3896 poscitur,
2567 3827 2774 3882 unitum
2822 3844 3016 3884 nomen
3066 3829 3142 3901 [in
3191 3831 3296 3904 bis]
3351 3834 3621 3890 indicatur.
3662 3835 3775 3902 Quo-

2245 3919 2390 3974 niam
2439 3937 2619 3975 sumus
2663 3922 2729 3975 ad
2776 3923 2993 3976 nomina
3040 3938 3400 3992 personarum
3439 3928 3693 3998 pluraliter
3715 3928 3776 3981 di-

2245 4019 2391 4064 ctum
2441 4011 2870 4077 demonstratur;
2917 4027 2982 4066 ac
3026 4029 3123 4082 per
3173 4015 3276 4071 hoc
3325 4018 3382 4071 in
3428 4019 3615 4072 deitate
3656 4018 3773 4070 unita

2246 4117 2410 4154 unum
2473 4111 2637 4168 sunt,
2697 4112 2753 4156 et
2803 4103 2856 4157 in
2920 4105 3229 4160 nominibus
3292 4122 3641 4176 personarum
3691 4119 3776 4161 tres

2246 4202 2390 4248 ειιιιι.
2423 4211 2444 4244 ι

2882 4287 3035 4344 CAP.
3089 4287 3178 4342 IV.

2314 4379 2445 4434 item
2498 4381 2636 4435 idem
2667 4381 2720 4435 in
2751 4381 2890 4436 libro
2931 4385 3167 4439 secundo
3193 4385 3258 4440 de
3285 4387 3520 4457 propriis
3552 4385 3767 4456 personis.

552 4471 787 4526 fossione
823 4471 1042 4526 deberet
1069 4468 1360 4532 introduci,
1389 4478 1500 4524 tres
1531 4470 1660 4524 deos
1687 4469 1880 4540 plurali
1915 4485 2142 4526 numero
2171 4509 2219 4568 ι)
2245 4481 2299 4525 ει
2339 4474 2403 4525 de
2430 4473 2580 4525 unito
2625 4471 2842 4526 nomine
2875 4472 3172 4529 divinitatis
3199 4494 3211 4528 :
3245 4476 3400 4541 Quod
3435 4477 3648 4548 Spiritus
3677 4490 3769 4526 sau-

553 4562 853 4633 nuneupari
886 4580 899 4615 :
935 4571 994 4616 ut
1026 4561 1138 4631 jam
1166 4576 1271 4616 non
1299 4569 1444 4616 esset
1467 4561 1494 4602 ι)
1524 4561 1577 4614 in
1610 4561 1693 4616 bis
1720 4562 1964 4631 personis
1993 4561 2139 4615 unita

550 4666 745 4711 natura
771 4654 1090 4719 divini-tatis,
1117 4654 1210 4708 sed
1234 4653 1602 4722 unusquisque
1633 4653 1684 4706 in
1711 4653 1923 4723 propria
1948 4652 2029 4706 vel
2057 4652 2138 4705 di-

550 4763 709 4803 versa
759 4755 953 4801 natura
1003 4760 1100 4800 sua
1148 4744 1486 4799 consisteret.
1521 4744 1673 4810 Quod
1723 4745 1884 4798 absit.
1926 4743 2134 4798 interea

550 4853 740 4894 rursus
765 4837 952 4892 eadem
979 4843 1184 4906 repeto,
1207 4845 1262 4888 et
1284 4835 1350 4888 ad
1376 4842 1466 4889 tua
1495 4834 1638 4888 dicta
1671 4835 1832 4889 verba
1855 4849 2134 4903 comparo,

624 5025 651 5053 ι
683 5011 760 5065 De
787 5009 998 5064 Unilate
1029 5009 1320 5064 Trinitatis.
1358 5008 1414 5062 in
1445 5007 1654 5073 Graeco,
1681 5009 1744 5062 de
1775 5007 1984 5062 Unitate
2017 5008 2129 5062 Dei.

620 5083 651 5123 ι’
681 5082 750 5136 In
779 5082 861 5134 his
897 5082 1129 5150 personis
1159 5081 1331 5150 unita.
1355 5079 1618 5150 Acherius
1654 5080 1788 5133 alias
1819 5080 1921 5150 legi
1953 5089 2136 5133 monet

542 5156 599 5207 in
635 5153 716 5207 his
745 5169 876 5216 una,
898 5148 1046 5220 Quod
1075 5151 1246 5221 magis
1282 5149 1477 5220 placet.
1511 5148 1675 5203 lnl‘ra.
1708 5149 1994 5202 intellectus
2035 5151 2133 5204 mei

545 5225 639 5278 tibi
675 5222 859 5276 revela.
1664 5227 1681 5247 ‘

621 5305 643 5332 ε
697 5292 948 5362 Idemque
985 5293 1050 5346 sit
1085 5301 1134 5346 et
1182 5289 1447 5362 Spiritus.
1479 5289 1570 5345 Sic
1619 5291 1750 5344 alias
1805 5289 1913 5362 legi
1954 5299 2137 5345 monet

546 5361 1018 5432 Acheriusiquod
1046 5363 1098 5417 in
1131 5371 1279 5416 textu
1317 5361 1598 5432 legebatur
1621 5363 1686 5415 sit
1713 5361 1995 5432 tia-deitate,
2028 5377 2134 5414 non

550 5435 678 5490 illud
708 5429 922 5502 quidem
964 5443 1082 5487 erat
1125 5433 1347 5486 omnino
1376 5429 1574 5486 malum
1595 5472 1610 5495 ,
1639 5431 1729 5484 sed
1759 5429 1892 5485 duas
1926 5440 2132 5500 postre-

549 5522 670 5561 mas
700 5520 860 5559 voces
887 5505 1020 5558 satis
1047 5511 1262 5558 constat
1285 5518 1402 5556 esse
1423 5517 1803 5570 supervacuas.

620 5575 647 5615 ἀ
688 5573 904 5629 Unitum
952 5573 1243 5628 divinitatis
1271 5589 1455 5626 nomen
1481 5582 1572 5623 est.
1607 5570 1754 5624 llaml
1779 5570 2130 5624 omittendum

549 5657 632 5699 cst
681 5647 820 5715 quod
869 5648 1137 5699 Acherius
1183 5643 1315 5721 alibi
1359 5644 1570 5721 reperit
1605 5642 1794 5694 horum
1845 5643 2131 5721 verborum

550 5711 999 5779 luem—commune
1036 5731 1220 5769 nomen
1270 5715 1315 5766 ei
1358 5723 1451 5765 cst.
1485 5711 1623 5765 Infra
1656 5726 1773 5780 qua:
1802 5711 2013 5764 uncinis
2048 5712 2133 5764 in-

2245 4573 2355 4615 ctus
2386 4563 2520 4615 sicut
2561 4563 2786 4615 mittitur
2817 4580 2849 4616 a
2891 4562 3072 4630 Patre,
3114 4567 3238 4619 item
3267 4569 3494 4621 mittitur
3517 4577 3561 4620 et
3582 4584 3610 4618 α
3639 4563 3766 4616 Filio.

2251 4672 2267 4700 ‹
2297 4652 2353 4705 Si
2391 4651 2560 4704 Filius
2599 4653 2652 4704 in
2695 4652 2910 4706 nomine
2934 4652 3112 4708 Patris
3133 4655 3301 4718 venit,
3329 4656 3563 4725 nunquid
3589 4656 3685 4724 ipse
3707 4658 3769 4703 es!

2243 4744 2404 4798 Pater
2433 4745 2520 4813 qui
2549 4744 2624 4798 ait
2651 4761 2663 4795 :
2697 4742 2809 4813 Ego
2836 4746 2947 4797 veni
2969 4746 3021 4798 in
3047 4749 3253 4800 nomine
3285 4747 3464 4801 Putris
3497 4749 3591 4800 mei
3619 4744 3763 4816 (loca.

2241 4845 2295 4908 ν)
2329 4852 2343 4890 :
2370 4837 2499 4891 dum
2528 4836 2687 4890 Pater
2715 4836 2856 4890 Deus
2881 4837 2972 4903 sit,
3013 4838 3065 4892 in
3097 4839 3249 4908 cujus
3283 4841 3503 4895 nomine
3524 4839 3674 4894 Filius
3695 4851 3765 4888 rev

2237 5015 2386 5071 clusa
2413 5013 2584 5076 vides.
2616 5011 2796 5066 addita
2821 5021 2945 5067 sunt
2967 5026 2998 5066 e
3021 5013 3188 5068 veteri
3215 5016 3466 5070 versione
3491 5015 3642 5071 edita.
3673 5009 3765 5064 lio:

2238 5087 2329 5140 ubi
2379 5084 2662 5158 legebatur
2691 5083 2742 5136 in
2771 5083 2962 5158 deitate
2992 5084 3312 5158 diuinitatis,
3351 5097 3659 5158 postremam
3691 5095 3762 5158 vx)-

2237 5172 2379 5221 cem,
2411 5153 2664 5224 ejusdem
2674 5153 2880 5224 veteris
2903 5155 3166 5208 versionis
3207 5153 3365 5209 editte
3404 5157 3556 5210 tidem
3600 5153 3736 5206 secuti

2237 5222 2617 5296 expunx'imus.
2649 5222 2951 5296 llocgetiam
2992 5240 3096 5277 non
3127 5227 3477 5296 omittendum
3505 5234 3581 5296 est
3614 5226 3749 5296 vocet

2239 5291 2484 5350 diuinitas
2512 5294 2710 5348 editam
2743 5292 2808 5344 ab
2850 5294 3112 5356 Acherio,
3147 5293 3258 5349 fere
3286 5297 3534 5350 omnibus
3557 5293 3669 5346 locis
3693 5291 3758 5340 ult

2237 5381 2427 5420 vocem
2455 5365 2622 5419 deitas
2646 5362 2912 5417 edidimus
2931 5402 2945 5424 ,
2986 5362 3126 5431 quod
3159 5380 3280 5419 eum
3312 5366 3474 5419 invito
3503 5364 3664 5419 codice
3688 5371 3760 5434 suo

2237 5435 2387 5499 fecit,
2414 5446 2523 5488 tum
2555 5435 2719 5486 etiam
2757 5442 2948 5486 contra
2991 5441 3367 5489 auctordatem
3403 5445 3646 5488 veterum.
3670 5441 3760 5502 ςυιιτ

2236 5505 2338 5560 1)ιιε
2366 5521 2466 5558 vox
2497 5505 2662 5556 deitas
2703 5504 2874 5572 magis
2902 5502 3174 5571 placebat,
3209 5515 3268 5558 ut
3294 5505 3544 5557 discimus
3566 5502 3758 5572 Anseltul

2238 5576 2457 5630 llavelb.
2493 5573 2624 5626 Di..l.
2661 5573 2750 5626 lib.
2784 5563 2842 5632 ιῖ,
2876 5563 2992 5640 (ἑψ.
3022 5574 3083 5625 l7
3115 5590 3127 5623 :
3159 5572 3336 5629 'I‘ccius
3372 5573 3656 5633 divinitatis,
3683 5563 3760 5625 rei.

2235 5649 2277 5700 si
2307 5647 2488 5700 melius
2511 5645 2613 5697 dici
2643 5654 2829 5712 potest,
2855 5644 3086 5706 deitatis,
3115 5653 3220 5698 etc.
