  <div class='ocr_page' id='page_1' title='image "/cluster/home/n/w/nwhite01/storage/ocr_20150623/121/hvd.32044015471642/352.png"; bbox 0 0 4000 6352; ppageno 0'>
   <div class='ocr_carea' id='block_1_1' title="bbox 231 293 354 356">
    <p class='ocr_par' dir='ltr' id='par_1_1' title="bbox 231 293 354 356">
     <span class='ocr_line' id='line_1_1' title="bbox 231 293 354 356; baseline 0 -4"><span class='ocrx_word' id='word_1_1' title='bbox 231 293 354 356; x_wconf 75' lang='lat'><strong>695</strong></span> 
     </span>
    </p>
   </div>
   <div class='ocr_carea' id='block_1_2' title="bbox 1420 283 2395 346">
    <p class='ocr_par' dir='ltr' id='par_1_2' title="bbox 1420 283 2395 346">
     <span class='ocr_line' id='line_1_2' title="bbox 1420 283 2395 346; baseline -0.007 1"><span class='ocrx_word' id='word_1_2' title='bbox 1420 289 1628 346; x_wconf 79' lang='lat' dir='ltr'><strong>LIBER</strong></span> <span class='ocrx_word' id='word_1_3' title='bbox 1661 283 2034 341; x_wconf 74' lang='lat' dir='ltr'><strong>ADVERSUS</strong></span> <span class='ocrx_word' id='word_1_4' title='bbox 2068 285 2395 343; x_wconf 69' lang='lat' dir='ltr'><strong>GRAECOS.</strong></span> 
     </span>
    </p>
   </div>
   <div class='ocr_carea' id='block_1_3' title="bbox 231 401 3530 481">
    <p class='ocr_par' dir='ltr' id='par_1_3' title="bbox 231 401 3530 481">
     <span class='ocr_line' id='line_1_3' title="bbox 231 401 3530 481; baseline -0.004 -11"><span class='ocrx_word' id='word_1_5' title='bbox 231 416 331 471; x_wconf 84' lang='lat' dir='ltr'><strong>nit</strong></span> <span class='ocrx_word' id='word_1_6' title='bbox 357 410 679 469; x_wconf 76' lang='lat' dir='ltr'><strong>manifeste?</strong></span> <span class='ocrx_word' id='word_1_7' title='bbox 703 410 781 465; x_wconf 77' lang='lat' dir='ltr'><strong>Ac</strong></span> <span class='ocrx_word' id='word_1_8' title='bbox 802 424 899 481; x_wconf 87' lang='lat' dir='ltr'><strong>per</strong></span> <span class='ocrx_word' id='word_1_9' title='bbox 922 409 1027 465; x_wconf 90' lang='lat' dir='ltr'><strong>hoc</strong></span> <span class='ocrx_word' id='word_1_10' title='bbox 1052 408 1107 463; x_wconf 94' lang='lat' dir='ltr'><strong>in</strong></span> <span class='ocrx_word' id='word_1_11' title='bbox 1131 407 1282 465; x_wconf 99' lang='lat' dir='ltr'><strong>unita</strong></span> <span class='ocrx_word' id='word_1_12' title='bbox 1314 415 1508 462; x_wconf 85' lang='lat' dir='ltr'><strong>natura</strong></span> <span class='ocrx_word' id='word_1_13' title='bbox 1537 402 1841 459; x_wconf 85' lang='lat' dir='ltr'><strong>divinitatis</strong></span> <span class='ocrx_word' id='word_1_14' title='bbox 1868 406 1913 459; x_wconf 75' lang='grc' dir='ltr'>Α</span> <span class='ocrx_word' id='word_1_15' title='bbox 1944 421 1974 455; x_wconf 88' lang='grc' dir='ltr'><em>α</em></span> <span class='ocrx_word' id='word_1_16' title='bbox 2010 401 2137 467; x_wconf 87' lang='lat' dir='ltr'><strong>Deo,</strong></span> <span class='ocrx_word' id='word_1_17' title='bbox 2169 414 2217 458; x_wconf 91' lang='lat' dir='ltr'><strong>et</strong></span> <span class='ocrx_word' id='word_1_18' title='bbox 2249 405 2427 459; x_wconf 75' lang='lat' dir='ltr'><strong>etluxit</strong></span> <span class='ocrx_word' id='word_1_19' title='bbox 2466 422 2554 459; x_wconf 90' lang='lat' dir='ltr'><strong>eos</strong></span> <span class='ocrx_word' id='word_1_20' title='bbox 2578 421 2596 460; x_wconf 92' lang='lat'><strong>:</strong></span> <span class='ocrx_word' id='word_1_21' title='bbox 2621 405 2697 460; x_wconf 87' lang='lat' dir='ltr'><strong>sic</strong></span> <span class='ocrx_word' id='word_1_22' title='bbox 2733 404 2963 460; x_wconf 70' lang='lat' dir='ltr'><strong>eduxisti</strong></span> <span class='ocrx_word' id='word_1_23' title='bbox 2984 403 3234 475; x_wconf 81' lang='lat' dir='ltr'><strong>populum</strong></span> <span class='ocrx_word' id='word_1_24' title='bbox 3265 413 3417 458; x_wconf 88' lang='lat' dir='ltr'><strong>tuum</strong></span> <span class='ocrx_word' id='word_1_25' title='bbox 3443 406 3530 473; x_wconf 80' lang='lat' dir='ltr'><strong>fa-</strong></span> 
     </span>
    </p>
   </div>
   <div class='ocr_carea' id='block_1_4' title="bbox 232 496 1841 573">
    <p class='ocr_par' dir='ltr' id='par_1_4' title="bbox 232 496 1841 573">
     <span class='ocr_line' id='line_1_4' title="bbox 232 496 1841 573; baseline -0.007 -13"><span class='ocrx_word' id='word_1_26' title='bbox 232 520 419 561; x_wconf 81' lang='lat' dir='ltr'><strong>ustum</strong></span> <span class='ocrx_word' id='word_1_27' title='bbox 449 519 644 559; x_wconf 87' lang='lat' dir='ltr'><strong>nomen</strong></span> <span class='ocrx_word' id='word_1_28' title='bbox 672 512 756 557; x_wconf 89' lang='lat' dir='ltr'><strong>est</strong></span> <span class='ocrx_word' id='word_1_29' title='bbox 787 500 1215 573; x_wconf 80' lang='lat' dir='ltr'><strong>comprobatum,</strong></span> <span class='ocrx_word' id='word_1_30' title='bbox 1258 500 1401 556; x_wconf 94' lang='lat' dir='ltr'><strong>sicut</strong></span> <span class='ocrx_word' id='word_1_31' title='bbox 1426 499 1545 569; x_wconf 85' lang='lat' dir='ltr'><strong>ipse</strong></span> <span class='ocrx_word' id='word_1_32' title='bbox 1581 496 1747 551; x_wconf 84' lang='lat' dir='ltr'><strong>Pater</strong></span> <span class='ocrx_word' id='word_1_33' title='bbox 1772 497 1841 550; x_wconf 86' lang='lat' dir='ltr'><strong>ad</strong></span> 
     </span>
    </p>
   </div>
   <div class='ocr_carea' id='block_1_5' title="bbox 233 587 1843 667">
    <p class='ocr_par' dir='ltr' id='par_1_5' title="bbox 233 587 1843 667">
     <span class='ocr_line' id='line_1_5' title="bbox 233 587 1843 667; baseline -0.006 -17"><span class='ocrx_word' id='word_1_34' title='bbox 233 593 616 667; x_wconf 72' lang='lat' dir='ltr'><strong>legislaturem</strong></span> <span class='ocrx_word' id='word_1_35' title='bbox 663 592 882 664; x_wconf 80' lang='lat' dir='ltr'><strong>Moysen</strong></span> <span class='ocrx_word' id='word_1_36' title='bbox 937 599 1167 645; x_wconf 78' lang='lat' dir='ltr'><strong>testatus</strong></span> <span class='ocrx_word' id='word_1_37' title='bbox 1212 598 1318 654; x_wconf 87' lang='lat' dir='ltr'><strong>est,</strong></span> <span class='ocrx_word' id='word_1_38' title='bbox 1361 589 1546 645; x_wconf 87' lang='lat' dir='ltr'><strong>dicens</strong></span> <span class='ocrx_word' id='word_1_39' title='bbox 1573 606 1590 640; x_wconf 88' lang='lat'><strong>:</strong></span> <span class='ocrx_word' id='word_1_40' title='bbox 1619 587 1843 641; x_wconf 81' lang='lat' dir='ltr'><strong>Attende</strong></span> 
     </span>
    </p>
   </div>
   <div class='ocr_carea' id='block_1_6' title="bbox 232 678 1842 756">
    <p class='ocr_par' dir='ltr' id='par_1_6' title="bbox 232 678 1842 756">
     <span class='ocr_line' id='line_1_6' title="bbox 232 678 1842 756; baseline -0.007 -15"><span class='ocrx_word' id='word_1_41' title='bbox 232 687 354 754; x_wconf 91' lang='lat' dir='ltr'><strong>illi,</strong></span> <span class='ocrx_word' id='word_1_42' title='bbox 394 696 446 742; x_wconf 87' lang='lat' dir='ltr'><strong>et</strong></span> <span class='ocrx_word' id='word_1_43' title='bbox 475 702 538 741; x_wconf 89' lang='lat' dir='ltr'><strong>ne</strong></span> <span class='ocrx_word' id='word_1_44' title='bbox 560 684 727 756; x_wconf 77' lang='lat' dir='ltr'><strong>fueris</strong></span> <span class='ocrx_word' id='word_1_45' title='bbox 774 682 1327 738; x_wconf 74' lang='lat' dir='ltr'><strong>inobediensmomen</strong></span> <span class='ocrx_word' id='word_1_46' title='bbox 1371 681 1510 735; x_wconf 88' lang='lat' dir='ltr'><strong>enim</strong></span> <span class='ocrx_word' id='word_1_47' title='bbox 1558 694 1735 733; x_wconf 86' lang='lat' dir='ltr'><strong>meum</strong></span> <span class='ocrx_word' id='word_1_48' title='bbox 1786 678 1842 731; x_wconf 86' lang='lat' dir='ltr'><strong>in</strong></span> 
     </span>
    </p>
   </div>
   <div class='ocr_carea' id='block_1_7' title="bbox 231 770 1840 849">
    <p class='ocr_par' dir='ltr' id='par_1_7' title="bbox 231 770 1840 849">
     <span class='ocr_line' id='line_1_7' title="bbox 231 770 1840 849; baseline -0.006 -16"><span class='ocrx_word' id='word_1_49' title='bbox 231 778 437 835; x_wconf 83' lang='lat' dir='ltr'><strong>illoest</strong></span> <span class='ocrx_word' id='word_1_50' title='bbox 482 777 682 849; x_wconf 76' lang='lat' dir='ltr'><strong>(Exod.</strong></span> <span class='ocrx_word' id='word_1_51' title='bbox 713 792 871 839; x_wconf 82' lang='lat' dir='ltr'><strong>xxm,</strong></span> <span class='ocrx_word' id='word_1_52' title='bbox 902 775 1011 846; x_wconf 83' lang='lat'><strong>19).</strong></span> <span class='ocrx_word' id='word_1_53' title='bbox 1061 773 1142 828; x_wconf 82' lang='lat' dir='ltr'><strong>Ad</strong></span> <span class='ocrx_word' id='word_1_54' title='bbox 1174 775 1289 829; x_wconf 60' lang='lat' dir='ltr'><strong>haec</strong></span> <span class='ocrx_word' id='word_1_55' title='bbox 1320 771 1630 844; x_wconf 80' lang='lat' dir='ltr'><strong>patriarcha</strong></span> <span class='ocrx_word' id='word_1_56' title='bbox 1667 770 1840 825; x_wconf 81' lang='lat' dir='ltr'><strong>David</strong></span> 
     </span>
    </p>
   </div>
   <div class='ocr_carea' id='block_1_8' title="bbox 232 860 1835 937">
    <p class='ocr_par' dir='ltr' id='par_1_8' title="bbox 232 860 1835 937">
     <span class='ocr_line' id='line_1_8' title="bbox 232 860 1835 937; baseline -0.006 -11"><span class='ocrx_word' id='word_1_57' title='bbox 232 871 327 927; x_wconf 77' lang='lat' dir='ltr'><strong>sic</strong></span> <span class='ocrx_word' id='word_1_58' title='bbox 353 871 431 926; x_wconf 85' lang='lat' dir='ltr'><strong>ait</strong></span> <span class='ocrx_word' id='word_1_59' title='bbox 455 887 469 926; x_wconf 90' lang='lat'><strong>:</strong></span> <span class='ocrx_word' id='word_1_60' title='bbox 498 868 811 925; x_wconf 85' lang='lat' dir='ltr'><strong>Benedictus</strong></span> <span class='ocrx_word' id='word_1_61' title='bbox 840 868 930 937; x_wconf 91' lang='lat' dir='ltr'><strong>qui</strong></span> <span class='ocrx_word' id='word_1_62' title='bbox 952 867 1086 921; x_wconf 89' lang='lat' dir='ltr'><strong>venit</strong></span> <span class='ocrx_word' id='word_1_63' title='bbox 1109 866 1172 919; x_wconf 78' lang='lat' dir='ltr'><strong>in</strong></span> <span class='ocrx_word' id='word_1_64' title='bbox 1187 866 1396 920; x_wconf 78' lang='lat' dir='ltr'><strong>nomine</strong></span> <span class='ocrx_word' id='word_1_65' title='bbox 1423 863 1636 918; x_wconf 87' lang='lat' dir='ltr'><strong>Domini</strong></span> <span class='ocrx_word' id='word_1_66' title='bbox 1657 860 1835 934; x_wconf 84' lang='lat' dir='ltr'><strong>(Psal.</strong></span> 
     </span>
    </p>
   </div>
   <div class='ocr_carea' id='block_1_9' title="bbox 234 952 1837 1037">
    <p class='ocr_par' dir='ltr' id='par_1_9' title="bbox 234 952 1837 1037">
     <span class='ocr_line' id='line_1_9' title="bbox 234 952 1837 1037; baseline -0.006 -18"><span class='ocrx_word' id='word_1_67' title='bbox 234 962 439 1037; x_wconf 80' lang='lat' dir='ltr'><strong>cxvu).</strong></span> <span class='ocrx_word' id='word_1_68' title='bbox 471 960 607 1017; x_wconf 87' lang='lat' dir='ltr'><strong>Nam</strong></span> <span class='ocrx_word' id='word_1_69' title='bbox 642 968 699 1016; x_wconf 90' lang='lat' dir='ltr'><strong>et</strong></span> <span class='ocrx_word' id='word_1_70' title='bbox 725 959 771 1016; x_wconf 89' lang='lat' dir='ltr'><strong>si</strong></span> <span class='ocrx_word' id='word_1_71' title='bbox 803 959 1037 1030; x_wconf 74' lang='lat' dir='ltr'><strong>Spiritus</strong></span> <span class='ocrx_word' id='word_1_72' title='bbox 1063 957 1359 1029; x_wconf 88' lang='lat' dir='ltr'><strong>paraclitus</strong></span> <span class='ocrx_word' id='word_1_73' title='bbox 1387 957 1441 1011; x_wconf 93' lang='lat' dir='ltr'><strong>in</strong></span> <span class='ocrx_word' id='word_1_74' title='bbox 1468 955 1688 1010; x_wconf 84' lang='lat' dir='ltr'><strong>nomine</strong></span> <span class='ocrx_word' id='word_1_75' title='bbox 1714 952 1837 1010; x_wconf 87' lang='lat' dir='ltr'><strong>Filii</strong></span> 
     </span>
    </p>
   </div>
   <div class='ocr_carea' id='block_1_10' title="bbox 235 1044 1840 1122">
    <p class='ocr_par' dir='ltr' id='par_1_10' title="bbox 235 1044 1840 1122">
     <span class='ocr_line' id='line_1_10' title="bbox 235 1044 1840 1122; baseline -0.007 -14"><span class='ocrx_word' id='word_1_76' title='bbox 235 1051 418 1119; x_wconf 78' lang='lat' dir='ltr'><strong>venit,</strong></span> <span class='ocrx_word' id='word_1_77' title='bbox 459 1059 521 1108; x_wconf 87' lang='lat' dir='ltr'><strong>ut</strong></span> <span class='ocrx_word' id='word_1_78' title='bbox 565 1051 681 1122; x_wconf 86' lang='lat' dir='ltr'><strong>ipse</strong></span> <span class='ocrx_word' id='word_1_79' title='bbox 725 1049 893 1107; x_wconf 88' lang='lat' dir='ltr'><strong>dicit:</strong></span> <span class='ocrx_word' id='word_1_80' title='bbox 927 1047 1094 1113; x_wconf 86' lang='lat' dir='ltr'><strong>Quem</strong></span> <span class='ocrx_word' id='word_1_81' title='bbox 1142 1047 1307 1101; x_wconf 86' lang='lat' dir='ltr'><strong>mittet</strong></span> <span class='ocrx_word' id='word_1_82' title='bbox 1344 1044 1509 1100; x_wconf 90' lang='lat' dir='ltr'><strong>Pater</strong></span> <span class='ocrx_word' id='word_1_83' title='bbox 1536 1046 1592 1100; x_wconf 90' lang='lat' dir='ltr'><strong>in</strong></span> <span class='ocrx_word' id='word_1_84' title='bbox 1629 1045 1840 1098; x_wconf 82' lang='lat' dir='ltr'><strong>nomine</strong></span> 
     </span>
    </p>
   </div>
   <div class='ocr_carea' id='block_1_11' title="bbox 235 1135 1839 1214">
    <p class='ocr_par' dir='ltr' id='par_1_11' title="bbox 235 1135 1839 1214">
     <span class='ocr_line' id='line_1_11' title="bbox 235 1135 1839 1214; baseline -0.005 -18"><span class='ocrx_word' id='word_1_85' title='bbox 235 1158 386 1210; x_wconf 83' lang='lat' dir='ltr'><strong>meo,</strong></span> <span class='ocrx_word' id='word_1_86' title='bbox 410 1142 652 1214; x_wconf 89' lang='lat' dir='ltr'><strong>nunquid</strong></span> <span class='ocrx_word' id='word_1_87' title='bbox 674 1150 731 1197; x_wconf 89' lang='lat' dir='ltr'><strong>et</strong></span> <span class='ocrx_word' id='word_1_88' title='bbox 755 1142 871 1211; x_wconf 89' lang='lat' dir='ltr'><strong>ipse</strong></span> <span class='ocrx_word' id='word_1_89' title='bbox 896 1139 1068 1197; x_wconf 87' lang='lat' dir='ltr'><strong>Filius</strong></span> <span class='ocrx_word' id='word_1_90' title='bbox 1094 1148 1179 1196; x_wconf 91' lang='lat' dir='ltr'><strong>est</strong></span> <span class='ocrx_word' id='word_1_91' title='bbox 1207 1139 1403 1203; x_wconf 77' lang='lat' dir='ltr'><strong>dictus,</strong></span> <span class='ocrx_word' id='word_1_92' title='bbox 1420 1144 1557 1205; x_wconf 78' lang='lat' dir='ltr'><strong>cum</strong></span> <span class='ocrx_word' id='word_1_93' title='bbox 1586 1136 1705 1192; x_wconf 88' lang='lat' dir='ltr'><strong>sine</strong></span> <span class='ocrx_word' id='word_1_94' title='bbox 1737 1135 1839 1189; x_wconf 89' lang='lat' dir='ltr'><strong>du-</strong></span> 
     </span>
    </p>
   </div>
   <div class='ocr_carea' id='block_1_12' title="bbox 234 1227 1838 1300">
    <p class='ocr_par' dir='ltr' id='par_1_12' title="bbox 234 1227 1838 1300">
     <span class='ocr_line' id='line_1_12' title="bbox 234 1227 1838 1300; baseline -0.004 -12"><span class='ocrx_word' id='word_1_95' title='bbox 234 1232 338 1288; x_wconf 77' lang='lat' dir='ltr'><strong>bio</strong></span> <span class='ocrx_word' id='word_1_96' title='bbox 364 1247 563 1289; x_wconf 86' lang='lat' dir='ltr'><strong>nomen</strong></span> <span class='ocrx_word' id='word_1_97' title='bbox 588 1231 712 1287; x_wconf 86' lang='lat' dir='ltr'><strong>Filii</strong></span> <span class='ocrx_word' id='word_1_98' title='bbox 742 1232 886 1288; x_wconf 85' lang='lat' dir='ltr'><strong>Deus</strong></span> <span class='ocrx_word' id='word_1_99' title='bbox 913 1231 987 1286; x_wconf 89' lang='lat' dir='ltr'><strong>sit</strong></span> <span class='ocrx_word' id='word_1_100' title='bbox 1007 1231 1063 1286; x_wconf 90' lang='lat' dir='ltr'><strong>in</strong></span> <span class='ocrx_word' id='word_1_101' title='bbox 1093 1245 1198 1286; x_wconf 85' lang='lat' dir='ltr'><strong>una</strong></span> <span class='ocrx_word' id='word_1_102' title='bbox 1237 1229 1443 1300; x_wconf 85' lang='lat' dir='ltr'><strong>pariter</strong></span> <span class='ocrx_word' id='word_1_103' title='bbox 1472 1236 1665 1283; x_wconf 89' lang='lat' dir='ltr'><strong>natura</strong></span> <span class='ocrx_word' id='word_1_104' title='bbox 1697 1227 1838 1282; x_wconf 82' lang='lat' dir='ltr'><strong>divi-</strong></span> 
     </span>
    </p>
   </div>
   <div class='ocr_carea' id='block_1_13' title="bbox 231 1323 1833 1399">
    <p class='ocr_par' dir='ltr' id='par_1_13' title="bbox 231 1323 1833 1399">
     <span class='ocr_line' id='line_1_13' title="bbox 231 1323 1833 1399; baseline -0.004 -14"><span class='ocrx_word' id='word_1_105' title='bbox 231 1327 472 1385; x_wconf 78' lang='lat' dir='ltr'><strong>nitatis?</strong></span> <span class='ocrx_word' id='word_1_106' title='bbox 490 1327 549 1382; x_wconf 88' lang='lat' dir='ltr'><strong>In</strong></span> <span class='ocrx_word' id='word_1_107' title='bbox 576 1327 680 1383; x_wconf 84' lang='lat' dir='ltr'><strong>hoc</strong></span> <span class='ocrx_word' id='word_1_108' title='bbox 711 1341 841 1399; x_wconf 78' lang='lat' dir='ltr'><strong>ergo</strong></span> <span class='ocrx_word' id='word_1_109' title='bbox 866 1326 1082 1382; x_wconf 86' lang='lat' dir='ltr'><strong>nomine</strong></span> <span class='ocrx_word' id='word_1_110' title='bbox 1107 1325 1387 1381; x_wconf 70' lang='lat' dir='ltr'><strong>evidenter</strong></span> <span class='ocrx_word' id='word_1_111' title='bbox 1414 1323 1833 1396; x_wconf 73' lang='lat' dir='ltr'><strong>paraclitusve-</strong></span> 
     </span>
    </p>
   </div>
   <div class='ocr_carea' id='block_1_14' title="bbox 231 1416 1837 1490">
    <p class='ocr_par' dir='ltr' id='par_1_14' title="bbox 231 1416 1837 1490">
     <span class='ocr_line' id='line_1_14' title="bbox 231 1416 1837 1490; baseline -0.002 -18"><span class='ocrx_word' id='word_1_112' title='bbox 231 1418 347 1473; x_wconf 78' lang='lat' dir='ltr'><strong>nit.</strong></span> <span class='ocrx_word' id='word_1_113' title='bbox 392 1417 518 1475; x_wconf 78' lang='lat' dir='ltr'><strong>ideo</strong></span> <span class='ocrx_word' id='word_1_114' title='bbox 544 1433 644 1490; x_wconf 92' lang='lat' dir='ltr'><strong>per</strong></span> <span class='ocrx_word' id='word_1_115' title='bbox 674 1416 913 1490; x_wconf 81' lang='lat' dir='ltr'><strong>singulas</strong></span> <span class='ocrx_word' id='word_1_116' title='bbox 948 1431 1211 1488; x_wconf 84' lang='lat' dir='ltr'><strong>personas</strong></span> <span class='ocrx_word' id='word_1_117' title='bbox 1242 1416 1556 1473; x_wconf 72' lang='lat' dir='ltr'><strong>secundum</strong></span> <span class='ocrx_word' id='word_1_118' title='bbox 1580 1416 1837 1470; x_wconf 82' lang='lat' dir='ltr'><strong>substan-</strong></span> 
     </span>
    </p>
   </div>
   <div class='ocr_carea' id='block_1_15' title="bbox 236 1510 1838 1569">
    <p class='ocr_par' dir='ltr' id='par_1_15' title="bbox 236 1510 1838 1569">
     <span class='ocr_line' id='line_1_15' title="bbox 236 1510 1838 1569; baseline -0.002 -1"><span class='ocrx_word' id='word_1_119' title='bbox 236 1513 377 1568; x_wconf 77' lang='lat' dir='ltr'><strong>tiam</strong></span> <span class='ocrx_word' id='word_1_120' title='bbox 429 1521 640 1569; x_wconf 71' lang='lat' dir='ltr'><strong>naturae</strong></span> <span class='ocrx_word' id='word_1_121' title='bbox 679 1512 965 1569; x_wconf 82' lang='lat' dir='ltr'><strong>Trinitatis</strong></span> <span class='ocrx_word' id='word_1_122' title='bbox 1002 1513 1213 1569; x_wconf 90' lang='lat' dir='ltr'><strong>unitum</strong></span> <span class='ocrx_word' id='word_1_123' title='bbox 1265 1527 1461 1568; x_wconf 89' lang='lat' dir='ltr'><strong>nomen</strong></span> <span class='ocrx_word' id='word_1_124' title='bbox 1501 1520 1591 1567; x_wconf 87' lang='lat' dir='ltr'><strong>est</strong></span> <span class='ocrx_word' id='word_1_125' title='bbox 1616 1511 1710 1566; x_wconf 83' lang='lat' dir='ltr'><strong>tibi</strong></span> <span class='ocrx_word' id='word_1_126' title='bbox 1742 1510 1838 1565; x_wconf 82' lang='lat' dir='ltr'><strong>de-</strong></span> 
     </span>
    </p>
   </div>
   <div class='ocr_carea' id='block_1_16' title="bbox 234 1601 1828 1675">
    <p class='ocr_par' dir='ltr' id='par_1_16' title="bbox 234 1601 1828 1675">
     <span class='ocr_line' id='line_1_16' title="bbox 234 1601 1828 1675; baseline 0 -19"><span class='ocrx_word' id='word_1_127' title='bbox 234 1601 532 1657; x_wconf 82' lang='lat' dir='ltr'><strong>claratum.</strong></span> <span class='ocrx_word' id='word_1_128' title='bbox 590 1602 757 1659; x_wconf 76' lang='lat' dir='ltr'><strong>Isaias</strong></span> <span class='ocrx_word' id='word_1_129' title='bbox 818 1613 1040 1660; x_wconf 89' lang='lat' dir='ltr'><strong>sanctus</strong></span> <span class='ocrx_word' id='word_1_130' title='bbox 1102 1605 1218 1659; x_wconf 66' lang='lat' dir='ltr'><strong>haec</strong></span> <span class='ocrx_word' id='word_1_131' title='bbox 1279 1603 1595 1675; x_wconf 87' lang='lat' dir='ltr'><strong>approbans—</strong></span> <span class='ocrx_word' id='word_1_132' title='bbox 1647 1603 1828 1658; x_wconf 76' lang='lat' dir='ltr'><strong>dixit:</strong></span> 
     </span>
    </p>
   </div>
   <div class='ocr_carea' id='block_1_17' title="bbox 235 1689 1841 1763">
    <p class='ocr_par' dir='ltr' id='par_1_17' title="bbox 235 1689 1841 1763">
     <span class='ocr_line' id='line_1_17' title="bbox 235 1689 1841 1763; baseline 0.001 -18"><span class='ocrx_word' id='word_1_133' title='bbox 235 1689 522 1746; x_wconf 79' lang='lat' dir='ltr'><strong>Descendit</strong></span> <span class='ocrx_word' id='word_1_134' title='bbox 552 1691 783 1763; x_wconf 76' lang='lat' dir='ltr'><strong>Spiritus</strong></span> <span class='ocrx_word' id='word_1_135' title='bbox 813 1712 848 1748; x_wconf 93' lang='lat' dir='ltr'><strong>a</strong></span> <span class='ocrx_word' id='word_1_136' title='bbox 881 1693 1012 1761; x_wconf 89' lang='lat' dir='ltr'><strong>Deo,</strong></span> <span class='ocrx_word' id='word_1_137' title='bbox 1054 1703 1102 1749; x_wconf 91' lang='lat' dir='ltr'><strong>et</strong></span> <span class='ocrx_word' id='word_1_138' title='bbox 1136 1694 1316 1749; x_wconf 71' lang='lat' dir='ltr'><strong>eduxit</strong></span> <span class='ocrx_word' id='word_1_139' title='bbox 1345 1711 1466 1759; x_wconf 88' lang='lat' dir='ltr'><strong>eos;</strong></span> <span class='ocrx_word' id='word_1_140' title='bbox 1495 1695 1577 1748; x_wconf 87' lang='lat' dir='ltr'><strong>sic-</strong></span> <span class='ocrx_word' id='word_1_141' title='bbox 1600 1692 1841 1749; x_wconf 70' lang='lat' dir='ltr'><strong>edumisti</strong></span> 
     </span>
    </p>
   </div>
   <div class='ocr_carea' id='block_1_18' title="bbox 230 1783 1837 1859">
    <p class='ocr_par' dir='ltr' id='par_1_18' title="bbox 230 1783 1837 1859">
     <span class='ocr_line' id='line_1_18' title="bbox 230 1783 1837 1859; baseline 0.004 -23"><span class='ocrx_word' id='word_1_142' title='bbox 230 1783 493 1854; x_wconf 81' lang='lat' dir='ltr'><strong>populum</strong></span> <span class='ocrx_word' id='word_1_143' title='bbox 529 1795 678 1840; x_wconf 84' lang='lat' dir='ltr'><strong>tuum</strong></span> <span class='ocrx_word' id='word_1_144' title='bbox 705 1786 881 1855; x_wconf 79' lang='lat' dir='ltr'><strong>facere</strong></span> <span class='ocrx_word' id='word_1_145' title='bbox 914 1787 1009 1841; x_wconf 90' lang='lat' dir='ltr'><strong>tibi</strong></span> <span class='ocrx_word' id='word_1_146' title='bbox 1031 1803 1220 1843; x_wconf 82' lang='lat' dir='ltr'><strong>nomen</strong></span> <span class='ocrx_word' id='word_1_147' title='bbox 1259 1786 1444 1859; x_wconf 68' lang='lat' dir='ltr'><strong>gloria:</strong></span> <span class='ocrx_word' id='word_1_148' title='bbox 1485 1786 1619 1859; x_wconf 84' lang='lat' dir='ltr'><strong>(Isa.</strong></span> <span class='ocrx_word' id='word_1_149' title='bbox 1646 1787 1837 1850; x_wconf 62' lang='grc' dir='ltr'><strong>μιῇ).-</strong></span> 
     </span>
    </p>
   </div>
   <div class='ocr_carea' id='block_1_19' title="bbox 233 1873 1828 1953">
    <p class='ocr_par' dir='ltr' id='par_1_19' title="bbox 233 1873 1828 1953">
     <span class='ocr_line' id='line_1_19' title="bbox 233 1873 1828 1953; baseline 0.005 -24"><span class='ocrx_word' id='word_1_150' title='bbox 233 1873 351 1929; x_wconf 85' lang='lat' dir='ltr'><strong>Sed</strong></span> <span class='ocrx_word' id='word_1_151' title='bbox 387 1883 444 1931; x_wconf 88' lang='lat' dir='ltr'><strong>et</strong></span> <span class='ocrx_word' id='word_1_152' title='bbox 477 1876 590 1946; x_wconf 86' lang='lat' dir='ltr'><strong>ipse</strong></span> <span class='ocrx_word' id='word_1_153' title='bbox 631 1876 774 1932; x_wconf 77' lang='lat' dir='ltr'><strong>idem</strong></span> <span class='ocrx_word' id='word_1_154' title='bbox 804 1878 1048 1936; x_wconf 86' lang='lat' dir='ltr'><strong>indicat:</strong></span> <span class='ocrx_word' id='word_1_155' title='bbox 1080 1879 1150 1935; x_wconf 87' lang='lat' dir='ltr'><strong>Et</strong></span> <span class='ocrx_word' id='word_1_156' title='bbox 1186 1880 1524 1937; x_wconf 75' lang='lat' dir='ltr'><strong>irritaverant</strong></span> <span class='ocrx_word' id='word_1_157' title='bbox 1567 1880 1828 1953; x_wconf 81' lang='lat' dir='ltr'><strong>Spiritum</strong></span> 
     </span>
    </p>
   </div>
   <div class='ocr_carea' id='block_1_20' title="bbox 234 1970 1829 2034">
    <p class='ocr_par' dir='ltr' id='par_1_20' title="bbox 234 1970 1829 2034">
     <span class='ocr_line' id='line_1_20' title="bbox 234 1970 1829 2034; baseline 0.007 -17"><span class='ocrx_word' id='word_1_158' title='bbox 234 1974 507 2031; x_wconf 77' lang='lat' dir='ltr'><strong>sanctum,</strong></span> <span class='ocrx_word' id='word_1_159' title='bbox 544 1976 592 2021; x_wconf 86' lang='lat' dir='ltr'><strong>et</strong></span> <span class='ocrx_word' id='word_1_160' title='bbox 620 1983 899 2022; x_wconf 81' lang='lat' dir='ltr'><strong>conversus</strong></span> <span class='ocrx_word' id='word_1_161' title='bbox 923 1980 1001 2025; x_wconf 86' lang='lat' dir='ltr'><strong>est</strong></span> <span class='ocrx_word' id='word_1_162' title='bbox 1027 1970 1134 2025; x_wconf 83' lang='lat' dir='ltr'><strong>illis</strong></span> <span class='ocrx_word' id='word_1_163' title='bbox 1160 1972 1231 2025; x_wconf 91' lang='lat' dir='ltr'><strong>ad</strong></span> <span class='ocrx_word' id='word_1_164' title='bbox 1252 1972 1606 2034; x_wconf 85' lang='lat' dir='ltr'><strong>inimicitiam,</strong></span> <span class='ocrx_word' id='word_1_165' title='bbox 1644 1972 1829 2027; x_wconf 89' lang='lat' dir='ltr'><strong>Domi-</strong></span> 
     </span>
    </p>
   </div>
   <div class='ocr_carea' id='block_1_21' title="bbox 236 2055 1825 2127">
    <p class='ocr_par' dir='ltr' id='par_1_21' title="bbox 236 2055 1825 2127">
     <span class='ocr_line' id='line_1_21' title="bbox 236 2055 1825 2127; baseline 0.008 -20"><span class='ocrx_word' id='word_1_166' title='bbox 236 2071 341 2108; x_wconf 85' lang='lat' dir='ltr'><strong>nus</strong></span> <span class='ocrx_word' id='word_1_167' title='bbox 384 2055 494 2125; x_wconf 89' lang='lat' dir='ltr'><strong>ipse</strong></span> <span class='ocrx_word' id='word_1_168' title='bbox 528 2058 841 2127; x_wconf 75' lang='lat' dir='ltr'><strong>expugnavit</strong></span> <span class='ocrx_word' id='word_1_169' title='bbox 874 2076 986 2125; x_wconf 86' lang='lat' dir='ltr'><strong>eos,</strong></span> <span class='ocrx_word' id='word_1_170' title='bbox 1015 2069 1063 2114; x_wconf 88' lang='lat' dir='ltr'><strong>et</strong></span> <span class='ocrx_word' id='word_1_171' title='bbox 1093 2073 1466 2118; x_wconf 86' lang='lat' dir='ltr'><strong>rememoratus</strong></span> <span class='ocrx_word' id='word_1_172' title='bbox 1506 2073 1581 2118; x_wconf 86' lang='lat' dir='ltr'><strong>est</strong></span> <span class='ocrx_word' id='word_1_173' title='bbox 1619 2065 1825 2119; x_wconf 83' lang='lat' dir='ltr'><strong>dierum</strong></span> 
     </span>
    </p>
   </div>
   <div class='ocr_carea' id='block_1_22' title="bbox 233 2149 1821 2225">
    <p class='ocr_par' dir='ltr' id='par_1_22' title="bbox 233 2149 1821 2225">
     <span class='ocr_line' id='line_1_22' title="bbox 233 2149 1821 2225; baseline 0.008 -26"><span class='ocrx_word' id='word_1_174' title='bbox 233 2155 555 2201; x_wconf 79' lang='lat' dir='ltr'><strong>teternorum</strong></span> <span class='ocrx_word' id='word_1_175' title='bbox 578 2187 595 2212; x_wconf 92' lang='lat'><strong>,</strong></span> <span class='ocrx_word' id='word_1_176' title='bbox 649 2149 740 2218; x_wconf 89' lang='lat' dir='ltr'><strong>qui</strong></span> <span class='ocrx_word' id='word_1_177' title='bbox 788 2150 969 2205; x_wconf 68' lang='lat' dir='ltr'><strong>eduxit</strong></span> <span class='ocrx_word' id='word_1_178' title='bbox 1020 2151 1085 2206; x_wconf 89' lang='lat' dir='ltr'><strong>de</strong></span> <span class='ocrx_word' id='word_1_179' title='bbox 1129 2163 1270 2208; x_wconf 84' lang='lat' dir='ltr'><strong>terra</strong></span> <span class='ocrx_word' id='word_1_180' title='bbox 1319 2166 1583 2225; x_wconf 87' lang='lat' dir='ltr'><strong>pastorem</strong></span> <span class='ocrx_word' id='word_1_181' title='bbox 1630 2156 1821 2212; x_wconf 85' lang='lat' dir='ltr'><strong>ovium.</strong></span> 
     </span>
    </p>
   </div>
   <div class='ocr_carea' id='block_1_23' title="bbox 232 2233 1825 2317">
    <p class='ocr_par' dir='ltr' id='par_1_23' title="bbox 232 2233 1825 2317">
     <span class='ocr_line' id='line_1_23' title="bbox 232 2233 1825 2317; baseline 0.008 -28"><span class='ocrx_word' id='word_1_182' title='bbox 232 2233 645 2304; x_wconf 76' lang='lat' dir='ltr'><strong>Etsubjunxit:</strong></span> <span class='ocrx_word' id='word_1_183' title='bbox 678 2236 777 2293; x_wconf 85' lang='lat' dir='ltr'><strong>Ubi</strong></span> <span class='ocrx_word' id='word_1_184' title='bbox 828 2249 902 2295; x_wconf 88' lang='lat' dir='ltr'><strong>est</strong></span> <span class='ocrx_word' id='word_1_185' title='bbox 952 2243 1041 2311; x_wconf 87' lang='lat' dir='ltr'><strong>qui</strong></span> <span class='ocrx_word' id='word_1_186' title='bbox 1093 2244 1369 2314; x_wconf 80' lang='lat' dir='ltr'><strong>posuit.in</strong></span> <span class='ocrx_word' id='word_1_187' title='bbox 1412 2245 1520 2300; x_wconf 90' lang='lat' dir='ltr'><strong>illis</strong></span> <span class='ocrx_word' id='word_1_188' title='bbox 1568 2244 1825 2317; x_wconf 86' lang='lat' dir='ltr'><strong>Spiritum</strong></span> 
     </span>
    </p>
   </div>
   <div class='ocr_carea' id='block_1_24' title="bbox 230 2329 1827 2401">
    <p class='ocr_par' dir='ltr' id='par_1_24' title="bbox 230 2329 1827 2401">
     <span class='ocr_line' id='line_1_24' title="bbox 230 2329 1827 2401; baseline 0.007 -18"><span class='ocrx_word' id='word_1_189' title='bbox 230 2330 435 2384; x_wconf 80' lang='lat' dir='ltr'><strong>suum?</strong></span> <span class='ocrx_word' id='word_1_190' title='bbox 464 2329 622 2386; x_wconf 79' lang='lat' dir='ltr'><strong>Vides</strong></span> <span class='ocrx_word' id='word_1_191' title='bbox 651 2346 782 2401; x_wconf 81' lang='lat' dir='ltr'><strong>ergo</strong></span> <span class='ocrx_word' id='word_1_192' title='bbox 825 2333 891 2388; x_wconf 89' lang='lat' dir='ltr'><strong>de</strong></span> <span class='ocrx_word' id='word_1_193' title='bbox 919 2334 1071 2390; x_wconf 90' lang='lat' dir='ltr'><strong>unito</strong></span> <span class='ocrx_word' id='word_1_194' title='bbox 1112 2345 1322 2392; x_wconf 63' lang='lat' dir='ltr'><strong>natura:</strong></span> <span class='ocrx_word' id='word_1_195' title='bbox 1359 2337 1576 2394; x_wconf 82' lang='lat' dir='ltr'><strong>deitatis</strong></span> <span class='ocrx_word' id='word_1_196' title='bbox 1606 2338 1827 2394; x_wconf 88' lang='lat' dir='ltr'><strong>nomine</strong></span> 
     </span>
    </p>
   </div>
   <div class='ocr_carea' id='block_1_25' title="bbox 232 2418 1821 2500">
    <p class='ocr_par' dir='ltr' id='par_1_25' title="bbox 232 2418 1821 2500">
     <span class='ocr_line' id='line_1_25' title="bbox 232 2418 1821 2500; baseline 0.01 -29"><span class='ocrx_word' id='word_1_197' title='bbox 232 2418 468 2490; x_wconf 71' lang='lat' dir='ltr'><strong>gloriam</strong></span> <span class='ocrx_word' id='word_1_198' title='bbox 495 2420 673 2478; x_wconf 87' lang='lat' dir='ltr'><strong>Patris</strong></span> <span class='ocrx_word' id='word_1_199' title='bbox 699 2431 753 2478; x_wconf 92' lang='lat' dir='ltr'><strong>et</strong></span> <span class='ocrx_word' id='word_1_200' title='bbox 785 2422 901 2479; x_wconf 87' lang='lat' dir='ltr'><strong>Filii</strong></span> <span class='ocrx_word' id='word_1_201' title='bbox 926 2440 1045 2481; x_wconf 87' lang='lat' dir='ltr'><strong>esse</strong></span> <span class='ocrx_word' id='word_1_202' title='bbox 1071 2426 1215 2483; x_wconf 89' lang='lat' dir='ltr'><strong>hunc</strong></span> <span class='ocrx_word' id='word_1_203' title='bbox 1246 2428 1528 2484; x_wconf 85' lang='lat' dir='ltr'><strong>Dominum</strong></span> <span class='ocrx_word' id='word_1_204' title='bbox 1562 2428 1821 2500; x_wconf 87' lang='lat' dir='ltr'><strong>Spiritum</strong></span> 
     </span>
    </p>
   </div>
   <div class='ocr_carea' id='block_1_26' title="bbox 232 2514 1822 2594">
    <p class='ocr_par' dir='ltr' id='par_1_26' title="bbox 232 2514 1822 2594">
     <span class='ocr_line' id='line_1_26' title="bbox 232 2514 1822 2594; baseline 0.009 -29"><span class='ocrx_word' id='word_1_205' title='bbox 232 2523 512 2577; x_wconf 82' lang='lat' dir='ltr'><strong>sanctum,</strong></span> <span class='ocrx_word' id='word_1_206' title='bbox 544 2514 633 2584; x_wconf 86' lang='lat' dir='ltr'><strong>qui</strong></span> <span class='ocrx_word' id='word_1_207' title='bbox 662 2515 850 2570; x_wconf 85' lang='lat' dir='ltr'><strong>eduxit</strong></span> <span class='ocrx_word' id='word_1_208' title='bbox 889 2516 1056 2573; x_wconf 84' lang='lat' dir='ltr'><strong>Filios</strong></span> <span class='ocrx_word' id='word_1_209' title='bbox 1092 2517 1259 2574; x_wconf 83' lang='lat' dir='ltr'><strong>lsrael</strong></span> <span class='ocrx_word' id='word_1_210' title='bbox 1304 2521 1372 2576; x_wconf 85' lang='lat' dir='ltr'><strong>de</strong></span> <span class='ocrx_word' id='word_1_211' title='bbox 1414 2530 1557 2577; x_wconf 90' lang='lat' dir='ltr'><strong>terra</strong></span> <span class='ocrx_word' id='word_1_212' title='bbox 1579 2522 1822 2594; x_wconf 66' lang='lat' dir='ltr'><strong>Egypti,</strong></span> 
     </span>
    </p>
   </div>
   <div class='ocr_carea' id='block_1_27' title="bbox 231 2602 1825 2684">
    <p class='ocr_par' dir='ltr' id='par_1_27' title="bbox 231 2602 1825 2684">
     <span class='ocr_line' id='line_1_27' title="bbox 231 2602 1825 2684; baseline 0.008 -28"><span class='ocrx_word' id='word_1_213' title='bbox 231 2603 382 2657; x_wconf 80' lang='lat' dir='ltr'><strong>sicut</strong></span> <span class='ocrx_word' id='word_1_214' title='bbox 412 2602 680 2675; x_wconf 85' lang='lat' dir='ltr'><strong>Propheta</strong></span> <span class='ocrx_word' id='word_1_215' title='bbox 706 2605 839 2661; x_wconf 90' lang='lat' dir='ltr'><strong>dicit</strong></span> <span class='ocrx_word' id='word_1_216' title='bbox 867 2624 879 2661; x_wconf 91' lang='lat'><strong>:</strong></span> <span class='ocrx_word' id='word_1_217' title='bbox 912 2603 1002 2662; x_wconf 87' lang='lat' dir='ltr'><strong>Sic</strong></span> <span class='ocrx_word' id='word_1_218' title='bbox 1022 2608 1250 2663; x_wconf 72' lang='lat' dir='ltr'><strong>eduxisti</strong></span> <span class='ocrx_word' id='word_1_219' title='bbox 1282 2610 1532 2681; x_wconf 80' lang='lat' dir='ltr'><strong>populum</strong></span> <span class='ocrx_word' id='word_1_220' title='bbox 1565 2621 1713 2666; x_wconf 90' lang='lat' dir='ltr'><strong>tuum</strong></span> <span class='ocrx_word' id='word_1_221' title='bbox 1739 2614 1825 2684; x_wconf 79' lang='lat' dir='ltr'><strong>fa-</strong></span> 
     </span>
    </p>
   </div>
   <div class='ocr_carea' id='block_1_28' title="bbox 231 2695 1827 2771">
    <p class='ocr_par' dir='ltr' id='par_1_28' title="bbox 231 2695 1827 2771">
     <span class='ocr_line' id='line_1_28' title="bbox 231 2695 1827 2771; baseline 0.008 -24"><span class='ocrx_word' id='word_1_222' title='bbox 231 2709 357 2748; x_wconf 88' lang='lat' dir='ltr'><strong>cere</strong></span> <span class='ocrx_word' id='word_1_223' title='bbox 400 2695 493 2749; x_wconf 87' lang='lat' dir='ltr'><strong>tibi</strong></span> <span class='ocrx_word' id='word_1_224' title='bbox 539 2712 725 2752; x_wconf 88' lang='lat' dir='ltr'><strong>nomen</strong></span> <span class='ocrx_word' id='word_1_225' title='bbox 754 2697 957 2769; x_wconf 63' lang='lat' dir='ltr'><strong>gloriae,</strong></span> <span class='ocrx_word' id='word_1_226' title='bbox 986 2700 1076 2770; x_wconf 85' lang='lat' dir='ltr'><strong>qui</strong></span> <span class='ocrx_word' id='word_1_227' title='bbox 1102 2716 1378 2756; x_wconf 84' lang='lat' dir='ltr'><strong>conversus</strong></span> <span class='ocrx_word' id='word_1_228' title='bbox 1394 2712 1473 2756; x_wconf 87' lang='lat' dir='ltr'><strong>est</strong></span> <span class='ocrx_word' id='word_1_229' title='bbox 1492 2700 1621 2771; x_wconf 84' lang='lat' dir='ltr'><strong>ﬁliis</strong></span> <span class='ocrx_word' id='word_1_230' title='bbox 1654 2701 1827 2759; x_wconf 83' lang='lat' dir='ltr'><strong>Israel</strong></span> 
     </span>
    </p>
   </div>
   <div class='ocr_carea' id='block_1_29' title="bbox 231 2788 1106 2864">
    <p class='ocr_par' dir='ltr' id='par_1_29' title="bbox 231 2788 1106 2864">
     <span class='ocr_line' id='line_1_29' title="bbox 231 2788 1106 2864; baseline 0.003 -21"><span class='ocrx_word' id='word_1_231' title='bbox 231 2788 309 2843; x_wconf 84' lang='lat' dir='ltr'><strong>ad</strong></span> <span class='ocrx_word' id='word_1_232' title='bbox 330 2789 659 2845; x_wconf 84' lang='lat' dir='ltr'><strong>inimicitiam</strong></span> <span class='ocrx_word' id='word_1_233' title='bbox 687 2790 883 2863; x_wconf 73' lang='lat' dir='ltr'><strong>(Exod.</strong></span> <span class='ocrx_word' id='word_1_234' title='bbox 909 2793 1054 2864; x_wconf 87' lang='lat' dir='ltr'><strong>xm).</strong></span> <span class='ocrx_word' id='word_1_235' title='bbox 1086 2812 1106 2846; x_wconf 68' lang='grc' dir='ltr'><strong>ι</strong></span> 
     </span>
    </p>
   </div>
   <div class='ocr_carea' id='block_1_30' title="bbox 904 2906 1164 2965">
    <p class='ocr_par' dir='ltr' id='par_1_30' title="bbox 904 2906 1164 2965">
     <span class='ocr_line' id='line_1_30' title="bbox 904 2906 1164 2965; baseline -0.004 -1"><span class='ocrx_word' id='word_1_236' title='bbox 904 2906 1057 2964; x_wconf 82' lang='lat' dir='ltr'><strong>CAP.</strong></span> <span class='ocrx_word' id='word_1_237' title='bbox 1099 2907 1164 2965; x_wconf 70' lang='grc' dir='ltr'><strong>Υ.</strong></span> 
     </span>
    </p>
   </div>
   <div class='ocr_carea' id='block_1_31' title="bbox 307 3009 1823 3095">
    <p class='ocr_par' dir='ltr' id='par_1_31' title="bbox 307 3009 1823 3095">
     <span class='ocr_line' id='line_1_31' title="bbox 307 3009 1823 3095; baseline 0.011 -25"><span class='ocrx_word' id='word_1_238' title='bbox 307 3013 443 3071; x_wconf 77' lang='lat' dir='ltr'><strong>Item</strong></span> <span class='ocrx_word' id='word_1_239' title='bbox 469 3016 613 3072; x_wconf 89' lang='lat' dir='ltr'><strong>idem</strong></span> <span class='ocrx_word' id='word_1_240' title='bbox 648 3018 703 3074; x_wconf 93' lang='lat' dir='ltr'><strong>in</strong></span> <span class='ocrx_word' id='word_1_241' title='bbox 733 3018 924 3074; x_wconf 90' lang='lat' dir='ltr'><strong>eodem</strong></span> <span class='ocrx_word' id='word_1_242' title='bbox 956 3020 1135 3077; x_wconf 92' lang='lat' dir='ltr'><strong>libro:</strong></span> <span class='ocrx_word' id='word_1_243' title='bbox 1169 3021 1323 3089; x_wconf 83' lang='lat' dir='ltr'><strong>Quod</strong></span> <span class='ocrx_word' id='word_1_244' title='bbox 1349 3009 1579 3095; x_wconf 81' lang='lat' dir='ltr'><strong>Spiritus</strong></span> <span class='ocrx_word' id='word_1_245' title='bbox 1607 3036 1823 3089; x_wconf 83' lang='lat' dir='ltr'><strong>sanctus</strong></span> 
     </span>
    </p>
   </div>
   <div class='ocr_carea' id='block_1_32' title="bbox 234 3106 1824 3192">
    <p class='ocr_par' dir='ltr' id='par_1_32' title="bbox 234 3106 1824 3192">
     <span class='ocr_line' id='line_1_32' title="bbox 234 3106 1824 3192; baseline 0.013 -33"><span class='ocrx_word' id='word_1_246' title='bbox 234 3106 466 3160; x_wconf 90' lang='lat' dir='ltr'><strong>mittitur</strong></span> <span class='ocrx_word' id='word_1_247' title='bbox 488 3126 520 3161; x_wconf 91' lang='lat' dir='ltr'><strong>a</strong></span> <span class='ocrx_word' id='word_1_248' title='bbox 546 3107 703 3164; x_wconf 87' lang='lat' dir='ltr'><strong>Patre</strong></span> <span class='ocrx_word' id='word_1_249' title='bbox 739 3109 899 3165; x_wconf 85' lang='lat' dir='ltr'><strong>simul</strong></span> <span class='ocrx_word' id='word_1_250' title='bbox 928 3121 977 3166; x_wconf 87' lang='lat' dir='ltr'><strong>et</strong></span> <span class='ocrx_word' id='word_1_251' title='bbox 1004 3130 1037 3167; x_wconf 89' lang='lat' dir='ltr'><strong>a</strong></span> <span class='ocrx_word' id='word_1_252' title='bbox 1059 3112 1222 3168; x_wconf 88' lang='lat' dir='ltr'><strong>Filio.</strong></span> <span class='ocrx_word' id='word_1_253' title='bbox 1256 3135 1275 3167; x_wconf 71' lang='grc' dir='ltr'><strong>ι</strong></span> <span class='ocrx_word' id='word_1_254' title='bbox 1298 3116 1403 3172; x_wconf 88' lang='lat' dir='ltr'><strong>Sed</strong></span> <span class='ocrx_word' id='word_1_255' title='bbox 1430 3128 1486 3175; x_wconf 90' lang='lat' dir='ltr'><strong>et</strong></span> <span class='ocrx_word' id='word_1_256' title='bbox 1512 3122 1557 3175; x_wconf 92' lang='lat' dir='ltr'><strong>si</strong></span> <span class='ocrx_word' id='word_1_257' title='bbox 1588 3118 1824 3192; x_wconf 86' lang='lat' dir='ltr'><strong>Spiritus</strong></span> 
     </span>
    </p>
   </div>
   <div class='ocr_carea' id='block_1_33' title="bbox 234 3199 1825 3284">
    <p class='ocr_par' dir='ltr' id='par_1_33' title="bbox 234 3199 1825 3284">
     <span class='ocr_line' id='line_1_33' title="bbox 234 3199 1825 3284; baseline 0.014 -33"><span class='ocrx_word' id='word_1_258' title='bbox 234 3199 536 3268; x_wconf 82' lang='lat' dir='ltr'><strong>paraclitus</strong></span> <span class='ocrx_word' id='word_1_259' title='bbox 564 3201 616 3255; x_wconf 92' lang='lat' dir='ltr'><strong>in</strong></span> <span class='ocrx_word' id='word_1_260' title='bbox 646 3217 745 3258; x_wconf 92' lang='lat' dir='ltr'><strong>suo</strong></span> <span class='ocrx_word' id='word_1_261' title='bbox 783 3205 1001 3262; x_wconf 89' lang='lat' dir='ltr'><strong>nomine</strong></span> <span class='ocrx_word' id='word_1_262' title='bbox 1040 3215 1250 3264; x_wconf 92' lang='lat' dir='ltr'><strong>tantum</strong></span> <span class='ocrx_word' id='word_1_263' title='bbox 1277 3210 1536 3279; x_wconf 89' lang='lat' dir='ltr'><strong>venisset,</strong></span> <span class='ocrx_word' id='word_1_264' title='bbox 1573 3216 1717 3284; x_wconf 90' lang='lat' dir='ltr'><strong>quod</strong></span> <span class='ocrx_word' id='word_1_265' title='bbox 1742 3217 1825 3272; x_wconf 91' lang='lat' dir='ltr'><strong>di-</strong></span> 
     </span>
    </p>
   </div>
   <div class='ocr_carea' id='block_1_34' title="bbox 241 3288 1827 3362">
    <p class='ocr_par' dir='ltr' id='par_1_34' title="bbox 241 3288 1827 3362">
     <span class='ocr_line' id='line_1_34' title="bbox 241 3288 1827 3362; baseline 0.013 -21"><span class='ocrx_word' id='word_1_266' title='bbox 241 3288 389 3343; x_wconf 86' lang='lat' dir='ltr'><strong>citur</strong></span> <span class='ocrx_word' id='word_1_267' title='bbox 421 3288 657 3361; x_wconf 84' lang='lat' dir='ltr'><strong>Spiritus</strong></span> <span class='ocrx_word' id='word_1_268' title='bbox 683 3294 998 3362; x_wconf 91' lang='lat' dir='ltr'><strong>paraclitus,</strong></span> <span class='ocrx_word' id='word_1_269' title='bbox 1038 3306 1093 3353; x_wconf 90' lang='lat' dir='ltr'><strong>et</strong></span> <span class='ocrx_word' id='word_1_270' title='bbox 1124 3313 1232 3353; x_wconf 93' lang='lat' dir='ltr'><strong>non</strong></span> <span class='ocrx_word' id='word_1_271' title='bbox 1264 3299 1316 3354; x_wconf 92' lang='lat' dir='ltr'><strong>in</strong></span> <span class='ocrx_word' id='word_1_272' title='bbox 1348 3302 1496 3356; x_wconf 90' lang='lat' dir='ltr'><strong>unita</strong></span> <span class='ocrx_word' id='word_1_273' title='bbox 1524 3305 1827 3362; x_wconf 89' lang='lat' dir='ltr'><strong>substantia</strong></span> 
     </span>
    </p>
   </div>
   <div class='ocr_carea' id='block_1_35' title="bbox 238 3379 1826 3468">
    <p class='ocr_par' dir='ltr' id='par_1_35' title="bbox 238 3379 1826 3468">
     <span class='ocr_line' id='line_1_35' title="bbox 238 3379 1826 3468; baseline 0.014 -35"><span class='ocrx_word' id='word_1_274' title='bbox 238 3379 425 3437; x_wconf 88' lang='lat' dir='ltr'><strong>Patris</strong></span> <span class='ocrx_word' id='word_1_275' title='bbox 457 3390 512 3438; x_wconf 92' lang='lat' dir='ltr'><strong>et</strong></span> <span class='ocrx_word' id='word_1_276' title='bbox 547 3383 669 3439; x_wconf 87' lang='lat' dir='ltr'><strong>Filii</strong></span> <span class='ocrx_word' id='word_1_277' title='bbox 704 3387 847 3456; x_wconf 90' lang='lat' dir='ltr'><strong>quod</strong></span> <span class='ocrx_word' id='word_1_278' title='bbox 888 3390 1198 3447; x_wconf 88' lang='lat' dir='ltr'><strong>nominatur</strong></span> <span class='ocrx_word' id='word_1_279' title='bbox 1220 3393 1379 3458; x_wconf 88' lang='lat' dir='ltr'><strong>Deus,</strong></span> <span class='ocrx_word' id='word_1_280' title='bbox 1404 3395 1515 3466; x_wconf 85' lang='lat' dir='ltr'><strong>jam</strong></span> <span class='ocrx_word' id='word_1_281' title='bbox 1548 3398 1826 3468; x_wconf 84' lang='lat' dir='ltr'><strong>proprium</strong></span> 
     </span>
    </p>
   </div>
   <div class='ocr_carea' id='block_1_36' title="bbox 236 3471 1826 3545">
    <p class='ocr_par' dir='ltr' id='par_1_36' title="bbox 236 3471 1826 3545">
     <span class='ocr_line' id='line_1_36' title="bbox 236 3471 1826 3545; baseline 0.013 -21"><span class='ocrx_word' id='word_1_282' title='bbox 236 3471 360 3541; x_wconf 86' lang='lat' dir='ltr'><strong>ejus</strong></span> <span class='ocrx_word' id='word_1_283' title='bbox 390 3471 445 3527; x_wconf 93' lang='lat' dir='ltr'><strong>in</strong></span> <span class='ocrx_word' id='word_1_284' title='bbox 474 3487 705 3543; x_wconf 88' lang='lat' dir='ltr'><strong>persona</strong></span> <span class='ocrx_word' id='word_1_285' title='bbox 748 3490 884 3532; x_wconf 86' lang='lat' dir='ltr'><strong>esse</strong></span> <span class='ocrx_word' id='word_1_286' title='bbox 917 3478 1212 3545; x_wconf 87' lang='lat' dir='ltr'><strong>videretur,</strong></span> <span class='ocrx_word' id='word_1_287' title='bbox 1266 3492 1322 3538; x_wconf 88' lang='lat' dir='ltr'><strong>et</strong></span> <span class='ocrx_word' id='word_1_288' title='bbox 1371 3500 1478 3540; x_wconf 86' lang='lat' dir='ltr'><strong>non</strong></span> <span class='ocrx_word' id='word_1_289' title='bbox 1526 3488 1826 3544; x_wconf 85' lang='lat' dir='ltr'><strong>secundum</strong></span> 
     </span>
    </p>
   </div>
   <div class='ocr_carea' id='block_1_37' title="bbox 239 3564 1825 3645">
    <p class='ocr_par' dir='ltr' id='par_1_37' title="bbox 239 3564 1825 3645">
     <span class='ocr_line' id='line_1_37' title="bbox 239 3564 1825 3645; baseline 0.013 -29"><span class='ocrx_word' id='word_1_290' title='bbox 239 3564 451 3618; x_wconf 86' lang='lat' dir='ltr'><strong>unitam</strong></span> <span class='ocrx_word' id='word_1_291' title='bbox 509 3574 719 3622; x_wconf 68' lang='lat' dir='ltr'><strong>natura:</strong></span> <span class='ocrx_word' id='word_1_292' title='bbox 775 3568 995 3626; x_wconf 87' lang='lat' dir='ltr'><strong>deitatis</strong></span> <span class='ocrx_word' id='word_1_293' title='bbox 1051 3572 1106 3627; x_wconf 90' lang='lat' dir='ltr'><strong>in</strong></span> <span class='ocrx_word' id='word_1_294' title='bbox 1166 3574 1429 3645; x_wconf 87' lang='lat' dir='ltr'><strong>utrisque.</strong></span> <span class='ocrx_word' id='word_1_295' title='bbox 1489 3576 1560 3634; x_wconf 90' lang='lat' dir='ltr'><strong>Ut</strong></span> <span class='ocrx_word' id='word_1_296' title='bbox 1616 3587 1825 3636; x_wconf 88' lang='lat' dir='ltr'><strong>tantum</strong></span> 
     </span>
    </p>
   </div>
   <div class='ocr_carea' id='block_1_38' title="bbox 239 3656 1822 3738">
    <p class='ocr_par' dir='ltr' id='par_1_38' title="bbox 239 3656 1822 3738">
     <span class='ocr_line' id='line_1_38' title="bbox 239 3656 1822 3738; baseline 0.012 -30"><span class='ocrx_word' id='word_1_297' title='bbox 239 3656 617 3727; x_wconf 88' lang='lat' dir='ltr'><strong>unusquisque</strong></span> <span class='ocrx_word' id='word_1_298' title='bbox 643 3660 863 3714; x_wconf 90' lang='lat' dir='ltr'><strong>nomina</strong></span> <span class='ocrx_word' id='word_1_299' title='bbox 897 3662 1106 3732; x_wconf 82' lang='lat' dir='ltr'><strong>singula</strong></span> <span class='ocrx_word' id='word_1_300' title='bbox 1134 3664 1188 3719; x_wconf 91' lang='lat' dir='ltr'><strong>in</strong></span> <span class='ocrx_word' id='word_1_301' title='bbox 1213 3667 1464 3734; x_wconf 89' lang='lat' dir='ltr'><strong>personis</strong></span> <span class='ocrx_word' id='word_1_302' title='bbox 1488 3670 1822 3738; x_wconf 68' lang='lat' dir='ltr'><strong>mtenderet,</strong></span> 
     </span>
    </p>
   </div>
   <div class='ocr_carea' id='block_1_39' title="bbox 238 3744 1823 3819">
    <p class='ocr_par' dir='ltr' id='par_1_39' title="bbox 238 3744 1823 3819">
     <span class='ocr_line' id='line_1_39' title="bbox 238 3744 1823 3819; baseline 0.014 -21"><span class='ocrx_word' id='word_1_303' title='bbox 238 3744 462 3801; x_wconf 89' lang='lat' dir='ltr'><strong>deitatis</strong></span> <span class='ocrx_word' id='word_1_304' title='bbox 482 3757 661 3804; x_wconf 90' lang='lat' dir='ltr'><strong>autem</strong></span> <span class='ocrx_word' id='word_1_305' title='bbox 689 3750 897 3806; x_wconf 89' lang='lat' dir='ltr'><strong>unitum</strong></span> <span class='ocrx_word' id='word_1_306' title='bbox 920 3768 1115 3809; x_wconf 90' lang='lat' dir='ltr'><strong>nomen</strong></span> <span class='ocrx_word' id='word_1_307' title='bbox 1138 3772 1242 3810; x_wconf 83' lang='lat' dir='ltr'><strong>non</strong></span> <span class='ocrx_word' id='word_1_308' title='bbox 1262 3756 1547 3815; x_wconf 90' lang='lat' dir='ltr'><strong>indicaret.</strong></span> <span class='ocrx_word' id='word_1_309' title='bbox 1574 3759 1745 3819; x_wconf 88' lang='lat' dir='ltr'><strong>Porro</strong></span> <span class='ocrx_word' id='word_1_310' title='bbox 1768 3765 1823 3819; x_wconf 91' lang='lat' dir='ltr'><strong>in</strong></span> 
     </span>
    </p>
   </div>
   <div class='ocr_carea' id='block_1_40' title="bbox 240 3835 1826 3921">
    <p class='ocr_par' dir='ltr' id='par_1_40' title="bbox 240 3835 1826 3921">
     <span class='ocr_line' id='line_1_40' title="bbox 240 3835 1826 3921; baseline 0.013 -30"><span class='ocrx_word' id='word_1_311' title='bbox 240 3835 509 3894; x_wconf 86' lang='lat' dir='ltr'><strong>hocunito</strong></span> <span class='ocrx_word' id='word_1_312' title='bbox 529 3841 745 3896; x_wconf 89' lang='lat' dir='ltr'><strong>nomine</strong></span> <span class='ocrx_word' id='word_1_313' title='bbox 765 3842 978 3899; x_wconf 77' lang='lat' dir='ltr'><strong>deitatis</strong></span> <span class='ocrx_word' id='word_1_314' title='bbox 994 3843 1190 3909; x_wconf 87' lang='lat' dir='ltr'><strong>Patris,</strong></span> <span class='ocrx_word' id='word_1_315' title='bbox 1219 3849 1364 3903; x_wconf 90' lang='lat' dir='ltr'><strong>venit</strong></span> <span class='ocrx_word' id='word_1_316' title='bbox 1382 3865 1542 3907; x_wconf 90' lang='lat' dir='ltr'><strong>verus</strong></span> <span class='ocrx_word' id='word_1_317' title='bbox 1560 3851 1751 3921; x_wconf 88' lang='lat' dir='ltr'><strong>Filius,</strong></span> <span class='ocrx_word' id='word_1_318' title='bbox 1770 3856 1826 3911; x_wconf 90' lang='lat' dir='ltr'><strong>in</strong></span> 
     </span>
    </p>
   </div>
   <div class='ocr_carea' id='block_1_41' title="bbox 237 3931 1824 4008">
    <p class='ocr_par' dir='ltr' id='par_1_41' title="bbox 237 3931 1824 4008">
     <span class='ocr_line' id='line_1_41' title="bbox 237 3931 1824 4008; baseline 0.013 -25"><span class='ocrx_word' id='word_1_319' title='bbox 237 3944 350 3998; x_wconf 90' lang='lat' dir='ltr'><strong>quo</strong></span> <span class='ocrx_word' id='word_1_320' title='bbox 374 3931 571 3987; x_wconf 91' lang='lat' dir='ltr'><strong>dicitur</strong></span> <span class='ocrx_word' id='word_1_321' title='bbox 597 3933 757 4000; x_wconf 86' lang='lat' dir='ltr'><strong>Deus,</strong></span> <span class='ocrx_word' id='word_1_322' title='bbox 791 3948 817 3977; x_wconf 78' lang='grc' dir='ltr'><strong>ι</strong></span> <span class='ocrx_word' id='word_1_323' title='bbox 850 3936 904 3991; x_wconf 90' lang='lat' dir='ltr'><strong>in</strong></span> <span class='ocrx_word' id='word_1_324' title='bbox 925 3953 1033 4008; x_wconf 91' lang='lat' dir='ltr'><strong>quo</strong></span> <span class='ocrx_word' id='word_1_325' title='bbox 1059 3939 1322 3996; x_wconf 85' lang='lat' dir='ltr'><strong>claritatis</strong></span> <span class='ocrx_word' id='word_1_326' title='bbox 1372 3958 1567 4000; x_wconf 88' lang='lat' dir='ltr'><strong>nomen</strong></span> <span class='ocrx_word' id='word_1_327' title='bbox 1595 3955 1681 4001; x_wconf 88' lang='lat' dir='ltr'><strong>est</strong></span> <span class='ocrx_word' id='word_1_328' title='bbox 1700 3963 1824 4004; x_wconf 92' lang='lat' dir='ltr'><strong>cum</strong></span> 
     </span>
    </p>
   </div>
   <div class='ocr_carea' id='block_1_42' title="bbox 239 4016 1825 4109">
    <p class='ocr_par' dir='ltr' id='par_1_42' title="bbox 239 4016 1825 4109">
     <span class='ocr_line' id='line_1_42' title="bbox 239 4016 1825 4109; baseline 0.013 -36"><span class='ocrx_word' id='word_1_329' title='bbox 239 4016 423 4075; x_wconf 87' lang='lat' dir='ltr'><strong>Patre.</strong></span> <span class='ocrx_word' id='word_1_330' title='bbox 459 4020 513 4075; x_wconf 90' lang='lat' dir='ltr'><strong>In</strong></span> <span class='ocrx_word' id='word_1_331' title='bbox 538 4022 692 4094; x_wconf 88' lang='lat' dir='ltr'><strong>cujus</strong></span> <span class='ocrx_word' id='word_1_332' title='bbox 724 4032 933 4081; x_wconf 70' lang='lat' dir='ltr'><strong>natura:</strong></span> <span class='ocrx_word' id='word_1_333' title='bbox 968 4029 1187 4085; x_wconf 89' lang='lat' dir='ltr'><strong>nomine</strong></span> <span class='ocrx_word' id='word_1_334' title='bbox 1215 4032 1361 4086; x_wconf 81' lang='lat' dir='ltr'><strong>venit</strong></span> <span class='ocrx_word' id='word_1_335' title='bbox 1389 4042 1445 4088; x_wconf 90' lang='lat' dir='ltr'><strong>et</strong></span> <span class='ocrx_word' id='word_1_336' title='bbox 1468 4032 1702 4105; x_wconf 89' lang='lat' dir='ltr'><strong>Spiritus</strong></span> <span class='ocrx_word' id='word_1_337' title='bbox 1729 4054 1825 4109; x_wconf 88' lang='lat' dir='ltr'><strong>pa-</strong></span> 
     </span>
    </p>
   </div>
   <div class='ocr_carea' id='block_1_43' title="bbox 241 4111 1825 4191">
    <p class='ocr_par' dir='ltr' id='par_1_43' title="bbox 241 4111 1825 4191">
     <span class='ocr_line' id='line_1_43' title="bbox 241 4111 1825 4191; baseline 0.015 -26"><span class='ocrx_word' id='word_1_338' title='bbox 241 4111 487 4180; x_wconf 88' lang='lat' dir='ltr'><strong>raclitus,</strong></span> <span class='ocrx_word' id='word_1_339' title='bbox 525 4116 652 4186; x_wconf 85' lang='lat' dir='ltr'><strong>quia</strong></span> <span class='ocrx_word' id='word_1_340' title='bbox 682 4116 737 4172; x_wconf 89' lang='lat' dir='ltr'><strong>in</strong></span> <span class='ocrx_word' id='word_1_341' title='bbox 765 4118 866 4174; x_wconf 92' lang='lat' dir='ltr'><strong>hac</strong></span> <span class='ocrx_word' id='word_1_342' title='bbox 892 4120 1006 4191; x_wconf 88' lang='lat' dir='ltr'><strong>ipsa</strong></span> <span class='ocrx_word' id='word_1_343' title='bbox 1038 4132 1385 4180; x_wconf 90' lang='lat' dir='ltr'><strong>sacrosancta</strong></span> <span class='ocrx_word' id='word_1_344' title='bbox 1423 4126 1690 4186; x_wconf 87' lang='lat' dir='ltr'><strong>Trinitate</strong></span> <span class='ocrx_word' id='word_1_345' title='bbox 1721 4132 1825 4188; x_wconf 91' lang='lat' dir='ltr'><strong>hoc</strong></span> 
     </span>
    </p>
   </div>
   <div class='ocr_carea' id='block_1_44' title="bbox 238 4208 1821 4285">
    <p class='ocr_par' dir='ltr' id='par_1_44' title="bbox 238 4208 1821 4285">
     <span class='ocr_line' id='line_1_44' title="bbox 238 4208 1821 4285; baseline 0.014 -28"><span class='ocrx_word' id='word_1_346' title='bbox 238 4219 439 4260; x_wconf 86' lang='lat' dir='ltr'><strong>nomen</strong></span> <span class='ocrx_word' id='word_1_347' title='bbox 469 4208 903 4266; x_wconf 89' lang='lat' dir='ltr'><strong>substantialiter</strong></span> <span class='ocrx_word' id='word_1_348' title='bbox 925 4212 1040 4269; x_wconf 88' lang='lat' dir='ltr'><strong>sive</strong></span> <span class='ocrx_word' id='word_1_349' title='bbox 1065 4215 1247 4271; x_wconf 88' lang='lat' dir='ltr'><strong>uniter</strong></span> <span class='ocrx_word' id='word_1_350' title='bbox 1267 4218 1536 4285; x_wconf 88' lang='lat' dir='ltr'><strong>consistit,</strong></span> <span class='ocrx_word' id='word_1_351' title='bbox 1558 4221 1699 4277; x_wconf 90' lang='lat' dir='ltr'><strong>sicut</strong></span> <span class='ocrx_word' id='word_1_352' title='bbox 1727 4238 1821 4279; x_wconf 86' lang='lat' dir='ltr'><strong>su—</strong></span> 
     </span>
    </p>
   </div>
   <div class='ocr_carea' id='block_1_45' title="bbox 240 4297 1826 4371">
    <p class='ocr_par' dir='ltr' id='par_1_45' title="bbox 240 4297 1826 4371">
     <span class='ocr_line' id='line_1_45' title="bbox 240 4297 1826 4371; baseline 0.013 -21"><span class='ocrx_word' id='word_1_353' title='bbox 240 4297 430 4366; x_wconf 88' lang='lat' dir='ltr'><strong>perius</strong></span> <span class='ocrx_word' id='word_1_354' title='bbox 451 4300 676 4369; x_wconf 61' lang='lat' dir='ltr'><strong>praedixi</strong></span> <span class='ocrx_word' id='word_1_355' title='bbox 704 4301 918 4359; x_wconf 88' lang='lat' dir='ltr'><strong>Patrem</strong></span> <span class='ocrx_word' id='word_1_356' title='bbox 940 4305 1006 4362; x_wconf 90' lang='lat' dir='ltr'><strong>de</strong></span> <span class='ocrx_word' id='word_1_357' title='bbox 1027 4307 1165 4364; x_wconf 88' lang='lat' dir='ltr'><strong>Filio</strong></span> <span class='ocrx_word' id='word_1_358' title='bbox 1192 4325 1293 4366; x_wconf 91' lang='lat' dir='ltr'><strong>suo</strong></span> <span class='ocrx_word' id='word_1_359' title='bbox 1314 4311 1642 4369; x_wconf 89' lang='lat' dir='ltr'><strong>indicantem</strong></span> <span class='ocrx_word' id='word_1_360' title='bbox 1669 4333 1682 4369; x_wconf 92' lang='lat'><strong>:</strong></span> <span class='ocrx_word' id='word_1_361' title='bbox 1714 4315 1826 4371; x_wconf 78' lang='lat' dir='ltr'><strong>No-</strong></span> 
     </span>
    </p>
   </div>
   <div class='ocr_carea' id='block_1_46' title="bbox 237 4388 1825 4472">
    <p class='ocr_par' dir='ltr' id='par_1_46' title="bbox 237 4388 1825 4472">
     <span class='ocr_line' id='line_1_46' title="bbox 237 4388 1825 4472; baseline 0.014 -32"><span class='ocrx_word' id='word_1_362' title='bbox 237 4402 358 4442; x_wconf 89' lang='lat' dir='ltr'><strong>men</strong></span> <span class='ocrx_word' id='word_1_363' title='bbox 390 4404 564 4443; x_wconf 89' lang='lat' dir='ltr'><strong>meum</strong></span> <span class='ocrx_word' id='word_1_364' title='bbox 585 4401 660 4445; x_wconf 91' lang='lat' dir='ltr'><strong>est</strong></span> <span class='ocrx_word' id='word_1_365' title='bbox 683 4392 739 4447; x_wconf 90' lang='lat' dir='ltr'><strong>in</strong></span> <span class='ocrx_word' id='word_1_366' title='bbox 766 4391 855 4448; x_wconf 85' lang='lat' dir='ltr'><strong>illo</strong></span> <span class='ocrx_word' id='word_1_367' title='bbox 882 4388 1080 4467; x_wconf 75' lang='lat' dir='ltr'><strong>(Exod.</strong></span> <span class='ocrx_word' id='word_1_368' title='bbox 1104 4414 1261 4465; x_wconf 85' lang='lat' dir='ltr'><strong>xxm,</strong></span> <span class='ocrx_word' id='word_1_369' title='bbox 1280 4400 1388 4472; x_wconf 90' lang='lat'><strong>19).</strong></span> <span class='ocrx_word' id='word_1_370' title='bbox 1406 4402 1470 4457; x_wconf 87' lang='lat' dir='ltr'><strong>Et</strong></span> <span class='ocrx_word' id='word_1_371' title='bbox 1485 4402 1680 4458; x_wconf 87' lang='lat' dir='ltr'><strong>Filium</strong></span> <span class='ocrx_word' id='word_1_372' title='bbox 1707 4405 1825 4462; x_wconf 65' lang='lat' dir='ltr'><strong>hrcc</strong></span> 
     </span>
    </p>
   </div>
   <div class='ocr_carea' id='block_1_47' title="bbox 1944 495 3530 566">
    <p class='ocr_par' dir='ltr' id='par_1_47' title="bbox 1944 495 3530 566">
     <span class='ocr_line' id='line_1_47' title="bbox 1944 495 3530 566; baseline 0.001 -17"><span class='ocrx_word' id='word_1_373' title='bbox 1944 512 2058 549; x_wconf 87' lang='lat' dir='ltr'><strong>cere</strong></span> <span class='ocrx_word' id='word_1_374' title='bbox 2106 495 2198 549; x_wconf 85' lang='lat' dir='ltr'><strong>tibi</strong></span> <span class='ocrx_word' id='word_1_375' title='bbox 2245 513 2431 550; x_wconf 88' lang='lat' dir='ltr'><strong>nomen</strong></span> <span class='ocrx_word' id='word_1_376' title='bbox 2466 497 2671 566; x_wconf 76' lang='lat' dir='ltr'><strong>gloriw.</strong></span> <span class='ocrx_word' id='word_1_377' title='bbox 2717 497 2871 552; x_wconf 84' lang='lat' dir='ltr'><strong>Disce</strong></span> <span class='ocrx_word' id='word_1_378' title='bbox 2912 495 3027 566; x_wconf 82' lang='lat' dir='ltr'><strong>jam</strong></span> <span class='ocrx_word' id='word_1_379' title='bbox 3074 496 3280 551; x_wconf 86' lang='lat' dir='ltr'><strong>unitum</strong></span> <span class='ocrx_word' id='word_1_380' title='bbox 3329 509 3530 552; x_wconf 81' lang='lat' dir='ltr'><strong>nomen</strong></span> 
     </span>
    </p>
   </div>
   <div class='ocr_carea' id='block_1_48' title="bbox 1944 588 2978 646">
    <p class='ocr_par' dir='ltr' id='par_1_48' title="bbox 1944 588 2978 646">
     <span class='ocr_line' id='line_1_48' title="bbox 1944 588 2978 646; baseline -0.001 -3"><span class='ocrx_word' id='word_1_381' title='bbox 1944 602 2064 643; x_wconf 88' lang='lat' dir='ltr'><strong>esse</strong></span> <span class='ocrx_word' id='word_1_382' title='bbox 2092 588 2146 643; x_wconf 91' lang='lat' dir='ltr'><strong>in</strong></span> <span class='ocrx_word' id='word_1_383' title='bbox 2176 597 2371 643; x_wconf 88' lang='lat' dir='ltr'><strong>natura</strong></span> <span class='ocrx_word' id='word_1_384' title='bbox 2399 589 2594 645; x_wconf 80' lang='lat' dir='ltr'><strong>divinae</strong></span> <span class='ocrx_word' id='word_1_385' title='bbox 2628 589 2932 646; x_wconf 84' lang='lat' dir='ltr'><strong>Trinitatis.</strong></span> <span class='ocrx_word' id='word_1_386' title='bbox 2960 611 2978 642; x_wconf 75' lang='grc' dir='ltr'><strong>ι</strong></span> 
     </span>
    </p>
   </div>
   <div class='ocr_carea' id='block_1_49' title="bbox 2580 704 2873 762">
    <p class='ocr_par' dir='ltr' id='par_1_49' title="bbox 2580 704 2873 762">
     <span class='ocr_line' id='line_1_49' title="bbox 2580 704 2873 762; baseline -0.003 0"><span class='ocrx_word' id='word_1_387' title='bbox 2580 704 2733 762; x_wconf 78' lang='lat' dir='ltr'><strong>CAP.</strong></span> <span class='ocrx_word' id='word_1_388' title='bbox 2785 706 2873 762; x_wconf 73' lang='lat' dir='ltr'><strong>Vl.</strong></span> 
     </span>
    </p>
   </div>
   <div class='ocr_carea' id='block_1_50' title="bbox 2012 814 3525 888">
    <p class='ocr_par' dir='ltr' id='par_1_50' title="bbox 2012 814 3525 888">
     <span class='ocr_line' id='line_1_50' title="bbox 2012 814 3525 888; baseline -0.003 -14"><span class='ocrx_word' id='word_1_389' title='bbox 2012 820 2157 875; x_wconf 83' lang='lat' dir='ltr'><strong>Idem</strong></span> <span class='ocrx_word' id='word_1_390' title='bbox 2190 818 2303 887; x_wconf 90' lang='lat' dir='ltr'><strong>ipse</strong></span> <span class='ocrx_word' id='word_1_391' title='bbox 2323 817 2378 871; x_wconf 91' lang='lat' dir='ltr'><strong>in</strong></span> <span class='ocrx_word' id='word_1_392' title='bbox 2408 815 2598 872; x_wconf 88' lang='lat' dir='ltr'><strong>eodem</strong></span> <span class='ocrx_word' id='word_1_393' title='bbox 2624 816 2782 881; x_wconf 89' lang='lat' dir='ltr'><strong>libro,</strong></span> <span class='ocrx_word' id='word_1_394' title='bbox 2808 816 2947 887; x_wconf 82' lang='lat' dir='ltr'><strong>quod</strong></span> <span class='ocrx_word' id='word_1_395' title='bbox 2976 816 3206 888; x_wconf 82' lang='lat' dir='ltr'><strong>Spiritus</strong></span> <span class='ocrx_word' id='word_1_396' title='bbox 3234 814 3525 886; x_wconf 87' lang='lat' dir='ltr'><strong>paraclitus</strong></span> 
     </span>
    </p>
   </div>
   <div class='ocr_carea' id='block_1_51' title="bbox 1941 909 3522 981">
    <p class='ocr_par' dir='ltr' id='par_1_51' title="bbox 1941 909 3522 981">
     <span class='ocr_line' id='line_1_51' title="bbox 1941 909 3522 981; baseline -0.003 -14"><span class='ocrx_word' id='word_1_397' title='bbox 1941 932 1974 968; x_wconf 89' lang='lat' dir='ltr'><strong>a</strong></span> <span class='ocrx_word' id='word_1_398' title='bbox 2003 912 2163 967; x_wconf 88' lang='lat' dir='ltr'><strong>Patre</strong></span> <span class='ocrx_word' id='word_1_399' title='bbox 2203 911 2360 967; x_wconf 82' lang='lat' dir='ltr'><strong>simul</strong></span> <span class='ocrx_word' id='word_1_400' title='bbox 2404 911 2644 968; x_wconf 78' lang='lat' dir='ltr'><strong>mittatur</strong></span> <span class='ocrx_word' id='word_1_401' title='bbox 2681 921 2726 965; x_wconf 86' lang='lat' dir='ltr'><strong>et</strong></span> <span class='ocrx_word' id='word_1_402' title='bbox 2768 930 2799 965; x_wconf 94' lang='lat' dir='ltr'><strong>a</strong></span> <span class='ocrx_word' id='word_1_403' title='bbox 2846 909 3008 974; x_wconf 83' lang='lat' dir='ltr'><strong>Filio,</strong></span> <span class='ocrx_word' id='word_1_404' title='bbox 3054 911 3134 966; x_wconf 90' lang='lat' dir='ltr'><strong>sic</strong></span> <span class='ocrx_word' id='word_1_405' title='bbox 3180 909 3522 981; x_wconf 85' lang='lat' dir='ltr'><strong>proclamat:</strong></span> 
     </span>
    </p>
   </div>
   <div class='ocr_carea' id='block_1_52' title="bbox 1946 999 3532 1072">
    <p class='ocr_par' dir='ltr' id='par_1_52' title="bbox 1946 999 3532 1072">
     <span class='ocr_line' id='line_1_52' title="bbox 1946 999 3532 1072; baseline -0.002 -14"><span class='ocrx_word' id='word_1_406' title='bbox 1946 1023 1965 1057; x_wconf 75' lang='grc' dir='ltr'><strong>ι</strong></span> <span class='ocrx_word' id='word_1_407' title='bbox 1991 1004 2049 1059; x_wconf 89' lang='lat' dir='ltr'><strong>ln</strong></span> <span class='ocrx_word' id='word_1_408' title='bbox 2096 1004 2199 1059; x_wconf 90' lang='lat' dir='ltr'><strong>hoc</strong></span> <span class='ocrx_word' id='word_1_409' title='bbox 2244 1017 2376 1058; x_wconf 88' lang='lat' dir='ltr'><strong>sane</strong></span> <span class='ocrx_word' id='word_1_410' title='bbox 2422 1000 2559 1055; x_wconf 87' lang='lat' dir='ltr'><strong>alius</strong></span> <span class='ocrx_word' id='word_1_411' title='bbox 2591 1009 2675 1056; x_wconf 85' lang='lat' dir='ltr'><strong>est</strong></span> <span class='ocrx_word' id='word_1_412' title='bbox 2701 1000 2863 1056; x_wconf 85' lang='lat' dir='ltr'><strong>Pater</strong></span> <span class='ocrx_word' id='word_1_413' title='bbox 2892 1001 2945 1055; x_wconf 90' lang='lat' dir='ltr'><strong>in</strong></span> <span class='ocrx_word' id='word_1_414' title='bbox 2979 1014 3230 1072; x_wconf 87' lang='lat' dir='ltr'><strong>persona,</strong></span> <span class='ocrx_word' id='word_1_415' title='bbox 3274 999 3365 1071; x_wconf 88' lang='lat' dir='ltr'><strong>qui</strong></span> <span class='ocrx_word' id='word_1_416' title='bbox 3396 1012 3532 1055; x_wconf 82' lang='lat' dir='ltr'><strong>vere</strong></span> 
     </span>
    </p>
   </div>
   <div class='ocr_carea' id='block_1_53' title="bbox 1940 1094 3533 1167">
    <p class='ocr_par' dir='ltr' id='par_1_53' title="bbox 1940 1094 3533 1167">
     <span class='ocr_line' id='line_1_53' title="bbox 1940 1094 3533 1167; baseline -0.003 -15"><span class='ocrx_word' id='word_1_417' title='bbox 1940 1097 2147 1167; x_wconf 77' lang='lat' dir='ltr'><strong>genuit,</strong></span> <span class='ocrx_word' id='word_1_418' title='bbox 2181 1097 2323 1151; x_wconf 77' lang='lat' dir='ltr'><strong>etin</strong></span> <span class='ocrx_word' id='word_1_419' title='bbox 2357 1097 2458 1150; x_wconf 87' lang='lat' dir='ltr'><strong>hoc</strong></span> <span class='ocrx_word' id='word_1_420' title='bbox 2507 1094 2644 1150; x_wconf 85' lang='lat' dir='ltr'><strong>alter</strong></span> <span class='ocrx_word' id='word_1_421' title='bbox 2685 1103 2768 1151; x_wconf 85' lang='lat' dir='ltr'><strong>est</strong></span> <span class='ocrx_word' id='word_1_422' title='bbox 2822 1094 2991 1150; x_wconf 85' lang='lat' dir='ltr'><strong>Filius</strong></span> <span class='ocrx_word' id='word_1_423' title='bbox 3021 1110 3050 1149; x_wconf 90' lang='lat' dir='ltr'><strong>a</strong></span> <span class='ocrx_word' id='word_1_424' title='bbox 3081 1094 3245 1150; x_wconf 86' lang='lat' dir='ltr'><strong>Patre</strong></span> <span class='ocrx_word' id='word_1_425' title='bbox 3294 1094 3347 1148; x_wconf 90' lang='lat' dir='ltr'><strong>in</strong></span> <span class='ocrx_word' id='word_1_426' title='bbox 3394 1108 3533 1164; x_wconf 80' lang='lat' dir='ltr'><strong>per-</strong></span> 
     </span>
    </p>
   </div>
   <div class='ocr_carea' id='block_1_54' title="bbox 1941 1185 3539 1258">
    <p class='ocr_par' dir='ltr' id='par_1_54' title="bbox 1941 1185 3539 1258">
     <span class='ocr_line' id='line_1_54' title="bbox 1941 1185 3539 1258; baseline -0.001 -16"><span class='ocrx_word' id='word_1_427' title='bbox 1941 1202 2097 1251; x_wconf 86' lang='lat' dir='ltr'><strong>sona,</strong></span> <span class='ocrx_word' id='word_1_428' title='bbox 2148 1187 2253 1256; x_wconf 19' lang='lat' dir='ltr'><strong>qui.</strong></span> <span class='ocrx_word' id='word_1_429' title='bbox 2285 1202 2413 1242; x_wconf 87' lang='lat' dir='ltr'><strong>vere</strong></span> <span class='ocrx_word' id='word_1_430' title='bbox 2464 1188 2533 1241; x_wconf 90' lang='lat' dir='ltr'><strong>ab</strong></span> <span class='ocrx_word' id='word_1_431' title='bbox 2580 1202 2646 1241; x_wconf 90' lang='lat' dir='ltr'><strong>eo</strong></span> <span class='ocrx_word' id='word_1_432' title='bbox 2693 1187 2905 1258; x_wconf 72' lang='lat' dir='ltr'><strong>genitus</strong></span> <span class='ocrx_word' id='word_1_433' title='bbox 2946 1195 3067 1253; x_wconf 89' lang='lat' dir='ltr'><strong>est;</strong></span> <span class='ocrx_word' id='word_1_434' title='bbox 3110 1187 3205 1242; x_wconf 86' lang='lat' dir='ltr'><strong>sed</strong></span> <span class='ocrx_word' id='word_1_435' title='bbox 3245 1195 3300 1241; x_wconf 89' lang='lat' dir='ltr'><strong>et</strong></span> <span class='ocrx_word' id='word_1_436' title='bbox 3334 1185 3388 1240; x_wconf 92' lang='lat' dir='ltr'><strong>in</strong></span> <span class='ocrx_word' id='word_1_437' title='bbox 3422 1186 3539 1241; x_wconf 81' lang='lat' dir='ltr'><strong>hoc</strong></span> 
     </span>
    </p>
   </div>
   <div class='ocr_carea' id='block_1_55' title="bbox 1939 1277 3529 1350">
    <p class='ocr_par' dir='ltr' id='par_1_55' title="bbox 1939 1277 3529 1350">
     <span class='ocr_line' id='line_1_55' title="bbox 1939 1277 3529 1350; baseline -0.001 -18"><span class='ocrx_word' id='word_1_438' title='bbox 1939 1278 2079 1334; x_wconf 87' lang='lat' dir='ltr'><strong>alter</strong></span> <span class='ocrx_word' id='word_1_439' title='bbox 2106 1288 2189 1334; x_wconf 90' lang='lat' dir='ltr'><strong>est</strong></span> <span class='ocrx_word' id='word_1_440' title='bbox 2216 1279 2269 1332; x_wconf 90' lang='lat' dir='ltr'><strong>in</strong></span> <span class='ocrx_word' id='word_1_441' title='bbox 2296 1294 2527 1350; x_wconf 89' lang='lat' dir='ltr'><strong>persona</strong></span> <span class='ocrx_word' id='word_1_442' title='bbox 2559 1277 2793 1350; x_wconf 88' lang='lat' dir='ltr'><strong>Spiritus</strong></span> <span class='ocrx_word' id='word_1_443' title='bbox 2828 1278 2917 1333; x_wconf 80' lang='lat' dir='ltr'><strong>hic</strong></span> <span class='ocrx_word' id='word_1_444' title='bbox 2947 1278 3261 1350; x_wconf 86' lang='lat' dir='ltr'><strong>principalis</strong></span> <span class='ocrx_word' id='word_1_445' title='bbox 3291 1277 3529 1349; x_wconf 82' lang='lat' dir='ltr'><strong>paracli-</strong></span> 
     </span>
    </p>
   </div>
   <div class='ocr_carea' id='block_1_56' title="bbox 1940 1368 3523 1441">
    <p class='ocr_par' dir='ltr' id='par_1_56' title="bbox 1940 1368 3523 1441">
     <span class='ocr_line' id='line_1_56' title="bbox 1940 1368 3523 1441; baseline 0.001 -18"><span class='ocrx_word' id='word_1_446' title='bbox 1940 1377 2028 1425; x_wconf 89' lang='lat' dir='ltr'><strong>tus</strong></span> <span class='ocrx_word' id='word_1_447' title='bbox 2056 1385 2086 1423; x_wconf 92' lang='lat' dir='ltr'><strong>a</strong></span> <span class='ocrx_word' id='word_1_448' title='bbox 2112 1368 2274 1424; x_wconf 85' lang='lat' dir='ltr'><strong>Patre</strong></span> <span class='ocrx_word' id='word_1_449' title='bbox 2299 1378 2355 1424; x_wconf 89' lang='lat' dir='ltr'><strong>et</strong></span> <span class='ocrx_word' id='word_1_450' title='bbox 2395 1368 2555 1432; x_wconf 88' lang='lat' dir='ltr'><strong>Filio,</strong></span> <span class='ocrx_word' id='word_1_451' title='bbox 2598 1370 2688 1439; x_wconf 90' lang='lat' dir='ltr'><strong>qui</strong></span> <span class='ocrx_word' id='word_1_452' title='bbox 2719 1370 2772 1424; x_wconf 89' lang='lat' dir='ltr'><strong>in</strong></span> <span class='ocrx_word' id='word_1_453' title='bbox 2802 1369 3123 1425; x_wconf 81' lang='lat' dir='ltr'><strong>Pentecoste</strong></span> <span class='ocrx_word' id='word_1_454' title='bbox 3160 1370 3211 1424; x_wconf 90' lang='lat' dir='ltr'><strong>in</strong></span> <span class='ocrx_word' id='word_1_455' title='bbox 3249 1368 3523 1441; x_wconf 91' lang='lat' dir='ltr'><strong>apostolos</strong></span> 
     </span>
    </p>
   </div>
   <div class='ocr_carea' id='block_1_57' title="bbox 1938 1459 3518 1531">
    <p class='ocr_par' dir='ltr' id='par_1_57' title="bbox 1938 1459 3518 1531">
     <span class='ocr_line' id='line_1_57' title="bbox 1938 1459 3518 1531; baseline 0.001 -17"><span class='ocrx_word' id='word_1_456' title='bbox 1938 1459 2141 1515; x_wconf 81' lang='lat' dir='ltr'><strong>eﬂ‘usus</strong></span> <span class='ocrx_word' id='word_1_457' title='bbox 2167 1468 2269 1516; x_wconf 89' lang='lat' dir='ltr'><strong>est.</strong></span> <span class='ocrx_word' id='word_1_458' title='bbox 2320 1459 2389 1514; x_wconf 90' lang='lat' dir='ltr'><strong>Et</strong></span> <span class='ocrx_word' id='word_1_459' title='bbox 2427 1460 2547 1515; x_wconf 88' lang='lat' dir='ltr'><strong>ideo</strong></span> <span class='ocrx_word' id='word_1_460' title='bbox 2575 1460 2691 1516; x_wconf 75' lang='lat' dir='ltr'><strong>luce</strong></span> <span class='ocrx_word' id='word_1_461' title='bbox 2736 1461 3007 1531; x_wconf 77' lang='lat' dir='ltr'><strong>sigillatim</strong></span> <span class='ocrx_word' id='word_1_462' title='bbox 3050 1460 3192 1515; x_wconf 89' lang='lat' dir='ltr'><strong>dicta</strong></span> <span class='ocrx_word' id='word_1_463' title='bbox 3226 1467 3518 1521; x_wconf 87' lang='lat' dir='ltr'><strong>memento.</strong></span> 
     </span>
    </p>
   </div>
   <div class='ocr_carea' id='block_1_58' title="bbox 1937 1549 3522 1623">
    <p class='ocr_par' dir='ltr' id='par_1_58' title="bbox 1937 1549 3522 1623">
     <span class='ocr_line' id='line_1_58' title="bbox 1937 1549 3522 1623; baseline 0 -17"><span class='ocrx_word' id='word_1_464' title='bbox 1937 1560 1999 1606; x_wconf 88' lang='lat' dir='ltr'><strong>ut</strong></span> <span class='ocrx_word' id='word_1_465' title='bbox 2036 1552 2254 1606; x_wconf 92' lang='lat' dir='ltr'><strong>nomina</strong></span> <span class='ocrx_word' id='word_1_466' title='bbox 2297 1551 2519 1623; x_wconf 77' lang='lat' dir='ltr'><strong>singula</strong></span> <span class='ocrx_word' id='word_1_467' title='bbox 2541 1552 2596 1607; x_wconf 91' lang='lat' dir='ltr'><strong>iu</strong></span> <span class='ocrx_word' id='word_1_468' title='bbox 2625 1554 2882 1623; x_wconf 58' lang='lat' dir='ltr'><strong>personis.</strong></span> <span class='ocrx_word' id='word_1_469' title='bbox 2897 1561 3081 1608; x_wconf 86' lang='lat' dir='ltr'><strong>essent</strong></span> <span class='ocrx_word' id='word_1_470' title='bbox 3116 1551 3389 1607; x_wconf 88' lang='lat' dir='ltr'><strong>distincta.</strong></span> <span class='ocrx_word' id='word_1_471' title='bbox 3426 1549 3522 1606; x_wconf 77' lang='lat' dir='ltr'><strong>Vi-</strong></span> 
     </span>
    </p>
   </div>
   <div class='ocr_carea' id='block_1_59' title="bbox 1939 1636 3531 1712">
    <p class='ocr_par' dir='ltr' id='par_1_59' title="bbox 1939 1636 3531 1712">
     <span class='ocr_line' id='line_1_59' title="bbox 1939 1636 3531 1712; baseline -0.001 -15"><span class='ocrx_word' id='word_1_472' title='bbox 1939 1642 2033 1697; x_wconf 86' lang='lat' dir='ltr'><strong>des</strong></span> <span class='ocrx_word' id='word_1_473' title='bbox 2058 1642 2183 1712; x_wconf 89' lang='lat' dir='ltr'><strong>quia</strong></span> <span class='ocrx_word' id='word_1_474' title='bbox 2214 1641 2352 1696; x_wconf 89' lang='lat' dir='ltr'><strong>alter</strong></span> <span class='ocrx_word' id='word_1_475' title='bbox 2380 1643 2448 1696; x_wconf 90' lang='lat' dir='ltr'><strong>ab</strong></span> <span class='ocrx_word' id='word_1_476' title='bbox 2480 1641 2671 1708; x_wconf 89' lang='lat' dir='ltr'><strong>altero,</strong></span> <span class='ocrx_word' id='word_1_477' title='bbox 2702 1642 2817 1697; x_wconf 90' lang='lat' dir='ltr'><strong>sive</strong></span> <span class='ocrx_word' id='word_1_478' title='bbox 2846 1641 2985 1698; x_wconf 84' lang='lat' dir='ltr'><strong>alius</strong></span> <span class='ocrx_word' id='word_1_479' title='bbox 3027 1642 3096 1697; x_wconf 91' lang='lat' dir='ltr'><strong>ab</strong></span> <span class='ocrx_word' id='word_1_480' title='bbox 3143 1641 3250 1697; x_wconf 89' lang='lat' dir='ltr'><strong>alio</strong></span> <span class='ocrx_word' id='word_1_481' title='bbox 3292 1642 3346 1697; x_wconf 92' lang='lat' dir='ltr'><strong>in</strong></span> <span class='ocrx_word' id='word_1_482' title='bbox 3394 1636 3531 1711; x_wconf 51' lang='lat' dir='ltr'><strong>per;</strong></span> 
     </span>
    </p>
   </div>
   <div class='ocr_carea' id='block_1_60' title="bbox 1860 1732 3520 1826">
    <p class='ocr_par' dir='ltr' id='par_1_60' title="bbox 1860 1732 3520 1826">
     <span class='ocr_line' id='line_1_60' title="bbox 1860 1732 3520 1826; baseline -0.001 -39"><span class='ocrx_word' id='word_1_483' title='bbox 1860 1764 1907 1826; x_wconf 74' lang='grc' dir='ltr'><strong>Β</strong></span> <span class='ocrx_word' id='word_1_484' title='bbox 1936 1747 2069 1787; x_wconf 89' lang='lat' dir='ltr'><strong>sona</strong></span> <span class='ocrx_word' id='word_1_485' title='bbox 2109 1741 2315 1788; x_wconf 87' lang='lat' dir='ltr'><strong>tantum</strong></span> <span class='ocrx_word' id='word_1_486' title='bbox 2358 1732 2556 1799; x_wconf 79' lang='lat' dir='ltr'><strong>diﬂ‘ert,</strong></span> <span class='ocrx_word' id='word_1_487' title='bbox 2597 1742 2653 1789; x_wconf 91' lang='lat' dir='ltr'><strong>et</strong></span> <span class='ocrx_word' id='word_1_488' title='bbox 2687 1750 2795 1790; x_wconf 90' lang='lat' dir='ltr'><strong>non</strong></span> <span class='ocrx_word' id='word_1_489' title='bbox 2828 1734 2882 1789; x_wconf 91' lang='lat' dir='ltr'><strong>in</strong></span> <span class='ocrx_word' id='word_1_490' title='bbox 2908 1733 3242 1804; x_wconf 86' lang='lat' dir='ltr'><strong>plenitudine</strong></span> <span class='ocrx_word' id='word_1_491' title='bbox 3267 1732 3520 1789; x_wconf 87' lang='lat' dir='ltr'><strong>divinita-</strong></span> 
     </span>
    </p>
   </div>
   <div class='ocr_carea' id='block_1_61' title="bbox 1935 1823 3516 1896">
    <p class='ocr_par' dir='ltr' id='par_1_61' title="bbox 1935 1823 3516 1896">
     <span class='ocr_line' id='line_1_61' title="bbox 1935 1823 3516 1896; baseline -0.001 -16"><span class='ocrx_word' id='word_1_492' title='bbox 1935 1825 2004 1881; x_wconf 89' lang='lat' dir='ltr'><strong>tis</strong></span> <span class='ocrx_word' id='word_1_493' title='bbox 2041 1826 2238 1891; x_wconf 75' lang='grc' dir='ltr'><strong>οὐσίας,</strong></span> <span class='ocrx_word' id='word_1_494' title='bbox 2264 1823 2403 1880; x_wconf 91' lang='lat' dir='ltr'><strong>sicut</strong></span> <span class='ocrx_word' id='word_1_495' title='bbox 2435 1824 2550 1895; x_wconf 91' lang='lat' dir='ltr'><strong>ipse</strong></span> <span class='ocrx_word' id='word_1_496' title='bbox 2596 1824 2859 1881; x_wconf 89' lang='lat' dir='ltr'><strong>Dominus</strong></span> <span class='ocrx_word' id='word_1_497' title='bbox 2891 1826 2966 1880; x_wconf 90' lang='lat' dir='ltr'><strong>ait</strong></span> <span class='ocrx_word' id='word_1_498' title='bbox 2994 1839 3016 1879; x_wconf 87' lang='lat'><strong>:</strong></span> <span class='ocrx_word' id='word_1_499' title='bbox 3039 1824 3189 1880; x_wconf 86' lang='lat' dir='ltr'><strong>Alius</strong></span> <span class='ocrx_word' id='word_1_500' title='bbox 3214 1834 3287 1879; x_wconf 90' lang='lat' dir='ltr'><strong>est</strong></span> <span class='ocrx_word' id='word_1_501' title='bbox 3317 1825 3409 1896; x_wconf 86' lang='lat' dir='ltr'><strong>qui</strong></span> <span class='ocrx_word' id='word_1_502' title='bbox 3437 1833 3516 1878; x_wconf 86' lang='lat' dir='ltr'><strong>te-</strong></span> 
     </span>
    </p>
   </div>
   <div class='ocr_carea' id='block_1_62' title="bbox 1929 1914 3518 1989">
    <p class='ocr_par' dir='ltr' id='par_1_62' title="bbox 1929 1914 3518 1989">
     <span class='ocr_line' id='line_1_62' title="bbox 1929 1914 3518 1989; baseline -0.003 -16"><span class='ocrx_word' id='word_1_503' title='bbox 1929 1918 2232 1973; x_wconf 88' lang='lat' dir='ltr'><strong>stimonium</strong></span> <span class='ocrx_word' id='word_1_504' title='bbox 2309 1918 2539 1989; x_wconf 81' lang='lat' dir='ltr'><strong>perhibet</strong></span> <span class='ocrx_word' id='word_1_505' title='bbox 2596 1918 2765 1984; x_wconf 75' lang='lat' dir='ltr'><strong>milii,</strong></span> <span class='ocrx_word' id='word_1_506' title='bbox 2837 1919 2927 1989; x_wconf 82' lang='lat' dir='ltr'><strong>qui</strong></span> <span class='ocrx_word' id='word_1_507' title='bbox 2999 1935 3079 1972; x_wconf 88' lang='lat' dir='ltr'><strong>me</strong></span> <span class='ocrx_word' id='word_1_508' title='bbox 3148 1917 3288 1972; x_wconf 87' lang='lat' dir='ltr'><strong>misit</strong></span> <span class='ocrx_word' id='word_1_509' title='bbox 3354 1914 3518 1971; x_wconf 83' lang='lat' dir='ltr'><strong>Pater</strong></span> 
     </span>
    </p>
   </div>
   <div class='ocr_carea' id='block_1_63' title="bbox 1930 2009 3514 2082">
    <p class='ocr_par' dir='ltr' id='par_1_63' title="bbox 1930 2009 3514 2082">
     <span class='ocr_line' id='line_1_63' title="bbox 1930 2009 3514 2082; baseline -0.002 -18"><span class='ocrx_word' id='word_1_510' title='bbox 1930 2009 2208 2082; x_wconf 59' lang='lat' dir='ltr'><strong>(Joantv).</strong></span> <span class='ocrx_word' id='word_1_511' title='bbox 2239 2009 2344 2065; x_wconf 86' lang='lat' dir='ltr'><strong>Sed</strong></span> <span class='ocrx_word' id='word_1_512' title='bbox 2387 2011 2592 2066; x_wconf 82' lang='lat' dir='ltr'><strong>etalio</strong></span> <span class='ocrx_word' id='word_1_513' title='bbox 2632 2012 2692 2066; x_wconf 66' lang='lat' dir='ltr'><strong>in.</strong></span> <span class='ocrx_word' id='word_1_514' title='bbox 2728 2012 2851 2067; x_wconf 85' lang='lat' dir='ltr'><strong>loco</strong></span> <span class='ocrx_word' id='word_1_515' title='bbox 2878 2011 3016 2065; x_wconf 87' lang='lat' dir='ltr'><strong>idem</strong></span> <span class='ocrx_word' id='word_1_516' title='bbox 3067 2011 3182 2081; x_wconf 86' lang='lat' dir='ltr'><strong>ipse</strong></span> <span class='ocrx_word' id='word_1_517' title='bbox 3227 2024 3514 2080; x_wconf 84' lang='lat' dir='ltr'><strong>personam</strong></span> 
     </span>
    </p>
   </div>
   <div class='ocr_carea' id='block_1_64' title="bbox 1929 2100 3513 2172">
    <p class='ocr_par' dir='ltr' id='par_1_64' title="bbox 1929 2100 3513 2172">
     <span class='ocr_line' id='line_1_64' title="bbox 1929 2100 3513 2172; baseline -0.003 -15"><span class='ocrx_word' id='word_1_518' title='bbox 1929 2102 2101 2158; x_wconf 87' lang='lat' dir='ltr'><strong>sancti</strong></span> <span class='ocrx_word' id='word_1_519' title='bbox 2151 2100 2387 2171; x_wconf 81' lang='lat' dir='ltr'><strong>Spiritus</strong></span> <span class='ocrx_word' id='word_1_520' title='bbox 2433 2101 2672 2157; x_wconf 89' lang='lat' dir='ltr'><strong>indicat:</strong></span> <span class='ocrx_word' id='word_1_521' title='bbox 2711 2102 2920 2172; x_wconf 72' lang='lat' dir='ltr'><strong>Rogabo</strong></span> <span class='ocrx_word' id='word_1_522' title='bbox 2964 2100 3179 2156; x_wconf 86' lang='lat' dir='ltr'><strong>Patrem</strong></span> <span class='ocrx_word' id='word_1_523' title='bbox 3222 2118 3425 2164; x_wconf 89' lang='lat' dir='ltr'><strong>meum,</strong></span> <span class='ocrx_word' id='word_1_524' title='bbox 3464 2110 3513 2153; x_wconf 91' lang='lat' dir='ltr'><strong>et</strong></span> 
     </span>
    </p>
   </div>
   <div class='ocr_carea' id='block_1_65' title="bbox 1928 2191 3513 2263">
    <p class='ocr_par' dir='ltr' id='par_1_65' title="bbox 1928 2191 3513 2263">
     <span class='ocr_line' id='line_1_65' title="bbox 1928 2191 3513 2263; baseline -0.003 -15"><span class='ocrx_word' id='word_1_525' title='bbox 1928 2194 2093 2248; x_wconf 90' lang='lat' dir='ltr'><strong>alium</strong></span> <span class='ocrx_word' id='word_1_526' title='bbox 2150 2191 2465 2263; x_wconf 80' lang='lat' dir='ltr'><strong>paraelitum</strong></span> <span class='ocrx_word' id='word_1_527' title='bbox 2532 2192 2699 2246; x_wconf 82' lang='lat' dir='ltr'><strong>mittet</strong></span> <span class='ocrx_word' id='word_1_528' title='bbox 2764 2192 2905 2246; x_wconf 85' lang='lat' dir='ltr'><strong>vobis</strong></span> <span class='ocrx_word' id='word_1_529' title='bbox 2964 2191 3137 2263; x_wconf 67' lang='lat' dir='ltr'><strong>(ibid,</strong></span> <span class='ocrx_word' id='word_1_530' title='bbox 3198 2191 3309 2261; x_wconf 66' lang='lat'><strong>14).</strong></span> <span class='ocrx_word' id='word_1_531' title='bbox 3362 2191 3513 2245; x_wconf 85' lang='lat' dir='ltr'><strong>Scito</strong></span> 
     </span>
    </p>
   </div>
   <div class='ocr_carea' id='block_1_66' title="bbox 1927 2282 3515 2353">
    <p class='ocr_par' dir='ltr' id='par_1_66' title="bbox 1927 2282 3515 2353">
     <span class='ocr_line' id='line_1_66' title="bbox 1927 2282 3515 2353; baseline -0.004 -13"><span class='ocrx_word' id='word_1_532' title='bbox 1927 2285 2093 2341; x_wconf 91' lang='lat' dir='ltr'><strong>alium</strong></span> <span class='ocrx_word' id='word_1_533' title='bbox 2124 2284 2193 2338; x_wconf 90' lang='lat' dir='ltr'><strong>ab</strong></span> <span class='ocrx_word' id='word_1_534' title='bbox 2213 2283 2344 2348; x_wconf 90' lang='lat' dir='ltr'><strong>alio,</strong></span> <span class='ocrx_word' id='word_1_535' title='bbox 2370 2282 2486 2337; x_wconf 87' lang='lat' dir='ltr'><strong>sive</strong></span> <span class='ocrx_word' id='word_1_536' title='bbox 2511 2282 2738 2337; x_wconf 88' lang='lat' dir='ltr'><strong>alterum</strong></span> <span class='ocrx_word' id='word_1_537' title='bbox 2764 2282 2833 2337; x_wconf 89' lang='lat' dir='ltr'><strong>ab</strong></span> <span class='ocrx_word' id='word_1_538' title='bbox 2860 2283 3031 2337; x_wconf 87' lang='lat' dir='ltr'><strong>altera</strong></span> <span class='ocrx_word' id='word_1_539' title='bbox 3054 2283 3107 2337; x_wconf 93' lang='lat' dir='ltr'><strong>in</strong></span> <span class='ocrx_word' id='word_1_540' title='bbox 3135 2296 3363 2353; x_wconf 81' lang='lat' dir='ltr'><strong>persona</strong></span> <span class='ocrx_word' id='word_1_541' title='bbox 3394 2290 3515 2335; x_wconf 78' lang='lat' dir='ltr'><strong>tan-</strong></span> 
     </span>
    </p>
   </div>
   <div class='ocr_carea' id='block_1_67' title="bbox 1928 2375 3517 2448">
    <p class='ocr_par' dir='ltr' id='par_1_67' title="bbox 1928 2375 3517 2448">
     <span class='ocr_line' id='line_1_67' title="bbox 1928 2375 3517 2448; baseline -0.002 -15"><span class='ocrx_word' id='word_1_542' title='bbox 1928 2385 2043 2433; x_wconf 88' lang='lat' dir='ltr'><strong>tum</strong></span> <span class='ocrx_word' id='word_1_543' title='bbox 2076 2375 2314 2445; x_wconf 74' lang='lat' dir='ltr'><strong>dill‘erre,</strong></span> <span class='ocrx_word' id='word_1_544' title='bbox 2343 2384 2399 2433; x_wconf 90' lang='lat' dir='ltr'><strong>et</strong></span> <span class='ocrx_word' id='word_1_545' title='bbox 2427 2390 2534 2432; x_wconf 90' lang='lat' dir='ltr'><strong>non</strong></span> <span class='ocrx_word' id='word_1_546' title='bbox 2561 2376 2618 2431; x_wconf 83' lang='lat' dir='ltr'><strong>in</strong></span> <span class='ocrx_word' id='word_1_547' title='bbox 2644 2376 2807 2431; x_wconf 9' lang='lat' dir='ltr'><strong>unitas</strong></span> <span class='ocrx_word' id='word_1_548' title='bbox 2838 2376 3187 2448; x_wconf 85' lang='lat' dir='ltr'><strong>plenitudine.</strong></span> <span class='ocrx_word' id='word_1_549' title='bbox 3210 2375 3517 2431; x_wconf 84' lang='lat' dir='ltr'><strong>divinitatis</strong></span> 
     </span>
    </p>
   </div>
   <div class='ocr_carea' id='block_1_68' title="bbox 1926 2487 2120 2529">
    <p class='ocr_par' dir='ltr' id='par_1_68' title="bbox 1926 2487 2120 2529">
     <span class='ocr_line' id='line_1_68' title="bbox 1926 2487 2120 2529; baseline -0.015 -1"><span class='ocrx_word' id='word_1_550' title='bbox 1926 2487 2076 2529; x_wconf 75' lang='lat' dir='ltr'><strong>usue.</strong></span> <span class='ocrx_word' id='word_1_551' title='bbox 2099 2491 2120 2525; x_wconf 74' lang='grc' dir='ltr'><strong>ι</strong></span> 
     </span>
    </p>
   </div>
   <div class='ocr_carea' id='block_1_69' title="bbox 2571 2586 2857 2645">
    <p class='ocr_par' dir='ltr' id='par_1_69' title="bbox 2571 2586 2857 2645">
     <span class='ocr_line' id='line_1_69' title="bbox 2571 2586 2857 2645; baseline -0.014 0"><span class='ocrx_word' id='word_1_552' title='bbox 2571 2587 2700 2645; x_wconf 77' lang='lat' dir='ltr'><strong>CAP.</strong></span> <span class='ocrx_word' id='word_1_553' title='bbox 2743 2586 2857 2645; x_wconf 78' lang='lat' dir='ltr'><strong>VII.&quot;</strong></span> 
     </span>
    </p>
   </div>
   <div class='ocr_carea' id='block_1_70' title="bbox 1993 2699 3534 2769">
    <p class='ocr_par' dir='ltr' id='par_1_70' title="bbox 1993 2699 3534 2769">
     <span class='ocr_line' id='line_1_70' title="bbox 1993 2699 3534 2769; baseline -0.005 -7"><span class='ocrx_word' id='word_1_554' title='bbox 1993 2707 2128 2763; x_wconf 85' lang='lat' dir='ltr'><strong>Item</strong></span> <span class='ocrx_word' id='word_1_555' title='bbox 2160 2705 2302 2762; x_wconf 90' lang='lat' dir='ltr'><strong>idem</strong></span> <span class='ocrx_word' id='word_1_556' title='bbox 2347 2704 2401 2759; x_wconf 90' lang='lat' dir='ltr'><strong>in</strong></span> <span class='ocrx_word' id='word_1_557' title='bbox 2444 2704 2632 2760; x_wconf 91' lang='lat' dir='ltr'><strong>eodem</strong></span> <span class='ocrx_word' id='word_1_558' title='bbox 2659 2700 2832 2769; x_wconf 89' lang='lat' dir='ltr'><strong>libro,</strong></span> <span class='ocrx_word' id='word_1_559' title='bbox 2860 2699 2925 2757; x_wconf 78' lang='lat' dir='ltr'><strong>de</strong></span> <span class='ocrx_word' id='word_1_560' title='bbox 2956 2700 3219 2757; x_wconf 88' lang='lat' dir='ltr'><strong>communi</strong></span> <span class='ocrx_word' id='word_1_561' title='bbox 3259 2699 3534 2755; x_wconf 64' lang='lat' dir='ltr'><strong>missione‘</strong></span> 
     </span>
    </p>
   </div>
   <div class='ocr_carea' id='block_1_71' title="bbox 1924 2793 3543 2872">
    <p class='ocr_par' dir='ltr' id='par_1_71' title="bbox 1924 2793 3543 2872">
     <span class='ocr_line' id='line_1_71' title="bbox 1924 2793 3543 2872; baseline -0.009 -14"><span class='ocrx_word' id='word_1_562' title='bbox 1924 2800 2156 2872; x_wconf 86' lang='lat' dir='ltr'><strong>Spiritus</strong></span> <span class='ocrx_word' id='word_1_563' title='bbox 2194 2800 2362 2855; x_wconf 84' lang='lat' dir='ltr'><strong>sancti</strong></span> <span class='ocrx_word' id='word_1_564' title='bbox 2389 2817 2421 2853; x_wconf 91' lang='lat' dir='ltr'><strong>a</strong></span> <span class='ocrx_word' id='word_1_565' title='bbox 2445 2796 2607 2852; x_wconf 85' lang='lat' dir='ltr'><strong>Patre</strong></span> <span class='ocrx_word' id='word_1_566' title='bbox 2645 2807 2693 2853; x_wconf 92' lang='lat' dir='ltr'><strong>et</strong></span> <span class='ocrx_word' id='word_1_567' title='bbox 2734 2795 2877 2851; x_wconf 85' lang='lat' dir='ltr'><strong>Filio</strong></span> <span class='ocrx_word' id='word_1_568' title='bbox 2917 2797 2991 2851; x_wconf 88' lang='lat' dir='ltr'><strong>ita</strong></span> <span class='ocrx_word' id='word_1_569' title='bbox 3033 2795 3207 2851; x_wconf 80' lang='lat' dir='ltr'><strong>fatur:</strong></span> <span class='ocrx_word' id='word_1_570' title='bbox 3237 2813 3257 2848; x_wconf 77' lang='grc' dir='ltr'><strong>ι</strong></span> <span class='ocrx_word' id='word_1_571' title='bbox 3286 2793 3432 2864; x_wconf 74' lang='lat' dir='ltr'><strong>Ergo</strong></span> <span class='ocrx_word' id='word_1_572' title='bbox 3459 2793 3543 2848; x_wconf 63' lang='lat' dir='ltr'><strong>si»-</strong></span> 
     </span>
    </p>
   </div>
   <div class='ocr_carea' id='block_1_72' title="bbox 1924 2884 3541 2959">
    <p class='ocr_par' dir='ltr' id='par_1_72' title="bbox 1924 2884 3541 2959">
     <span class='ocr_line' id='line_1_72' title="bbox 1924 2884 3541 2959; baseline -0.007 -7"><span class='ocrx_word' id='word_1_573' title='bbox 1924 2894 2096 2952; x_wconf 83' lang='lat' dir='ltr'><strong>Filius</strong></span> <span class='ocrx_word' id='word_1_574' title='bbox 2134 2894 2191 2949; x_wconf 89' lang='lat' dir='ltr'><strong>in</strong></span> <span class='ocrx_word' id='word_1_575' title='bbox 2223 2893 2440 2947; x_wconf 82' lang='lat' dir='ltr'><strong>nomine</strong></span> <span class='ocrx_word' id='word_1_576' title='bbox 2464 2891 2643 2945; x_wconf 89' lang='lat' dir='ltr'><strong>Patris</strong></span> <span class='ocrx_word' id='word_1_577' title='bbox 2672 2889 2839 2954; x_wconf 88' lang='lat' dir='ltr'><strong>venit,</strong></span> <span class='ocrx_word' id='word_1_578' title='bbox 2866 2896 2921 2943; x_wconf 90' lang='lat' dir='ltr'><strong>et</strong></span> <span class='ocrx_word' id='word_1_579' title='bbox 2949 2884 3541 2959; x_wconf 49' lang='lat' dir='ltr'><strong>Spiritusparaclitusv</strong></span> 
     </span>
    </p>
   </div>
   <div class='ocr_carea' id='block_1_73' title="bbox 1925 2964 3539 3049">
    <p class='ocr_par' dir='ltr' id='par_1_73' title="bbox 1925 2964 3539 3049">
     <span class='ocr_line' id='line_1_73' title="bbox 1925 2964 3539 3049; baseline -0.009 -5"><span class='ocrx_word' id='word_1_580' title='bbox 1925 2988 1982 3044; x_wconf 91' lang='lat' dir='ltr'><strong>in</strong></span> <span class='ocrx_word' id='word_1_581' title='bbox 2011 2964 2231 3043; x_wconf 54' lang='lat' dir='ltr'><strong>nomine</strong></span> <span class='ocrx_word' id='word_1_582' title='bbox 2262 2985 2385 3040; x_wconf 86' lang='lat' dir='ltr'><strong>Filii</strong></span> <span class='ocrx_word' id='word_1_583' title='bbox 2417 2984 2584 3049; x_wconf 86' lang='lat' dir='ltr'><strong>venit,</strong></span> <span class='ocrx_word' id='word_1_584' title='bbox 2629 2983 2769 3039; x_wconf 90' lang='lat' dir='ltr'><strong>sicut</strong></span> <span class='ocrx_word' id='word_1_585' title='bbox 2813 2980 2983 3036; x_wconf 88' lang='lat' dir='ltr'><strong>Filius</strong></span> <span class='ocrx_word' id='word_1_586' title='bbox 3028 2980 3095 3037; x_wconf 89' lang='lat' dir='ltr'><strong>de</strong></span> <span class='ocrx_word' id='word_1_587' title='bbox 3121 2994 3189 3034; x_wconf 88' lang='lat' dir='ltr'><strong>eo</strong></span> <span class='ocrx_word' id='word_1_588' title='bbox 3227 2986 3457 3034; x_wconf 74' lang='lat' dir='ltr'><strong>testatur</strong></span> <span class='ocrx_word' id='word_1_589' title='bbox 3491 2994 3539 3031; x_wconf 52' lang='grc' dir='ltr'><strong>ιη’</strong></span> 
     </span>
    </p>
   </div>
   <div class='ocr_carea' id='block_1_74' title="bbox 1928 3070 3539 3154">
    <p class='ocr_par' dir='ltr' id='par_1_74' title="bbox 1928 3070 3539 3154">
     <span class='ocr_line' id='line_1_74' title="bbox 1928 3070 3539 3154; baseline -0.009 -18"><span class='ocrx_word' id='word_1_590' title='bbox 1928 3080 2095 3149; x_wconf 88' lang='lat' dir='ltr'><strong>Quem</strong></span> <span class='ocrx_word' id='word_1_591' title='bbox 2125 3081 2309 3154; x_wconf 47' lang='lat' dir='ltr'><strong>mittet.</strong></span> <span class='ocrx_word' id='word_1_592' title='bbox 2331 3076 2495 3133; x_wconf 86' lang='lat' dir='ltr'><strong>Pater</strong></span> <span class='ocrx_word' id='word_1_593' title='bbox 2534 3078 2589 3131; x_wconf 91' lang='lat' dir='ltr'><strong>in</strong></span> <span class='ocrx_word' id='word_1_594' title='bbox 2623 3076 2831 3131; x_wconf 89' lang='lat' dir='ltr'><strong>nomine</strong></span> <span class='ocrx_word' id='word_1_595' title='bbox 2871 3089 2984 3129; x_wconf 84' lang='lat' dir='ltr'><strong>meo</strong></span> <span class='ocrx_word' id='word_1_596' title='bbox 3009 3073 3190 3144; x_wconf 82' lang='lat' dir='ltr'><strong>(Joan.</strong></span> <span class='ocrx_word' id='word_1_597' title='bbox 3228 3086 3342 3139; x_wconf 80' lang='lat' dir='ltr'><strong>xlv,</strong></span> <span class='ocrx_word' id='word_1_598' title='bbox 3388 3070 3539 3140; x_wconf 67' lang='lat'><strong>26),-</strong></span> 
     </span>
    </p>
   </div>
   <div class='ocr_carea' id='block_1_75' title="bbox 1850 3151 3535 3238">
    <p class='ocr_par' dir='ltr' id='par_1_75' title="bbox 1850 3151 3535 3238">
     <span class='ocr_line' id='line_1_75' title="bbox 1850 3151 3535 3238; baseline -0.007 -11"><span class='ocrx_word' id='word_1_599' title='bbox 1850 3151 1895 3214; x_wconf 79' lang='lat' dir='ltr'><strong><em>C</em></strong></span> <span class='ocrx_word' id='word_1_600' title='bbox 1928 3187 2033 3226; x_wconf 90' lang='lat' dir='ltr'><strong>non</strong></span> <span class='ocrx_word' id='word_1_601' title='bbox 2071 3171 2167 3226; x_wconf 90' lang='lat' dir='ltr'><strong>tibi</strong></span> <span class='ocrx_word' id='word_1_602' title='bbox 2195 3151 2431 3235; x_wconf 83' lang='lat' dir='ltr'><strong>videtur,</strong></span> <span class='ocrx_word' id='word_1_603' title='bbox 2460 3169 2585 3238; x_wconf 88' lang='lat' dir='ltr'><strong>quia</strong></span> <span class='ocrx_word' id='word_1_604' title='bbox 2615 3167 2809 3238; x_wconf 80' lang='lat' dir='ltr'><strong>duplex</strong></span> <span class='ocrx_word' id='word_1_605' title='bbox 2846 3175 2901 3222; x_wconf 89' lang='lat' dir='ltr'><strong>et</strong></span> <span class='ocrx_word' id='word_1_606' title='bbox 2929 3166 3018 3221; x_wconf 89' lang='lat' dir='ltr'><strong>hic</strong></span> <span class='ocrx_word' id='word_1_607' title='bbox 3045 3164 3389 3237; x_wconf 82' lang='lat' dir='ltr'><strong>contineatur</strong></span> <span class='ocrx_word' id='word_1_608' title='bbox 3421 3162 3535 3217; x_wconf 55' lang='lat' dir='ltr'><strong>inm</strong></span> 
     </span>
    </p>
   </div>
   <div class='ocr_carea' id='block_1_76' title="bbox 1926 3254 3523 3330">
    <p class='ocr_par' dir='ltr' id='par_1_76' title="bbox 1926 3254 3523 3330">
     <span class='ocr_line' id='line_1_76' title="bbox 1926 3254 3523 3330; baseline -0.007 -11"><span class='ocrx_word' id='word_1_609' title='bbox 1926 3263 2193 3328; x_wconf 89' lang='lat' dir='ltr'><strong>tellectus,</strong></span> <span class='ocrx_word' id='word_1_610' title='bbox 2225 3262 2278 3318; x_wconf 91' lang='lat' dir='ltr'><strong>id</strong></span> <span class='ocrx_word' id='word_1_611' title='bbox 2309 3270 2395 3317; x_wconf 90' lang='lat' dir='ltr'><strong>est</strong></span> <span class='ocrx_word' id='word_1_612' title='bbox 2420 3261 2558 3316; x_wconf 91' lang='lat' dir='ltr'><strong>utin</strong></span> <span class='ocrx_word' id='word_1_613' title='bbox 2583 3260 2800 3316; x_wconf 89' lang='lat' dir='ltr'><strong>nomine</strong></span> <span class='ocrx_word' id='word_1_614' title='bbox 2820 3270 3175 3330; x_wconf 87' lang='lat' dir='ltr'><strong>personarum</strong></span> <span class='ocrx_word' id='word_1_615' title='bbox 3203 3264 3414 3310; x_wconf 89' lang='lat' dir='ltr'><strong>tantum</strong></span> <span class='ocrx_word' id='word_1_616' title='bbox 3436 3254 3523 3309; x_wconf 79' lang='lat' dir='ltr'><strong>sit</strong></span> 
     </span>
    </p>
   </div>
   <div class='ocr_carea' id='block_1_77' title="bbox 1925 3345 3375 3419">
    <p class='ocr_par' dir='ltr' id='par_1_77' title="bbox 1925 3345 3375 3419">
     <span class='ocr_line' id='line_1_77' title="bbox 1925 3345 3375 3419; baseline -0.01 -8"><span class='ocrx_word' id='word_1_617' title='bbox 1925 3352 2222 3419; x_wconf 88' lang='lat' dir='ltr'><strong>distinctio,</strong></span> <span class='ocrx_word' id='word_1_618' title='bbox 2254 3351 2309 3407; x_wconf 94' lang='lat' dir='ltr'><strong>in</strong></span> <span class='ocrx_word' id='word_1_619' title='bbox 2341 3350 2542 3408; x_wconf 83' lang='lat' dir='ltr'><strong>deitate</strong></span> <span class='ocrx_word' id='word_1_620' title='bbox 2566 3359 2746 3406; x_wconf 88' lang='lat' dir='ltr'><strong>autem</strong></span> <span class='ocrx_word' id='word_1_621' title='bbox 2775 3349 2918 3404; x_wconf 89' lang='lat' dir='ltr'><strong>nulla</strong></span> <span class='ocrx_word' id='word_1_622' title='bbox 2943 3348 3013 3403; x_wconf 86' lang='lat' dir='ltr'><strong>sit</strong></span> <span class='ocrx_word' id='word_1_623' title='bbox 3032 3345 3325 3404; x_wconf 87' lang='lat' dir='ltr'><strong>discretio?</strong></span> <span class='ocrx_word' id='word_1_624' title='bbox 3354 3363 3375 3397; x_wconf 73' lang='grc' dir='ltr'><strong>ι</strong></span> 
     </span>
    </p>
   </div>
   <div class='ocr_carea' id='block_1_78' title="bbox 2571 3462 2865 3520">
    <p class='ocr_par' dir='ltr' id='par_1_78' title="bbox 2571 3462 2865 3520">
     <span class='ocr_line' id='line_1_78' title="bbox 2571 3462 2865 3520; baseline -0.014 0"><span class='ocrx_word' id='word_1_625' title='bbox 2571 3463 2701 3520; x_wconf 75' lang='lat' dir='ltr'><strong>CAP.</strong></span> <span class='ocrx_word' id='word_1_626' title='bbox 2733 3462 2865 3517; x_wconf 76' lang='lat' dir='ltr'><strong>Vlll.</strong></span> 
     </span>
    </p>
   </div>
   <div class='ocr_carea' id='block_1_79' title="bbox 1995 3569 3509 3645">
    <p class='ocr_par' dir='ltr' id='par_1_79' title="bbox 1995 3569 3509 3645">
     <span class='ocr_line' id='line_1_79' title="bbox 1995 3569 3509 3645; baseline -0.005 -12"><span class='ocrx_word' id='word_1_627' title='bbox 1995 3577 2129 3633; x_wconf 82' lang='lat' dir='ltr'><strong>Item</strong></span> <span class='ocrx_word' id='word_1_628' title='bbox 2172 3573 2312 3632; x_wconf 88' lang='lat' dir='ltr'><strong>Idem</strong></span> <span class='ocrx_word' id='word_1_629' title='bbox 2340 3574 2456 3645; x_wconf 88' lang='lat' dir='ltr'><strong>ipse</strong></span> <span class='ocrx_word' id='word_1_630' title='bbox 2497 3573 2550 3628; x_wconf 92' lang='lat' dir='ltr'><strong>in</strong></span> <span class='ocrx_word' id='word_1_631' title='bbox 2596 3573 2848 3644; x_wconf 73' lang='lat' dir='ltr'><strong>praesenti</strong></span> <span class='ocrx_word' id='word_1_632' title='bbox 2880 3572 3055 3627; x_wconf 88' lang='lat' dir='ltr'><strong>libro:</strong></span> <span class='ocrx_word' id='word_1_633' title='bbox 3091 3570 3245 3637; x_wconf 84' lang='lat' dir='ltr'><strong>Quod</strong></span> <span class='ocrx_word' id='word_1_634' title='bbox 3280 3569 3509 3641; x_wconf 80' lang='lat' dir='ltr'><strong>Spiritus</strong></span> 
     </span>
    </p>
   </div>
   <div class='ocr_carea' id='block_1_80' title="bbox 1924 3658 3509 3729">
    <p class='ocr_par' dir='ltr' id='par_1_80' title="bbox 1924 3658 3509 3729">
     <span class='ocr_line' id='line_1_80' title="bbox 1924 3658 3509 3729; baseline -0.006 -5"><span class='ocrx_word' id='word_1_635' title='bbox 1924 3678 2137 3725; x_wconf 86' lang='lat' dir='ltr'><strong>sanctus</strong></span> <span class='ocrx_word' id='word_1_636' title='bbox 2183 3684 2215 3721; x_wconf 94' lang='lat' dir='ltr'><strong>a</strong></span> <span class='ocrx_word' id='word_1_637' title='bbox 2254 3666 2363 3721; x_wconf 89' lang='lat' dir='ltr'><strong>Deo</strong></span> <span class='ocrx_word' id='word_1_638' title='bbox 2394 3662 2555 3719; x_wconf 86' lang='lat' dir='ltr'><strong>Patre</strong></span> <span class='ocrx_word' id='word_1_639' title='bbox 2595 3664 2849 3729; x_wconf 88' lang='lat' dir='ltr'><strong>mittatur,</strong></span> <span class='ocrx_word' id='word_1_640' title='bbox 2879 3661 3037 3717; x_wconf 89' lang='lat' dir='ltr'><strong>simul</strong></span> <span class='ocrx_word' id='word_1_641' title='bbox 3064 3671 3111 3715; x_wconf 91' lang='lat' dir='ltr'><strong>et</strong></span> <span class='ocrx_word' id='word_1_642' title='bbox 3147 3677 3180 3715; x_wconf 90' lang='lat' dir='ltr'><strong>a</strong></span> <span class='ocrx_word' id='word_1_643' title='bbox 3210 3660 3310 3715; x_wconf 88' lang='lat' dir='ltr'><strong>Dei</strong></span> <span class='ocrx_word' id='word_1_644' title='bbox 3331 3658 3509 3723; x_wconf 82' lang='lat' dir='ltr'><strong>Filio;</strong></span> 
     </span>
    </p>
   </div>
   <div class='ocr_carea' id='block_1_81' title="bbox 1925 3749 3511 3830">
    <p class='ocr_par' dir='ltr' id='par_1_81' title="bbox 1925 3749 3511 3830">
     <span class='ocr_line' id='line_1_81' title="bbox 1925 3749 3511 3830; baseline -0.007 -15"><span class='ocrx_word' id='word_1_645' title='bbox 1925 3770 1974 3815; x_wconf 88' lang='lat' dir='ltr'><strong>et</strong></span> <span class='ocrx_word' id='word_1_646' title='bbox 2000 3751 2140 3830; x_wconf 62' lang='lat' dir='ltr'><strong>quod</strong></span> <span class='ocrx_word' id='word_1_647' title='bbox 2169 3758 2316 3811; x_wconf 85' lang='lat' dir='ltr'><strong>unita</strong></span> <span class='ocrx_word' id='word_1_648' title='bbox 2338 3763 2563 3827; x_wconf 82' lang='lat' dir='ltr'><strong>potestas</strong></span> <span class='ocrx_word' id='word_1_649' title='bbox 2587 3755 2639 3807; x_wconf 91' lang='lat' dir='ltr'><strong>in</strong></span> <span class='ocrx_word' id='word_1_650' title='bbox 2670 3753 2743 3807; x_wconf 87' lang='lat' dir='ltr'><strong>eis</strong></span> <span class='ocrx_word' id='word_1_651' title='bbox 2766 3753 2855 3818; x_wconf 89' lang='lat' dir='ltr'><strong>sit,</strong></span> <span class='ocrx_word' id='word_1_652' title='bbox 2887 3751 2959 3806; x_wconf 88' lang='lat' dir='ltr'><strong>ita</strong></span> <span class='ocrx_word' id='word_1_653' title='bbox 2983 3750 3157 3821; x_wconf 87' lang='lat' dir='ltr'><strong>inquit</strong></span> <span class='ocrx_word' id='word_1_654' title='bbox 3182 3769 3195 3805; x_wconf 90' lang='lat'><strong>:</strong></span> <span class='ocrx_word' id='word_1_655' title='bbox 3224 3766 3243 3803; x_wconf 72' lang='grc' dir='ltr'><strong>ι</strong></span> <span class='ocrx_word' id='word_1_656' title='bbox 3280 3749 3414 3804; x_wconf 83' lang='lat' dir='ltr'><strong>Nam</strong></span> <span class='ocrx_word' id='word_1_657' title='bbox 3442 3751 3511 3805; x_wconf 87' lang='lat' dir='ltr'><strong>de</strong></span> 
     </span>
    </p>
   </div>
   <div class='ocr_carea' id='block_1_82' title="bbox 1925 3835 3509 3923">
    <p class='ocr_par' dir='ltr' id='par_1_82' title="bbox 1925 3835 3509 3923">
     <span class='ocr_line' id='line_1_82' title="bbox 1925 3835 3509 3923; baseline -0.008 -16"><span class='ocrx_word' id='word_1_658' title='bbox 1925 3865 2155 3923; x_wconf 88' lang='lat' dir='ltr'><strong>persona</strong></span> <span class='ocrx_word' id='word_1_659' title='bbox 2179 3848 2412 3918; x_wconf 91' lang='lat' dir='ltr'><strong>Spiritus</strong></span> <span class='ocrx_word' id='word_1_660' title='bbox 2432 3846 2604 3902; x_wconf 88' lang='lat' dir='ltr'><strong>sancti</strong></span> <span class='ocrx_word' id='word_1_661' title='bbox 2630 3845 2800 3902; x_wconf 90' lang='lat' dir='ltr'><strong>Filius</strong></span> <span class='ocrx_word' id='word_1_662' title='bbox 2830 3835 3077 3907; x_wconf 75' lang='lat' dir='ltr'><strong>testatur,</strong></span> <span class='ocrx_word' id='word_1_663' title='bbox 3099 3843 3313 3900; x_wconf 87' lang='lat' dir='ltr'><strong>dicens:</strong></span> <span class='ocrx_word' id='word_1_664' title='bbox 3341 3840 3509 3908; x_wconf 85' lang='lat' dir='ltr'><strong>Quem</strong></span> 
     </span>
    </p>
   </div>
   <div class='ocr_carea' id='block_1_83' title="bbox 1925 3934 3519 4010">
    <p class='ocr_par' dir='ltr' id='par_1_83' title="bbox 1925 3934 3519 4010">
     <span class='ocr_line' id='line_1_83' title="bbox 1925 3934 3519 4010; baseline -0.007 -12"><span class='ocrx_word' id='word_1_665' title='bbox 1925 3945 2088 3999; x_wconf 88' lang='lat' dir='ltr'><strong>mittet</strong></span> <span class='ocrx_word' id='word_1_666' title='bbox 2121 3941 2282 3997; x_wconf 86' lang='lat' dir='ltr'><strong>Pater</strong></span> <span class='ocrx_word' id='word_1_667' title='bbox 2316 3942 2370 3996; x_wconf 91' lang='lat' dir='ltr'><strong>in</strong></span> <span class='ocrx_word' id='word_1_668' title='bbox 2401 3940 2609 3995; x_wconf 88' lang='lat' dir='ltr'><strong>nomine</strong></span> <span class='ocrx_word' id='word_1_669' title='bbox 2648 3955 2764 3994; x_wconf 89' lang='lat' dir='ltr'><strong>meo</strong></span> <span class='ocrx_word' id='word_1_670' title='bbox 2792 3937 3004 4010; x_wconf 79' lang='lat' dir='ltr'><strong>(Ibid.).</strong></span> <span class='ocrx_word' id='word_1_671' title='bbox 3033 3935 3197 3992; x_wconf 78' lang='lat' dir='ltr'><strong>Vides</strong></span> <span class='ocrx_word' id='word_1_672' title='bbox 3228 3934 3422 3990; x_wconf 86' lang='lat' dir='ltr'><strong>Filium</strong></span> <span class='ocrx_word' id='word_1_673' title='bbox 3454 3935 3519 3988; x_wconf 84' lang='lat' dir='ltr'><strong>in&#39;</strong></span> 
     </span>
    </p>
   </div>
   <div class='ocr_carea' id='block_1_84' title="bbox 1927 4024 3512 4101">
    <p class='ocr_par' dir='ltr' id='par_1_84' title="bbox 1927 4024 3512 4101">
     <span class='ocr_line' id='line_1_84' title="bbox 1927 4024 3512 4101; baseline -0.008 -11"><span class='ocrx_word' id='word_1_674' title='bbox 1927 4036 2031 4091; x_wconf 90' lang='lat' dir='ltr'><strong>hoc</strong></span> <span class='ocrx_word' id='word_1_675' title='bbox 2055 4034 2273 4089; x_wconf 89' lang='lat' dir='ltr'><strong>nomine</strong></span> <span class='ocrx_word' id='word_1_676' title='bbox 2295 4032 2526 4097; x_wconf 88' lang='lat' dir='ltr'><strong>venisse,</strong></span> <span class='ocrx_word' id='word_1_677' title='bbox 2549 4029 2693 4101; x_wconf 87' lang='lat' dir='ltr'><strong>quod</strong></span> <span class='ocrx_word' id='word_1_678' title='bbox 2726 4039 2780 4084; x_wconf 92' lang='lat' dir='ltr'><strong>et</strong></span> <span class='ocrx_word' id='word_1_679' title='bbox 2805 4030 2860 4084; x_wconf 93' lang='lat' dir='ltr'><strong>in</strong></span> <span class='ocrx_word' id='word_1_680' title='bbox 2889 4026 3091 4083; x_wconf 89' lang='lat' dir='ltr'><strong>deitate</strong></span> <span class='ocrx_word' id='word_1_681' title='bbox 3125 4025 3305 4081; x_wconf 88' lang='lat' dir='ltr'><strong>Patris</strong></span> <span class='ocrx_word' id='word_1_682' title='bbox 3331 4024 3512 4080; x_wconf 90' lang='lat' dir='ltr'><strong>uniter</strong></span> 
     </span>
    </p>
   </div>
   <div class='ocr_carea' id='block_1_85' title="bbox 1925 4115 3513 4191">
    <p class='ocr_par' dir='ltr' id='par_1_85' title="bbox 1925 4115 3513 4191">
     <span class='ocr_line' id='line_1_85' title="bbox 1925 4115 3513 4191; baseline -0.007 -11"><span class='ocrx_word' id='word_1_683' title='bbox 1925 4139 2045 4181; x_wconf 88' lang='lat' dir='ltr'><strong>esse</strong></span> <span class='ocrx_word' id='word_1_684' title='bbox 2073 4123 2395 4181; x_wconf 89' lang='lat' dir='ltr'><strong>ostenditur.</strong></span> <span class='ocrx_word' id='word_1_685' title='bbox 2424 4119 2493 4176; x_wconf 88' lang='lat' dir='ltr'><strong>Et</strong></span> <span class='ocrx_word' id='word_1_686' title='bbox 2519 4119 2783 4191; x_wconf 89' lang='lat' dir='ltr'><strong>Spiritum</strong></span> <span class='ocrx_word' id='word_1_687' title='bbox 2806 4124 3052 4175; x_wconf 88' lang='lat' dir='ltr'><strong>sanctum</strong></span> <span class='ocrx_word' id='word_1_688' title='bbox 3081 4117 3134 4172; x_wconf 92' lang='lat' dir='ltr'><strong>in</strong></span> <span class='ocrx_word' id='word_1_689' title='bbox 3163 4117 3268 4173; x_wconf 89' lang='lat' dir='ltr'><strong>hoc</strong></span> <span class='ocrx_word' id='word_1_690' title='bbox 3289 4115 3513 4173; x_wconf 88' lang='lat' dir='ltr'><strong>nomine</strong></span> 
     </span>
    </p>
   </div>
   <div class='ocr_carea' id='block_1_86' title="bbox 1925 4209 3525 4285">
    <p class='ocr_par' dir='ltr' id='par_1_86' title="bbox 1925 4209 3525 4285">
     <span class='ocr_line' id='line_1_86' title="bbox 1925 4209 3525 4285; baseline -0.006 -14"><span class='ocrx_word' id='word_1_691' title='bbox 1925 4217 2138 4273; x_wconf 89' lang='lat' dir='ltr'><strong>venisse</strong></span> <span class='ocrx_word' id='word_1_692' title='bbox 2167 4215 2475 4271; x_wconf 88' lang='lat' dir='ltr'><strong>iudicatur:</strong></span> <span class='ocrx_word' id='word_1_693' title='bbox 2506 4213 2780 4285; x_wconf 88' lang='lat' dir='ltr'><strong>apostolos</strong></span> <span class='ocrx_word' id='word_1_694' title='bbox 2805 4219 2986 4268; x_wconf 90' lang='lat' dir='ltr'><strong>autem</strong></span> <span class='ocrx_word' id='word_1_695' title='bbox 3009 4210 3205 4268; x_wconf 90' lang='lat' dir='ltr'><strong>missos</strong></span> <span class='ocrx_word' id='word_1_696' title='bbox 3234 4209 3422 4277; x_wconf 80' lang='lat' dir='ltr'><strong>fuisse,</strong></span> <span class='ocrx_word' id='word_1_697' title='bbox 3450 4216 3525 4263; x_wconf 80' lang='lat' dir='ltr'><strong>ut.</strong></span> 
     </span>
    </p>
   </div>
   <div class='ocr_carea' id='block_1_87' title="bbox 1926 4299 3516 4378">
    <p class='ocr_par' dir='ltr' id='par_1_87' title="bbox 1926 4299 3516 4378">
     <span class='ocr_line' id='line_1_87' title="bbox 1926 4299 3516 4378; baseline -0.006 -16"><span class='ocrx_word' id='word_1_698' title='bbox 1926 4306 2264 4378; x_wconf 84' lang='lat' dir='ltr'><strong>haptizarent</strong></span> <span class='ocrx_word' id='word_1_699' title='bbox 2294 4317 2483 4359; x_wconf 90' lang='lat' dir='ltr'><strong>omnes</strong></span> <span class='ocrx_word' id='word_1_700' title='bbox 2507 4310 2697 4374; x_wconf 80' lang='lat' dir='ltr'><strong>gentes</strong></span> <span class='ocrx_word' id='word_1_701' title='bbox 2737 4302 2792 4357; x_wconf 91' lang='lat' dir='ltr'><strong>in</strong></span> <span class='ocrx_word' id='word_1_702' title='bbox 2824 4301 2976 4357; x_wconf 92' lang='lat' dir='ltr'><strong>unito</strong></span> <span class='ocrx_word' id='word_1_703' title='bbox 3004 4300 3086 4357; x_wconf 85' lang='lat' dir='ltr'><strong>vel</strong></span> <span class='ocrx_word' id='word_1_704' title='bbox 3109 4299 3382 4356; x_wconf 88' lang='lat' dir='ltr'><strong>communi</strong></span> <span class='ocrx_word' id='word_1_705' title='bbox 3411 4313 3516 4353; x_wconf 53' lang='lat' dir='ltr'><strong>nos</strong></span> 
     </span>
    </p>
   </div>
   <div class='ocr_carea' id='block_1_88' title="bbox 1927 4388 3514 4465">
    <p class='ocr_par' dir='ltr' id='par_1_88' title="bbox 1927 4388 3514 4465">
     <span class='ocr_line' id='line_1_88' title="bbox 1927 4388 3514 4465; baseline -0.006 -13"><span class='ocrx_word' id='word_1_706' title='bbox 1927 4398 2074 4452; x_wconf 85' lang='lat' dir='ltr'><strong>mine</strong></span> <span class='ocrx_word' id='word_1_707' title='bbox 2104 4396 2341 4463; x_wconf 90' lang='lat' dir='ltr'><strong>deitatis,</strong></span> <span class='ocrx_word' id='word_1_708' title='bbox 2363 4394 2507 4465; x_wconf 91' lang='lat' dir='ltr'><strong>quod</strong></span> <span class='ocrx_word' id='word_1_709' title='bbox 2527 4402 2610 4450; x_wconf 89' lang='lat' dir='ltr'><strong>est</strong></span> <span class='ocrx_word' id='word_1_710' title='bbox 2635 4402 2847 4449; x_wconf 61' lang='lat' dir='ltr'><strong>natura:</strong></span> <span class='ocrx_word' id='word_1_711' title='bbox 2871 4391 3157 4448; x_wconf 88' lang='lat' dir='ltr'><strong>invisibilis</strong></span> <span class='ocrx_word' id='word_1_712' title='bbox 3187 4390 3362 4446; x_wconf 89' lang='lat' dir='ltr'><strong>sancti</strong></span> <span class='ocrx_word' id='word_1_713' title='bbox 3390 4388 3514 4459; x_wconf 54' lang='lat' dir='ltr'><strong>Spi;</strong></span> 
     </span>
    </p>
   </div>
   <div class='ocr_carea' id='block_1_89' title="bbox 240 4479 3523 4567">
    <p class='ocr_par' dir='ltr' id='par_1_89' title="bbox 240 4479 3523 4567">
     <span class='ocr_line' id='line_1_89' title="bbox 240 4479 3523 4567; baseline -0.002 -25"><span class='ocrx_word' id='word_1_714' title='bbox 240 4479 386 4535; x_wconf 65' lang='lat' dir='ltr'><strong>diem</strong></span> <span class='ocrx_word' id='word_1_715' title='bbox 411 4483 818 4541; x_wconf 80' lang='lat' dir='ltr'><strong>conﬁrmantem</strong></span> <span class='ocrx_word' id='word_1_716' title='bbox 851 4505 864 4541; x_wconf 91' lang='lat'><strong>:</strong></span> <span class='ocrx_word' id='word_1_717' title='bbox 894 4487 1006 4560; x_wconf 81' lang='lat' dir='ltr'><strong>Ego</strong></span> <span class='ocrx_word' id='word_1_718' title='bbox 1033 4493 1144 4546; x_wconf 83' lang='lat' dir='ltr'><strong>veni</strong></span> <span class='ocrx_word' id='word_1_719' title='bbox 1167 4493 1219 4547; x_wconf 80' lang='lat' dir='ltr'><strong>in</strong></span> <span class='ocrx_word' id='word_1_720' title='bbox 1246 4495 1454 4550; x_wconf 70' lang='lat' dir='ltr'><strong>nomine</strong></span> <span class='ocrx_word' id='word_1_721' title='bbox 1495 4495 1677 4552; x_wconf 61' lang='grc' dir='ltr'><strong>Ραινίε</strong></span> <span class='ocrx_word' id='word_1_722' title='bbox 1698 4500 1821 4567; x_wconf 56' lang='lat' dir='ltr'><strong>mei,</strong></span> <span class='ocrx_word' id='word_1_723' title='bbox 1848 4502 1903 4563; x_wconf 76' lang='grc' dir='ltr'>ι)</span> <span class='ocrx_word' id='word_1_724' title='bbox 1927 4487 2085 4549; x_wconf 91' lang='lat' dir='ltr'><strong>ritus,</strong></span> <span class='ocrx_word' id='word_1_725' title='bbox 2113 4486 2255 4541; x_wconf 89' lang='lat' dir='ltr'><strong>sicut</strong></span> <span class='ocrx_word' id='word_1_726' title='bbox 2281 4485 2542 4554; x_wconf 86' lang='lat' dir='ltr'><strong>scriptum</strong></span> <span class='ocrx_word' id='word_1_727' title='bbox 2568 4492 2652 4539; x_wconf 88' lang='lat' dir='ltr'><strong>est</strong></span> <span class='ocrx_word' id='word_1_728' title='bbox 2675 4500 2691 4540; x_wconf 91' lang='lat'><strong>:</strong></span> <span class='ocrx_word' id='word_1_729' title='bbox 2718 4481 2897 4538; x_wconf 86' lang='lat' dir='ltr'><strong>Nolite</strong></span> <span class='ocrx_word' id='word_1_730' title='bbox 2916 4481 3223 4536; x_wconf 81' lang='lat' dir='ltr'><strong>contristare</strong></span> <span class='ocrx_word' id='word_1_731' title='bbox 3251 4479 3523 4548; x_wconf 82' lang='lat' dir='ltr'><strong>Spiritum</strong></span> 
     </span>
    </p>
   </div>
   <div class='ocr_carea' id='block_1_90' title="bbox 243 4576 1820 4653">
    <p class='ocr_par' dir='ltr' id='par_1_90' title="bbox 243 4576 1820 4653">
     <span class='ocr_line' id='line_1_90' title="bbox 243 4576 1820 4653; baseline 0.011 -26"><span class='ocrx_word' id='word_1_732' title='bbox 243 4581 295 4627; x_wconf 88' lang='lat' dir='ltr'><strong>et</strong></span> <span class='ocrx_word' id='word_1_733' title='bbox 318 4587 424 4627; x_wconf 88' lang='lat' dir='ltr'><strong>non</strong></span> <span class='ocrx_word' id='word_1_734' title='bbox 444 4576 829 4653; x_wconf 70' lang='lat' dir='ltr'><strong>merecepistis.</strong></span> <span class='ocrx_word' id='word_1_735' title='bbox 860 4579 993 4635; x_wconf 82' lang='lat' dir='ltr'><strong>Cum</strong></span> <span class='ocrx_word' id='word_1_736' title='bbox 1022 4593 1197 4637; x_wconf 88' lang='lat' dir='ltr'><strong>autem</strong></span> <span class='ocrx_word' id='word_1_737' title='bbox 1232 4585 1369 4641; x_wconf 88' lang='lat' dir='ltr'><strong>alius</strong></span> <span class='ocrx_word' id='word_1_738' title='bbox 1395 4589 1590 4643; x_wconf 83' lang='lat' dir='ltr'><strong>venerit</strong></span> <span class='ocrx_word' id='word_1_739' title='bbox 1630 4590 1684 4644; x_wconf 88' lang='lat' dir='ltr'><strong>in</strong></span> <span class='ocrx_word' id='word_1_740' title='bbox 1724 4607 1820 4645; x_wconf 46' lang='lat' dir='ltr'><strong>no.</strong></span> 
     </span>
    </p>
   </div>
   <div class='ocr_carea' id='block_1_91' title="bbox 236 4664 1823 4749">
    <p class='ocr_par' dir='ltr' id='par_1_91' title="bbox 236 4664 1823 4749">
     <span class='ocr_line' id='line_1_91' title="bbox 236 4664 1823 4749; baseline 0.013 -33"><span class='ocrx_word' id='word_1_741' title='bbox 236 4664 382 4718; x_wconf 88' lang='lat' dir='ltr'><strong>mine</strong></span> <span class='ocrx_word' id='word_1_742' title='bbox 436 4682 574 4731; x_wconf 88' lang='lat' dir='ltr'><strong>suo,</strong></span> <span class='ocrx_word' id='word_1_743' title='bbox 632 4684 753 4722; x_wconf 88' lang='lat' dir='ltr'><strong>eum</strong></span> <span class='ocrx_word' id='word_1_744' title='bbox 814 4671 1069 4742; x_wconf 83' lang='lat' dir='ltr'><strong>recipietis</strong></span> <span class='ocrx_word' id='word_1_745' title='bbox 1131 4674 1312 4746; x_wconf 82' lang='lat' dir='ltr'><strong>(Joan.</strong></span> <span class='ocrx_word' id='word_1_746' title='bbox 1361 4693 1485 4745; x_wconf 80' lang='lat' dir='ltr'><strong>xlv,</strong></span> <span class='ocrx_word' id='word_1_747' title='bbox 1530 4678 1645 4749; x_wconf 75' lang='lat'><strong>26).</strong></span> <span class='ocrx_word' id='word_1_748' title='bbox 1715 4680 1823 4737; x_wconf 90' lang='lat' dir='ltr'><strong>Sed</strong></span> 
     </span>
    </p>
   </div>
   <div class='ocr_carea' id='block_1_92' title="bbox 236 4756 1819 4839">
    <p class='ocr_par' dir='ltr' id='par_1_92' title="bbox 236 4756 1819 4839">
     <span class='ocr_line' id='line_1_92' title="bbox 236 4756 1819 4839; baseline 0.011 -30"><span class='ocrx_word' id='word_1_749' title='bbox 236 4765 292 4809; x_wconf 89' lang='lat' dir='ltr'><strong>et</strong></span> <span class='ocrx_word' id='word_1_750' title='bbox 344 4756 413 4810; x_wconf 87' lang='lat' dir='ltr'><strong>de</strong></span> <span class='ocrx_word' id='word_1_751' title='bbox 467 4756 670 4826; x_wconf 85' lang='lat' dir='ltr'><strong>Spiritu</strong></span> <span class='ocrx_word' id='word_1_752' title='bbox 720 4769 909 4816; x_wconf 88' lang='lat' dir='ltr'><strong>sancto</strong></span> <span class='ocrx_word' id='word_1_753' title='bbox 958 4764 1131 4832; x_wconf 86' lang='lat' dir='ltr'><strong>ipsum</strong></span> <span class='ocrx_word' id='word_1_754' title='bbox 1179 4782 1394 4823; x_wconf 87' lang='lat' dir='ltr'><strong>rursum</strong></span> <span class='ocrx_word' id='word_1_755' title='bbox 1443 4778 1819 4839; x_wconf 84' lang='lat' dir='ltr'><strong>repetentem:</strong></span> 
     </span>
    </p>
   </div>
   <div class='ocr_carea' id='block_1_93' title="bbox 237 4851 1823 4933">
    <p class='ocr_par' dir='ltr' id='par_1_93' title="bbox 237 4851 1823 4933">
     <span class='ocr_line' id='line_1_93' title="bbox 237 4851 1823 4933; baseline 0.01 -30"><span class='ocrx_word' id='word_1_756' title='bbox 237 4851 411 4917; x_wconf 86' lang='lat' dir='ltr'><strong>Quem</strong></span> <span class='ocrx_word' id='word_1_757' title='bbox 447 4854 613 4907; x_wconf 89' lang='lat' dir='ltr'><strong>mittet</strong></span> <span class='ocrx_word' id='word_1_758' title='bbox 643 4851 808 4909; x_wconf 85' lang='lat' dir='ltr'><strong>Pater</strong></span> <span class='ocrx_word' id='word_1_759' title='bbox 833 4873 978 4911; x_wconf 85' lang='lat' dir='ltr'><strong>meus</strong></span> <span class='ocrx_word' id='word_1_760' title='bbox 1004 4858 1058 4911; x_wconf 89' lang='lat' dir='ltr'><strong>in</strong></span> <span class='ocrx_word' id='word_1_761' title='bbox 1082 4860 1289 4914; x_wconf 86' lang='lat' dir='ltr'><strong>nomine</strong></span> <span class='ocrx_word' id='word_1_762' title='bbox 1310 4877 1444 4915; x_wconf 89' lang='lat' dir='ltr'><strong>meo.</strong></span> <span class='ocrx_word' id='word_1_763' title='bbox 1473 4861 1543 4916; x_wconf 87' lang='lat' dir='ltr'><strong>Et</strong></span> <span class='ocrx_word' id='word_1_764' title='bbox 1567 4862 1823 4933; x_wconf 88' lang='lat' dir='ltr'><strong>deinceps</strong></span> 
     </span>
    </p>
   </div>
   <div class='ocr_carea' id='block_1_94' title="bbox 234 4940 1824 5017">
    <p class='ocr_par' dir='ltr' id='par_1_94' title="bbox 234 4940 1824 5017">
     <span class='ocr_line' id='line_1_94' title="bbox 234 4940 1824 5017; baseline 0.009 -22"><span class='ocrx_word' id='word_1_765' title='bbox 234 4956 363 4995; x_wconf 90' lang='lat' dir='ltr'><strong>eum</strong></span> <span class='ocrx_word' id='word_1_766' title='bbox 393 4940 460 4996; x_wconf 89' lang='lat' dir='ltr'><strong>de</strong></span> <span class='ocrx_word' id='word_1_767' title='bbox 481 4943 697 4999; x_wconf 89' lang='lat' dir='ltr'><strong>nomine</strong></span> <span class='ocrx_word' id='word_1_768' title='bbox 722 4959 819 4999; x_wconf 91' lang='lat' dir='ltr'><strong>suo</strong></span> <span class='ocrx_word' id='word_1_769' title='bbox 846 4946 969 5000; x_wconf 88' lang='lat' dir='ltr'><strong>audi</strong></span> <span class='ocrx_word' id='word_1_770' title='bbox 997 4947 1289 5017; x_wconf 89' lang='lat' dir='ltr'><strong>discipulos</strong></span> <span class='ocrx_word' id='word_1_771' title='bbox 1314 4951 1622 5007; x_wconf 88' lang='lat' dir='ltr'><strong>hortantem</strong></span> <span class='ocrx_word' id='word_1_772' title='bbox 1649 4967 1664 5006; x_wconf 92' lang='lat'><strong>:</strong></span> <span class='ocrx_word' id='word_1_773' title='bbox 1697 4951 1824 5008; x_wconf 58' lang='lat' dir='ltr'><strong>Omv</strong></span> 
     </span>
    </p>
   </div>
   <div class='ocr_carea' id='block_1_95' title="bbox 236 5032 1818 5109">
    <p class='ocr_par' dir='ltr' id='par_1_95' title="bbox 236 5032 1818 5109">
     <span class='ocr_line' id='line_1_95' title="bbox 236 5032 1818 5109; baseline 0.01 -26"><span class='ocrx_word' id='word_1_774' title='bbox 236 5032 328 5085; x_wconf 86' lang='lat' dir='ltr'><strong>nia</strong></span> <span class='ocrx_word' id='word_1_775' title='bbox 353 5048 677 5104; x_wconf 81' lang='lat' dir='ltr'><strong>qutrcunque</strong></span> <span class='ocrx_word' id='word_1_776' title='bbox 704 5035 955 5105; x_wconf 84' lang='lat' dir='ltr'><strong>petieritis</strong></span> <span class='ocrx_word' id='word_1_777' title='bbox 981 5055 1013 5090; x_wconf 92' lang='lat' dir='ltr'><strong>a</strong></span> <span class='ocrx_word' id='word_1_778' title='bbox 1039 5037 1201 5094; x_wconf 82' lang='lat' dir='ltr'><strong>Patre</strong></span> <span class='ocrx_word' id='word_1_779' title='bbox 1229 5041 1281 5094; x_wconf 89' lang='lat' dir='ltr'><strong>in</strong></span> <span class='ocrx_word' id='word_1_780' title='bbox 1311 5043 1518 5096; x_wconf 83' lang='lat' dir='ltr'><strong>nomine</strong></span> <span class='ocrx_word' id='word_1_781' title='bbox 1550 5060 1686 5109; x_wconf 87' lang='lat' dir='ltr'><strong>meo,</strong></span> <span class='ocrx_word' id='word_1_782' title='bbox 1720 5045 1818 5099; x_wconf 87' lang='lat' dir='ltr'><strong>da-</strong></span> 
     </span>
    </p>
   </div>
   <div class='ocr_carea' id='block_1_96' title="bbox 232 5123 1823 5203">
    <p class='ocr_par' dir='ltr' id='par_1_96' title="bbox 232 5123 1823 5203">
     <span class='ocr_line' id='line_1_96' title="bbox 232 5123 1823 5203; baseline 0.006 -24"><span class='ocrx_word' id='word_1_783' title='bbox 232 5124 306 5179; x_wconf 86' lang='lat' dir='ltr'><strong>bit</strong></span> <span class='ocrx_word' id='word_1_784' title='bbox 334 5123 476 5179; x_wconf 82' lang='lat' dir='ltr'><strong>vobis</strong></span> <span class='ocrx_word' id='word_1_785' title='bbox 504 5124 698 5196; x_wconf 75' lang='lat' dir='ltr'><strong>(Marc.</strong></span> <span class='ocrx_word' id='word_1_786' title='bbox 728 5129 832 5199; x_wconf 68' lang='grc' dir='ltr'>ιι).</span> <span class='ocrx_word' id='word_1_787' title='bbox 863 5128 969 5184; x_wconf 87' lang='lat' dir='ltr'><strong>Sed</strong></span> <span class='ocrx_word' id='word_1_788' title='bbox 1010 5139 1065 5186; x_wconf 90' lang='lat' dir='ltr'><strong>et</strong></span> <span class='ocrx_word' id='word_1_789' title='bbox 1109 5132 1411 5203; x_wconf 89' lang='lat' dir='ltr'><strong>apostolum</strong></span> <span class='ocrx_word' id='word_1_790' title='bbox 1457 5132 1682 5189; x_wconf 83' lang='lat' dir='ltr'><strong>Paulum</strong></span> <span class='ocrx_word' id='word_1_791' title='bbox 1731 5150 1823 5190; x_wconf 89' lang='lat' dir='ltr'><strong>ea-</strong></span> 
     </span>
    </p>
   </div>
   <div class='ocr_carea' id='block_1_97' title="bbox 233 5216 1824 5290">
    <p class='ocr_par' dir='ltr' id='par_1_97' title="bbox 233 5216 1824 5290">
     <span class='ocr_line' id='line_1_97' title="bbox 233 5216 1824 5290; baseline 0.005 -18"><span class='ocrx_word' id='word_1_792' title='bbox 233 5218 359 5272; x_wconf 87' lang='lat' dir='ltr'><strong>dem</strong></span> <span class='ocrx_word' id='word_1_793' title='bbox 393 5225 680 5274; x_wconf 88' lang='lat' dir='ltr'><strong>testantem</strong></span> <span class='ocrx_word' id='word_1_794' title='bbox 709 5238 722 5274; x_wconf 94' lang='lat'><strong>:</strong></span> <span class='ocrx_word' id='word_1_795' title='bbox 754 5216 857 5274; x_wconf 82' lang='lat' dir='ltr'><strong>Sed</strong></span> <span class='ocrx_word' id='word_1_796' title='bbox 877 5220 1040 5275; x_wconf 73' lang='lat' dir='ltr'><strong>abluti</strong></span> <span class='ocrx_word' id='word_1_797' title='bbox 1068 5223 1213 5287; x_wconf 81' lang='lat' dir='ltr'><strong>estis,</strong></span> <span class='ocrx_word' id='word_1_798' title='bbox 1242 5224 1333 5277; x_wconf 89' lang='lat' dir='ltr'><strong>sed</strong></span> <span class='ocrx_word' id='word_1_799' title='bbox 1359 5224 1672 5290; x_wconf 78' lang='lat' dir='ltr'><strong>sancti/ictui</strong></span> <span class='ocrx_word' id='word_1_800' title='bbox 1701 5226 1824 5280; x_wconf 86' lang='lat' dir='ltr'><strong>estis</strong></span> 
     </span>
    </p>
   </div>
   <div class='ocr_carea' id='block_1_98' title="bbox 230 5309 1825 5387">
    <p class='ocr_par' dir='ltr' id='par_1_98' title="bbox 230 5309 1825 5387">
     <span class='ocr_line' id='line_1_98' title="bbox 230 5309 1825 5387; baseline 0.006 -25"><span class='ocrx_word' id='word_1_801' title='bbox 230 5310 291 5362; x_wconf 87' lang='lat' dir='ltr'><strong>in</strong></span> <span class='ocrx_word' id='word_1_802' title='bbox 321 5309 531 5363; x_wconf 86' lang='lat' dir='ltr'><strong>nomine</strong></span> <span class='ocrx_word' id='word_1_803' title='bbox 565 5310 780 5365; x_wconf 86' lang='lat' dir='ltr'><strong>Domini</strong></span> <span class='ocrx_word' id='word_1_804' title='bbox 818 5314 984 5367; x_wconf 86' lang='lat' dir='ltr'><strong>nostri</strong></span> <span class='ocrx_word' id='word_1_805' title='bbox 1023 5314 1151 5369; x_wconf 83' lang='lat' dir='ltr'><strong>Jesu</strong></span> <span class='ocrx_word' id='word_1_806' title='bbox 1179 5312 1394 5380; x_wconf 82' lang='lat' dir='ltr'><strong>Christi,</strong></span> <span class='ocrx_word' id='word_1_807' title='bbox 1423 5326 1470 5370; x_wconf 88' lang='lat' dir='ltr'><strong>et</strong></span> <span class='ocrx_word' id='word_1_808' title='bbox 1500 5314 1702 5387; x_wconf 85' lang='lat' dir='ltr'><strong>Spiritu</strong></span> <span class='ocrx_word' id='word_1_809' title='bbox 1724 5316 1825 5371; x_wconf 89' lang='lat' dir='ltr'><strong>Dei</strong></span> 
     </span>
    </p>
   </div>
   <div class='ocr_carea' id='block_1_99' title="bbox 231 5400 1824 5479">
    <p class='ocr_par' dir='ltr' id='par_1_99' title="bbox 231 5400 1824 5479">
     <span class='ocr_line' id='line_1_99' title="bbox 231 5400 1824 5479; baseline 0.006 -25"><span class='ocrx_word' id='word_1_810' title='bbox 231 5402 405 5455; x_wconf 81' lang='lat' dir='ltr'><strong>nostri</strong></span> <span class='ocrx_word' id='word_1_811' title='bbox 446 5400 499 5473; x_wconf 94' lang='lat' dir='ltr'><strong>(I</strong></span> <span class='ocrx_word' id='word_1_812' title='bbox 530 5402 655 5458; x_wconf 80' lang='lat' dir='ltr'><strong>Cor.</strong></span> <span class='ocrx_word' id='word_1_813' title='bbox 683 5408 780 5466; x_wconf 68' lang='grc' dir='ltr'><strong>γι).</strong></span> <span class='ocrx_word' id='word_1_814' title='bbox 812 5404 950 5466; x_wconf 81' lang='grc' dir='ltr'><strong>Αιωὶ</strong></span> <span class='ocrx_word' id='word_1_815' title='bbox 973 5405 1167 5461; x_wconf 86' lang='lat' dir='ltr'><strong>Isaiam</strong></span> <span class='ocrx_word' id='word_1_816' title='bbox 1193 5407 1258 5462; x_wconf 90' lang='lat' dir='ltr'><strong>de</strong></span> <span class='ocrx_word' id='word_1_817' title='bbox 1285 5407 1436 5461; x_wconf 86' lang='lat' dir='ltr'><strong>unito</strong></span> <span class='ocrx_word' id='word_1_818' title='bbox 1464 5408 1685 5463; x_wconf 89' lang='lat' dir='ltr'><strong>nomine</strong></span> <span class='ocrx_word' id='word_1_819' title='bbox 1710 5408 1824 5479; x_wconf 83' lang='lat' dir='ltr'><strong>glo-</strong></span> 
     </span>
    </p>
   </div>
   <div class='ocr_carea' id='block_1_100' title="bbox 230 5494 1822 5570">
    <p class='ocr_par' dir='ltr' id='par_1_100' title="bbox 230 5494 1822 5570">
     <span class='ocr_line' id='line_1_100' title="bbox 230 5494 1822 5570; baseline 0.005 -23"><span class='ocrx_word' id='word_1_820' title='bbox 230 5494 333 5554; x_wconf 59' lang='lat' dir='ltr'><strong>ria:</strong></span> <span class='ocrx_word' id='word_1_821' title='bbox 357 5496 532 5551; x_wconf 89' lang='lat' dir='ltr'><strong>sancti</strong></span> <span class='ocrx_word' id='word_1_822' title='bbox 573 5495 808 5568; x_wconf 79' lang='lat' dir='ltr'><strong>9piritus</strong></span> <span class='ocrx_word' id='word_1_823' title='bbox 839 5498 1202 5555; x_wconf 87' lang='lat' dir='ltr'><strong>declarantem</strong></span> <span class='ocrx_word' id='word_1_824' title='bbox 1231 5517 1244 5554; x_wconf 94' lang='lat'><strong>:</strong></span> <span class='ocrx_word' id='word_1_825' title='bbox 1278 5498 1555 5554; x_wconf 85' lang='lat' dir='ltr'><strong>Descendit</strong></span> <span class='ocrx_word' id='word_1_826' title='bbox 1593 5499 1822 5570; x_wconf 77' lang='lat' dir='ltr'><strong>Spiritus</strong></span> 
     </span>
    </p>
   </div>
   <div class='ocr_carea' id='block_1_101' title="bbox 1928 4571 3511 4644">
    <p class='ocr_par' dir='ltr' id='par_1_101' title="bbox 1928 4571 3511 4644">
     <span class='ocr_line' id='line_1_101' title="bbox 1928 4571 3511 4644; baseline -0.005 -13"><span class='ocrx_word' id='word_1_827' title='bbox 1928 4586 2166 4632; x_wconf 89' lang='lat' dir='ltr'><strong>sanctum</strong></span> <span class='ocrx_word' id='word_1_828' title='bbox 2193 4574 2313 4641; x_wconf 87' lang='lat' dir='ltr'><strong>Dei,</strong></span> <span class='ocrx_word' id='word_1_829' title='bbox 2340 4575 2395 4628; x_wconf 91' lang='lat' dir='ltr'><strong>in</strong></span> <span class='ocrx_word' id='word_1_830' title='bbox 2424 4590 2526 4644; x_wconf 90' lang='lat' dir='ltr'><strong>quo</strong></span> <span class='ocrx_word' id='word_1_831' title='bbox 2566 4574 2759 4643; x_wconf 88' lang='lat' dir='ltr'><strong>signati</strong></span> <span class='ocrx_word' id='word_1_832' title='bbox 2786 4574 2909 4627; x_wconf 88' lang='lat' dir='ltr'><strong>estis</strong></span> <span class='ocrx_word' id='word_1_833' title='bbox 2938 4572 2993 4626; x_wconf 90' lang='lat' dir='ltr'><strong>in</strong></span> <span class='ocrx_word' id='word_1_834' title='bbox 3032 4573 3118 4626; x_wconf 89' lang='lat' dir='ltr'><strong>die</strong></span> <span class='ocrx_word' id='word_1_835' title='bbox 3145 4571 3511 4642; x_wconf 85' lang='lat' dir='ltr'><strong>redemptionis</strong></span> 
     </span>
    </p>
   </div>
   <div class='ocr_carea' id='block_1_102' title="bbox 1927 4661 3512 4738">
    <p class='ocr_par' dir='ltr' id='par_1_102' title="bbox 1927 4661 3512 4738">
     <span class='ocr_line' id='line_1_102' title="bbox 1927 4661 3512 4738; baseline -0.005 -14"><span class='ocrx_word' id='word_1_836' title='bbox 1927 4680 2109 4724; x_wconf 79' lang='lat' dir='ltr'><strong>vestra:</strong></span> <span class='ocrx_word' id='word_1_837' title='bbox 2134 4665 2278 4738; x_wconf 86' lang='lat' dir='ltr'><strong>(Gal.</strong></span> <span class='ocrx_word' id='word_1_838' title='bbox 2304 4681 2376 4730; x_wconf 81' lang='lat' dir='ltr'><strong>tv,</strong></span> <span class='ocrx_word' id='word_1_839' title='bbox 2405 4666 2516 4737; x_wconf 75' lang='grc'><strong>50).</strong></span> <span class='ocrx_word' id='word_1_840' title='bbox 2541 4663 2638 4719; x_wconf 81' lang='lat' dir='ltr'><strong>Vel</strong></span> <span class='ocrx_word' id='word_1_841' title='bbox 2667 4664 2770 4721; x_wconf 88' lang='lat' dir='ltr'><strong>hoc</strong></span> <span class='ocrx_word' id='word_1_842' title='bbox 2798 4682 2812 4718; x_wconf 92' lang='lat'><strong>:</strong></span> <span class='ocrx_word' id='word_1_843' title='bbox 2843 4661 2912 4717; x_wconf 88' lang='lat' dir='ltr'><strong>Et</strong></span> <span class='ocrx_word' id='word_1_844' title='bbox 2935 4679 3112 4717; x_wconf 89' lang='lat' dir='ltr'><strong>omnes</strong></span> <span class='ocrx_word' id='word_1_845' title='bbox 3140 4661 3512 4721; x_wconf 74' lang='lat' dir='ltr'><strong>unnm,Sviri-</strong></span> 
     </span>
    </p>
   </div>
   <div class='ocr_carea' id='block_1_103' title="bbox 1928 4752 3513 4829">
    <p class='ocr_par' dir='ltr' id='par_1_103' title="bbox 1928 4752 3513 4829">
     <span class='ocr_line' id='line_1_103' title="bbox 1928 4752 3513 4829; baseline -0.004 -16"><span class='ocrx_word' id='word_1_846' title='bbox 1928 4769 2037 4813; x_wconf 90' lang='lat' dir='ltr'><strong>tum</strong></span> <span class='ocrx_word' id='word_1_847' title='bbox 2068 4758 2357 4829; x_wconf 83' lang='lat' dir='ltr'><strong>potavimus</strong></span> <span class='ocrx_word' id='word_1_848' title='bbox 2381 4754 2433 4828; x_wconf 91' lang='grc' dir='ltr'><strong>(Ι</strong></span> <span class='ocrx_word' id='word_1_849' title='bbox 2462 4752 2585 4810; x_wconf 87' lang='lat' dir='ltr'><strong>Cor.</strong></span> <span class='ocrx_word' id='word_1_850' title='bbox 2616 4770 2717 4820; x_wconf 84' lang='lat' dir='ltr'><strong>xu,</strong></span> <span class='ocrx_word' id='word_1_851' title='bbox 2756 4754 2865 4826; x_wconf 75' lang='lat'><strong>13).</strong></span> <span class='ocrx_word' id='word_1_852' title='bbox 2897 4753 3023 4808; x_wconf 83' lang='lat' dir='ltr'><strong>Sive</strong></span> <span class='ocrx_word' id='word_1_853' title='bbox 3054 4752 3280 4808; x_wconf 88' lang='lat' dir='ltr'><strong>unitatis</strong></span> <span class='ocrx_word' id='word_1_854' title='bbox 3310 4765 3513 4808; x_wconf 87' lang='lat' dir='ltr'><strong>nomen</strong></span> 
     </span>
    </p>
   </div>
   <div class='ocr_carea' id='block_1_104' title="bbox 1927 4841 3514 4921">
    <p class='ocr_par' dir='ltr' id='par_1_104' title="bbox 1927 4841 3514 4921">
     <span class='ocr_line' id='line_1_104' title="bbox 1927 4841 3514 4921; baseline -0.006 -14"><span class='ocrx_word' id='word_1_855' title='bbox 1927 4851 2197 4921; x_wconf 83' lang='lat' dir='ltr'><strong>baptismo</strong></span> <span class='ocrx_word' id='word_1_856' title='bbox 2243 4857 2502 4920; x_wconf 83' lang='lat' dir='ltr'><strong>cperante</strong></span> <span class='ocrx_word' id='word_1_857' title='bbox 2546 4848 2759 4918; x_wconf 90' lang='lat' dir='ltr'><strong>suscipe</strong></span> <span class='ocrx_word' id='word_1_858' title='bbox 2803 4846 3032 4902; x_wconf 89' lang='lat' dir='ltr'><strong>dicentis</strong></span> <span class='ocrx_word' id='word_1_859' title='bbox 3069 4862 3082 4898; x_wconf 91' lang='lat'><strong>:</strong></span> <span class='ocrx_word' id='word_1_860' title='bbox 3122 4841 3190 4898; x_wconf 85' lang='lat' dir='ltr'><strong>Et</strong></span> <span class='ocrx_word' id='word_1_861' title='bbox 3240 4859 3328 4899; x_wconf 87' lang='lat' dir='ltr'><strong>vos</strong></span> <span class='ocrx_word' id='word_1_862' title='bbox 3367 4845 3514 4898; x_wconf 84' lang='lat' dir='ltr'><strong>eritis</strong></span> 
     </span>
    </p>
   </div>
   <div class='ocr_carea' id='block_1_105' title="bbox 1928 4932 3514 5014">
    <p class='ocr_par' dir='ltr' id='par_1_105' title="bbox 1928 4932 3514 5014">
     <span class='ocr_line' id='line_1_105' title="bbox 1928 4932 3514 5014; baseline -0.006 -16"><span class='ocrx_word' id='word_1_863' title='bbox 1928 4944 2057 4999; x_wconf 88' lang='lat' dir='ltr'><strong>milti</strong></span> <span class='ocrx_word' id='word_1_864' title='bbox 2088 4944 2142 4997; x_wconf 90' lang='lat' dir='ltr'><strong>in</strong></span> <span class='ocrx_word' id='word_1_865' title='bbox 2165 4941 2304 5014; x_wconf 80' lang='lat' dir='ltr'><strong>filios</strong></span> <span class='ocrx_word' id='word_1_866' title='bbox 2330 4950 2379 4997; x_wconf 88' lang='lat' dir='ltr'><strong>et</strong></span> <span class='ocrx_word' id='word_1_867' title='bbox 2403 4940 2544 5011; x_wconf 76' lang='lat' dir='ltr'><strong>ﬁlias</strong></span> <span class='ocrx_word' id='word_1_868' title='bbox 2561 4982 2582 5008; x_wconf 85' lang='grc'><strong>,</strong></span> <span class='ocrx_word' id='word_1_869' title='bbox 2611 4940 2738 4995; x_wconf 75' lang='lat' dir='ltr'><strong>dicit</strong></span> <span class='ocrx_word' id='word_1_870' title='bbox 2765 4939 3020 4994; x_wconf 87' lang='lat' dir='ltr'><strong>Dominus</strong></span> <span class='ocrx_word' id='word_1_871' title='bbox 3059 4936 3383 5008; x_wconf 85' lang='lat' dir='ltr'><strong>omnipotens</strong></span> <span class='ocrx_word' id='word_1_872' title='bbox 3425 4932 3514 5008; x_wconf 87' lang='lat' dir='ltr'><strong>(II</strong></span> 
     </span>
    </p>
   </div>
   <div class='ocr_carea' id='block_1_106' title="bbox 1930 5014 3537 5109">
    <p class='ocr_par' dir='ltr' id='par_1_106' title="bbox 1930 5014 3537 5109">
     <span class='ocr_line' id='line_1_106' title="bbox 1930 5014 3537 5109; baseline -0.006 -17"><span class='ocrx_word' id='word_1_873' title='bbox 1930 5014 2054 5092; x_wconf 63' lang='lat' dir='ltr'><strong>Cor.</strong></span> <span class='ocrx_word' id='word_1_874' title='bbox 2082 5054 2156 5104; x_wconf 84' lang='lat' dir='ltr'><strong>vt,</strong></span> <span class='ocrx_word' id='word_1_875' title='bbox 2180 5036 2287 5109; x_wconf 90' lang='lat'><strong>18).</strong></span> <span class='ocrx_word' id='word_1_876' title='bbox 2311 5034 2405 5092; x_wconf 82' lang='lat' dir='ltr'><strong>Vel</strong></span> <span class='ocrx_word' id='word_1_877' title='bbox 2437 5036 2541 5091; x_wconf 91' lang='lat' dir='ltr'><strong>hoc</strong></span> <span class='ocrx_word' id='word_1_878' title='bbox 2558 5036 2740 5105; x_wconf 88' lang='lat' dir='ltr'><strong>accipe</strong></span> <span class='ocrx_word' id='word_1_879' title='bbox 2768 5052 2780 5088; x_wconf 96' lang='lat'><strong>:</strong></span> <span class='ocrx_word' id='word_1_880' title='bbox 2806 5033 2893 5089; x_wconf 75' lang='lat' dir='ltr'><strong>Ex</strong></span> <span class='ocrx_word' id='word_1_881' title='bbox 2915 5032 3026 5087; x_wconf 90' lang='lat' dir='ltr'><strong>Deo</strong></span> <span class='ocrx_word' id='word_1_882' title='bbox 3049 5031 3158 5087; x_wconf 87' lang='lat' dir='ltr'><strong>nati</strong></span> <span class='ocrx_word' id='word_1_883' title='bbox 3174 5034 3303 5086; x_wconf 73' lang='lat' dir='ltr'><strong>sunt</strong></span> <span class='ocrx_word' id='word_1_884' title='bbox 3326 5030 3511 5101; x_wconf 82' lang='lat' dir='ltr'><strong>(Ioan.</strong></span> <span class='ocrx_word' id='word_1_885' title='bbox 3534 5078 3537 5083; x_wconf 85' lang='lat'><strong>.</strong></span> 
     </span>
    </p>
   </div>
   <div class='ocr_carea' id='block_1_107' title="bbox 1931 5124 3514 5198">
    <p class='ocr_par' dir='ltr' id='par_1_107' title="bbox 1931 5124 3514 5198">
     <span class='ocr_line' id='line_1_107' title="bbox 1931 5124 3514 5198; baseline -0.005 -14"><span class='ocrx_word' id='word_1_886' title='bbox 1931 5146 1971 5193; x_wconf 90' lang='grc' dir='ltr'><strong>ι,</strong></span> <span class='ocrx_word' id='word_1_887' title='bbox 2003 5129 2111 5196; x_wconf 77' lang='lat'><strong>15).</strong></span> <span class='ocrx_word' id='word_1_888' title='bbox 2154 5128 2374 5183; x_wconf 82' lang='lat' dir='ltr'><strong>Necnon</strong></span> <span class='ocrx_word' id='word_1_889' title='bbox 2404 5143 2419 5181; x_wconf 91' lang='lat'><strong>:</strong></span> <span class='ocrx_word' id='word_1_890' title='bbox 2451 5126 2518 5181; x_wconf 83' lang='lat' dir='ltr'><strong>Et</strong></span> <span class='ocrx_word' id='word_1_891' title='bbox 2565 5126 2856 5198; x_wconf 68' lang='lat' dir='ltr'><strong>baptizatur</strong></span> <span class='ocrx_word' id='word_1_892' title='bbox 2897 5124 3251 5196; x_wconf 85' lang='lat' dir='ltr'><strong>unusquisque</strong></span> <span class='ocrx_word' id='word_1_893' title='bbox 3288 5127 3514 5177; x_wconf 79' lang='lat' dir='ltr'><strong>vestrum</strong></span> 
     </span>
    </p>
   </div>
   <div class='ocr_carea' id='block_1_108' title="bbox 1934 5215 3529 5289">
    <p class='ocr_par' dir='ltr' id='par_1_108' title="bbox 1934 5215 3529 5289">
     <span class='ocr_line' id='line_1_108' title="bbox 1934 5215 3529 5289; baseline -0.002 -16"><span class='ocrx_word' id='word_1_894' title='bbox 1934 5220 1989 5273; x_wconf 90' lang='lat' dir='ltr'><strong>in</strong></span> <span class='ocrx_word' id='word_1_895' title='bbox 2020 5221 2227 5275; x_wconf 86' lang='lat' dir='ltr'><strong>nomine</strong></span> <span class='ocrx_word' id='word_1_896' title='bbox 2254 5218 2383 5274; x_wconf 78' lang='lat' dir='ltr'><strong>Iesu</strong></span> <span class='ocrx_word' id='word_1_897' title='bbox 2421 5217 2618 5273; x_wconf 84' lang='lat' dir='ltr'><strong>Christi</strong></span> <span class='ocrx_word' id='word_1_898' title='bbox 2644 5217 2781 5286; x_wconf 86' lang='lat' dir='ltr'><strong>(Act.</strong></span> <span class='ocrx_word' id='word_1_899' title='bbox 2813 5233 2875 5284; x_wconf 89' lang='grc' dir='ltr'>ιι,</span> <span class='ocrx_word' id='word_1_900' title='bbox 2906 5216 3020 5289; x_wconf 76' lang='grc'><strong>58).</strong></span> <span class='ocrx_word' id='word_1_901' title='bbox 3067 5216 3136 5271; x_wconf 84' lang='grc' dir='ltr'>Ει</span> <span class='ocrx_word' id='word_1_902' title='bbox 3170 5218 3224 5271; x_wconf 90' lang='lat' dir='ltr'><strong>in</strong></span> <span class='ocrx_word' id='word_1_903' title='bbox 3260 5215 3366 5272; x_wconf 85' lang='lat' dir='ltr'><strong>alio</strong></span> <span class='ocrx_word' id='word_1_904' title='bbox 3392 5215 3529 5272; x_wconf 88' lang='lat' dir='ltr'><strong>loco-</strong></span> 
     </span>
    </p>
   </div>
   <div class='ocr_carea' id='block_1_109' title="bbox 1933 5308 3511 5377">
    <p class='ocr_par' dir='ltr' id='par_1_109' title="bbox 1933 5308 3511 5377">
     <span class='ocr_line' id='line_1_109' title="bbox 1933 5308 3511 5377; baseline -0.003 -11"><span class='ocrx_word' id='word_1_905' title='bbox 1933 5310 2041 5366; x_wconf 88' lang='lat' dir='ltr'><strong>Sed</strong></span> <span class='ocrx_word' id='word_1_906' title='bbox 2054 5310 2217 5364; x_wconf 88' lang='lat' dir='ltr'><strong>abluti</strong></span> <span class='ocrx_word' id='word_1_907' title='bbox 2238 5311 2382 5377; x_wconf 86' lang='lat' dir='ltr'><strong>estis,</strong></span> <span class='ocrx_word' id='word_1_908' title='bbox 2405 5311 2496 5366; x_wconf 91' lang='lat' dir='ltr'><strong>sed</strong></span> <span class='ocrx_word' id='word_1_909' title='bbox 2517 5310 2833 5366; x_wconf 81' lang='lat' dir='ltr'><strong>saucti‘itati</strong></span> <span class='ocrx_word' id='word_1_910' title='bbox 2852 5311 2973 5367; x_wconf 78' lang='lat' dir='ltr'><strong>estis</strong></span> <span class='ocrx_word' id='word_1_911' title='bbox 2999 5311 3053 5365; x_wconf 89' lang='lat' dir='ltr'><strong>in</strong></span> <span class='ocrx_word' id='word_1_912' title='bbox 3076 5309 3283 5365; x_wconf 90' lang='lat' dir='ltr'><strong>nomine</strong></span> <span class='ocrx_word' id='word_1_913' title='bbox 3300 5308 3511 5364; x_wconf 88' lang='lat' dir='ltr'><strong>Domini</strong></span> 
     </span>
    </p>
   </div>
   <div class='ocr_carea' id='block_1_110' title="bbox 1929 5386 3511 5476">
    <p class='ocr_par' dir='ltr' id='par_1_110' title="bbox 1929 5386 3511 5476">
     <span class='ocr_line' id='line_1_110' title="bbox 1929 5386 3511 5476; baseline -0.002 -19"><span class='ocrx_word' id='word_1_914' title='bbox 1929 5403 2057 5458; x_wconf 75' lang='lat' dir='ltr'><strong>Iesu</strong></span> <span class='ocrx_word' id='word_1_915' title='bbox 2084 5402 2299 5472; x_wconf 82' lang='lat' dir='ltr'><strong>Christi,</strong></span> <span class='ocrx_word' id='word_1_916' title='bbox 2322 5414 2371 5458; x_wconf 90' lang='lat' dir='ltr'><strong>et</strong></span> <span class='ocrx_word' id='word_1_917' title='bbox 2402 5402 2600 5474; x_wconf 82' lang='lat' dir='ltr'><strong>Spiritu</strong></span> <span class='ocrx_word' id='word_1_918' title='bbox 2625 5402 2722 5458; x_wconf 91' lang='lat' dir='ltr'><strong>Dei</strong></span> <span class='ocrx_word' id='word_1_919' title='bbox 2741 5404 2905 5461; x_wconf 84' lang='lat' dir='ltr'><strong>nostri</strong></span> <span class='ocrx_word' id='word_1_920' title='bbox 2933 5403 2985 5476; x_wconf 91' lang='lat' dir='ltr'><strong>(I</strong></span> <span class='ocrx_word' id='word_1_921' title='bbox 3011 5404 3133 5459; x_wconf 89' lang='lat' dir='ltr'><strong>Cor.</strong></span> <span class='ocrx_word' id='word_1_922' title='bbox 3167 5419 3241 5470; x_wconf 79' lang='lat' dir='ltr'><strong>vr,</strong></span> <span class='ocrx_word' id='word_1_923' title='bbox 3267 5402 3375 5473; x_wconf 83' lang='lat'><strong>11).</strong></span> <span class='ocrx_word' id='word_1_924' title='bbox 3404 5386 3511 5457; x_wconf 77' lang='lat' dir='ltr'><strong>Sed</strong></span> 
     </span>
    </p>
   </div>
   <div class='ocr_carea' id='block_1_111' title="bbox 1931 5495 3515 5569">
    <p class='ocr_par' dir='ltr' id='par_1_111' title="bbox 1931 5495 3515 5569">
     <span class='ocr_line' id='line_1_111' title="bbox 1931 5495 3515 5569; baseline -0.003 -15"><span class='ocrx_word' id='word_1_925' title='bbox 1931 5498 2149 5569; x_wconf 86' lang='lat' dir='ltr'><strong>etquod</strong></span> <span class='ocrx_word' id='word_1_926' title='bbox 2179 5514 2244 5554; x_wconf 79' lang='lat' dir='ltr'><strong>ex</strong></span> <span class='ocrx_word' id='word_1_927' title='bbox 2277 5499 2387 5555; x_wconf 87' lang='lat' dir='ltr'><strong>Deo</strong></span> <span class='ocrx_word' id='word_1_928' title='bbox 2421 5507 2579 5555; x_wconf 90' lang='lat' dir='ltr'><strong>natus</strong></span> <span class='ocrx_word' id='word_1_929' title='bbox 2608 5504 2686 5554; x_wconf 87' lang='lat' dir='ltr'><strong>cst</strong></span> <span class='ocrx_word' id='word_1_930' title='bbox 2707 5539 2721 5567; x_wconf 93' lang='lat'><strong>,</strong></span> <span class='ocrx_word' id='word_1_931' title='bbox 2747 5495 2984 5555; x_wconf 83' lang='lat' dir='ltr'><strong>Joannes</strong></span> <span class='ocrx_word' id='word_1_932' title='bbox 3019 5507 3248 5555; x_wconf 78' lang='lat' dir='ltr'><strong>testatur</strong></span> <span class='ocrx_word' id='word_1_933' title='bbox 3279 5516 3291 5551; x_wconf 91' lang='lat'><strong>:</strong></span> <span class='ocrx_word' id='word_1_934' title='bbox 3321 5496 3385 5550; x_wconf 92' lang='lat' dir='ltr'><strong>In</strong></span> <span class='ocrx_word' id='word_1_935' title='bbox 3413 5512 3515 5550; x_wconf 76' lang='lat' dir='ltr'><strong>sua</strong></span> 
     </span>
    </p>
   </div>
   <div class='ocr_carea' id='block_1_112' title="bbox 306 5694 2175 5767">
    <p class='ocr_par' dir='ltr' id='par_1_112' title="bbox 306 5694 2175 5767">
     <span class='ocr_line' id='line_1_112' title="bbox 306 5694 2175 5767; baseline 0.007 -19"><span class='ocrx_word' id='word_1_936' title='bbox 306 5707 333 5737; x_wconf 82' lang='grc' dir='ltr'><strong>ι</strong></span> <span class='ocrx_word' id='word_1_937' title='bbox 361 5694 429 5749; x_wconf 83' lang='lat' dir='ltr'><strong>In</strong></span> <span class='ocrx_word' id='word_1_938' title='bbox 455 5712 557 5759; x_wconf 82' lang='lat' dir='ltr'><strong>quo</strong></span> <span class='ocrx_word' id='word_1_939' title='bbox 592 5695 881 5752; x_wconf 81' lang='lat' dir='ltr'><strong>charitalis.</strong></span> <span class='ocrx_word' id='word_1_940' title='bbox 920 5698 1084 5765; x_wconf 78' lang='lat' dir='ltr'><strong>Alias,</strong></span> <span class='ocrx_word' id='word_1_941' title='bbox 1112 5700 1165 5755; x_wconf 89' lang='lat' dir='ltr'><strong>in</strong></span> <span class='ocrx_word' id='word_1_942' title='bbox 1202 5717 1302 5767; x_wconf 77' lang='lat' dir='ltr'><strong>quo</strong></span> <span class='ocrx_word' id='word_1_943' title='bbox 1347 5700 1479 5755; x_wconf 75' lang='lat' dir='ltr'><strong>idem</strong></span> <span class='ocrx_word' id='word_1_944' title='bbox 1510 5711 1582 5757; x_wconf 86' lang='lat' dir='ltr'><strong>est</strong></span> <span class='ocrx_word' id='word_1_945' title='bbox 1623 5713 1811 5759; x_wconf 84' lang='lat' dir='ltr'><strong>natura</strong></span> <span class='ocrx_word' id='word_1_946' title='bbox 1851 5720 1966 5759; x_wconf 82' lang='lat' dir='ltr'><strong>cum</strong></span> <span class='ocrx_word' id='word_1_947' title='bbox 1993 5703 2175 5761; x_wconf 81' lang='lat' dir='ltr'><strong>Putre.</strong></span> 
     </span>
    </p>
   </div>
   <div class='ocr_carea' id='block_1_113' title="bbox 3425 283 3576 339">
    <p class='ocr_par' dir='ltr' id='par_1_113' title="bbox 3425 283 3576 339">
     <span class='ocr_line' id='line_1_113' title="bbox 3425 283 3576 339; baseline 0.007 -1"><span class='ocrx_word' id='word_1_948' title='bbox 3425 283 3531 339; x_wconf 69' lang='lat' dir='ltr'><strong>GM</strong></span> <span class='ocrx_word' id='word_1_949' title='bbox 3552 284 3576 326; x_wconf 70' lang='grc' dir='ltr'><strong>ἶ</strong></span> 
     </span>
    </p>
   </div>
  </div>
