4000 6352
527 315 631 374 893

1627 311 1860 368 mutam
1900 308 2323 366 PARISIENSIS
2382 308 2686 365 EPISCOPI
3165 289 3168 292 ’
3640 318 3714 378 σθ.

527 429 683 490 venit,
712 436 757 480 et
785 427 867 481 sui
892 442 1007 480 eum
1036 442 1136 479 non
1162 431 1477 494 receperunt.
1510 422 1772 494 Quotquot
1803 434 1976 478 autem
1998 440 2115 477 eum
2143 427 2191 485 Λ
2217 420 2506 490 Apostolus
2535 422 2650 477 haec
2679 423 2730 476 in
2774 421 3099 478 salutatione
3148 424 3212 479 ad
3243 423 3532 483 Corinthios
3568 437 3717 490 contir.

529 527 849 589 receperunt,
875 517 1014 571 dedit
1037 516 1110 568 eis
1138 523 1440 584 potestatem
1467 513 1604 582 ﬁlios
1625 513 1724 567 Dei
1747 513 1882 582 ﬁeri,
1906 513 2117 568 creden-

531 612 670 665 tibus
700 611 753 664 in
785 609 990 663 nomine
1019 608 1152 677 ejus.
1188 606 1292 671 Qui
1328 622 1427 660 non
1455 622 1520 658 ea:
1548 607 1828 674 sanguine,
1863 621 2024 674 neque
2053 619 2118 657 ex

479 695 482 699 ’
531 701 796 754 uoluntate
817 699 1010 762 carnis,
1042 714 1203 768 neque
1245 713 1310 751 ea:
1353 695 1616 750 uoluntate
1642 696 1759 759 viri,
1789 697 1878 749 sed
1901 712 1966 750 ex
2009 695 2117 748 Deo

531 797 644 850 nati
669 805 789 850 sunt
820 793 1001 865 (Joan.
1027 811 1065 858 I,
1093 793 1205 864 II).
1228 793 1385 848 Disce
1411 807 1541 862 ergo
1567 793 1670 848 hoc
1691 779 1899 846 unitum
1925 807 2118 847 nomen

532 901 656 941 esse
684 885 1069 956 sempiternum
1094 884 1147 938 in
1175 884 1381 939 Deitate
1402 883 1602 946 Patris,
1630 891 1686 936 et
1708 881 1849 947 Filii,
1873 891 1926 937 et
1945 882 2118 937 sancti

536 974 789 1047 Spiritus,
823 974 962 1029 sicut
987 983 1043 1029 et
1068 989 1234 1028 unum
1263 972 1528 1042 baptisma
1571 982 1656 1028 est
1685 973 1839 1036 ﬁdei,
1869 973 2012 1042 quod
2043 972 2122 1026 vi-

535 1081 648 1125 tam
689 1079 946 1125 aeternam
988 1070 1334 1126 credentibus
1361 1070 1566 1125 tribuit.
1599 1068 1732 1135 Quia
1774 1070 1913 1124 sicut
1951 1085 2117 1124 unum

532 1169 618 1216 est
648 1161 702 1215 in
733 1168 925 1215 natura
953 1159 1253 1224 Trinitatis,
1290 1158 1365 1214 ita
1390 1165 1445 1213 et
1472 1173 1634 1211 unum
1671 1157 1870 1211 donum
1901 1173 1998 1228 per
2020 1158 2116 1212 ba-

531 1249 793 1320 ptismum
830 1247 1146 1303 divinitatis.
1171 1245 1459 1317 Apostolus
1485 1244 1597 1299 ait:
1626 1241 1746 1299 Una
1773 1244 1928 1314 fides,
1959 1263 2121 1300 unum

536 1341 816 1410 baptisma.
855 1338 1060 1394 Idcirco
1091 1337 1233 1408 quod
1271 1351 1466 1392 nomen
1497 1332 1676 1391 Patris
1717 1335 1792 1390 sit
1831 1333 1886 1391 in
1931 1333 2126 1390 divini-

535 1438 673 1494 tate,
705 1431 807 1485 hoc
837 1444 1029 1484 nomen
1057 1431 1126 1484 sit
1150 1439 1202 1484 et
1228 1429 1348 1484 Filii
1382 1429 1437 1483 in
1477 1439 1666 1483 natura
1699 1428 1936 1492 deitatis,
1965 1427 2044 1483 sic
2073 1433 2130 1482 et

535 1521 712 1598 sancti
740 1521 974 1590 Spiritus
997 1521 1284 1576 identidem
1309 1523 1410 1576 hoc
1434 1536 1626 1577 nomen
1651 1523 1718 1579 sit
1748 1521 2124 1582 insubstantia

538 1613 825 1669 claritatis.
865 1633 884 1666 ι

1209 1704 1338 1759 Car.
1369 1705 1457 1760 IX.

2217 523 2348 577 mat,
2381 515 2566 569 dicens
2597 532 2609 566 :
2635 513 2820 568 Gratia
2863 513 3077 568 Domini
3117 517 3280 569 nostri
3319 515 3441 570 Iesu
3478 519 3656 588 Christi,
3687 539 3721 581 et

2218 607 2446 660 cliaiitas
2465 607 2592 670 Dei,
2619 606 2720 660 lioc
2748 615 2862 672 est,
2893 605 3088 669 Patris,
3135 617 3182 660 et
3209 611 3582 664 communicatio
3602 619 3724 670 sancti

2221 699 2452 765 Spiritus
2474 715 2589 751 cum
2621 697 2859 751 omnibus
2882 699 3025 753 vobis
3057 697 3138 769 (Il
3165 697 3286 752 Cor.
3317 715 3432 762 xm,
3462 701 3558 769 15).
3589 703 3728 763 Nonne

2220 799 2402 859 aperte
2433 806 2528 859 per
2549 791 2760 857 singula
2787 790 3027 854 nomina,
3059 790 3199 844 sicut
3227 793 3470 860 superius
3505 797 3728 851 continen-

2222 893 2332 948 tur,
2362 881 2601 952 singulas
2630 897 2892 950 personas
2921 882 3100 938 inesse
3150 882 3437 937 distinxit?
3463 885 3664 957 Denique
3685 892 3732 944 ad

2222 977 2337 1032 haec
2368 977 2534 1046 ipsius
2556 975 2676 1029 Filii
2713 975 2857 1031 dicta
2887 977 3102 1046 suscipe
3131 977 3360 1031 dicentis
3385 996 3399 1031 :
3428 979 3563 1034 Alius
3584 993 3646 1036 est
3672 985 3736 1053 qui

2221 1067 2571 1121 testimonium
2599 1067 2830 1136 perhibet
2856 1068 3002 1130 mihi,
3027 1069 3118 1138 qui
3148 1084 3226 1121 me
3254 1070 3396 1122 misit
3423 1068 3568 1124 Pater
3599 1071 3736 1141 (Joan.

2223 1176 2276 1226 ν,
2308 1161 2418 1232 '52).
2453 1163 2589 1216 Dum
2616 1161 2756 1216 infra
2786 1162 2853 1217 de
2887 1178 2945 1216 se
2974 1163 3123 1218 dicat
3148 1163 3311 1227 alius,
3342 1165 3485 1219 vides
3512 1169 3616 1235 quia
3641 1170 3740 1224 alius

2224 1260 2306 1306 est
2330 1250 2491 1306 Pater
2520 1251 2572 1304 in
2601 1266 2830 1320 persona
2853 1251 2994 1314 Filii,
3026 1261 3079 1306 et
3109 1267 3213 1305 non
3237 1252 3376 1307 alius
3397 1263 3477 1308 est
3514 1256 3559 1308 in
3587 1256 3740 1310 divini-

2229 1350 2356 1405 tate,
2381 1341 2473 1396 sed
2490 1348 2545 1395 et
2568 1341 2634 1394 de
2653 1338 2854 1410 Spiritu
2881 1349 3070 1395 sancto
3097 1341 3176 1396 sic
3198 1342 3274 1396 ait
3313 1355 3328 1395 :
3357 1341 3555 1412 Rogabo
3579 1344 3744 1400 Patrem

2229 1450 2420 1497 meum,
2461 1444 2508 1487 et
2531 1430 2697 1486 alium
2722 1431 3037 1501 paraclitum
3063 1432 3232 1486 mittet
3279 1434 3420 1487 vobis
3466 1435 3625 1504 (Joan.
3665 1454 3746 1500 tu,

2231 1525 2343 1596 16).
2374 1523 2668 1580 Considera
2692 1533 2748 1578 et
2775 1523 3004 1578 alterum
3059 1539 3181 1580 esse
3207 1524 3466 1595 Spiritum
3492 1528 3749 1596 paraclitum

2231 1617 2284 1671 in
2314 1629 2567 1686 persona,
2591 1626 2645 1669 et
2677 1629 2784 1668 non
2811 1623 2992 1669 tamen
3012 1629 3134 1670 esse
3163 1615 3396 1670 alterum
3425 1617 3476 1670 in
3505 1618 3750 1672 divinitate.

2226 1705 2353 1760 Ideo
2384 1704 2518 1759 alter
2545 1704 2612 1759 ab
2655 1703 2826 1759 altero
2873 1704 2923 1758 in
2974 1719 3207 1774 persona
3259 1714 3469 1760 tantum
3512 1706 3679 1773 differt,
3715 1718 3754 1763 et

614 1795 743 1851 Item
773 1796 914 1850 idem
943 1795 992 1851 in
1022 1797 1207 1851 eodem
1236 1797 1400 1850 libro:
1420 1794 1633 1850 Unitam
1667 1803 1874 1853 natura:
1890 1795 2128 1851 virtutem
2162 1797 2206 1857 Β
2232 1809 2338 1850 non
2370 1794 2422 1848 in
2451 1793 2651 1848 deitate
2674 1796 2873 1856 οὐσίας.
2905 1794 3093 1864 Itaque
3122 1794 3261 1849 alter
3289 1807 3376 1850 est
3414 1795 3566 1849 Pater
3588 1798 3634 1850 in
3665 1812 3757 1866 per-

542 1889 817 1942 ostendens
846 1888 1095 1943 mittentis
1120 1899 1166 1942 et
1194 1888 1339 1942 missi
1363 1887 1512 1952 Filii,
1540 1889 1620 1943 sic
1642 1887 1772 1942 dicit
1805 1903 1819 1942 :
1857 1905 1875 1939 ι
1904 1887 1947 1942 Ο
1972 1886 2129 1940 inau-

543 1979 656 2035 dita
683 1981 856 2036 adhuc
877 1982 1091 2051 penitus
1122 1991 1228 2037 tam
1263 1982 1516 2051 inquisita
1558 1980 1908 2050 perscriptio!
1943 1981 2131 2049 Itaque

545 2079 869 2142 suggerente
895 2072 1013 2141 ipso
1031 2072 1096 2127 de
1118 2088 1175 2127 se
1198 2081 1388 2127 sancto
1409 2071 1609 2142 Spiritu
1637 2072 1952 2140 respondeo.
1979 2069 2133 2126 Nunc

546 2169 765 2232 Oportet
795 2176 893 2216 nos
929 2177 1093 2216 unum
1135 2177 1233 2232 pro
1267 2161 1449 2216 multis
1492 2161 1770 2229 pertinens
1793 2161 1922 2216 dare
1948 2169 2134 2216 aucto-

547 2254 729 2308 ritatis
752 2250 1080 2323 exemplum.
1108 2252 1374 2308 Memento
1396 2253 1602 2307 unitam
1629 2267 1748 2307 esse
1771 2253 1907 2307 banc
1929 2261 2134 2307 natura:

544 2347 802 2401 virtutem
851 2335 1202 2400 mittentis‘et
1226 2345 1397 2409 missi,
1430 2345 1554 2399 dum
1587 2345 1675 2399 hic
1701 2345 1791 2414 qui
1833 2360 1975 2399 nunc
2001 2345 2132 2399 mis-

544 2454 642 2494 sus
676 2446 781 2503 est,
813 2437 929 2509 ipse
963 2438 1287 2509 jampridem
1316 2438 1530 2492 misisse
1555 2437 1856 2493 mittentem
1889 2437 2133 2492 invenia-

547 2545 658 2587 tur.
705 2531 948 2602 Denique
996 2547 1094 2602 pcr
1139 2542 1388 2587 sanctum
1446 2531 1638 2586 Isaiam
1701 2531 1985 2584 Dominum
2040 2529 2134 2584 Dei

543 2624 743 2680 Filium
785 2625 972 2694 accipe
1019 2632 1345 2680 testantem:
1373 2625 1612 2678 Accedite
1657 2624 1727 2676 ad
1763 2639 1846 2677 me
1883 2633 1931 2677 et
1961 2623 2138 2676 audite

548 2717 681 2771 lucc.
715 2713 839 2771 Non
877 2717 943 2770 ab
970 2717 1122 2770 initio
1156 2716 1211 2769 in
1239 2714 1439 2770 occulto
1469 2714 1670 2768 locutus
1708 2731 1847 2768 sum.
1879 2712 2009 2768 Cum
2039 2713 2137 2782 ﬁe-

547 2816 664 2860 rent
693 2806 800 2860 illic
824 2823 991 2869 eram,
1019 2817 1066 2860 et
1096 2823 1232 2860 nunc
1260 2806 1515 2859 Dominus
1544 2807 1685 2858 misit
1724 2821 1804 2858 me
1825 2813 1873 2858 et
1913 2801 2140 2874 Spiritus

549 2898 668 2967 ejus
699 2896 834 2968 (Isa.
861 2899 1072 2966 χινιιι).
1099 2899 1256 2953 Disce
1284 2895 1498 2951 tandem
1525 2896 1814 2966 aliquando
1836 2910 1996 2949 uuam
2021 2910 2142 2950 esse

551 2990 697 3044 hanc
721 2997 971 3044 naturam
993 2989 1292 3044 divinitatis
1320 2989 1587 3042 mittentis
1613 2996 1668 3041 et
1695 2987 1864 3046 missi.
1896 2969 2022 3041 dtﬂn
2048 2986 2140 3056 qui

552 3094 699 3134 nunc
739 3079 794 3133 in
837 3079 1130 3148 Evangelia
1177 3079 1424 3147 quamvis
1456 3079 1745 3132 missurum
1782 3092 1842 3154 se
1881 3077 2140 3148 Spiritum

553 3171 877 3243 paraclitum
904 3183 1131 3227 testatus
1151 3173 1241 3234 sit,
1269 3183 1443 3225 tamen
1471 3171 1666 3240 seipse
1690 3171 1757 3225 ab
1781 3185 1846 3225 eo
1862 3171 1974 3240 jam
1995 3171 2145 3240 prius
2173 3157 2216 3219 C

555 3264 784 3320 missum
829 3278 923 3334 per
967 3263 1222 3332 inclytum
1251 3264 1569 3332 prophetam
1607 3261 1800 3317 Isaiam
1829 3262 1994 3317 fuisse
2021 3279 2148 3333 pro-

556 3354 737 3410 fessus
763 3354 834 3409 sit
865 3372 877 3407 :
901 3353 1030 3408 dum
1060 3355 1147 3410 hic
1169 3355 1258 3425 qui
1285 3354 1521 3408 mittitur
1539 3369 1568 3407 a
1605 3353 1850 3407 mittente
1877 3367 2148 3422 nunquam

557 3451 835 3515 dividitur,
865 3451 989 3522 quia
1017 3451 1307 3507 indiscreta
1336 3459 1524 3505 natura
1555 3459 1639 3505 est
1665 3467 1678 3502 :
1705 3451 1831 3504 dum
1856 3449 1998 3504 inter
2028 3451 2151 3503 mit-

556 3552 765 3600 tentem
815 3553 870 3598 et
913 3545 1136 3600 missum
1187 3559 1431 3614 personae
1471 3543 1850 3605 ostenduntur,
1899 3549 1955 3596 et
2005 3541 2148 3595 nulla

558 3635 616 3690 in
647 3636 929 3692 divinitate
954 3637 1147 3692 divisio
1175 3646 1279 3702 est,
1308 3644 1592 3707 propterea
1619 3635 1764 3706 quod
1793 3634 1992 3703 ubique
2013 3649 2151 3703 prte-

559 3742 690 3782 sens
717 3727 790 3782 sit
819 3727 934 3784 haec
963 3728 1111 3782 unita
1144 3727 1441 3804 plenitudo,
1470 3735 1525 3780 et
1552 3725 1732 3780 omnia
1765 3724 1984 3795 impleat
2015 3725 2154 3780 inte-

561 3820 678 3875 rius
707 3827 763 3874 et
790 3821 1029 3874 exterius
1054 3835 1083 3873 a
1115 3821 1425 3873 summitate
1451 3817 1711 3872 calorum
1734 3831 1905 3886 usque
1933 3816 1999 3871 ad
2029 3831 2153 3886 pro-

562 3901 790 3962 fundum
819 3906 1134 3963 inferorum.
1169 3929 1186 3960 s

1243 3997 1374 4053 CAP.
1416 3997 1482 4050 Χ.

642 4089 772 4144 Item
803 4088 940 4142 idem
971 4090 1084 4160 ipse
1117 4102 1140 4129 α
1173 4089 1224 4142 in
1259 4088 1396 4142 libro
1441 4102 1602 4157 quem
1655 4087 1783 4144 fecit
1824 4095 2012 4143 contra
2057 4087 2156 4142 ob-

563 4183 834 4252 lectiones
856 4183 1133 4251 cujusdam
1155 4180 1424 4235 Potentini
1450 4179 1658 4243 Urbici,
1679 4180 1752 4233 ita
1774 4180 2150 4249 prosequitur:

575 4297 595 4328 c
621 4275 808 4336 Filius,
828 4273 1099 4345 inquit,ad
1113 4271 1328 4326 Patrem
1352 4269 1575 4323 clamat:
1596 4266 2084 4337 Pater,honoriﬁca
2105 4277 2156 4321 et

569 4384 759 4422 nomen
793 4376 958 4419 tuum.
993 4363 1061 4416 Et
1092 4363 1229 4417 venit
1251 4378 1346 4415 rex
1382 4361 1445 4414 de
1473 4359 1613 4414 cer/is
1657 4375 1673 4412 :
1703 4358 1770 4412 Et
1816 4357 2155 4426 Itonoriﬁcavi

569 4461 762 4512 iterum
782 4456 1137 4524 Itouori/icabo
1153 4453 1304 4525 (Luc.
1325 4453 1442 4521 vti).
1461 4451 1591 4504 Nam
1610 4458 1663 4505 et
1685 4449 1790 4504 alio
1807 4451 1858 4504 in
1877 4449 1994 4504 loco
2013 4449 2153 4503 idem

571 4554 688 4622 ipse
717 4552 949 4622 repetit:
977 4547 1090 4618 Ego
1123 4565 1155 4600 a
1198 4544 1359 4600 Patre
1387 4544 1520 4598 exivi
1556 4553 1603 4596 et
1646 4543 1759 4596 ueni
1787 4541 1968 4611 (Joan.
1999 4539 2154 4604 xvii).
2187 4525 2237 4584 Ι)

572 4643 776 4713 Utique
809 4643 851 4696 si
879 4642 992 4710 ipse
1017 4649 1135 4694 erat
1165 4637 1327 4692 Pater
1357 4637 1408 4690 iu
1451 4650 1681 4705 persona
1729 4635 1820 4703 qui
1865 4642 1920 4686 et
1967 4632 2161 4691 Filius.

574 4738 656 4798 sic
683 4736 945 4790 debuerat
974 4733 1253 4787 intimasse
1282 4745 1298 4782 :
1333 4729 1443 4796 Ego
1485 4743 1513 4780 a
1551 4742 1636 4782 me
1673 4726 1812 4780 exivi
1857 4735 1911 4779 et
1941 4725 2063 4780 veni
2107 4725 2162 4779 in

576 4829 724 4883 hunc
750 4826 1031 4887 mundum,
1055 4823 1180 4878 dum
1210 4817 1392 4890 procul
1421 4817 1582 4871 dubio
1613 4817 1750 4870 alter
1772 4815 1841 4871 sit
1861 4815 1951 4883 qui
1973 4815 2163 4874 exivit.

574 4926 636 4972 ει
661 4917 800 4971 alius
847 4916 915 4970 de
955 4929 1063 4982 quo
1104 4910 1320 4966 exierit.
1365 4906 1470 4962 Sed
1516 4908 1580 4960 ad
1627 4905 1741 4960 haec
1788 4904 2064 4972 subjunxit
2097 4903 2163 4956 de

575 5022 812 5082 persona
839 5005 1011 5059 sancti
1045 5002 1278 5072 Spiritus
1307 5017 1318 5052 :
1352 4997 1491 5051 Dum
1525 4997 1718 5050 venerit
1747 4996 2028 5049 aduocatus
2055 4993 2161 5058 ille,

579 5116 733 5171 quens
772 5113 865 5165 ego
906 5095 1109 5148 mittant
1137 5093 1276 5146 vobis
1294 5108 1326 5143 tt
1356 5087 1516 5142 Patre
1539 5105 1670 5150 meo,
1699 5086 1952 5156 Spiritum
1979 5085 2166 5138 uerita-

582 5193 671 5254 tis,
697 5190 788 5260 qui
829 5203 860 5239 a
894 5186 1052 5240 Patre
1094 5201 1206 5238 meo
1248 5182 1500 5253 procedit,
1544 5182 1651 5250 ipse
1697 5178 2060 5247 testi/imbitur
2102 5177 2172 5230 de

582 5301 668 5340 nte
717 5281 903 5352 (Joan.
943 5278 1078 5345 xvi).
1133 5278 1209 5331 Ita
1260 5285 1315 5331 et
1368 5290 1472 5329 non
1539 5273 1674 5326 alter
1720 5280 1803 5324 est
1848 5270 1937 5339 qui
1977 5268 2162 5334 mittit,

583 5389 643 5434 et
668 5377 804 5432 alius
835 5375 1056 5442 adatque
1094 5372 1145 5425 in
1178 5384 1405 5441 persona
1435 5386 1463 5422 a
1491 5383 1599 5438 quo
1626 5364 1862 5436 procedit
1888 5379 1901 5426 ;
1947 5370 2002 5416 et
2031 5361 2167 5414 alter

571 5483 672 5530 est
692 5472 779 5527 hic
811 5469 924 5540 ipse
951 5466 1041 5538 qui
1064 5466 1252 5520 venit?
1278 5463 1517 5531 Denique
1547 5462 1589 5514 si
1614 5476 1716 5513 una
1745 5467 1891 5513 esset
1913 5469 2166 5526 persona,

585 5584 617 5622 tt
636 5580 744 5636 quo
766 5562 979 5618 tandem
1005 5559 1333 5621 mitteretur,
1352 5555 1482 5610 vela
1503 5569 1611 5623 quo
1633 5549 1991 5622 procederet?
2020 5546 2175 5600 Sicut

2235 1901 2369 1942 sona
2413 1886 2505 1956 qui
2534 1886 2739 1956 genuit,
2773 1895 2829 1941 et
2856 1886 2994 1942 alius
3035 1886 3208 1941 Filius
3253 1896 3340 1942 est
3379 1887 3470 1956 qui
3499 1887 3680 1956 genitus
3709 1887 3757 1941 ab

2235 1978 2373 2046 ipso,
2407 1986 2460 2032 et
2492 1977 2631 2031 alius
2659 1977 2899 2046 Spiritus
2927 1978 3227 2048 paraclitus
3245 1979 3340 2047 qui
3368 1978 3432 2032 de
3458 1979 3593 2030 unita
3613 1987 3759 2031 natura

2233 2078 2336 2125 est.
2364 2067 2470 2124 Sed
2503 2069 2637 2124 dicis
2686 2071 2821 2125 mibi
2853 2070 3146 2125 literetiee!
3181 2070 3632 2138 Quemadmodum
3673 2069 3761 2139 Spio

2235 2163 2374 2218 ritus
2406 2163 2472 2218 de
2514 2163 2665 2217 unita
2711 2173 2905 2219 natura
2951 2163 3244 2219 consistit?
3293 2164 3436 2218 Ecce
3464 2163 3617 2218 Filius
3645 2163 3764 2216 deco

2237 2263 2468 2311 testatus
2487 2264 2571 2309 est
2595 2272 2609 2308 :
2638 2254 2683 2308 A
2707 2253 2868 2309 Patre
2889 2255 3158 2325 procedit;
3181 2263 3237 2308 et
3257 2255 3339 2309 sic
3361 2263 3656 2322 prosecutus
3676 2263 3764 2306 est:

2241 2345 2308 2400 Et
2332 2347 2396 2399 de
2417 2362 2529 2400 meo
2554 2347 2793 2416 accipiet.
2823 2345 2976 2412 Quod
3005 2346 3376 2400 testimonium
3400 2345 3555 2398 Pater
3576 2359 3770 2414 compro-

2238 2438 2405 2504 bavit,
2433 2439 2657 2496 dicens:
2693 2437 2925 2510 Spiritus
2951 2455 2984 2491 a
3015 2454 3095 2491 me
3133 2438 3394 2507 procedit.
3435 2455 3457 2489 ι

2899 2551 3029 2606 CAP.
3069 2549 3159 2605 XI.

2310 2668 2443 2725 Item
2474 2670 2616 2726 idem
2643 2670 2697 2724 iu
2728 2669 2868 2724 libro
2897 2683 2930 2722 v
2959 2669 3024 2722 de
3056 2668 3205 2722 unita
3238 2683 3307 2724 ac
3350 2669 3658 2738 sempiterna
3681 2665 3776 2720 sub-

2243 2764 2442 2818 stantia
2467 2763 2748 2817 Trinitatis
2774 2780 2786 2815 :
2819 2761 2972 2828 Quod
2991 2761 3220 2831 Spiritus
3242 2773 3459 2815 sanctus
3481 2780 3510 2814 a
3538 2761 3676 2814 Patre
3698 2770 3734 2812 et
3753 2774 3776 2810 a

2243 2853 2387 2908 Filio
2411 2855 2660 2924 procedit.
2699 2871 2716 2903 ι
2749 2851 3164 2921 Sempiternitas
3183 2852 3368 2906 Patris
3398 2851 3559 2904 Filius
3585 2848 3685 2916 ejus
3701 2857 3776 2909 est,

2245 2946 2370 3016 quia
2421 2946 2487 2998 de
2537 2945 2653 3012 ipso
2685 2943 3121 2997 inenarrabiliter
3167 2951 3293 2995 ante
3348 2958 3507 2997 omne
3549 2940 3778 2993 exordium

2244 3038 2468 3093 omnino
2498 3046 2655 3091 natus
2684 3047 2786 3092 est.
2820 3037 2887 3090 Et
2931 3037 3342 3106 sempitcrnitas
3386 3036 3505 3089 Filii
3531 3034 3672 3088 Pater
3695 3034 3783 3102 ejus

2247 3141 2350 3194 est,
2379 3130 2503 3199 quia
2531 3129 2645 3198 ipse
2687 3143 2810 3182 eum
2851 3137 2977 3182 ante
3027 3135 3219 3181 cuncta
3269 3127 3470 3180 szecnla
3519 3124 3781 3178 sa‘culorum

2249 3222 2749 3293 incomparabiliter
2782 3220 2987 3290 genuit.
3033 3220 3124 3274 Sic
3169 3218 3572 3289 scmpiternitas
3601 3215 3786 3284 Spiritus

2247 3315 2494 3385 paracliti
2525 3315 2675 3368 unita
2703 3314 2876 3368 deilas
2922 3311 3039 3380 ejus
3087 3321 3169 3366 est
3214 3329 3341 3365 cum
3376 3313 3536 3366 Patre
3576 3319 3626 3363 et
3662 3306 3784 3364 Filio,

2248 3422 2370 3477 quae
2397 3404 2537 3460 facta
2574 3412 2812 3467 nonest,
2861 3405 3003 3459 sicut
3045 3403 3188 3457 tilius
3231 3410 3466 3455 testatus
3491 3409 3570 3453 est
3616 3399 3674 3451 de
3705 3410 3785 3449 eo:

2250 3501 2292 3554 Α
2319 3497 2479 3553 Patre
2499 3499 2753 3568 procedit,
2771 3507 2819 3550 et
2841 3497 2904 3551 de
2930 3513 3039 3550 meo
3065 3496 3302 3564 accipiet.
3342 3493 3451 3549 Sed
3476 3505 3526 3547 et
3546 3493 3688 3546 Pater
3707 3491 3791 3542 lia-c

2252 3591 2397 3644 dicta
2449 3589 2769 3657 comprobat
2809 3603 2906 3658 per
2954 3587 3295 3656 prepbetani,
3324 3586 3515 3640 dicens
3559 3600 3572 3634 :
3610 3579 3791 3649 Spiritus

2253 3700 2284 3734 a
2338 3697 2418 3733 me
2470 3681 2721 3750 prdcedit.
2783 3679 2850 3733 Et
2912 3679 3018 3732 alio
3075 3678 3129 3731 in
3187 3676 3306 3730 loco
3360 3692 3375 3727 :
3434 3673 3698 3742 E/fundum
3747 3669 3794 3718 de

2254 3772 2456 3842 Spiritu
2503 3787 2614 3824 meo
2662 3787 2820 3840 super
2872 3785 3074 3822 omnem
3117 3784 3326 3821 carnem
3379 3764 3537 3835 (Joel.
3587 3778 3661 3825 ιι,
3707 3758 3793 3823 9.8).

2255 3862 2407 3929 Quod
2469 3862 2520 3916 in
2584 3861 2902 3916 Pentecoste
2960 3861 3010 3914 in
3079 3857 3355 3928 apostolus
3421 3856 3616 3910 factum
3667 3851 3797 3906 fuisse

2257 3953 2535 4022 Scriptura
2584 3952 2765 4005 divina
2817 3959 3062 4005 testatur.
3132 3947 3266 4002 Nam
3319 3948 3465 4002 sicut
3525 3946 3674 3999 Pater
3725 3941 3796 3993 dc-

2255 4043 2426 4098 clarat
2447 4041 2641 4096 Filium
2674 4058 2829 4095 suum
2857 4041 3058 4094 deitate
3088 4055 3204 4103 sua,
3233 4039 3492 4108 quoniam
3519 4037 3652 4090 Deus
3675 4045 3801 4085 verus

2255 4144 2357 4197 est,
2377 4134 2456 4188 sic
2468 4145 2522 4188 et
2537 4133 2772 4202 Spiritus
2793 4140 3011 4186 sanctus
3029 4131 3224 4184 revelat
3251 4129 3473 4182 Patrem
3501 4139 3552 4181 et
3579 4124 3746 4177 Filium
3761 4119 3801 4170 iu

2256 4226 2406 4280 unita
2438 4234 2630 4279 natura
2665 4239 2761 4278 sua
2798 4233 3000 4277 aeterna
3021 4263 3036 4286 ,
3065 4221 3320 4291 quoniam
3365 4219 3511 4273 Deus
3544 4229 3692 4270 verus
3721 4219 3798 4265 est.

2257 4321 2401 4382 Ilaec,
2420 4321 2660 4390 inquam,
2675 4320 2824 4373 unita
2841 4316 3361 4388 omnipoteussempi
3375 4315 3596 4370 teruitas
3610 4310 3804 4365 Trinitas

2257 4427 2361 4480 est,
2389 4417 2473 4471 cui
2504 4417 2570 4469 de
2593 4403 2796 4469 recenti
2823 4414 3094 4468 indeitate
3123 4413 3264 4467 nulla
3282 4412 3516 4466 accessit
3542 4407 3800 4479 dignitas.»

2912 4506 3041 4560 Car.
3085 4504 3196 4559 XII.

2336 4622 2467 4677 Item
2496 4621 2634 4674 idem
2658 4619 2709 4672 in
2735 4619 2925 4673 eodem
2952 4616 3089 4672 libro
3111 4616 3177 4670 de
3202 4623 3392 4670 sancto
3415 4612 3612 4684 Spiritu
3644 4628 3654 4663 :
3683 4603 3805 4674 Quod

2266 4717 2320 4768 in
2352 4712 2507 4766 Putre
2541 4723 2587 4764 et
2617 4710 2758 4764 Filio
2793 4711 3064 4764 consistat.
3097 4728 3113 4759 ι
3157 4707 3272 4762 Νοη
3304 4717 3406 4768 est,
3443 4705 3632 4774 inquit,
3659 4699 3803 4755 divina

2267 4809 2565 4864 substantia
2612 4816 2703 4861 aut
2747 4817 2968 4860 extensa
3000 4804 3081 4858 vel
3125 4812 3377 4872 protensa
3420 4802 3475 4854 in
3520 4799 3706 4866 aliquo,
3741 4789 3807 4845 vel

2267 4901 2451 4955 excisa
2485 4901 2536 4952 in
2569 4897 2830 4969 partibus,
2880 4895 2974 4950 sed
3018 4909 3116 4949 nec
3156 4891 3480 4947 derivationi
3521 4885 3724 4954 alicujus
3748 4879 3806 4934 rei

2268 5002 2650 5062 comparatur;
2695 4989 2821 5059 quia
2873 4988 3052 5057 liquor
3108 5001 3210 5038 non
3264 4992 3348 5038 est
3395 4982 3449 5036 in
3505 4981 3603 5035 hac
3651 4982 3807 5031 natura

2273 5085 2450 5155 plane,
2497 5080 2588 5136 sed
2629 5095 2731 5134 nec
2774 5077 3003 5132 deﬂuxio
3044 5075 3288 5145 quaedam
3337 5081 3442 5137 est,
3489 5070 3613 5141 quia
3641 5063 3807 5160 nullum

2273 5176 2654 5231 detrimentum
2707 5170 2791 5226 vel
2840 5175 3182 5236 augmentum
3237 5164 3470 5218 sustinet
3505 5161 3806 5230 :priesertim

2273 5283 2396 5322 cuni
2427 5261 2803 5319 inenarrabilis
2830 5261 2898 5313 sit
2930 5259 3029 5311 bac
3058 5254 3332 5324 plenitudo
3363 5250 3671 5308 substantize
3694 5240 3805 5296 indi-

2275 5359 2403 5411 visa:
2434 5353 2736 5413 Trinitatis,
2767 5353 2906 5404 sicut
2944 5349 3057 5416 ipse
3088 5347 3226 5420 Deus
3267 5344 3358 5398 Dei
3408 5342 3574 5396 Filius
3605 5336 3808 5392 indicat:

2280 5447 2390 5520 Ego
2416 5449 2467 5501 in
2496 5447 2652 5500 Putre
2686 5454 2732 5496 et
2769 5442 2925 5494 Pater
2952 5441 3004 5492 in
3028 5456 3125 5491 me.
3157 5437 3262 5490 Sed
3299 5446 3353 5489 et
3379 5433 3608 5502 Spiritus
3627 5425 3812 5520 sanctus

2283 5516 2346 5597 iu
2370 5540 2528 5594 Patre
2561 5546 2614 5591 et
2643 5535 2778 5589 Filio
2824 5540 2882 5586 et
2908 5532 2960 5584 in
2993 5546 3049 5584 se
3087 5526 3410 5587 consistens,
3456 5523 3590 5575 sicut
3617 5516 3814 5570 Joannes

661 5737 686 5766 ι
715 5725 778 5780 In
807 5723 938 5776 libro
959 5738 1128 5794 quem.
1159 5715 1324 5787 Hujus
1341 5711 1488 5777 libri,
1505 5711 1594 5782 qui
1620 5718 1845 5780 quartus
1859 5716 1942 5763 est
1963 5707 2024 5759 de
2044 5703 2252 5758 Unitate
2267 5701 2385 5762 Dei,
2405 5695 2587 5752 titulus
2604 5694 2690 5749 hic
2706 5691 2932 5747 habetur
2949 5687 3000 5742 in
3015 5685 3193 5748 editis,
3216 5681 3287 5735 De
3304 5677 3518 5748 singulis
3538 5669 3809 5730 nominibus.
