4000 6352
199 404 311 463 697

1336 368 1547 454 item
1580 393 1947 451 aoveusus
1985 393 2308 452 cumcos.

3366 393 3470 453 608

200 517 541 591 evangelista
571 515 626 571 in
663 512 899 586 Epistula
929 528 1025 571 sua
1058 520 1166 567 tam
1213 509 1457 566 absolute
1504 517 1735 564 testatur
1765 526 1777 562 :
1814 512 1859 571 A
1890 504 2119 578 Spiritus
2145 520 2356 562 sanctus
2385 525 2417 562 η
2462 506 2624 562 Putre
2652 519 2699 562 et
2727 506 2772 560 1⁷
2776 509 2865 563 ἱῖἱο
2908 512 3059 580 quasi
3094 529 3196 565 una
3222 515 3474 582 procedat

201 607 279 661 Et
304 619 411 663 tres
441 623 603 662 unum
624 614 764 661 sunt.
809 624 829 659 ι

851 715 978 771 αλιι.
1008 711 1143 769 XIII.

281 830 430 887 Idem
470 830 587 901 ipse
611 828 665 884 in
691 828 830 884 libro
872 842 927 881 vr
968 827 1035 882 de
1064 825 1402 882 Beatitudine
1438 823 1561 880 fidei
1592 842 1606 878 :
1638 823 1793 890 Quod

207 928 443 1001 Spiritus
463 938 674 984 sanctus
700 927 755 981 in
794 928 985 981 virtute
1014 922 1357 995 pra'scientitc
1388 919 1570 976 Patris
1591 930 1639 975 et
1667 918 1794 973 Filii

205 1020 533 1075 unanimiter
552 1019 821 1073 consistat.
849 1036 868 1069 α
904 1018 978 1072 De
1003 1015 1155 1070 unito
1179 1014 1395 1069 nomine
1415 1013 1632 1068 deitatis
1659 1012 1797 1066 mul—

209 1110 453 1167 tifariam
488 1109 736 1181 Quamvis
761 1109 838 1164 sit
864 1108 1069 1164 dictum
1101 1122 1198 1177 per
1236 1105 1476 1177 singulas
1506 1119 1790 1175 personas,

206 1204 359 1275 quod
401 1203 628 1258 retulisti
666 1204 719 1257 in
762 1202 943 1267 Patre,
991 1200 1096 1256 hoc
1141 1203 1315 1270 ipsum
1370 1208 1428 1254 ut
1485 1197 1795 1254 conﬁtearis

207 1310 440 1351 necesse
459 1303 543 1350 est
572 1294 751 1349 uniter
775 1308 895 1349 esse
923 1303 978 1347 et
998 1292 1052 1347 in
1076 1290 1247 1346 Filio:
1266 1290 1434 1345 Deum
1460 1289 1528 1346 de
1550 1290 1680 1354 Deo,
1715 1289 1796 1343 Iu-

207 1403 340 1443 men
364 1386 432 1442 de
451 1385 674 1450 lumine,
709 1392 879 1441 totum
902 1384 969 1440 de
988 1392 1120 1446 toto,
1146 1390 1202 1438 et
1228 1390 1399 1436 totum
1425 1384 1479 1435 in
1510 1390 1642 1445 toto,
1670 1396 1795 1451 per-

206 1477 415 1535 fectum
439 1477 505 1539 de
533 1475 796 1547 perfecto,
822 1475 1209 1545 plenitudinem
1231 1474 1298 1529 de
1324 1472 1676 1542 plenitudine,
1707 1472 1792 1526 iu-

208 1578 430 1640 tegrum
478 1566 547 1623 de
602 1567 845 1636 integro,
900 1566 1284 1636 sempiternum
1325 1564 1394 1619 de
1440 1564 1791 1633 sempiterno,

207 1659 534 1731 sapientiam
561 1658 628 1715 de
649 1658 911 1729 sapientia
933 1698 948 1723 ,
974 1657 1229 1712 virtutem
1259 1656 1326 1712 de
1365 1655 1585 1718 virtute,
1627 1669 1793 1708 unum

207 1752 281 1808 de
305 1767 437 1817 uno,
460 1759 516 1806 et
544 1767 708 1804 unum
744 1750 800 1804 in
830 1764 971 1813 uno,
1001 1764 1190 1804 verum
1226 1748 1292 1803 de
1321 1762 1468 1809 vero,
1500 1746 1694 1801 Filium
1727 1747 1793 1799 de

1892 601 2126 673 ﬁnitima,
2157 604 2372 672 egregie
2406 604 2593 672 paucis
2628 601 2804 657 verbis
2834 603 2907 657 ita
2943 603 3238 659 concludit.
3273 621 3299 656 ι
3322 604 3469 672 Quo-

1894 696 2055 750 modo
2081 711 2209 766 ergo
2246 696 2351 749 duo
2382 696 2520 766 ligna
2566 695 2846 763 conjuncta
2896 696 3058 751 missa
3100 696 3152 752 in
3196 696 3470 753 fornacem

1895 772 2055 858 ignis,
2097 796 2151 840 et
2177 787 2242 840 de
2268 787 2476 841 duobus
2499 785 2659 857 lignis
2691 787 2935 856 procedit
2961 786 3172 841 ﬂamma
3198 788 3475 859 insepara-

1894 876 2017 931 bilis
2038 919 2052 941 ,
2080 877 2158 931 sic
2191 877 2257 931 de
2297 875 2473 931 Patris
2504 886 2558 930 et
2589 876 2707 930 Filii
2737 880 2935 932 virtute
2962 878 3208 948 procedit
3236 878 3473 950 Spiritus

1894 974 2135 1032 sanctus,
2165 968 2340 1038 ipsam
2368 968 2622 1021 virtutem
2654 968 2873 1022 deitatis
2903 969 3127 1023 habens.
3164 969 3316 1024 Sicut
3343 970 3475 1027 bea-

1894 1061 2134 1117 tissimus
2181 1059 2380 1114 Paulus
2407 1061 2586 1127 posuit
2620 1060 2805 1114 dicens
2837 1077 2851 1113 :
2882 1059 3145 1114 Mediator
3172 1060 3270 1116 Dei
3299 1071 3345 1116 et
3372 1062 3471 1116 Ito-

1893 1152 2091 1206 miuum
2114 1152 2267 1204 homo
2293 1148 2534 1205 Christus
2557 1150 2711 1203 Jesus
2738 1149 2791 1219 (1
2815 1149 2951 1205 Tim.
2982 1167 3046 1217 ιι,
3075 1151 3164 1221 5);
3197 1167 3302 1205 non
3332 1153 3475 1208 Deus

1895 1243 1987 1298 Dei
2035 1243 2314 1298 mediator.
2358 1240 2532 1298 Unum
2585 1241 2728 1295 enim
2763 1250 2868 1307 est,
2913 1258 3075 1313 usque
3125 1242 3195 1296 ad
3231 1241 3475 1298 Trinita-

1894 1346 2025 1391 tem.
2068 1353 2090 1388 s
2746 1342 2751 1347 '

2524 1445 2653 1503 Car.
2701 1444 2840 1502 XVI.

1963 1564 2096 1621 Item
2127 1564 2267 1620 idem
2315 1564 2429 1635 ipse
2454 1564 2484 1604 ιι
2525 1564 2579 1619 in
2615 1563 2754 1618 libro
2788 1577 2883 1617 vnt
2921 1561 2989 1619 de
3029 1561 3295 1618 Trinitate
3319 1569 3375 1618 et
3406 1563 3476 1619 de

1896 1659 2101 1730 Spiritu
2124 1667 2334 1721 sancto.
2363 1659 2443 1714 sic
2462 1657 2595 1713 dicit
2624 1674 2638 1711 :
2672 1676 2691 1708 ο
2727 1655 3112 1727 Significanter
3133 1670 3264 1710 vero
3294 1654 3485 1713 Domi-t

1894 1768 1998 1807 nus
2016 1762 2072 1806 et
2091 1751 2254 1806 alium
2277 1767 2339 1820 pa
2349 1750 2606 1805 racletum
2619 1764 2739 1805 esse
2755 1749 2889 1803 dixit
2914 1747 3177 1817 Spiritum
3200 1754 3469 1810 sanctum,

206 1842 395 1907 Patre,
420 1852 605 1897 natum
632 1857 738 1897 non
770 1841 989 1904 factum,
1008 1841 1172 1895 unius
1195 1842 1511 1895 subSIantim
1539 1856 1662 1894 cum
1693 1838 1793 1894 Pa-
1826 1865 1869 1924 Β
1897 1845 2149 1914 quoniam
2181 1843 2296 1912 ipse
2326 1840 2629 1911 paracletus
2653 1849 2757 1904 est,
2810 1838 2950 1894 sicut
2986 1836 3223 1893 Joannes
3255 1838 3308 1891 in
3344 1835 3476 1906 Epic

207 1942 326 1996 tre;
353 1933 522 1988 sedet
545 1932 803 2002 Spiritum
839 1939 1110 1993 sanctum,
1137 1932 1228 2000 qui
1271 1930 1340 1984 de
1380 1945 1484 1984 una
1528 1930 1794 1985 Trinitate

205 2023 482 2086 consistit,
514 2023 683 2077 Deum
708 2036 917 2086 verum,
949 2022 1129 2075 lumen
1157 2036 1368 2085 verum,
1408 2030 1576 2075 totum
1607 2019 1792 2090 perie-

204 2121 384 2178 ctutn,
444 2121 613 2171 totum
662 2112 900 2183 plenum,
947 2112 1238 2182 integrum,
1283 2112 1690 2181 sempiternum,
1736 2112 1789 2167 in

204 2204 329 2275 ipso
380 2203 730 2274 sapientiam,
796 2203 1050 2258 virtutem
1101 2203 1454 2273 praescientize
1506 2201 1687 2258 Patris
1734 2212 1792 2258 et

198 2293 331 2350 Filii
354 2295 761 2350 consistentem.
808 2314 829 2348 ι

842 2406 972 2464 CAP.
1011 2406 1151 2463 XIV.

272 2519 410 2577 Item
437 2520 625 2591 ipsein
651 2519 791 2575 libro
816 2536 888 2575 vn
926 2520 991 2576 de
1017 2518 1351 2589 professione
1378 2517 1577 2590 regula:
1601 2519 1789 2575 catbo-

195 2611 342 2677 Iicae,
370 2613 439 2669 de
463 2620 651 2668 sancto
683 2610 888 2682 Spiritu
921 2611 1002 2666 sic
1026 2619 1442 2673 commemorat,
1470 2610 1784 2679 exemplum

194 2722 411 2780 ponens
442 2706 509 2761 de
548 2705 1007 2776 Psalmograpbo:
1047 2722 1066 2754 ι
1114 2701 1275 2756 Verbo
1316 2701 1532 2756 Domini
1562 2704 1675 2756 caeli
1697 2702 1787 2771 ﬁr-

193 2800 335 2856 mati
384 2809 527 2865 sunt,
559 2809 608 2854 et
648 2797 850 2871 Spiritu
889 2799 996 2853 oris
1025 2799 1140 2868 ejus
1186 2796 1354 2851 omnis
1395 2797 1556 2851 virtus
1603 2814 1785 2851 eorum

194 2887 378 2959 (Psal.
404 2904 577 2952 xxxii,
615 2888 690 2960 6).
725 2889 917 2959 Utique
947 2889 1181 2943 Verbum
1218 2887 1413 2942 Filium
1444 2887 1738 2941 declaravit
1767 2905 1781 2943 :

194 2979 489 3034 Dominum
520 2987 696 3034 autem
729 2978 942 3033 Patrem
971 2976 1088 3046 ejus
1121 2978 1408 3041 indicavit,
1438 2989 1493 3032 et
1521 2978 1782 3046 Spiritum

191 3068 315 3123 oris
340 3066 455 3136 ejus
496 3067 755 3138 Spiritum
811 3068 1162 3138 principalem
1210 3084 1330 3123 esse
1370 3069 1779 3122 deinonstravit.

191 3158 369 3216 Vides
419 3176 579 3230 quam
642 3162 879 3217 breviter
928 3178 1024 3232 per
1069 3161 1307 3232 singulas
1362 3161 1783 3230 signitimioucs

190 3251 256 3307 in
290 3252 535 3322 personis
563 3251 740 3307 inesse
762 3253 1032 3316 distinxit,
1061 3253 1110 3305 id
1133 3263 1217 3307 est
1266 3252 1519 3315 Verbum,
1571 3263 1622 3307 et
1681 3253 1783 3306 lio-
1810 3233 1854 3293 (δ

191 3341 407 3397 minutn
455 3352 511 3397 et
557 3341 851 3412 Spiritum,
881 3352 936 3398 et
975 3343 1175 3397 unitum
1205 3344 1573 3413 operationem
1613 3344 1664 3396 in
1699 3346 1781 3399 bis

190 3448 324 3490 esse
367 3434 620 3489 ostendit.
664 3434 798 3488 Nam
847 3435 891 3489 si
949 3445 1001 3489 te
1047 3435 1223 3488 adhuc
1269 3434 1320 3487 ia
1371 3435 1551 3501 aliquo
1602 3434 1776 3487 ambi—

191 3530 379 3603 gnitas
410 3536 573 3591 leuet,
602 3529 789 3583 eadem
815 3528 926 3597 ipsa
956 3537 1155 3597 repeto.
1196 3526 1291 3582 Ubi
1325 3526 1400 3580 ait
1426 3542 1438 3579 :
1479 3524 1640 3579 Verbo
1672 3527 1779 3578 Du-

189 3620 354 3684 mini,
383 3634 486 3673 non
511 3618 681 3672 solum
725 3633 869 3672 vocis
907 3616 1461 3671 iucnnsubstantiram
1506 3632 1600 3669 acc
1626 3616 1779 3683 pias;

190 3725 362 3781 quem
385 3709 433 3765 si
477 3710 704 3764 validius
744 3710 867 3779 quis
904 3709 1176 3771 emiserit,
1216 3708 1283 3761 de
1328 3709 1601 3761 inutilians
1647 3708 1783 3760 solet

190 3817 462 3860 resonare
486 3801 652 3866 cclto;
690 3800 842 3869 cujus
888 3810 1094 3854 tantuut
1142 3800 1193 3853 in
1246 3801 1529 3868 phantasia
1569 3801 1786 3854 auditus

189 3903 284 3949 est
314 3893 643 3957 resonantis,
678 3895 770 3948 sed
796 3893 970 3948 iactus
1001 3892 1197 3945 nullus.
1226 3890 1368 3945 Sane
1398 3890 1464 3944 ile
1495 3893 1598 3945 boc
1624 3892 1786 3945 verbo

190 3987 415 4043 Domini
439 3986 820 4046 nostril’atris.
848 3988 936 4056 qui
961 3976 1042 4042 est
1066 3989 1215 4041 salus
1243 3997 1446 4047 nostra,
1479 3987 1557 4041 sic
1589 3987 1786 4055 ubique

191 4080 399 4135 divina:
427 4078 721 4151 Scriptura:
747 4089 1035 4144 testantur,
1064 4081 1185 4148 quia
1219 4077 1385 4132 Filius
1416 4077 1507 4132 Dei
1537 4078 1678 4132 Drus
1707 4081 1787 4131 t-st

192 4172 591 4230 substantivus.
623 4189 714 4241 per
736 4188 888 4241 quem
912 4172 1089 4225 omnia
1131 4171 1274 4237 factu
1301 4179 1443 4223 sunt.
1492 4170 1629 4239 Ergo
1657 4168 1783 4238 quia

191 4262 340 4316 dixit
366 4279 380 4314 :
424 4258 587 4315 Verbo
612 4260 824 4315 Domini
844 4261 957 4315 cadi
985 4262 1181 4330 ﬁrmati
1211 4270 1351 4322 sunt,
1375 4270 1422 4313 et
1454 4259 1656 4328 Spirnu
1676 4259 1783 4313 oris

190 4351 317 4422 ejus
351 4352 520 4406 omnis
544 4353 705 4407 virtus
733 4369 937 4417 eorum,
968 4368 1233 4423 cognosce
1265 4353 1367 4407 boc
1402 4352 1623 4406 verbum
1660 4352 1788 4407 sub-

191 4443 495 4499 stantivum
520 4459 623 4498 non
648 4443 863 4499 aliunde
898 4460 1060 4514 quam
1083 4445 1147 4499 de
1170 4444 1332 4498 Patre
1352 4444 1568 4514 proprie
1598 4455 1783 4497 natmn

190 4535 398 4600 fuisse;
423 4534 518 4589 sed
546 4542 594 4589 et
624 4532 825 4604 Spiritu
858 4538 964 4590 oris
989 4536 1102 4606 ejus
1142 4552 1266 4591 eum
1311 4534 1574 4605 Spiritum
1624 4535 1759 4589 dixit

191 4629 292 4699 qui
321 4628 388 4682 de
411 4627 526 4699 ipsa
557 4629 704 4682 unita
729 4629 1029 4683 substantia
1060 4628 1346 4699 processit,
1392 4627 1534 4682 sicut
1564 4638 1784 4682 cautum

193 4718 537 4784 invenimus;
572 4733 677 4773 non
704 4735 765 4774 ex
792 4718 896 4773 alia
924 4727 1116 4773 natura
1146 4734 1309 4788 quam
1340 4719 1405 4773 de
1427 4719 1572 4789 ipsa;
1600 4733 1665 4773 ac
1691 4733 1786 4788 per

192 4812 306 4867 hoc
332 4808 484 4869 unita
525 4818 608 4863 est
634 4808 809 4865 Patris
835 4819 888 4865 et
916 4809 1034 4864 Filii
1070 4818 1127 4863 et
1155 4809 1329 4863 sancti
1376 4809 1611 4880 Spiritus
1654 4809 1783 4863 sub-

193 4902 429 4963 stantia,
444 4916 607 4971 quam
627 4900 800 4956 Grieci
832 4901 1018 4957 dicunt
1037 4901 1218 4958 οὐσίαν
1244 4918 1258 4954 :
1291 4909 1346 4955 et
1370 4901 1517 4955 unita
1539 4909 1623 4955 est
1643 4901 1787 4971 ejus-

192 4996 324 5050 dem
353 4992 635 5079 Trinitatis
662 4995 904 5064 operatio
932 4993 985 5048 in
1019 4992 1279 5048 factura.»

855 5106 985 5163 CAP.
1025 5106 1142 5162 XV.

266 5219 548 5289 Item'ipse
574 5231 601 5262 ι
642 5218 698 5273 in
730 5218 869 5274 libro
906 5233 1003 5272 vni
1037 5218 1106 5273 de
1144 5216 1294 5272 Fidei
1331 5216 1552 5273 Unitate
1581 5232 1595 5270 :
1631 5213 1786 5281 Quod

273 5388 301 5421 ι
336 5378 404 5433 In
428 5378 560 5432 libro
590 5394 707 5434 vni.
738 5377 1121 5448 Nequaquam,
1171 5375 1350 5448 scd‘in
1383 5372 1595 5448 decimo
1624 5391 1636 5426 :
1670 5372 1785 5448 nisi

193 5448 431 5505 fortasse
455 5448 658 5504 Encas
686 5442 1159 5503 octav'um'librum
1185 5447 1250 5499 de
1276 5443 1514 5513 Propriis
1541 5442 1784 5512 personis

193 5536 264 5577 ac
290 5522 357 5575 de
392 5520 545 5573 unito
570 5520 785 5574 nomine
818 5519 1124 5573 Divinitatis
1154 5516 1375 5571 lamlare
1418 5514 1616 5576 voluit;
1655 5528 1783 5566 nam

194 5592 319 5646 lucc
360 5590 478 5658 ejus
499 5598 659 5644 aetate
695 5591 748 5644 iu
793 5604 858 5644 eo
887 5589 1025 5643 libro
1063 5588 1198 5642 lecta
1247 5584 1413 5658 fuisse
1461 5593 1683 5638 constat.
1714 5599 1782 5637 ex

195 5656 524 5724 Rati-sumo,
553 5660 646 5716 lib.
671 5676 755 5726 ιιι,
782 5676 903 5729 cap.
934 5661 989 5725 6,
1019 5675 1139 5729 qua:
1165 5673 1308 5714 nunc
1336 5656 1444 5711 illie
1487 5669 1594 5710 non
1633 5669 1781 5710 com-

219 5748 263 5784 ta
274 5743 415 5786 rem.

219 5749 415 5786 ment.

193 5749 219 5829 ἦ
270 5805 300 5842 ιι
332 5802 489 5856 Libro
517 5818 608 5857 vni
640 5802 702 5858 de
727 5799 999 5856 Trinitatc.
1041 5800 1150 5854 Hoc
1190 5815 1253 5854 cx
1287 5798 1401 5851 loco
1433 5798 1582 5868 pt‘tin
1607 5798 1653 5850 ic
1694 5803 1777 5848 at-

1893 1934 2029 1991 stola
2061 1949 2157 1989 sua
2185 1935 2259 1988 ait
2282 1948 2297 1986 :
2326 1932 2454 1987 lla'c
2483 1932 2621 1986 vobis
2640 1930 2826 2000 scripsi
2845 1941 2899 1983 ut
2927 1946 3032 1983 non
3055 1930 3292 1997 peccetis.
3320 1925 3475 1993 Quod

1890 2026 1938 2080 si
1964 2025 2368 2096 peccaverimus,
2398 2022 2724 2093 paracletum
2759 2022 3009 2075 habemus
3038 2021 3107 2074 ad
3139 2018 3352 2074 Putrem
3378 2018 3474 2073 Je-

1890 2132 2005 2170 sum
2029 2113 2326 2177 Christum,
2354 2124 2401 2168 et
2432 2115 2542 2184 ipse
2570 2113 2871 2183 propitiatio
2903 2122 2977 2167 est
3005 2128 3100 2182 pro
3124 2120 3349 2180 peccatis
3383 2125 3479 2163 no-

1888 2206 2033 2260 stris.
2082 2203 2156 2259 Ut
2204 2204 2530 2259 doceremur
2577 2202 2816 2273 Spiritus
2868 2217 2992 2258 cum
3054 2200 3195 2257 Filio
3249 2199 3476 2271 aequali-

1889 2295 2073 2351 tatem.
2114 2313 2133 2348 ι

2517 2408 2648 2465 CAv.
2686 2407 2848 2465 XVII.

1957 2521 2090 2578 Item
2124 2521 2265 2577 idem
2298 2522 2350 2576 in
2375 2522 2563 2577 eodem
2588 2522 2726 2576 libro
2765 2540 2777 2575 :
2809 2520 2965 2586 Quod
3002 2520 3231 2592 Spiritus
3264 2531 3476 2575 sanctus

1886 2615 1955 2669 sit
2003 2612 2228 2682 Spiritus
2275 2613 2489 2667 Domini
2531 2611 2681 2677 Iesu,
2709 2613 2779 2666 ita
2807 2612 2980 2682 inquit
3012 2631 3026 2666 :
3064 2633 3081 2663 ι
3117 2611 3269 2667 Sicut
3313 2612 3477 2668 Pater

1887 2704 2114 2759 suscitat
2142 2715 2383 2758 mortuos
2406 2714 2461 2758 ct
2491 2704 2746 2767 vivifieat,
2779 2706 2859 2760 sic
2887 2713 2944 2759 et
2964 2704 3146 2783 'Filius
3184 2721 3319 2775 quos
3354 2706 3471 2761 vult

1886 2796 2125 2851 vivificat
2146 2813 2159 2848 :
2184 2795 2249 2848 ad
2282 2796 2553 2850 liomanos
2583 2796 2713 2849 dicit
2739 2815 2751 2849 ε
2782 2794 2841 2851 Si
2870 2794 3098 2867 Spiritus
3136 2797 3250 2867 ejus
3271 2801 3361 2869 qui
3382 2816 3473 2853 su-

1886 2886 2088 2940 scitavit
2114 2884 2296 2939 Iesum
2320 2905 2349 2939 a
2373 2887 2590 2939 mortuis
2609 2889 2806 2940 hubitut
2832 2889 2883 2940 in
2904 2888 3077 2952 vobis;
3100 2889 3188 2958 qui
3210 2890 3476 2943 :usciturit

1885 2979 2066 3033 Iesum
2099 2977 2365 3032 Christum
2395 2998 2425 3033 (ι
2451 2982 2669 3033 mortuis
2689 3022 2704 3042 ,
2729 2980 3005 3048 viviﬁcubit
3026 2991 3073 3033 et
3096 2981 3337 3034 mortalia
3362 2998 3478 3035 cor-

1885 3086 2013 3139 pora
2042 3082 2206 3123 vestra
2231 3086 2322 3140 per
2349 3070 2729 3123 inhubitunleut
2773 3068 2824 3134 S,
2850 3070 3030 3122 iritum
3068 3087 3220 3123 suum
3253 3072 3306 3124 in
3335 3069 3473 3123 vobis

1886 3161 2065 3234 (Rom.
2092 3178 2205 3226 \'lll,
2242 3164 2345 3231 II).
2387 3185 2407 3216 ι

2505 3277 2633 3332 CAP.
2674 3276 2859 3332 XVIII.

1960 3389 2089 3443 llrm
2125 3388 2178 3443 in
2211 3389 2397 3442 eodem
2438 3388 2572 3441 libro
2602 3407 2614 3442 :
2640 3387 2792 3453 Quod
2821 3387 3048 3456 Spiritus
3070 3402 3283 3443 sanctus
3308 3389 3476 3455 inspi‘

1889 3484 2022 3535 ratio
2043 3484 2109 3535 sit
2143 3481 2316 3534 Putris
2338 3491 2384 3533 et
2413 3479 2539 3533 Fi.’.i
2560 3521 2572 3542 ,
2600 3484 2812 3548 insuper
2831 3492 2878 3533 et
2910 3479 2975 3531 Fi
3000 3482 3079 3532 ius
3110 3483 3175 3532 sit
3201 3481 3318 3549 fons
3350 3479 3473 3547 Spi-

1890 3574 2018 3625 ritus
2047 3574 2211 3625 sunrti
2230 3588 2247 3636 ;
2278 3574 2522 3640 quocirca
2563 3572 3019 3639 comprehenditur
3056 3571 3333 3638 procedere
3358 3581 3405 3622 et
3441 3587 3475 3622 α

1891 3664 2053 3718 l'i.'io.
2092 3684 2109 3713 ο
2148 3665 2426 3734 Sapientia
2459 3663 2767 3718 Salomonis
2790 3664 2841 3716 in
2870 3663 3175 3715 Proverbiis
3207 3666 3279 3715 ita
3312 3680 3473 3717 exse-

1887 3760 2107 3828 quitur:
2144 3756 2258 3810 Lux
2291 3757 2498 3810 Dom'ni
2527 3757 2750 3823 spirulio
2787 3767 2860 3808 est
2892 3757 3011 3808 hom
3038 3772 3181 3815 nunt,
3213 3757 3298 3824 qui
3325 3773 3478 3827 seruo.

1887 3859 2028 3902 titur
2061 3849 2264 3900 interm
2310 3848 2496 3900 ventris
2524 3845 2711 3912 (Prov.
2744 3862 2835 3905 xx.
2868 3846 2980 3913 27).
3032 3847 3094 3899 Et
3127 3845 3475 3899 manifestum

1886 3939 2122 4008 estquia
2179 3936 2413 4006 Spiritus
2443 3938 2621 3990 omnia
2666 3946 2962 3992 scrutatur.
3018 3937 3472 4004 quennulmmlun

1888 4029 2069 4084 scribit
2096 4028 2203 4083 Pan
2231 4044 2325 4092 ns;
2355 4039 2410 4082 et
2437 4045 2544 4099 quo
2567 4029 2578 4080 Ι
2605 4045 2633 4081 a
2662 4028 2928 4098 principio
2961 4027 3193 4080 I‘m-matu
3220 4027 3390 4081 Adam
3421 4027 3476 4080 in

1890 4118 2079 4174 faciem
2108 4118 2224 4185 ejus
2252 4120 2511 4187 Splt‘aSscl
2545 4118 2684 4172 Deus
2714 4119 2978 4188 Spiritum
3010 4130 3291 4180 saucunn,
3332 4120 3475 4171 sicut

1890 4209 2099 4279 Moyses
2120 4210 2234 4262 ait:
2266 4207 2331 4262 ΕΙ
2362 4210 2575 4278 spiruri:
2613 4209 2750 4263 Deus
2782 4210 2833 4262 in
2873 4209 3065 4275 facient
3094 4210 3222 4263 Adtv
3256 4210 3477 4278 inspira-

1887 4304 2079 4357 tioncm
2118 4303 2254 4365 vitm,
2295 4314 2340 4355 ct
2364 4304 2536 4373 {actus
2557 4314 2630 4356 est
2672 4303 2826 4356 homo
2865 4302 2919 4355 in
2948 4303 3180 4357 animum
3228 4303 3475 4356 virentem

1885 4390 2038 4464 (Gen.
2074 4409 2138 4459 tt,
2165 4394 2241 4464 7).
2279 4392 2462 4461 Neque
2490 4394 2542 4447 id
2579 4394 2720 4462 quod
2761 4392 3024 4462 Spiratum
3054 4400 3138 4446 est
3165 4407 3195 4445 a
3221 4391 3471 4454 Domino,

1887 4484 2066 4538 anima
2101 4493 2220 4548 est,
2269 4486 2566 4539 secundum
2618 4482 2953 4537 l'abulatores
2982 4481 3200 4537 Iudaeos
3229 4497 3244 4535 :
3272 4481 3474 4550 alioqui

1767 4576 1866 4645 τι)
1892 4575 2162 4645 quomodo
2207 4575 2310 4630 hoc
2351 4575 2494 4644 quod
2542 4590 2572 4627 a
2620 4590 2681 4629 se
2717 4574 2980 4641 spiratum
3023 4582 3127 4636 est,
3180 4573 3323 4627 Deus
3364 4571 3474 4639 igni

1890 4676 2094 4719 aeterno
2122 4663 2483 4719 condemnat?
2509 4661 2614 4717 Sed
2652 4663 2932 4716 viviticans
2969 4661 3201 4730 Spiritus
3235 4660 3369 4724 est,‘
3407 4659 3476 4715 de

1891 4768 1999 4824 quo
2022 4762 2079 4808 et
2112 4752 2313 4808 Paulus
2346 4754 2423 4807 ait
2451 4766 2468 4806 :
2498 4751 2726 4820 Spiritus
2768 4767 2887 4805 vero
2926 4750 3153 4820 viviﬁcat
3186 4750 3366 4821 (Joan.
3393 4765 3473 4815 vt,

1888 4846 2018 4917 24);
2058 4854 2116 4900 et
2145 4862 2159 4899 :
2188 4845 2417 4915 Spiravit
2445 4844 2585 4911 Deus
2616 4844 2672 4898 in
2713 4843 2902 4913 [aciem
2938 4843 3051 4913 ejus
3079 4842 3475 4913 inspirationem

1891 4937 2031 5001 vitte,
2074 4945 2120 4990 et
2149 4936 2318 5003 factus
2348 4945 2422 4989 est
2449 4936 2601 4990 homo
2628 4935 2682 4988 in
2725 4935 2956 4989 animum
2987 4935 3255 4989 viventem.
3288 4934 3476 5005 Itaque

1894 5026 2130 5099 Spiritus
2171 5037 2393 5084 sanctus
2428 5036 2512 5082 est
2550 5028 2772 5098 spiritus
2799 5028 2943 5091 vitae,
2972 5042 3001 5081 a
3029 5042 3137 5097 quo
3163 5026 3475 5082 excidentes

1891 5123 2133 5179 nonnulli
2166 5124 2408 5199 viventes
2436 5122 2637 5177 mortui
2666 5131 2812 5187 sunt,
2837 5124 2977 5178 sicut
3010 5122 3209 5178 Paulus
3237 5125 3429 5178 scribit
3454 5142 3469 5178 :

1892 5215 2033 5271 Nam
2053 5233 2171 5286 qua:
2189 5217 2245 5271 in
2265 5215 2467 5271 deliciis
2494 5226 2587 5279 est,
2617 5216 2713 5281 ait,
2738 5206 2906 5270 vivens
2928 5225 3132 5270 mortua
3163 5227 3235 5270 est
3260 5214 3312 5287 (Ι
3333 5215 3469 5271 Tim.

1887 5384 1993 5438 que
2035 5368 2399 5439 crsuperiori,
2449 5368 2710 5424 discimus
2738 5383 2902 5432 quam
2938 5378 3159 5439 temere
3208 5368 3277 5422 ab
3323 5381 3475 5439 amag

1888 5436 2187 5494 nucnsibus
2206 5438 2440 5509 Operum
2458 5439 2738 5493 Athanasii
2766 5440 2902 5492 tituli
2935 5438 3038 5492 huc
3067 5440 3191 5493 illuc
3223 5436 3473 5491 translati

1888 5512 1997 5580 sint
2023 5526 2035 5563 :
2070 5511 2182 5565 lucc
2208 5512 2364 5580 enini
2381 5520 2438 5565 et
2467 5511 2745 5579 sequentia
2771 5512 2875 5563 duo
2906 5510 3156 5580 capitula
3206 5510 3474 5580 habentur

1888 5581 1942 5636 in
1972 5579 2110 5634 libro
2140 5596 2216 5637 xl.
2243 5581 2309 5634 de
2325 5578 2457 5635 Fide
2482 5581 2706 5634 unitatis
2733 5580 2931 5645 Patris,
2964 5578 3017 5634 et
3048 5579 3193 5642 Filii,
3219 5588 3271 5632 et
3300 5579 3475 5645 Spiri-

1887 5661 1976 5774 itqs
2019 5653 2212 5707 sancti.
2262 5651 2395 5707 Vide
2440 5651 2722 5707 Ratramni
2763 5652 3186 5707 librumreontra
3217 5648 3474 5713 Grmcos,

1910 5740 1979 5774 ι).
2032 5737 2110 5774 ιιι.
3354 5758 3357 5765 ι

1910 5737 1979 5776 ΙΙ).
2032 5737 2110 5775 III.
3354 5758 3357 5765 ’
