  <div class='ocr_page' id='page_1' title='image "/cluster/home/n/w/nwhite01/storage/ocr_20150623/121/hvd.32044015471642/355.png"; bbox 0 0 4000 6352; ppageno 0'>
   <div class='ocr_carea' id='block_1_1' title="bbox 485 350 593 406">
    <p class='ocr_par' dir='ltr' id='par_1_1' title="bbox 485 350 593 406">
     <span class='ocr_line' id='line_1_1' title="bbox 485 350 593 406; baseline 0.019 -1"><span class='ocrx_word' id='word_1_1' title='bbox 485 350 593 406; x_wconf 80' lang='lat'><strong><em>699</em></strong></span> 
     </span>
    </p>
   </div>
   <div class='ocr_carea' id='block_1_2' title="bbox 1620 331 2668 429">
    <p class='ocr_par' dir='ltr' id='par_1_2' title="bbox 1620 331 2668 429">
     <span class='ocr_line' id='line_1_2' title="bbox 1620 331 2668 429; baseline -0.009 -32"><span class='ocrx_word' id='word_1_2' title='bbox 1620 339 1856 397; x_wconf 69' lang='grc' dir='ltr'><strong><em>,ΕΝΕΔΕ</em></strong></span> <span class='ocrx_word' id='word_1_3' title='bbox 1895 332 2323 393; x_wconf 75' lang='lat' dir='ltr'><strong><em>PARISIENSIS</em></strong></span> <span class='ocrx_word' id='word_1_4' title='bbox 2362 331 2668 429; x_wconf 75' lang='lat' dir='ltr'><strong><em>EPlSCOPl</em></strong></span> 
     </span>
    </p>
   </div>
   <div class='ocr_carea' id='block_1_3' title="bbox 3670 330 3771 386">
    <p class='ocr_par' dir='ltr' id='par_1_3' title="bbox 3670 330 3771 386">
     <span class='ocr_line' id='line_1_3' title="bbox 3670 330 3771 386; baseline 0.01 -1"><span class='ocrx_word' id='word_1_5' title='bbox 3670 330 3771 386; x_wconf 77' lang='lat'><strong><em>700</em></strong></span> 
     </span>
    </p>
   </div>
   <div class='ocr_carea' id='block_1_4' title="bbox 485 443 2085 531">
    <p class='ocr_par' dir='ltr' id='par_1_4' title="bbox 485 450 2073 531">
     <span class='ocr_line' id='line_1_4' title="bbox 485 450 2073 531; baseline -0.011 -11"><span class='ocrx_word' id='word_1_6' title='bbox 485 481 542 528; x_wconf 72' lang='grc' dir='ltr'><strong><em>ν,</em></strong></span> <span class='ocrx_word' id='word_1_7' title='bbox 572 463 651 528; x_wconf 86' lang='grc'><strong>6).</strong></span> <span class='ocrx_word' id='word_1_8' title='bbox 691 460 906 531; x_wconf 80' lang='lat' dir='ltr'><strong><em>Alioqui</em></strong></span> <span class='ocrx_word' id='word_1_9' title='bbox 933 457 1203 529; x_wconf 86' lang='lat' dir='ltr'><strong><em>quomodo</em></strong></span> <span class='ocrx_word' id='word_1_10' title='bbox 1245 455 1545 511; x_wconf 88' lang='lat' dir='ltr'><strong><em>audiendus</em></strong></span> <span class='ocrx_word' id='word_1_11' title='bbox 1574 463 1661 511; x_wconf 89' lang='lat' dir='ltr'><strong><em>est</em></strong></span> <span class='ocrx_word' id='word_1_12' title='bbox 1702 453 1959 511; x_wconf 85' lang='lat' dir='ltr'><strong><em>Salomon</em></strong></span> <span class='ocrx_word' id='word_1_13' title='bbox 1989 450 2073 506; x_wconf 79' lang='lat' dir='ltr'><strong><em>tli-</em></strong></span> 
     </span>
    </p>
   </div>
   <div class='ocr_carea' id='block_1_5' title="bbox 2189 443 3771 531">
    <p class='ocr_par' dir='ltr' id='par_1_5' title="bbox 2189 443 3771 520">
     <span class='ocr_line' id='line_1_5' title="bbox 2189 443 3771 520; baseline 0.004 -21"><span class='ocrx_word' id='word_1_14' title='bbox 2189 460 2520 515; x_wconf 86' lang='lat' dir='ltr'><strong><em>nequaquam</em></strong></span> <span class='ocrx_word' id='word_1_15' title='bbox 2542 447 2784 515; x_wconf 81' lang='lat' dir='ltr'><strong><em>genitum</em></strong></span> <span class='ocrx_word' id='word_1_16' title='bbox 2806 443 3001 502; x_wconf 86' lang='lat' dir='ltr'><strong><em>Filium</em></strong></span> <span class='ocrx_word' id='word_1_17' title='bbox 3024 446 3311 504; x_wconf 87' lang='lat' dir='ltr'><strong><em>credamus</em></strong></span> <span class='ocrx_word' id='word_1_18' title='bbox 3331 463 3455 505; x_wconf 88' lang='lat' dir='ltr'><strong><em>esse</em></strong></span> <span class='ocrx_word' id='word_1_19' title='bbox 3479 447 3771 520; x_wconf 85' lang='lat' dir='ltr'><strong><em>Spiritum,</em></strong></span> 
     </span>
    </p>
   </div>
   <div class='ocr_carea' id='block_1_6' title="bbox 487 545 2069 619">
    <p class='ocr_par' dir='ltr' id='par_1_6' title="bbox 487 545 2069 619">
     <span class='ocr_line' id='line_1_6' title="bbox 487 545 2069 619; baseline -0.01 -10"><span class='ocrx_word' id='word_1_20' title='bbox 487 569 620 609; x_wconf 83' lang='lat' dir='ltr'><strong><em>cens</em></strong></span> <span class='ocrx_word' id='word_1_21' title='bbox 651 570 664 606; x_wconf 92' lang='lat'><strong><em>:</em></strong></span> <span class='ocrx_word' id='word_1_22' title='bbox 688 550 805 607; x_wconf 80' lang='lat' dir='ltr'><strong><em>Lua:</em></strong></span> <span class='ocrx_word' id='word_1_23' title='bbox 837 550 1044 605; x_wconf 79' lang='lat' dir='ltr'><strong><em>Domini</em></strong></span> <span class='ocrx_word' id='word_1_24' title='bbox 1071 548 1286 619; x_wconf 87' lang='lat' dir='ltr'><strong><em>spiratio</em></strong></span> <span class='ocrx_word' id='word_1_25' title='bbox 1314 557 1390 602; x_wconf 88' lang='lat' dir='ltr'><strong><em>est</em></strong></span> <span class='ocrx_word' id='word_1_26' title='bbox 1420 547 1713 609; x_wconf 82' lang='lat' dir='ltr'><strong><em>hominum,</em></strong></span> <span class='ocrx_word' id='word_1_27' title='bbox 1741 545 1831 613; x_wconf 85' lang='lat' dir='ltr'><strong><em>qui</em></strong></span> <span class='ocrx_word' id='word_1_28' title='bbox 1857 551 2069 597; x_wconf 85' lang='lat' dir='ltr'><strong><em>scruta-</em></strong></span> 
     </span>
    </p>
   </div>
   <div class='ocr_carea' id='block_1_7' title="bbox 487 633 2069 699">
    <p class='ocr_par' dir='ltr' id='par_1_7' title="bbox 487 633 2069 699">
     <span class='ocr_line' id='line_1_7' title="bbox 487 633 2069 699; baseline -0.008 0"><span class='ocrx_word' id='word_1_29' title='bbox 487 656 579 699; x_wconf 97' lang='lat' dir='ltr'><strong><em>tur</em></strong></span> <span class='ocrx_word' id='word_1_30' title='bbox 604 645 809 698; x_wconf 88' lang='lat' dir='ltr'><strong><em>interna</em></strong></span> <span class='ocrx_word' id='word_1_31' title='bbox 835 643 1023 697; x_wconf 79' lang='lat' dir='ltr'><strong><em>ventris</em></strong></span> <span class='ocrx_word' id='word_1_32' title='bbox 1053 654 1072 692; x_wconf 89' lang='lat'><strong><em>:</em></strong></span> <span class='ocrx_word' id='word_1_33' title='bbox 1102 639 1145 694; x_wconf 97' lang='lat' dir='ltr'><strong><em>si</em></strong></span> <span class='ocrx_word' id='word_1_34' title='bbox 1179 640 1390 694; x_wconf 87' lang='lat' dir='ltr'><strong><em>animas</em></strong></span> <span class='ocrx_word' id='word_1_35' title='bbox 1434 638 1713 693; x_wconf 83' lang='lat' dir='ltr'><strong><em>hominum</em></strong></span> <span class='ocrx_word' id='word_1_36' title='bbox 1748 637 1925 690; x_wconf 83' lang='lat' dir='ltr'><strong><em>lumen</em></strong></span> <span class='ocrx_word' id='word_1_37' title='bbox 1976 633 2069 688; x_wconf 90' lang='lat' dir='ltr'><strong><em>Dei</em></strong></span> 
     </span>
    </p>
   </div>
   <div class='ocr_carea' id='block_1_8' title="bbox 488 727 2073 804">
    <p class='ocr_par' dir='ltr' id='par_1_8' title="bbox 488 727 2073 804">
     <span class='ocr_line' id='line_1_8' title="bbox 488 727 2073 804; baseline -0.009 -9"><span class='ocrx_word' id='word_1_38' title='bbox 488 754 611 796; x_wconf 90' lang='lat' dir='ltr'><strong><em>esse</em></strong></span> <span class='ocrx_word' id='word_1_39' title='bbox 643 736 843 799; x_wconf 78' lang='lat' dir='ltr'><strong><em>dicitis,</em></strong></span> <span class='ocrx_word' id='word_1_40' title='bbox 872 735 975 789; x_wconf 89' lang='lat' dir='ltr'><strong><em>nisi</em></strong></span> <span class='ocrx_word' id='word_1_41' title='bbox 1009 733 1272 804; x_wconf 76' lang='lat' dir='ltr'><strong><em>Spiritum</em></strong></span> <span class='ocrx_word' id='word_1_42' title='bbox 1303 740 1550 787; x_wconf 86' lang='lat' dir='ltr'><strong><em>sanctum</em></strong></span> <span class='ocrx_word' id='word_1_43' title='bbox 1579 730 1759 783; x_wconf 86' lang='lat' dir='ltr'><strong><em>lumen</em></strong></span> <span class='ocrx_word' id='word_1_44' title='bbox 1813 727 1907 782; x_wconf 87' lang='lat' dir='ltr'><strong><em>Dei</em></strong></span> <span class='ocrx_word' id='word_1_45' title='bbox 1952 740 2073 781; x_wconf 90' lang='lat' dir='ltr'><strong><em>esse</em></strong></span> 
     </span>
    </p>
   </div>
   <div class='ocr_carea' id='block_1_9' title="bbox 487 818 2072 895">
    <p class='ocr_par' dir='ltr' id='par_1_9' title="bbox 487 818 2072 895">
     <span class='ocr_line' id='line_1_9' title="bbox 487 818 2072 895; baseline -0.009 -9"><span class='ocrx_word' id='word_1_46' title='bbox 487 828 744 893; x_wconf 82' lang='lat' dir='ltr'><strong><em>credatis,</em></strong></span> <span class='ocrx_word' id='word_1_47' title='bbox 798 827 1011 881; x_wconf 91' lang='lat' dir='ltr'><strong><em>dicente</em></strong></span> <span class='ocrx_word' id='word_1_48' title='bbox 1052 824 1237 895; x_wconf 80' lang='lat' dir='ltr'><strong><em>Moyse</em></strong></span> <span class='ocrx_word' id='word_1_49' title='bbox 1271 841 1284 876; x_wconf 88' lang='lat'><strong><em>:</em></strong></span> <span class='ocrx_word' id='word_1_50' title='bbox 1316 820 1545 885; x_wconf 80' lang='lat' dir='ltr'><strong><em>Spiravit</em></strong></span> <span class='ocrx_word' id='word_1_51' title='bbox 1593 819 1731 874; x_wconf 84' lang='lat' dir='ltr'><strong><em>Deus</em></strong></span> <span class='ocrx_word' id='word_1_52' title='bbox 1772 820 1829 873; x_wconf 91' lang='lat' dir='ltr'><strong><em>in</em></strong></span> <span class='ocrx_word' id='word_1_53' title='bbox 1881 818 2072 888; x_wconf 77' lang='lat' dir='ltr'><strong><em>faciem</em></strong></span> 
     </span>
    </p>
   </div>
   <div class='ocr_carea' id='block_1_10' title="bbox 485 910 2068 990">
    <p class='ocr_par' dir='ltr' id='par_1_10' title="bbox 485 910 2068 990">
     <span class='ocr_line' id='line_1_10' title="bbox 485 910 2068 990; baseline -0.007 -17"><span class='ocrx_word' id='word_1_54' title='bbox 485 918 619 973; x_wconf 77' lang='lat' dir='ltr'><strong><em>Adte</em></strong></span> <span class='ocrx_word' id='word_1_55' title='bbox 651 917 971 990; x_wconf 78' lang='lat' dir='ltr'><strong><em>spiraculum</em></strong></span> <span class='ocrx_word' id='word_1_56' title='bbox 1000 916 1138 969; x_wconf 74' lang='lat' dir='ltr'><strong><em>vitm.</em></strong></span> <span class='ocrx_word' id='word_1_57' title='bbox 1181 914 1248 969; x_wconf 86' lang='lat' dir='ltr'><strong><em>Et</em></strong></span> <span class='ocrx_word' id='word_1_58' title='bbox 1276 914 1447 969; x_wconf 88' lang='lat' dir='ltr'><strong><em>Filius</em></strong></span> <span class='ocrx_word' id='word_1_59' title='bbox 1479 912 1570 966; x_wconf 87' lang='lat' dir='ltr'><strong><em>Dei</em></strong></span> <span class='ocrx_word' id='word_1_60' title='bbox 1604 929 1617 965; x_wconf 90' lang='lat'><strong><em>:</em></strong></span> <span class='ocrx_word' id='word_1_61' title='bbox 1650 911 1762 981; x_wconf 88' lang='lat' dir='ltr'><strong><em>Ego</em></strong></span> <span class='ocrx_word' id='word_1_62' title='bbox 1798 927 1915 965; x_wconf 89' lang='lat' dir='ltr'><strong><em>sum</em></strong></span> <span class='ocrx_word' id='word_1_63' title='bbox 1944 910 2068 963; x_wconf 84' lang='lat' dir='ltr'><strong><em>vita.</em></strong></span> 
     </span>
    </p>
   </div>
   <div class='ocr_carea' id='block_1_11' title="bbox 487 1002 2071 1080">
    <p class='ocr_par' dir='ltr' id='par_1_11' title="bbox 487 1002 2071 1080">
     <span class='ocr_line' id='line_1_11' title="bbox 487 1002 2071 1080; baseline -0.008 -13"><span class='ocrx_word' id='word_1_64' title='bbox 487 1011 598 1067; x_wconf 86' lang='lat' dir='ltr'><strong><em>Sed</em></strong></span> <span class='ocrx_word' id='word_1_65' title='bbox 612 1018 665 1065; x_wconf 91' lang='lat' dir='ltr'><strong><em>et</em></strong></span> <span class='ocrx_word' id='word_1_66' title='bbox 679 1010 939 1080; x_wconf 89' lang='lat' dir='ltr'><strong><em>sapientia</em></strong></span> <span class='ocrx_word' id='word_1_67' title='bbox 955 1007 1265 1065; x_wconf 89' lang='lat' dir='ltr'><strong><em>Salomonis</em></strong></span> <span class='ocrx_word' id='word_1_68' title='bbox 1281 1006 1714 1061; x_wconf 86' lang='lat' dir='ltr'><strong><em>introducentem</em></strong></span> <span class='ocrx_word' id='word_1_69' title='bbox 1730 1002 2071 1057; x_wconf 85' lang='lat' dir='ltr'><strong><em>Salvatorem</em></strong></span> 
     </span>
    </p>
   </div>
   <div class='ocr_carea' id='block_1_12' title="bbox 487 1093 2077 1172">
    <p class='ocr_par' dir='ltr' id='par_1_12' title="bbox 487 1093 2077 1172">
     <span class='ocr_line' id='line_1_12' title="bbox 487 1093 2077 1172; baseline -0.008 -14"><span class='ocrx_word' id='word_1_70' title='bbox 487 1103 649 1159; x_wconf 80' lang='lat' dir='ltr'><strong><em>dicit:</em></strong></span> <span class='ocrx_word' id='word_1_71' title='bbox 670 1102 805 1156; x_wconf 84' lang='lat' dir='ltr'><strong><em>Ecce</em></strong></span> <span class='ocrx_word' id='word_1_72' title='bbox 831 1101 1096 1172; x_wconf 80' lang='lat' dir='ltr'><strong><em>proferam</em></strong></span> <span class='ocrx_word' id='word_1_73' title='bbox 1123 1098 1263 1153; x_wconf 86' lang='lat' dir='ltr'><strong><em>vobis</em></strong></span> <span class='ocrx_word' id='word_1_74' title='bbox 1288 1115 1417 1152; x_wconf 78' lang='lat' dir='ltr'><strong><em>mete</em></strong></span> <span class='ocrx_word' id='word_1_75' title='bbox 1442 1095 1777 1163; x_wconf 79' lang='lat' dir='ltr'><strong><em>aspirationis</em></strong></span> <span class='ocrx_word' id='word_1_76' title='bbox 1801 1093 2077 1163; x_wconf 80' lang='lat' dir='ltr'><strong><em>professio-</em></strong></span> 
     </span>
    </p>
   </div>
   <div class='ocr_carea' id='block_1_13' title="bbox 485 1184 2075 1266">
    <p class='ocr_par' dir='ltr' id='par_1_13' title="bbox 485 1184 2075 1266">
     <span class='ocr_line' id='line_1_13' title="bbox 485 1184 2075 1266; baseline -0.006 -18"><span class='ocrx_word' id='word_1_77' title='bbox 485 1191 803 1266; x_wconf 80' lang='lat' dir='ltr'><strong><em>nem(Prov.</em></strong></span> <span class='ocrx_word' id='word_1_78' title='bbox 818 1210 861 1258; x_wconf 85' lang='grc' dir='ltr'><strong><em>ι,</em></strong></span> <span class='ocrx_word' id='word_1_79' title='bbox 877 1192 971 1255; x_wconf 73' lang='lat'><strong><em>25)</em></strong></span> <span class='ocrx_word' id='word_1_80' title='bbox 989 1209 1004 1257; x_wconf 89' lang='lat'><strong><em>;</em></strong></span> <span class='ocrx_word' id='word_1_81' title='bbox 1025 1191 1109 1247; x_wconf 90' lang='lat' dir='ltr'><strong><em>sic</em></strong></span> <span class='ocrx_word' id='word_1_82' title='bbox 1121 1191 1268 1245; x_wconf 90' lang='lat' dir='ltr'><strong><em>enim</em></strong></span> <span class='ocrx_word' id='word_1_83' title='bbox 1284 1190 1335 1243; x_wconf 94' lang='lat' dir='ltr'><strong><em>in</em></strong></span> <span class='ocrx_word' id='word_1_84' title='bbox 1348 1188 1659 1243; x_wconf 82' lang='lat' dir='ltr'><strong><em>Proverbiis</em></strong></span> <span class='ocrx_word' id='word_1_85' title='bbox 1674 1187 1749 1241; x_wconf 91' lang='lat' dir='ltr'><strong><em>ait</em></strong></span> <span class='ocrx_word' id='word_1_86' title='bbox 1771 1203 1781 1239; x_wconf 94' lang='lat'><strong><em>:</em></strong></span> <span class='ocrx_word' id='word_1_87' title='bbox 1803 1184 2075 1256; x_wconf 79' lang='lat' dir='ltr'><strong><em>Sapientia</em></strong></span> 
     </span>
    </p>
   </div>
   <div class='ocr_carea' id='block_1_14' title="bbox 482 1276 2075 1354">
    <p class='ocr_par' dir='ltr' id='par_1_14' title="bbox 482 1276 2075 1354">
     <span class='ocr_line' id='line_1_14' title="bbox 482 1276 2075 1354; baseline -0.007 -13"><span class='ocrx_word' id='word_1_88' title='bbox 482 1288 541 1341; x_wconf 84' lang='lat' dir='ltr'><strong><em>in</em></strong></span> <span class='ocrx_word' id='word_1_89' title='bbox 563 1288 704 1342; x_wconf 71' lang='lat' dir='ltr'><strong><em>exitu</em></strong></span> <span class='ocrx_word' id='word_1_90' title='bbox 719 1294 956 1350; x_wconf 87' lang='lat' dir='ltr'><strong><em>canetur,</em></strong></span> <span class='ocrx_word' id='word_1_91' title='bbox 973 1285 1026 1338; x_wconf 90' lang='lat' dir='ltr'><strong><em>in</em></strong></span> <span class='ocrx_word' id='word_1_92' title='bbox 1050 1283 1238 1354; x_wconf 85' lang='lat' dir='ltr'><strong><em>plateis</em></strong></span> <span class='ocrx_word' id='word_1_93' title='bbox 1262 1299 1379 1336; x_wconf 90' lang='lat' dir='ltr'><strong><em>vero</em></strong></span> <span class='ocrx_word' id='word_1_94' title='bbox 1403 1279 1731 1350; x_wconf 87' lang='lat' dir='ltr'><strong><em>ﬁducialiter</em></strong></span> <span class='ocrx_word' id='word_1_95' title='bbox 1753 1288 1888 1348; x_wconf 87' lang='lat' dir='ltr'><strong><em>aget,</em></strong></span> <span class='ocrx_word' id='word_1_96' title='bbox 1911 1276 2075 1348; x_wconf 91' lang='lat' dir='ltr'><strong><em>portis</em></strong></span> 
     </span>
    </p>
   </div>
   <div class='ocr_carea' id='block_1_15' title="bbox 456 1366 2076 1446">
    <p class='ocr_par' dir='ltr' id='par_1_15' title="bbox 456 1366 2076 1446">
     <span class='ocr_line' id='line_1_15' title="bbox 456 1366 2076 1446; baseline -0.007 -15"><span class='ocrx_word' id='word_1_97' title='bbox 456 1386 659 1431; x_wconf 63' lang='lat' dir='ltr'><strong><em>’autem</em></strong></span> <span class='ocrx_word' id='word_1_98' title='bbox 704 1376 993 1446; x_wconf 87' lang='lat' dir='ltr'><strong><em>potentium</em></strong></span> <span class='ocrx_word' id='word_1_99' title='bbox 1034 1374 1262 1437; x_wconf 87' lang='lat' dir='ltr'><strong><em>assistet,</em></strong></span> <span class='ocrx_word' id='word_1_100' title='bbox 1294 1373 1350 1425; x_wconf 90' lang='lat' dir='ltr'><strong><em>in</em></strong></span> <span class='ocrx_word' id='word_1_101' title='bbox 1393 1371 1558 1425; x_wconf 88' lang='lat' dir='ltr'><strong><em>muris</em></strong></span> <span class='ocrx_word' id='word_1_102' title='bbox 1606 1384 1810 1439; x_wconf 85' lang='lat' dir='ltr'><strong><em>quoque</em></strong></span> <span class='ocrx_word' id='word_1_103' title='bbox 1846 1366 2076 1421; x_wconf 87' lang='lat' dir='ltr'><strong><em>civitatis</em></strong></span> 
     </span>
    </p>
   </div>
   <div class='ocr_carea' id='block_1_16' title="bbox 485 1458 2078 1536">
    <p class='ocr_par' dir='ltr' id='par_1_16' title="bbox 485 1458 2078 1536">
     <span class='ocr_line' id='line_1_16' title="bbox 485 1458 2078 1536; baseline -0.006 -15"><span class='ocrx_word' id='word_1_104' title='bbox 485 1466 815 1536; x_wconf 81' lang='lat' dir='ltr'><strong><em>conﬁdenter</em></strong></span> <span class='ocrx_word' id='word_1_105' title='bbox 838 1475 976 1535; x_wconf 85' lang='lat' dir='ltr'><strong><em>aget.</em></strong></span> <span class='ocrx_word' id='word_1_106' title='bbox 1002 1463 1214 1530; x_wconf 89' lang='lat' dir='ltr'><strong><em>Quanto</em></strong></span> <span class='ocrx_word' id='word_1_107' title='bbox 1256 1472 1488 1530; x_wconf 88' lang='lat' dir='ltr'><strong><em>tempore</em></strong></span> <span class='ocrx_word' id='word_1_108' title='bbox 1516 1460 1752 1515; x_wconf 84' lang='lat' dir='ltr'><strong><em>obtinent</em></strong></span> <span class='ocrx_word' id='word_1_109' title='bbox 1792 1458 2078 1529; x_wconf 80' lang='lat' dir='ltr'><strong><em>prudentes</em></strong></span> 
     </span>
    </p>
   </div>
   <div class='ocr_carea' id='block_1_17' title="bbox 480 1548 2078 1627">
    <p class='ocr_par' dir='ltr' id='par_1_17' title="bbox 480 1548 2078 1627">
     <span class='ocr_line' id='line_1_17' title="bbox 480 1548 2078 1627; baseline -0.005 -17"><span class='ocrx_word' id='word_1_110' title='bbox 480 1556 782 1627; x_wconf 81' lang='lat' dir='ltr'><strong><em>justitiam,</em></strong></span> <span class='ocrx_word' id='word_1_111' title='bbox 846 1563 895 1608; x_wconf 88' lang='lat' dir='ltr'><strong><em>et</em></strong></span> <span class='ocrx_word' id='word_1_112' title='bbox 948 1569 1052 1607; x_wconf 89' lang='lat' dir='ltr'><strong><em>non</em></strong></span> <span class='ocrx_word' id='word_1_113' title='bbox 1101 1552 1401 1607; x_wconf 72' lang='lat' dir='ltr'><strong><em>erubescant</em></strong></span> <span class='ocrx_word' id='word_1_114' title='bbox 1437 1566 1457 1606; x_wconf 91' lang='lat'><strong><em>:</em></strong></span> <span class='ocrx_word' id='word_1_115' title='bbox 1499 1548 1855 1619; x_wconf 83' lang='lat' dir='ltr'><strong><em>imprudentes</em></strong></span> <span class='ocrx_word' id='word_1_116' title='bbox 1902 1557 2078 1604; x_wconf 87' lang='lat' dir='ltr'><strong><em>autem</em></strong></span> 
     </span>
    </p>
   </div>
   <div class='ocr_carea' id='block_1_18' title="bbox 2174 537 3771 610">
    <p class='ocr_par' dir='ltr' id='par_1_18' title="bbox 2174 537 3771 610">
     <span class='ocr_line' id='line_1_18' title="bbox 2174 537 3771 610; baseline 0.005 -20"><span class='ocrx_word' id='word_1_117' title='bbox 2174 538 2396 606; x_wconf 75' lang='lat' dir='ltr'><strong><em>etquod</em></strong></span> <span class='ocrx_word' id='word_1_118' title='bbox 2428 538 2686 591; x_wconf 86' lang='lat' dir='ltr'><strong><em>Dominus</em></strong></span> <span class='ocrx_word' id='word_1_119' title='bbox 2728 537 2802 592; x_wconf 87' lang='lat' dir='ltr'><strong><em>sit</em></strong></span> <span class='ocrx_word' id='word_1_120' title='bbox 2828 537 3055 592; x_wconf 80' lang='lat' dir='ltr'><strong><em>verbum</em></strong></span> <span class='ocrx_word' id='word_1_121' title='bbox 3089 537 3250 593; x_wconf 84' lang='lat' dir='ltr'><strong>Filii:</strong></span> <span class='ocrx_word' id='word_1_122' title='bbox 3284 539 3531 610; x_wconf 82' lang='lat' dir='ltr'><strong><em>genitum</em></strong></span> <span class='ocrx_word' id='word_1_123' title='bbox 3575 557 3712 596; x_wconf 74' lang='lat' dir='ltr'><strong><em>vero</em></strong></span> <span class='ocrx_word' id='word_1_124' title='bbox 3738 560 3771 598; x_wconf 71' lang='grc' dir='ltr'><strong>ι</strong></span> 
     </span>
    </p>
   </div>
   <div class='ocr_carea' id='block_1_19' title="bbox 2177 626 3776 702">
    <p class='ocr_par' dir='ltr' id='par_1_19' title="bbox 2177 626 3776 702">
     <span class='ocr_line' id='line_1_19' title="bbox 2177 626 3776 702; baseline 0.004 -22"><span class='ocrx_word' id='word_1_125' title='bbox 2177 626 2288 681; x_wconf 88' lang='lat' dir='ltr'><strong><em>Deo</em></strong></span> <span class='ocrx_word' id='word_1_126' title='bbox 2317 627 2542 682; x_wconf 82' lang='lat' dir='ltr'><strong><em>verbum</em></strong></span> <span class='ocrx_word' id='word_1_127' title='bbox 2569 643 2725 683; x_wconf 91' lang='lat' dir='ltr'><strong><em>suum</em></strong></span> <span class='ocrx_word' id='word_1_128' title='bbox 2757 628 2811 682; x_wconf 90' lang='lat' dir='ltr'><strong><em>in</em></strong></span> <span class='ocrx_word' id='word_1_129' title='bbox 2831 629 3049 700; x_wconf 88' lang='lat' dir='ltr'><strong><em>propria</em></strong></span> <span class='ocrx_word' id='word_1_130' title='bbox 3073 631 3184 684; x_wconf 86' lang='lat' dir='ltr'><strong><em>vita</em></strong></span> <span class='ocrx_word' id='word_1_131' title='bbox 3217 638 3274 684; x_wconf 90' lang='lat' dir='ltr'><strong><em>et</em></strong></span> <span class='ocrx_word' id='word_1_132' title='bbox 3295 632 3605 688; x_wconf 80' lang='lat' dir='ltr'><strong><em>substantia</em></strong></span> <span class='ocrx_word' id='word_1_133' title='bbox 3651 648 3776 702; x_wconf 82' lang='lat' dir='ltr'><strong><em>per-</em></strong></span> 
     </span>
    </p>
   </div>
   <div class='ocr_carea' id='block_1_20' title="bbox 2175 721 3778 795">
    <p class='ocr_par' dir='ltr' id='par_1_20' title="bbox 2175 721 3778 795">
     <span class='ocr_line' id='line_1_20' title="bbox 2175 721 3778 795; baseline 0.004 -19"><span class='ocrx_word' id='word_1_134' title='bbox 2175 736 2401 776; x_wconf 82' lang='lat' dir='ltr'><strong><em>manens</em></strong></span> <span class='ocrx_word' id='word_1_135' title='bbox 2423 736 2545 776; x_wconf 91' lang='lat' dir='ltr'><strong><em>cum</em></strong></span> <span class='ocrx_word' id='word_1_136' title='bbox 2573 721 2645 776; x_wconf 87' lang='lat' dir='ltr'><strong><em>sit</em></strong></span> <span class='ocrx_word' id='word_1_137' title='bbox 2675 722 2783 776; x_wconf 87' lang='lat' dir='ltr'><strong><em>vita</em></strong></span> <span class='ocrx_word' id='word_1_138' title='bbox 2809 721 2979 778; x_wconf 88' lang='lat' dir='ltr'><strong><em>Filius</em></strong></span> <span class='ocrx_word' id='word_1_139' title='bbox 3020 723 3138 779; x_wconf 88' lang='lat' dir='ltr'><strong><em>Dei.</em></strong></span> <span class='ocrx_word' id='word_1_140' title='bbox 3184 723 3479 795; x_wconf 88' lang='lat' dir='ltr'><strong><em>Propterea</em></strong></span> <span class='ocrx_word' id='word_1_141' title='bbox 3506 740 3645 781; x_wconf 86' lang='lat' dir='ltr'><strong><em>vero</em></strong></span> <span class='ocrx_word' id='word_1_142' title='bbox 3666 742 3778 782; x_wconf 81' lang='lat' dir='ltr'><strong><em>non</em></strong></span> 
     </span>
    </p>
   </div>
   <div class='ocr_carea' id='block_1_21' title="bbox 2176 813 3776 889">
    <p class='ocr_par' dir='ltr' id='par_1_21' title="bbox 2176 813 3776 889">
     <span class='ocr_line' id='line_1_21' title="bbox 2176 813 3776 889; baseline 0.003 -20"><span class='ocrx_word' id='word_1_143' title='bbox 2176 821 2262 869; x_wconf 91' lang='lat' dir='ltr'><strong><em>est</em></strong></span> <span class='ocrx_word' id='word_1_144' title='bbox 2281 813 2495 883; x_wconf 83' lang='lat' dir='ltr'><strong><em>genitus</em></strong></span> <span class='ocrx_word' id='word_1_145' title='bbox 2521 813 2591 869; x_wconf 83' lang='lat' dir='ltr'><strong><em>ab</em></strong></span> <span class='ocrx_word' id='word_1_146' title='bbox 2612 829 2678 869; x_wconf 90' lang='lat' dir='ltr'><strong><em>eo</em></strong></span> <span class='ocrx_word' id='word_1_147' title='bbox 2706 813 2962 885; x_wconf 90' lang='lat' dir='ltr'><strong><em>Spiritus,</em></strong></span> <span class='ocrx_word' id='word_1_148' title='bbox 2987 816 3116 885; x_wconf 84' lang='lat' dir='ltr'><strong><em>quia</em></strong></span> <span class='ocrx_word' id='word_1_149' title='bbox 3140 830 3246 872; x_wconf 91' lang='lat' dir='ltr'><strong><em>non</em></strong></span> <span class='ocrx_word' id='word_1_150' title='bbox 3273 828 3357 872; x_wconf 90' lang='lat' dir='ltr'><strong><em>est</em></strong></span> <span class='ocrx_word' id='word_1_151' title='bbox 3380 819 3611 873; x_wconf 82' lang='lat' dir='ltr'><strong><em>verbum</em></strong></span> <span class='ocrx_word' id='word_1_152' title='bbox 3632 820 3776 889; x_wconf 82' lang='lat' dir='ltr'><strong><em>ejus.</em></strong></span> 
     </span>
    </p>
   </div>
   <div class='ocr_carea' id='block_1_22' title="bbox 2176 904 3782 977">
    <p class='ocr_par' dir='ltr' id='par_1_22' title="bbox 2176 904 3782 977">
     <span class='ocr_line' id='line_1_22' title="bbox 2176 904 3782 977; baseline 0.005 -17"><span class='ocrx_word' id='word_1_153' title='bbox 2176 904 2434 960; x_wconf 88' lang='lat' dir='ltr'><strong><em>Creatum</em></strong></span> <span class='ocrx_word' id='word_1_154' title='bbox 2482 921 2613 961; x_wconf 89' lang='lat' dir='ltr'><strong><em>vero</em></strong></span> <span class='ocrx_word' id='word_1_155' title='bbox 2660 906 2842 962; x_wconf 87' lang='lat' dir='ltr'><strong><em>dicere</em></strong></span> <span class='ocrx_word' id='word_1_156' title='bbox 2871 905 3156 977; x_wconf 88' lang='lat' dir='ltr'><strong><em>Spiritum,</em></strong></span> <span class='ocrx_word' id='word_1_157' title='bbox 3188 909 3348 965; x_wconf 88' lang='lat' dir='ltr'><strong><em>absit.</em></strong></span> <span class='ocrx_word' id='word_1_158' title='bbox 3382 910 3782 968; x_wconf 78' lang='lat' dir='ltr'><strong><em>Verumtamen</em></strong></span> 
     </span>
    </p>
   </div>
   <div class='ocr_carea' id='block_1_23' title="bbox 2176 996 3783 1072">
    <p class='ocr_par' dir='ltr' id='par_1_23' title="bbox 2176 996 3783 1072">
     <span class='ocr_line' id='line_1_23' title="bbox 2176 996 3783 1072; baseline 0.004 -21"><span class='ocrx_word' id='word_1_159' title='bbox 2176 997 2530 1067; x_wconf 89' lang='lat' dir='ltr'><strong><em>spirationem</em></strong></span> <span class='ocrx_word' id='word_1_160' title='bbox 2551 996 2674 1053; x_wconf 88' lang='lat' dir='ltr'><strong>Filii</strong></span> <span class='ocrx_word' id='word_1_161' title='bbox 2690 998 2784 1053; x_wconf 90' lang='lat' dir='ltr'><strong><em>Dei</em></strong></span> <span class='ocrx_word' id='word_1_162' title='bbox 2806 1014 2930 1054; x_wconf 90' lang='lat' dir='ltr'><strong><em>eum</em></strong></span> <span class='ocrx_word' id='word_1_163' title='bbox 2952 1007 3053 1069; x_wconf 70' lang='lat' dir='ltr'><strong><em>eta</em></strong></span> <span class='ocrx_word' id='word_1_164' title='bbox 3074 1000 3281 1057; x_wconf 82' lang='lat' dir='ltr'><strong><em>sanctis</em></strong></span> <span class='ocrx_word' id='word_1_165' title='bbox 3299 1001 3601 1072; x_wconf 87' lang='lat' dir='ltr'><strong><em>Scripturis</em></strong></span> <span class='ocrx_word' id='word_1_166' title='bbox 3624 1003 3783 1058; x_wconf 86' lang='lat' dir='ltr'><strong><em>docti</em></strong></span> 
     </span>
    </p>
   </div>
   <div class='ocr_carea' id='block_1_24' title="bbox 2178 1088 3785 1160">
    <p class='ocr_par' dir='ltr' id='par_1_24' title="bbox 2178 1088 3785 1160">
     <span class='ocr_line' id='line_1_24' title="bbox 2178 1088 3785 1160; baseline 0.004 -18"><span class='ocrx_word' id='word_1_167' title='bbox 2178 1093 2388 1154; x_wconf 88' lang='lat' dir='ltr'><strong><em>sumus‘,</em></strong></span> <span class='ocrx_word' id='word_1_168' title='bbox 2429 1097 2486 1143; x_wconf 86' lang='lat' dir='ltr'><strong><em>et</em></strong></span> <span class='ocrx_word' id='word_1_169' title='bbox 2528 1088 2733 1144; x_wconf 75' lang='lat' dir='ltr'><strong><em>fontem</em></strong></span> <span class='ocrx_word' id='word_1_170' title='bbox 2781 1090 3026 1160; x_wconf 85' lang='lat' dir='ltr'><strong><em>spiritus.</em></strong></span> <span class='ocrx_word' id='word_1_171' title='bbox 3078 1100 3134 1147; x_wconf 93' lang='lat' dir='ltr'><strong><em>et</em></strong></span> <span class='ocrx_word' id='word_1_172' title='bbox 3179 1091 3348 1147; x_wconf 86' lang='lat' dir='ltr'><strong><em>lilium</em></strong></span> <span class='ocrx_word' id='word_1_173' title='bbox 3392 1092 3488 1147; x_wconf 89' lang='lat' dir='ltr'><strong><em>Dei</em></strong></span> <span class='ocrx_word' id='word_1_174' title='bbox 3535 1093 3785 1149; x_wconf 83' lang='lat' dir='ltr'><strong><em>dicimus</em></strong></span> 
     </span>
    </p>
   </div>
   <div class='ocr_carea' id='block_1_25' title="bbox 2179 1178 3785 1256">
    <p class='ocr_par' dir='ltr' id='par_1_25' title="bbox 2179 1178 3785 1256">
     <span class='ocr_line' id='line_1_25' title="bbox 2179 1178 3785 1256; baseline 0.006 -25"><span class='ocrx_word' id='word_1_175' title='bbox 2179 1178 2487 1234; x_wconf 84' lang='lat' dir='ltr'><strong><em>audientem</em></strong></span> <span class='ocrx_word' id='word_1_176' title='bbox 2512 1178 2751 1234; x_wconf 86' lang='lat' dir='ltr'><strong><em>Filium:</em></strong></span> <span class='ocrx_word' id='word_1_177' title='bbox 2798 1180 2940 1247; x_wconf 84' lang='lat' dir='ltr'><strong><em>Quia</em></strong></span> <span class='ocrx_word' id='word_1_178' title='bbox 2979 1181 3086 1238; x_wconf 90' lang='lat' dir='ltr'><strong><em>duo</em></strong></span> <span class='ocrx_word' id='word_1_179' title='bbox 3112 1200 3337 1255; x_wconf 81' lang='lat' dir='ltr'><strong><em>nequam</em></strong></span> <span class='ocrx_word' id='word_1_180' title='bbox 3380 1183 3500 1253; x_wconf 80' lang='lat' dir='ltr'><strong><em>fecit</em></strong></span> <span class='ocrx_word' id='word_1_181' title='bbox 3538 1185 3785 1256; x_wconf 70' lang='lat' dir='ltr'><strong><em>populate</em></strong></span> 
     </span>
    </p>
   </div>
   <div class='ocr_carea' id='block_1_26' title="bbox 2178 1270 3789 1345">
    <p class='ocr_par' dir='ltr' id='par_1_26' title="bbox 2178 1270 3789 1345">
     <span class='ocr_line' id='line_1_26' title="bbox 2178 1270 3789 1345; baseline 0.004 -20"><span class='ocrx_word' id='word_1_182' title='bbox 2178 1271 2294 1325; x_wconf 82' lang='lat' dir='ltr'><strong><em>iste.</em></strong></span> <span class='ocrx_word' id='word_1_183' title='bbox 2329 1270 2417 1325; x_wconf 76' lang='lat' dir='ltr'><strong><em>He</em></strong></span> <span class='ocrx_word' id='word_1_184' title='bbox 2463 1270 2850 1343; x_wconf 84' lang='lat' dir='ltr'><strong><em>dereliquerunt</em></strong></span> <span class='ocrx_word' id='word_1_185' title='bbox 2879 1276 3077 1344; x_wconf 78' lang='lat' dir='ltr'><strong><em>fontem</em></strong></span> <span class='ocrx_word' id='word_1_186' title='bbox 3123 1291 3274 1345; x_wconf 69' lang='lat' dir='ltr'><strong><em>aqua</em></strong></span> <span class='ocrx_word' id='word_1_187' title='bbox 3313 1276 3463 1340; x_wconf 73' lang='lat' dir='ltr'><strong><em>vim,</em></strong></span> <span class='ocrx_word' id='word_1_188' title='bbox 3514 1285 3564 1330; x_wconf 89' lang='lat' dir='ltr'><strong><em>et</em></strong></span> <span class='ocrx_word' id='word_1_189' title='bbox 3618 1276 3789 1345; x_wconf 68' lang='lat' dir='ltr'><strong><em>{adeo</em></strong></span> 
     </span>
    </p>
   </div>
   <div class='ocr_carea' id='block_1_27' title="bbox 2180 1360 3789 1437">
    <p class='ocr_par' dir='ltr' id='par_1_27' title="bbox 2180 1360 3789 1437">
     <span class='ocr_line' id='line_1_27' title="bbox 2180 1360 3789 1437; baseline 0.004 -23"><span class='ocrx_word' id='word_1_190' title='bbox 2180 1370 2301 1414; x_wconf 91' lang='lat' dir='ltr'><strong><em>runt</em></strong></span> <span class='ocrx_word' id='word_1_191' title='bbox 2343 1361 2443 1416; x_wconf 87' lang='lat' dir='ltr'><strong><em>sibi</em></strong></span> <span class='ocrx_word' id='word_1_192' title='bbox 2472 1360 2621 1416; x_wconf 86' lang='lat' dir='ltr'><strong><em>lacus</em></strong></span> <span class='ocrx_word' id='word_1_193' title='bbox 2662 1363 2937 1428; x_wconf 74' lang='lat' dir='ltr'><strong><em>contritas,</em></strong></span> <span class='ocrx_word' id='word_1_194' title='bbox 2979 1364 3070 1433; x_wconf 89' lang='lat' dir='ltr'><strong><em>qui</em></strong></span> <span class='ocrx_word' id='word_1_195' title='bbox 3116 1380 3220 1418; x_wconf 86' lang='lat' dir='ltr'><strong><em>non</em></strong></span> <span class='ocrx_word' id='word_1_196' title='bbox 3259 1374 3536 1435; x_wconf 86' lang='lat' dir='ltr'><strong><em>potuerunt</em></strong></span> <span class='ocrx_word' id='word_1_197' title='bbox 3565 1382 3789 1437; x_wconf 61' lang='lat' dir='ltr'><strong><em>aqua</em></strong></span> 
     </span>
    </p>
   </div>
   <div class='ocr_carea' id='block_1_28' title="bbox 2180 1450 3789 1531">
    <p class='ocr_par' dir='ltr' id='par_1_28' title="bbox 2180 1450 3789 1531">
     <span class='ocr_line' id='line_1_28' title="bbox 2180 1450 3789 1531; baseline 0.005 -26"><span class='ocrx_word' id='word_1_198' title='bbox 2180 1460 2393 1521; x_wconf 86' lang='lat' dir='ltr'><strong><em>portare</em></strong></span> <span class='ocrx_word' id='word_1_199' title='bbox 2418 1450 2554 1522; x_wconf 80' lang='lat' dir='ltr'><strong><em>(Jer.</em></strong></span> <span class='ocrx_word' id='word_1_200' title='bbox 2577 1469 2640 1531; x_wconf 77' lang='lat' dir='ltr'><strong><em>tt.</em></strong></span> <span class='ocrx_word' id='word_1_201' title='bbox 2673 1453 2787 1523; x_wconf 80' lang='grc'><strong>15).</strong></span> <span class='ocrx_word' id='word_1_202' title='bbox 2822 1454 3123 1523; x_wconf 84' lang='lat' dir='ltr'><strong><em>Aqua&#39;viva</em></strong></span> <span class='ocrx_word' id='word_1_203' title='bbox 3149 1455 3383 1526; x_wconf 87' lang='lat' dir='ltr'><strong><em>Spiritus</em></strong></span> <span class='ocrx_word' id='word_1_204' title='bbox 3415 1467 3645 1516; x_wconf 84' lang='lat' dir='ltr'><strong><em>sanctus</em></strong></span> <span class='ocrx_word' id='word_1_205' title='bbox 3669 1468 3789 1525; x_wconf 82' lang='lat' dir='ltr'><strong><em>est,</em></strong></span> 
     </span>
    </p>
   </div>
   <div class='ocr_carea' id='block_1_29' title="bbox 2182 1543 3793 1612">
    <p class='ocr_par' dir='ltr' id='par_1_29' title="bbox 2182 1543 3793 1612">
     <span class='ocr_line' id='line_1_29' title="bbox 2182 1543 3793 1612; baseline 0.004 -13"><span class='ocrx_word' id='word_1_206' title='bbox 2182 1544 2326 1599; x_wconf 86' lang='lat' dir='ltr'><strong><em>sicut</em></strong></span> <span class='ocrx_word' id='word_1_207' title='bbox 2352 1543 2589 1600; x_wconf 86' lang='lat' dir='ltr'><strong><em>Joannes</em></strong></span> <span class='ocrx_word' id='word_1_208' title='bbox 2618 1545 2821 1612; x_wconf 84' lang='lat' dir='ltr'><strong><em>docuit,</em></strong></span> <span class='ocrx_word' id='word_1_209' title='bbox 2853 1545 3136 1602; x_wconf 87' lang='lat' dir='ltr'><strong><em>Salvatore</em></strong></span> <span class='ocrx_word' id='word_1_210' title='bbox 3162 1548 3380 1603; x_wconf 85' lang='lat' dir='ltr'><strong><em>dicente</em></strong></span> <span class='ocrx_word' id='word_1_211' title='bbox 3413 1551 3479 1604; x_wconf 87' lang='lat' dir='ltr'><strong><em>ad</em></strong></span> <span class='ocrx_word' id='word_1_212' title='bbox 3516 1548 3793 1605; x_wconf 78' lang='lat' dir='ltr'><strong><em>Samari-</em></strong></span> 
     </span>
    </p>
   </div>
   <div class='ocr_carea' id='block_1_30' title="bbox 486 1637 3795 1713">
    <p class='ocr_par' dir='ltr' id='par_1_30' title="bbox 486 1637 3795 1713">
     <span class='ocr_line' id='line_1_30' title="bbox 486 1637 3795 1713; baseline -0.001 -13"><span class='ocrx_word' id='word_1_213' title='bbox 486 1643 816 1700; x_wconf 80' lang='lat' dir='ltr'><strong><em>contumelite</em></strong></span> <span class='ocrx_word' id='word_1_214' title='bbox 840 1659 958 1698; x_wconf 90' lang='lat' dir='ltr'><strong><em>cum</em></strong></span> <span class='ocrx_word' id='word_1_215' title='bbox 979 1642 1080 1697; x_wconf 90' lang='lat' dir='ltr'><strong><em>sint</em></strong></span> <span class='ocrx_word' id='word_1_216' title='bbox 1102 1643 1278 1712; x_wconf 88' lang='lat' dir='ltr'><strong><em>cupidi</em></strong></span> <span class='ocrx_word' id='word_1_217' title='bbox 1305 1653 1353 1696; x_wconf 88' lang='lat' dir='ltr'><strong><em>et</em></strong></span> <span class='ocrx_word' id='word_1_218' title='bbox 1379 1641 1525 1711; x_wconf 85' lang='lat' dir='ltr'><strong><em>impii</em></strong></span> <span class='ocrx_word' id='word_1_219' title='bbox 1566 1638 1767 1708; x_wconf 74' lang='lat' dir='ltr'><strong><em>e/fecti,</em></strong></span> <span class='ocrx_word' id='word_1_220' title='bbox 1816 1639 1937 1694; x_wconf 90' lang='lat' dir='ltr'><strong><em>odio</em></strong></span> <span class='ocrx_word' id='word_1_221' title='bbox 1978 1638 2078 1693; x_wconf 84' lang='lat' dir='ltr'><strong><em>ha-</em></strong></span> <span class='ocrx_word' id='word_1_222' title='bbox 2184 1646 2366 1693; x_wconf 70' lang='lat' dir='ltr'><strong><em>lanam</em></strong></span> <span class='ocrx_word' id='word_1_223' title='bbox 2403 1639 2723 1694; x_wconf 82' lang='lat' dir='ltr'><strong><em>mulierem:</em></strong></span> <span class='ocrx_word' id='word_1_224' title='bbox 2760 1637 2820 1695; x_wconf 88' lang='lat' dir='ltr'><strong><em>Si</em></strong></span> <span class='ocrx_word' id='word_1_225' title='bbox 2865 1639 3027 1695; x_wconf 85' lang='lat' dir='ltr'><strong><em>scires</em></strong></span> <span class='ocrx_word' id='word_1_226' title='bbox 3069 1640 3268 1694; x_wconf 80' lang='lat' dir='ltr'><strong><em>donum</em></strong></span> <span class='ocrx_word' id='word_1_227' title='bbox 3295 1640 3419 1707; x_wconf 82' lang='lat' dir='ltr'><strong><em>Dei,</em></strong></span> <span class='ocrx_word' id='word_1_228' title='bbox 3458 1651 3505 1696; x_wconf 80' lang='lat' dir='ltr'><strong><em>et</em></strong></span> <span class='ocrx_word' id='word_1_229' title='bbox 3530 1643 3660 1713; x_wconf 75' lang='lat' dir='ltr'><strong><em>quis</em></strong></span> <span class='ocrx_word' id='word_1_230' title='bbox 3705 1652 3795 1697; x_wconf 70' lang='lat' dir='ltr'><strong><em>est</em></strong></span> 
     </span>
    </p>
   </div>
   <div class='ocr_carea' id='block_1_31' title="bbox 489 1729 3801 1803">
    <p class='ocr_par' dir='ltr' id='par_1_31' title="bbox 489 1729 3801 1803">
     <span class='ocr_line' id='line_1_31' title="bbox 489 1729 3801 1803; baseline 0 -13"><span class='ocrx_word' id='word_1_231' title='bbox 489 1736 713 1790; x_wconf 86' lang='lat' dir='ltr'><strong><em>buerunt</em></strong></span> <span class='ocrx_word' id='word_1_232' title='bbox 737 1751 966 1800; x_wconf 87' lang='lat' dir='ltr'><strong><em>sensum,</em></strong></span> <span class='ocrx_word' id='word_1_233' title='bbox 996 1743 1044 1788; x_wconf 90' lang='lat' dir='ltr'><strong><em>et</em></strong></span> <span class='ocrx_word' id='word_1_234' title='bbox 1067 1734 1278 1788; x_wconf 72' lang='lat' dir='ltr'><strong><em>obnoxii</em></strong></span> <span class='ocrx_word' id='word_1_235' title='bbox 1302 1733 1430 1802; x_wconf 78' lang='lat' dir='ltr'><strong><em>facti</em></strong></span> <span class='ocrx_word' id='word_1_236' title='bbox 1464 1741 1585 1785; x_wconf 90' lang='lat' dir='ltr'><strong><em>sunt</em></strong></span> <span class='ocrx_word' id='word_1_237' title='bbox 1614 1729 2075 1795; x_wconf 86' lang='lat' dir='ltr'><strong><em>increpationibus.</em></strong></span> <span class='ocrx_word' id='word_1_238' title='bbox 2150 1744 2155 1751; x_wconf 89' lang='grc'><strong>·</strong></span> <span class='ocrx_word' id='word_1_239' title='bbox 2184 1731 2274 1799; x_wconf 86' lang='lat' dir='ltr'><strong><em>qui</em></strong></span> <span class='ocrx_word' id='word_1_240' title='bbox 2295 1729 2387 1783; x_wconf 89' lang='lat' dir='ltr'><strong><em>tibi</em></strong></span> <span class='ocrx_word' id='word_1_241' title='bbox 2411 1730 2538 1784; x_wconf 89' lang='lat' dir='ltr'><strong><em>dicit</em></strong></span> <span class='ocrx_word' id='word_1_242' title='bbox 2566 1743 2585 1782; x_wconf 91' lang='lat'><strong><em>:</em></strong></span> <span class='ocrx_word' id='word_1_243' title='bbox 2632 1730 2715 1784; x_wconf 91' lang='lat' dir='ltr'><strong><em>Da</em></strong></span> <span class='ocrx_word' id='word_1_244' title='bbox 2742 1731 2871 1785; x_wconf 85' lang='lat' dir='ltr'><strong><em>mihi</em></strong></span> <span class='ocrx_word' id='word_1_245' title='bbox 2914 1731 3105 1797; x_wconf 87' lang='lat' dir='ltr'><strong><em>bibere,</em></strong></span> <span class='ocrx_word' id='word_1_246' title='bbox 3149 1741 3207 1785; x_wconf 86' lang='lat' dir='ltr'><strong><em>tu</em></strong></span> <span class='ocrx_word' id='word_1_247' title='bbox 3247 1733 3421 1803; x_wconf 75' lang='lat' dir='ltr'><strong><em>utique</em></strong></span> <span class='ocrx_word' id='word_1_248' title='bbox 3457 1733 3711 1803; x_wconf 65' lang='lat' dir='ltr'><strong><em>petisses,</em></strong></span> <span class='ocrx_word' id='word_1_249' title='bbox 3739 1743 3801 1790; x_wconf 73' lang='lat' dir='ltr'><strong><em>et</em></strong></span> 
     </span>
    </p>
   </div>
   <div class='ocr_carea' id='block_1_32' title="bbox 486 1817 3797 1897">
    <p class='ocr_par' dir='ltr' id='par_1_32' title="bbox 486 1817 3797 1897">
     <span class='ocr_line' id='line_1_32' title="bbox 486 1817 3797 1897; baseline 0 -17"><span class='ocrx_word' id='word_1_250' title='bbox 486 1824 627 1880; x_wconf 87' lang='lat' dir='ltr'><strong><em>Ecce</em></strong></span> <span class='ocrx_word' id='word_1_251' title='bbox 661 1826 928 1897; x_wconf 78' lang='lat' dir='ltr'><strong><em>proferam</em></strong></span> <span class='ocrx_word' id='word_1_252' title='bbox 954 1826 1095 1880; x_wconf 80' lang='lat' dir='ltr'><strong><em>vobis</em></strong></span> <span class='ocrx_word' id='word_1_253' title='bbox 1134 1840 1266 1879; x_wconf 76' lang='lat' dir='ltr'><strong><em>mea:</em></strong></span> <span class='ocrx_word' id='word_1_254' title='bbox 1299 1822 1640 1893; x_wconf 85' lang='lat' dir='ltr'><strong><em>aspirationis</em></strong></span> <span class='ocrx_word' id='word_1_255' title='bbox 1678 1820 2072 1891; x_wconf 79' lang='lat' dir='ltr'><strong><em>professionem,</em></strong></span> <span class='ocrx_word' id='word_1_256' title='bbox 2102 1817 2151 1877; x_wconf 82' lang='grc' dir='ltr'><strong>Β</strong></span> <span class='ocrx_word' id='word_1_257' title='bbox 2178 1820 2403 1875; x_wconf 86' lang='lat' dir='ltr'><strong><em>dedisset</em></strong></span> <span class='ocrx_word' id='word_1_258' title='bbox 2438 1820 2532 1875; x_wconf 90' lang='lat' dir='ltr'><strong><em>tibi</em></strong></span> <span class='ocrx_word' id='word_1_259' title='bbox 2561 1837 2755 1892; x_wconf 87' lang='lat' dir='ltr'><strong><em>aquam</em></strong></span> <span class='ocrx_word' id='word_1_260' title='bbox 2779 1822 2947 1875; x_wconf 87' lang='lat' dir='ltr'><strong><em>vivam</em></strong></span> <span class='ocrx_word' id='word_1_261' title='bbox 2973 1820 3156 1893; x_wconf 84' lang='lat' dir='ltr'><strong><em>(Joan.</em></strong></span> <span class='ocrx_word' id='word_1_262' title='bbox 3182 1837 3258 1888; x_wconf 87' lang='lat' dir='ltr'><strong><em>tv,</em></strong></span> <span class='ocrx_word' id='word_1_263' title='bbox 3288 1822 3409 1894; x_wconf 77' lang='lat' dir='ltr'><strong><em>lli);</em></strong></span> <span class='ocrx_word' id='word_1_264' title='bbox 3435 1830 3490 1878; x_wconf 90' lang='lat' dir='ltr'><strong><em>et</em></strong></span> <span class='ocrx_word' id='word_1_265' title='bbox 3508 1839 3751 1879; x_wconf 75' lang='lat' dir='ltr'><strong><em>rursum</em></strong></span> <span class='ocrx_word' id='word_1_266' title='bbox 3776 1842 3797 1879; x_wconf 90' lang='lat'><strong><em>:</em></strong></span> 
     </span>
    </p>
   </div>
   <div class='ocr_carea' id='block_1_33' title="bbox 487 1910 3803 1987">
    <p class='ocr_par' dir='ltr' id='par_1_33' title="bbox 487 1910 3803 1987">
     <span class='ocr_line' id='line_1_33' title="bbox 487 1910 3803 1987; baseline -0.001 -16"><span class='ocrx_word' id='word_1_267' title='bbox 487 1918 681 1973; x_wconf 88' lang='lat' dir='ltr'><strong><em>docebo</em></strong></span> <span class='ocrx_word' id='word_1_268' title='bbox 708 1935 798 1972; x_wconf 86' lang='lat' dir='ltr'><strong><em>vos</em></strong></span> <span class='ocrx_word' id='word_1_269' title='bbox 832 1933 1004 1972; x_wconf 89' lang='lat' dir='ltr'><strong><em>meum</em></strong></span> <span class='ocrx_word' id='word_1_270' title='bbox 1041 1932 1332 1971; x_wconf 88' lang='lat' dir='ltr'><strong><em>sermonem</em></strong></span> <span class='ocrx_word' id='word_1_271' title='bbox 1375 1913 1556 1987; x_wconf 86' lang='lat' dir='ltr'><strong><em>(Prov.</em></strong></span> <span class='ocrx_word' id='word_1_272' title='bbox 1603 1930 1642 1978; x_wconf 84' lang='grc' dir='ltr'><strong><em>ι,</em></strong></span> <span class='ocrx_word' id='word_1_273' title='bbox 1671 1914 1785 1985; x_wconf 70' lang='grc'><strong>25).</strong></span> <span class='ocrx_word' id='word_1_274' title='bbox 1817 1913 1885 1968; x_wconf 85' lang='lat' dir='ltr'><strong><em>Et</em></strong></span> <span class='ocrx_word' id='word_1_275' title='bbox 1909 1913 2079 1969; x_wconf 83' lang='lat' dir='ltr'><strong><em>Isaias</em></strong></span> <span class='ocrx_word' id='word_1_276' title='bbox 2184 1910 2492 1984; x_wconf 83' lang='lat' dir='ltr'><strong><em>Quicunque</em></strong></span> <span class='ocrx_word' id='word_1_277' title='bbox 2515 1911 2696 1966; x_wconf 87' lang='lat' dir='ltr'><strong><em>biberit</em></strong></span> <span class='ocrx_word' id='word_1_278' title='bbox 2724 1928 2789 1966; x_wconf 72' lang='lat' dir='ltr'><strong><em>ex</em></strong></span> <span class='ocrx_word' id='word_1_279' title='bbox 2818 1928 2958 1981; x_wconf 88' lang='lat' dir='ltr'><strong><em>aqua</em></strong></span> <span class='ocrx_word' id='word_1_280' title='bbox 3001 1929 3160 1983; x_wconf 87' lang='lat' dir='ltr'><strong><em>quam</em></strong></span> <span class='ocrx_word' id='word_1_281' title='bbox 3208 1913 3258 1968; x_wconf 85' lang='lat' dir='ltr'><strong><em>ei</em></strong></span> <span class='ocrx_word' id='word_1_282' title='bbox 3290 1914 3444 1979; x_wconf 87' lang='lat' dir='ltr'><strong><em>dabo,</em></strong></span> <span class='ocrx_word' id='word_1_283' title='bbox 3477 1930 3577 1969; x_wconf 81' lang='lat' dir='ltr'><strong><em>non</em></strong></span> <span class='ocrx_word' id='word_1_284' title='bbox 3632 1915 3803 1969; x_wconf 75' lang='lat' dir='ltr'><strong><em>sitiet</em></strong></span> 
     </span>
    </p>
   </div>
   <div class='ocr_carea' id='block_1_34' title="bbox 490 2003 3805 2081">
    <p class='ocr_par' dir='ltr' id='par_1_34' title="bbox 490 2003 3805 2081">
     <span class='ocr_line' id='line_1_34' title="bbox 490 2003 3805 2081; baseline -0.001 -16"><span class='ocrx_word' id='word_1_285' title='bbox 490 2010 726 2081; x_wconf 87' lang='lat' dir='ltr'><strong><em>Spiritus</em></strong></span> <span class='ocrx_word' id='word_1_286' title='bbox 771 2009 942 2066; x_wconf 84' lang='lat' dir='ltr'><strong><em>sancti</em></strong></span> <span class='ocrx_word' id='word_1_287' title='bbox 993 2009 1410 2079; x_wconf 84' lang='lat' dir='ltr'><strong><em>promissionem</em></strong></span> <span class='ocrx_word' id='word_1_288' title='bbox 1453 2007 1790 2079; x_wconf 82' lang='lat' dir='ltr'><strong><em>praedicans,</em></strong></span> <span class='ocrx_word' id='word_1_289' title='bbox 1833 2006 1914 2061; x_wconf 91' lang='lat' dir='ltr'><strong><em>sic</em></strong></span> <span class='ocrx_word' id='word_1_290' title='bbox 1960 2006 2075 2061; x_wconf 89' lang='lat' dir='ltr'><strong><em>ait:</em></strong></span> <span class='ocrx_word' id='word_1_291' title='bbox 2179 2006 2236 2058; x_wconf 90' lang='lat' dir='ltr'><strong><em>in</em></strong></span> <span class='ocrx_word' id='word_1_292' title='bbox 2290 2014 2541 2060; x_wconf 76' lang='lat' dir='ltr'><strong><em>teternum</em></strong></span> <span class='ocrx_word' id='word_1_293' title='bbox 2587 2003 2760 2074; x_wconf 78' lang='lat' dir='ltr'><strong><em>(Ibia&#39;.</em></strong></span> <span class='ocrx_word' id='word_1_294' title='bbox 2811 2004 2936 2075; x_wconf 79' lang='lat' dir='ltr'><strong><em>l3).</em></strong></span> <span class='ocrx_word' id='word_1_295' title='bbox 2983 2004 3051 2059; x_wconf 87' lang='lat' dir='ltr'><strong><em>Et</em></strong></span> <span class='ocrx_word' id='word_1_296' title='bbox 3103 2005 3158 2060; x_wconf 89' lang='lat' dir='ltr'><strong><em>in</em></strong></span> <span class='ocrx_word' id='word_1_297' title='bbox 3207 2006 3385 2061; x_wconf 86' lang='lat' dir='ltr'><strong><em>medio</em></strong></span> <span class='ocrx_word' id='word_1_298' title='bbox 3431 2006 3616 2075; x_wconf 81' lang='lat' dir='ltr'><strong><em>templi</em></strong></span> <span class='ocrx_word' id='word_1_299' title='bbox 3673 2006 3805 2062; x_wconf 78' lang='lat' dir='ltr'><strong><em>cla-</em></strong></span> 
     </span>
    </p>
   </div>
   <div class='ocr_carea' id='block_1_35' title="bbox 486 2093 3806 2171">
    <p class='ocr_par' dir='ltr' id='par_1_35' title="bbox 486 2093 3806 2171">
     <span class='ocr_line' id='line_1_35' title="bbox 486 2093 3806 2171; baseline -0.001 -16"><span class='ocrx_word' id='word_1_300' title='bbox 486 2100 639 2156; x_wconf 73' lang='lat' dir='ltr'><strong><em>Dixit</em></strong></span> <span class='ocrx_word' id='word_1_301' title='bbox 675 2101 954 2165; x_wconf 85' lang='lat' dir='ltr'><strong><em>Dominus,</em></strong></span> <span class='ocrx_word' id='word_1_302' title='bbox 994 2099 1083 2171; x_wconf 88' lang='lat' dir='ltr'><strong><em>qui</em></strong></span> <span class='ocrx_word' id='word_1_303' title='bbox 1130 2097 1315 2153; x_wconf 69' lang='lat' dir='ltr'><strong><em>ctutum</em></strong></span> <span class='ocrx_word' id='word_1_304' title='bbox 1348 2097 1469 2167; x_wconf 80' lang='lat' dir='ltr'><strong><em>fecit</em></strong></span> <span class='ocrx_word' id='word_1_305' title='bbox 1509 2107 1555 2151; x_wconf 88' lang='lat' dir='ltr'><strong><em>et</em></strong></span> <span class='ocrx_word' id='word_1_306' title='bbox 1598 2097 1761 2167; x_wconf 67' lang='lat' dir='ltr'><strong><em>afﬁxi:</em></strong></span> <span class='ocrx_word' id='word_1_307' title='bbox 1797 2112 1954 2160; x_wconf 88' lang='lat' dir='ltr'><strong><em>eum;</em></strong></span> <span class='ocrx_word' id='word_1_308' title='bbox 1985 2096 2078 2167; x_wconf 88' lang='lat' dir='ltr'><strong><em>qui</em></strong></span> <span class='ocrx_word' id='word_1_309' title='bbox 2180 2102 2335 2149; x_wconf 85' lang='lat' dir='ltr'><strong><em>mat:</em></strong></span> <span class='ocrx_word' id='word_1_310' title='bbox 2370 2093 2432 2150; x_wconf 91' lang='lat' dir='ltr'><strong><em>Si</em></strong></span> <span class='ocrx_word' id='word_1_311' title='bbox 2456 2095 2573 2166; x_wconf 88' lang='lat' dir='ltr'><strong><em>quis</em></strong></span> <span class='ocrx_word' id='word_1_312' title='bbox 2597 2096 2726 2160; x_wconf 87' lang='lat' dir='ltr'><strong><em>sitit,</em></strong></span> <span class='ocrx_word' id='word_1_313' title='bbox 2756 2096 2930 2149; x_wconf 88' lang='lat' dir='ltr'><strong><em>veniat</em></strong></span> <span class='ocrx_word' id='word_1_314' title='bbox 2967 2096 3037 2150; x_wconf 91' lang='lat' dir='ltr'><strong><em>ad</em></strong></span> <span class='ocrx_word' id='word_1_315' title='bbox 3064 2112 3147 2150; x_wconf 89' lang='lat' dir='ltr'><strong><em>me</em></strong></span> <span class='ocrx_word' id='word_1_316' title='bbox 3186 2105 3236 2151; x_wconf 91' lang='lat' dir='ltr'><strong><em>et</em></strong></span> <span class='ocrx_word' id='word_1_317' title='bbox 3278 2097 3461 2152; x_wconf 89' lang='lat' dir='ltr'><strong><em>bibat:</em></strong></span> <span class='ocrx_word' id='word_1_318' title='bbox 3483 2098 3570 2168; x_wconf 85' lang='lat' dir='ltr'><strong><em>qui</em></strong></span> <span class='ocrx_word' id='word_1_319' title='bbox 3600 2099 3806 2152; x_wconf 67' lang='lat' dir='ltr'><strong><em>credit</em></strong></span> 
     </span>
    </p>
   </div>
   <div class='ocr_carea' id='block_1_36' title="bbox 486 2183 3806 2260">
    <p class='ocr_par' dir='ltr' id='par_1_36' title="bbox 486 2183 3806 2260">
     <span class='ocr_line' id='line_1_36' title="bbox 486 2183 3806 2260; baseline -0.001 -15"><span class='ocrx_word' id='word_1_320' title='bbox 486 2190 731 2245; x_wconf 73' lang='lat' dir='ltr'><strong><em>solidarit</em></strong></span> <span class='ocrx_word' id='word_1_321' title='bbox 752 2201 945 2244; x_wconf 87' lang='lat' dir='ltr'><strong><em>terram</em></strong></span> <span class='ocrx_word' id='word_1_322' title='bbox 962 2199 1010 2243; x_wconf 88' lang='lat' dir='ltr'><strong><em>et</em></strong></span> <span class='ocrx_word' id='word_1_323' title='bbox 1028 2204 1146 2260; x_wconf 71' lang='lat' dir='ltr'><strong><em>qua:</em></strong></span> <span class='ocrx_word' id='word_1_324' title='bbox 1168 2189 1224 2242; x_wconf 88' lang='lat' dir='ltr'><strong><em>in</em></strong></span> <span class='ocrx_word' id='word_1_325' title='bbox 1245 2205 1305 2241; x_wconf 89' lang='lat' dir='ltr'><strong><em>ea</em></strong></span> <span class='ocrx_word' id='word_1_326' title='bbox 1321 2196 1444 2241; x_wconf 90' lang='lat' dir='ltr'><strong><em>sunt</em></strong></span> <span class='ocrx_word' id='word_1_327' title='bbox 1466 2204 1485 2241; x_wconf 89' lang='lat'><strong><em>:</em></strong></span> <span class='ocrx_word' id='word_1_328' title='bbox 1509 2187 1598 2257; x_wconf 88' lang='lat' dir='ltr'><strong><em>qui</em></strong></span> <span class='ocrx_word' id='word_1_329' title='bbox 1621 2186 1712 2240; x_wconf 90' lang='lat' dir='ltr'><strong><em>dat</em></strong></span> <span class='ocrx_word' id='word_1_330' title='bbox 1737 2183 2078 2255; x_wconf 81' lang='lat' dir='ltr'><strong><em>spirationem</em></strong></span> <span class='ocrx_word' id='word_1_331' title='bbox 2179 2185 2236 2239; x_wconf 89' lang='lat' dir='ltr'><strong><em>in</em></strong></span> <span class='ocrx_word' id='word_1_332' title='bbox 2257 2201 2360 2251; x_wconf 84' lang='lat' dir='ltr'><strong><em>me,</em></strong></span> <span class='ocrx_word' id='word_1_333' title='bbox 2389 2185 2523 2239; x_wconf 85' lang='lat' dir='ltr'><strong><em>sicut</em></strong></span> <span class='ocrx_word' id='word_1_334' title='bbox 2552 2184 2688 2239; x_wconf 73' lang='lat' dir='ltr'><strong><em>dixit</em></strong></span> <span class='ocrx_word' id='word_1_335' title='bbox 2720 2184 3027 2256; x_wconf 88' lang='lat' dir='ltr'><strong><em>Scriptura,</em></strong></span> <span class='ocrx_word' id='word_1_336' title='bbox 3072 2186 3297 2256; x_wconf 81' lang='lat' dir='ltr'><strong><em>ﬂumina</em></strong></span> <span class='ocrx_word' id='word_1_337' title='bbox 3341 2186 3406 2240; x_wconf 90' lang='lat' dir='ltr'><strong><em>de</em></strong></span> <span class='ocrx_word' id='word_1_338' title='bbox 3448 2198 3625 2241; x_wconf 76' lang='lat' dir='ltr'><strong><em>ventre</em></strong></span> <span class='ocrx_word' id='word_1_339' title='bbox 3666 2190 3806 2257; x_wconf 69' lang='lat' dir='ltr'><strong><em>ejus</em></strong></span> 
     </span>
    </p>
   </div>
   <div class='ocr_carea' id='block_1_37' title="bbox 488 2273 3808 2353">
    <p class='ocr_par' dir='ltr' id='par_1_37' title="bbox 488 2273 3808 2353">
     <span class='ocr_line' id='line_1_37' title="bbox 488 2273 3808 2353; baseline -0.001 -17"><span class='ocrx_word' id='word_1_340' title='bbox 488 2281 682 2352; x_wconf 87' lang='lat' dir='ltr'><strong><em>populo</em></strong></span> <span class='ocrx_word' id='word_1_341' title='bbox 710 2283 799 2353; x_wconf 87' lang='lat' dir='ltr'><strong><em>qui</em></strong></span> <span class='ocrx_word' id='word_1_342' title='bbox 824 2291 898 2336; x_wconf 86' lang='lat' dir='ltr'><strong><em>est</em></strong></span> <span class='ocrx_word' id='word_1_343' title='bbox 919 2299 1075 2352; x_wconf 87' lang='lat' dir='ltr'><strong><em>super</em></strong></span> <span class='ocrx_word' id='word_1_344' title='bbox 1093 2298 1230 2341; x_wconf 86' lang='lat' dir='ltr'><strong><em>eam.</em></strong></span> <span class='ocrx_word' id='word_1_345' title='bbox 1259 2290 1306 2335; x_wconf 86' lang='lat' dir='ltr'><strong><em>et</em></strong></span> <span class='ocrx_word' id='word_1_346' title='bbox 1334 2280 1575 2349; x_wconf 87' lang='lat' dir='ltr'><strong><em>spiritum</em></strong></span> <span class='ocrx_word' id='word_1_347' title='bbox 1613 2278 1938 2334; x_wconf 81' lang='lat' dir='ltr'><strong><em>calcantibus</em></strong></span> <span class='ocrx_word' id='word_1_348' title='bbox 1961 2295 2079 2334; x_wconf 83' lang='lat' dir='ltr'><strong><em>eam</em></strong></span> <span class='ocrx_word' id='word_1_349' title='bbox 2179 2275 2343 2345; x_wconf 83' lang='lat' dir='ltr'><strong><em>ﬂuent</em></strong></span> <span class='ocrx_word' id='word_1_350' title='bbox 2369 2289 2520 2344; x_wconf 78' lang='lat' dir='ltr'><strong><em>aqua:</em></strong></span> <span class='ocrx_word' id='word_1_351' title='bbox 2549 2274 2674 2328; x_wconf 81' lang='lat' dir='ltr'><strong><em>vivte</em></strong></span> <span class='ocrx_word' id='word_1_352' title='bbox 2697 2273 2879 2342; x_wconf 84' lang='lat' dir='ltr'><strong><em>(Joan.</em></strong></span> <span class='ocrx_word' id='word_1_353' title='bbox 2916 2289 3014 2340; x_wconf 80' lang='lat' dir='ltr'><strong><em>vn,</em></strong></span> <span class='ocrx_word' id='word_1_354' title='bbox 3035 2274 3150 2346; x_wconf 77' lang='lat'><strong><em>37).</em></strong></span> <span class='ocrx_word' id='word_1_355' title='bbox 3179 2276 3245 2331; x_wconf 84' lang='lat' dir='ltr'><strong><em>Et</em></strong></span> <span class='ocrx_word' id='word_1_356' title='bbox 3282 2276 3685 2347; x_wconf 77' lang='lat' dir='ltr'><strong><em>interpretatus</em></strong></span> <span class='ocrx_word' id='word_1_357' title='bbox 3708 2284 3808 2332; x_wconf 67' lang='lat' dir='ltr'><strong><em>est</em></strong></span> 
     </span>
    </p>
   </div>
   <div class='ocr_carea' id='block_1_38' title="bbox 489 2364 3809 2443">
    <p class='ocr_par' dir='ltr' id='par_1_38' title="bbox 489 2364 3809 2443">
     <span class='ocr_line' id='line_1_38' title="bbox 489 2364 3809 2443; baseline -0.001 -16"><span class='ocrx_word' id='word_1_358' title='bbox 489 2370 628 2443; x_wconf 87' lang='lat' dir='ltr'><strong><em>(lsa.</em></strong></span> <span class='ocrx_word' id='word_1_359' title='bbox 666 2388 802 2439; x_wconf 81' lang='lat' dir='ltr'><strong><em>xui,</em></strong></span> <span class='ocrx_word' id='word_1_360' title='bbox 839 2373 892 2436; x_wconf 84' lang='lat'><strong><em>5,</em></strong></span> <span class='ocrx_word' id='word_1_361' title='bbox 919 2389 1022 2427; x_wconf 90' lang='lat' dir='ltr'><strong><em>sec.</em></strong></span> <span class='ocrx_word' id='word_1_362' title='bbox 1054 2371 1243 2442; x_wconf 85' lang='lat' dir='ltr'><strong><em>LXX).</em></strong></span> <span class='ocrx_word' id='word_1_363' title='bbox 1276 2371 1450 2425; x_wconf 88' lang='lat' dir='ltr'><strong><em>Dicite</em></strong></span> <span class='ocrx_word' id='word_1_364' title='bbox 1478 2369 1571 2439; x_wconf 90' lang='lat' dir='ltr'><strong><em>qui</em></strong></span> <span class='ocrx_word' id='word_1_365' title='bbox 1618 2378 1703 2424; x_wconf 90' lang='lat' dir='ltr'><strong><em>est</em></strong></span> <span class='ocrx_word' id='word_1_366' title='bbox 1731 2370 1960 2440; x_wconf 87' lang='lat' dir='ltr'><strong><em>populus</em></strong></span> <span class='ocrx_word' id='word_1_367' title='bbox 1987 2370 2079 2439; x_wconf 91' lang='lat' dir='ltr'><strong><em>qui</em></strong></span> <span class='ocrx_word' id='word_1_368' title='bbox 2178 2366 2297 2421; x_wconf 86' lang='lat' dir='ltr'><strong><em>sic:</em></strong></span> <span class='ocrx_word' id='word_1_369' title='bbox 2332 2365 2444 2419; x_wconf 84' lang='lat' dir='ltr'><strong><em>Hoc</em></strong></span> <span class='ocrx_word' id='word_1_370' title='bbox 2467 2364 2641 2419; x_wconf 84' lang='lat' dir='ltr'><strong><em>a&#39;utem</em></strong></span> <span class='ocrx_word' id='word_1_371' title='bbox 2672 2365 2881 2420; x_wconf 85' lang='lat' dir='ltr'><strong><em>dicebat</em></strong></span> <span class='ocrx_word' id='word_1_372' title='bbox 2906 2366 2971 2421; x_wconf 89' lang='lat' dir='ltr'><strong><em>de</em></strong></span> <span class='ocrx_word' id='word_1_373' title='bbox 3007 2364 3214 2436; x_wconf 85' lang='lat' dir='ltr'><strong><em>Spiritu</em></strong></span> <span class='ocrx_word' id='word_1_374' title='bbox 3241 2377 3446 2432; x_wconf 79' lang='lat' dir='ltr'><strong><em>sancto,</em></strong></span> <span class='ocrx_word' id='word_1_375' title='bbox 3487 2384 3656 2439; x_wconf 73' lang='lat' dir='ltr'><strong><em>quem</em></strong></span> <span class='ocrx_word' id='word_1_376' title='bbox 3700 2386 3809 2423; x_wconf 81' lang='lat' dir='ltr'><strong><em>ac-</em></strong></span> 
     </span>
    </p>
   </div>
   <div class='ocr_carea' id='block_1_39' title="bbox 489 2456 3805 2534">
    <p class='ocr_par' dir='ltr' id='par_1_39' title="bbox 489 2456 3805 2534">
     <span class='ocr_line' id='line_1_39' title="bbox 489 2456 3805 2534; baseline 0.004 -31"><span class='ocrx_word' id='word_1_377' title='bbox 489 2465 698 2534; x_wconf 64' lang='grc' dir='ltr'><strong><em>ερεερίι</em></strong></span> <span class='ocrx_word' id='word_1_378' title='bbox 744 2464 1094 2534; x_wconf 58' lang='lat' dir='ltr'><strong><em>spirationem</em></strong></span> <span class='ocrx_word' id='word_1_379' title='bbox 1140 2481 1153 2517; x_wconf 72' lang='grc' dir='ltr'>ε</span> <span class='ocrx_word' id='word_1_380' title='bbox 1206 2463 1445 2532; x_wconf 73' lang='lat' dir='ltr'><strong><em>nunquid</em></strong></span> <span class='ocrx_word' id='word_1_381' title='bbox 1489 2470 1541 2517; x_wconf 73' lang='lat' dir='ltr'><strong><em>et</em></strong></span> <span class='ocrx_word' id='word_1_382' title='bbox 1586 2461 1678 2517; x_wconf 84' lang='lat' dir='ltr'><strong><em>hic</em></strong></span> <span class='ocrx_word' id='word_1_383' title='bbox 1728 2462 2078 2532; x_wconf 76' lang='lat' dir='ltr'><strong><em>spirationem</em></strong></span> <span class='ocrx_word' id='word_1_384' title='bbox 2181 2456 2379 2525; x_wconf 87' lang='lat' dir='ltr'><strong><em>cepturi</em></strong></span> <span class='ocrx_word' id='word_1_385' title='bbox 2399 2464 2550 2510; x_wconf 89' lang='lat' dir='ltr'><strong><em>erant</em></strong></span> <span class='ocrx_word' id='word_1_386' title='bbox 2570 2457 2660 2527; x_wconf 90' lang='lat' dir='ltr'><strong><em>qui</em></strong></span> <span class='ocrx_word' id='word_1_387' title='bbox 2683 2457 2936 2512; x_wconf 88' lang='lat' dir='ltr'><strong><em>credituri</em></strong></span> <span class='ocrx_word' id='word_1_388' title='bbox 2960 2468 3109 2512; x_wconf 89' lang='lat' dir='ltr'><strong><em>erant</em></strong></span> <span class='ocrx_word' id='word_1_389' title='bbox 3132 2459 3186 2512; x_wconf 89' lang='lat' dir='ltr'><strong><em>in</em></strong></span> <span class='ocrx_word' id='word_1_390' title='bbox 3205 2475 3325 2513; x_wconf 88' lang='lat' dir='ltr'><strong><em>eum</em></strong></span> <span class='ocrx_word' id='word_1_391' title='bbox 3349 2458 3527 2528; x_wconf 78' lang='lat' dir='ltr'><strong><em>(Ioan.</em></strong></span> <span class='ocrx_word' id='word_1_392' title='bbox 3547 2462 3805 2534; x_wconf 59' lang='grc' dir='ltr'><strong><em>χχιιι).</em></strong></span> 
     </span>
    </p>
   </div>
   <div class='ocr_carea' id='block_1_40' title="bbox 496 2543 3815 2623">
    <p class='ocr_par' dir='ltr' id='par_1_40' title="bbox 496 2543 3815 2623">
     <span class='ocr_line' id='line_1_40' title="bbox 496 2543 3815 2623; baseline -0.002 -14"><span class='ocrx_word' id='word_1_393' title='bbox 496 2555 733 2608; x_wconf 90' lang='lat' dir='ltr'><strong><em>animam</em></strong></span> <span class='ocrx_word' id='word_1_394' title='bbox 760 2569 880 2609; x_wconf 90' lang='lat' dir='ltr'><strong><em>esse</em></strong></span> <span class='ocrx_word' id='word_1_395' title='bbox 906 2553 1109 2618; x_wconf 88' lang='lat' dir='ltr'><strong><em>dicitis,</em></strong></span> <span class='ocrx_word' id='word_1_396' title='bbox 1150 2560 1204 2607; x_wconf 91' lang='lat' dir='ltr'><strong><em>et</em></strong></span> <span class='ocrx_word' id='word_1_397' title='bbox 1227 2551 1425 2606; x_wconf 81' lang='lat' dir='ltr'><strong><em>dabitis</em></strong></span> <span class='ocrx_word' id='word_1_398' title='bbox 1454 2552 1570 2606; x_wconf 91' lang='lat' dir='ltr'><strong><em>sine</em></strong></span> <span class='ocrx_word' id='word_1_399' title='bbox 1601 2550 1779 2605; x_wconf 87' lang='lat' dir='ltr'><strong><em>anima</em></strong></span> <span class='ocrx_word' id='word_1_400' title='bbox 1822 2551 2081 2623; x_wconf 89' lang='lat' dir='ltr'><strong><em>populum</em></strong></span> <span class='ocrx_word' id='word_1_401' title='bbox 2180 2543 2261 2602; x_wconf 80' lang='lat' dir='ltr'><strong><em>Ita</em></strong></span> <span class='ocrx_word' id='word_1_402' title='bbox 2290 2548 2452 2603; x_wconf 81' lang='lat' dir='ltr'><strong><em>etiam</em></strong></span> <span class='ocrx_word' id='word_1_403' title='bbox 2489 2555 2544 2603; x_wconf 87' lang='lat' dir='ltr'><strong><em>et</em></strong></span> <span class='ocrx_word' id='word_1_404' title='bbox 2569 2548 2739 2604; x_wconf 83' lang='lat' dir='ltr'><strong><em>tsaias</em></strong></span> <span class='ocrx_word' id='word_1_405' title='bbox 2768 2549 3057 2603; x_wconf 89' lang='lat' dir='ltr'><strong><em>Dominum</em></strong></span> <span class='ocrx_word' id='word_1_406' title='bbox 3093 2549 3298 2606; x_wconf 82' lang='lat' dir='ltr'><strong><em>dixisse</em></strong></span> <span class='ocrx_word' id='word_1_407' title='bbox 3342 2550 3419 2605; x_wconf 88' lang='lat' dir='ltr'><strong><em>ait</em></strong></span> <span class='ocrx_word' id='word_1_408' title='bbox 3450 2567 3464 2604; x_wconf 93' lang='lat'><strong><em>:</em></strong></span> <span class='ocrx_word' id='word_1_409' title='bbox 3493 2549 3643 2616; x_wconf 82' lang='lat' dir='ltr'><strong><em>Quia</em></strong></span> <span class='ocrx_word' id='word_1_410' title='bbox 3694 2568 3815 2623; x_wconf 28' lang='lat' dir='ltr'><strong><em>ego,</em></strong></span> 
     </span>
    </p>
   </div>
   <div class='ocr_carea' id='block_1_41' title="bbox 488 2637 3807 2715">
    <p class='ocr_par' dir='ltr' id='par_1_41' title="bbox 488 2637 3807 2715">
     <span class='ocr_line' id='line_1_41' title="bbox 488 2637 3807 2715; baseline -0.001 -15"><span class='ocrx_word' id='word_1_411' title='bbox 488 2661 654 2715; x_wconf 86' lang='lat' dir='ltr'><strong><em>super</em></strong></span> <span class='ocrx_word' id='word_1_412' title='bbox 695 2655 896 2700; x_wconf 88' lang='lat' dir='ltr'><strong><em>terram</em></strong></span> <span class='ocrx_word' id='word_1_413' title='bbox 932 2644 1281 2700; x_wconf 78' lang='lat' dir='ltr'><strong><em>constitisse?</em></strong></span> <span class='ocrx_word' id='word_1_414' title='bbox 1324 2641 1430 2698; x_wconf 85' lang='lat' dir='ltr'><strong><em>Sed</em></strong></span> <span class='ocrx_word' id='word_1_415' title='bbox 1460 2658 1565 2697; x_wconf 90' lang='lat' dir='ltr'><strong><em>non</em></strong></span> <span class='ocrx_word' id='word_1_416' title='bbox 1607 2652 1693 2697; x_wconf 89' lang='lat' dir='ltr'><strong><em>est</em></strong></span> <span class='ocrx_word' id='word_1_417' title='bbox 1731 2659 1747 2696; x_wconf 92' lang='lat'><strong><em>:</em></strong></span> <span class='ocrx_word' id='word_1_418' title='bbox 1791 2641 2082 2714; x_wconf 86' lang='lat' dir='ltr'><strong><em>prolectio-</em></strong></span> <span class='ocrx_word' id='word_1_419' title='bbox 2182 2637 2317 2691; x_wconf 82' lang='lat' dir='ltr'><strong><em>dabo</em></strong></span> <span class='ocrx_word' id='word_1_420' title='bbox 2342 2639 2396 2691; x_wconf 89' lang='lat' dir='ltr'><strong><em>in</em></strong></span> <span class='ocrx_word' id='word_1_421' title='bbox 2439 2638 2525 2692; x_wconf 89' lang='lat' dir='ltr'><strong><em>siti</em></strong></span> <span class='ocrx_word' id='word_1_422' title='bbox 2554 2656 2745 2711; x_wconf 84' lang='lat' dir='ltr'><strong><em>aquam</em></strong></span> <span class='ocrx_word' id='word_1_423' title='bbox 2784 2638 2862 2693; x_wconf 82' lang='lat' dir='ltr'><strong><em>his</em></strong></span> <span class='ocrx_word' id='word_1_424' title='bbox 2906 2640 2996 2710; x_wconf 90' lang='lat' dir='ltr'><strong><em>qui</em></strong></span> <span class='ocrx_word' id='word_1_425' title='bbox 3022 2640 3077 2695; x_wconf 89' lang='lat' dir='ltr'><strong><em>in</em></strong></span> <span class='ocrx_word' id='word_1_426' title='bbox 3106 2641 3245 2696; x_wconf 88' lang='lat' dir='ltr'><strong><em>sicco</em></strong></span> <span class='ocrx_word' id='word_1_427' title='bbox 3278 2643 3378 2695; x_wconf 87' lang='lat' dir='ltr'><strong><em>iter</em></strong></span> <span class='ocrx_word' id='word_1_428' title='bbox 3415 2642 3699 2712; x_wconf 72' lang='lat' dir='ltr'><strong><em>fecerunt;</em></strong></span> <span class='ocrx_word' id='word_1_429' title='bbox 3746 2653 3807 2700; x_wconf 72' lang='lat' dir='ltr'><strong><em>et</em></strong></span> 
     </span>
    </p>
   </div>
   <div class='ocr_carea' id='block_1_42' title="bbox 492 2727 3807 2806">
    <p class='ocr_par' dir='ltr' id='par_1_42' title="bbox 492 2727 3807 2806">
     <span class='ocr_line' id='line_1_42' title="bbox 492 2727 3807 2806; baseline -0 -15"><span class='ocrx_word' id='word_1_430' title='bbox 492 2753 618 2791; x_wconf 90' lang='lat' dir='ltr'><strong><em>nem</em></strong></span> <span class='ocrx_word' id='word_1_431' title='bbox 667 2752 902 2806; x_wconf 85' lang='lat' dir='ltr'><strong><em>namque</em></strong></span> <span class='ocrx_word' id='word_1_432' title='bbox 950 2736 1189 2805; x_wconf 90' lang='lat' dir='ltr'><strong><em>Spiritus</em></strong></span> <span class='ocrx_word' id='word_1_433' title='bbox 1243 2735 1418 2790; x_wconf 89' lang='lat' dir='ltr'><strong><em>sancti</em></strong></span> <span class='ocrx_word' id='word_1_434' title='bbox 1464 2735 1769 2805; x_wconf 61' lang='lat' dir='ltr'><strong><em>praedicans</em></strong></span> <span class='ocrx_word' id='word_1_435' title='bbox 1819 2734 2082 2803; x_wconf 88' lang='lat' dir='ltr'><strong><em>propheta</em></strong></span> <span class='ocrx_word' id='word_1_436' title='bbox 2180 2744 2371 2798; x_wconf 78' lang='lat' dir='ltr'><strong><em>ponam</em></strong></span> <span class='ocrx_word' id='word_1_437' title='bbox 2412 2727 2669 2798; x_wconf 70' lang='lat' dir='ltr'><strong><em>Spiritum</em></strong></span> <span class='ocrx_word' id='word_1_438' title='bbox 2711 2747 2884 2784; x_wconf 79' lang='lat' dir='ltr'><strong><em>meum</em></strong></span> <span class='ocrx_word' id='word_1_439' title='bbox 2918 2747 3075 2801; x_wconf 76' lang='lat' dir='ltr'><strong><em>super</em></strong></span> <span class='ocrx_word' id='word_1_440' title='bbox 3114 2749 3290 2786; x_wconf 77' lang='lat' dir='ltr'><strong><em>semen</em></strong></span> <span class='ocrx_word' id='word_1_441' title='bbox 3336 2742 3498 2797; x_wconf 86' lang='lat' dir='ltr'><strong><em>tuum,</em></strong></span> <span class='ocrx_word' id='word_1_442' title='bbox 3531 2743 3577 2788; x_wconf 86' lang='lat' dir='ltr'><strong><em>et</em></strong></span> <span class='ocrx_word' id='word_1_443' title='bbox 3619 2734 3807 2789; x_wconf 60' lang='lat' dir='ltr'><strong><em>bene.</em></strong></span> 
     </span>
    </p>
   </div>
   <div class='ocr_carea' id='block_1_43' title="bbox 491 2818 3807 2895">
    <p class='ocr_par' dir='ltr' id='par_1_43' title="bbox 491 2818 3807 2895">
     <span class='ocr_line' id='line_1_43' title="bbox 491 2818 3807 2895; baseline -0.002 -13"><span class='ocrx_word' id='word_1_444' title='bbox 491 2827 608 2882; x_wconf 80' lang='lat' dir='ltr'><strong><em>lucc</em></strong></span> <span class='ocrx_word' id='word_1_445' title='bbox 652 2826 746 2880; x_wconf 87' lang='lat' dir='ltr'><strong><em>ait.</em></strong></span> <span class='ocrx_word' id='word_1_446' title='bbox 800 2827 1040 2895; x_wconf 83' lang='lat' dir='ltr'><strong><em>Denique</em></strong></span> <span class='ocrx_word' id='word_1_447' title='bbox 1096 2825 1421 2894; x_wconf 88' lang='lat' dir='ltr'><strong><em>completam</em></strong></span> <span class='ocrx_word' id='word_1_448' title='bbox 1471 2823 1871 2895; x_wconf 79' lang='lat' dir='ltr'><strong><em>professionem</em></strong></span> <span class='ocrx_word' id='word_1_449' title='bbox 1921 2842 2085 2895; x_wconf 87' lang='lat' dir='ltr'><strong><em>super</em></strong></span> <span class='ocrx_word' id='word_1_450' title='bbox 2183 2818 2433 2873; x_wconf 70' lang='grc' dir='ltr'><strong><em>ἀίειίοηεδ</em></strong></span> <span class='ocrx_word' id='word_1_451' title='bbox 2464 2837 2605 2873; x_wconf 77' lang='lat' dir='ltr'><strong><em>mens</em></strong></span> <span class='ocrx_word' id='word_1_452' title='bbox 2634 2836 2790 2889; x_wconf 75' lang='lat' dir='ltr'><strong><em>super</em></strong></span> <span class='ocrx_word' id='word_1_453' title='bbox 2811 2820 2952 2889; x_wconf 82' lang='lat' dir='ltr'><strong><em>ﬁlios</em></strong></span> <span class='ocrx_word' id='word_1_454' title='bbox 2985 2831 3124 2888; x_wconf 87' lang='lat' dir='ltr'><strong><em>tuos,</em></strong></span> <span class='ocrx_word' id='word_1_455' title='bbox 3149 2832 3196 2877; x_wconf 87' lang='lat' dir='ltr'><strong><em>et</em></strong></span> <span class='ocrx_word' id='word_1_456' title='bbox 3219 2822 3418 2877; x_wconf 88' lang='lat' dir='ltr'><strong><em>orietur</em></strong></span> <span class='ocrx_word' id='word_1_457' title='bbox 3440 2833 3709 2893; x_wconf 72' lang='lat' dir='ltr'><strong><em>tanquam</em></strong></span> <span class='ocrx_word' id='word_1_458' title='bbox 3740 2823 3807 2879; x_wconf 66' lang='lat' dir='ltr'><strong><em>in</em></strong></span> 
     </span>
    </p>
   </div>
   <div class='ocr_carea' id='block_1_44' title="bbox 494 2912 3805 2987">
    <p class='ocr_par' dir='ltr' id='par_1_44' title="bbox 494 2912 3805 2987">
     <span class='ocr_line' id='line_1_44' title="bbox 494 2912 3805 2987; baseline -0 -17"><span class='ocrx_word' id='word_1_459' title='bbox 494 2916 686 2971; x_wconf 81' lang='lat' dir='ltr'><strong><em>ﬁdeles</em></strong></span> <span class='ocrx_word' id='word_1_460' title='bbox 723 2917 813 2986; x_wconf 94' lang='lat' dir='ltr'><strong><em>qui</em></strong></span> <span class='ocrx_word' id='word_1_461' title='bbox 845 2916 1063 2971; x_wconf 83' lang='lat' dir='ltr'><strong><em>fuerant</em></strong></span> <span class='ocrx_word' id='word_1_462' title='bbox 1088 2917 1188 2971; x_wconf 89' lang='lat' dir='ltr'><strong><em>sub</em></strong></span> <span class='ocrx_word' id='word_1_463' title='bbox 1218 2916 1306 2970; x_wconf 90' lang='lat' dir='ltr'><strong><em>illo</em></strong></span> <span class='ocrx_word' id='word_1_464' title='bbox 1334 2925 1575 2986; x_wconf 86' lang='lat' dir='ltr'><strong><em>tempore</em></strong></span> <span class='ocrx_word' id='word_1_465' title='bbox 1623 2916 1842 2984; x_wconf 89' lang='lat' dir='ltr'><strong><em>scripsit</em></strong></span> <span class='ocrx_word' id='word_1_466' title='bbox 1867 2913 2081 2970; x_wconf 85' lang='lat' dir='ltr'><strong><em>Lucas:</em></strong></span> <span class='ocrx_word' id='word_1_467' title='bbox 2184 2927 2323 2975; x_wconf 81' lang='lat' dir='ltr'><strong><em>aqua</em></strong></span> <span class='ocrx_word' id='word_1_468' title='bbox 2361 2912 2564 2978; x_wconf 75' lang='lat' dir='ltr'><strong><em>fenum.</em></strong></span> <span class='ocrx_word' id='word_1_469' title='bbox 2600 2921 2649 2967; x_wconf 71' lang='lat' dir='ltr'><strong><em>et</em></strong></span> <span class='ocrx_word' id='word_1_470' title='bbox 2698 2912 2835 2966; x_wconf 72' lang='lat' dir='ltr'><strong><em>velut</em></strong></span> <span class='ocrx_word' id='word_1_471' title='bbox 2874 2912 3014 2968; x_wconf 72' lang='lat' dir='ltr'><strong><em>salix</em></strong></span> <span class='ocrx_word' id='word_1_472' title='bbox 3052 2915 3192 2969; x_wconf 87' lang='lat' dir='ltr'><strong><em>inter</em></strong></span> <span class='ocrx_word' id='word_1_473' title='bbox 3231 2917 3410 2985; x_wconf 78' lang='lat' dir='ltr'><strong><em>fluxus</em></strong></span> <span class='ocrx_word' id='word_1_474' title='bbox 3451 2933 3602 2987; x_wconf 79' lang='lat' dir='ltr'><strong><em>aqute</em></strong></span> <span class='ocrx_word' id='word_1_475' title='bbox 3632 2915 3805 2987; x_wconf 67' lang='lat' dir='ltr'><strong><em>(Isis.</em></strong></span> 
     </span>
    </p>
   </div>
   <div class='ocr_carea' id='block_1_45' title="bbox 490 3004 3806 3082">
    <p class='ocr_par' dir='ltr' id='par_1_45' title="bbox 490 3004 3806 3082">
     <span class='ocr_line' id='line_1_45' title="bbox 490 3004 3806 3082; baseline 0.003 -22"><span class='ocrx_word' id='word_1_476' title='bbox 490 3006 561 3060; x_wconf 85' lang='lat' dir='ltr'><strong><em>Et</em></strong></span> <span class='ocrx_word' id='word_1_477' title='bbox 579 3024 695 3060; x_wconf 90' lang='lat' dir='ltr'><strong><em>cum</em></strong></span> <span class='ocrx_word' id='word_1_478' title='bbox 717 3008 1096 3073; x_wconf 73' lang='lat' dir='ltr'><strong><em>complerenfur</em></strong></span> <span class='ocrx_word' id='word_1_479' title='bbox 1110 3008 1220 3061; x_wconf 87' lang='lat' dir='ltr'><strong><em>dies</em></strong></span> <span class='ocrx_word' id='word_1_480' title='bbox 1235 3009 1699 3079; x_wconf 76' lang='lat' dir='ltr'><strong><em>quinquagesimtr,</em></strong></span> <span class='ocrx_word' id='word_1_481' title='bbox 1716 3018 1863 3061; x_wconf 81' lang='lat' dir='ltr'><strong><em>erant</em></strong></span> <span class='ocrx_word' id='word_1_482' title='bbox 1889 3009 2087 3078; x_wconf 85' lang='lat' dir='ltr'><strong><em>pariter</em></strong></span> <span class='ocrx_word' id='word_1_483' title='bbox 2183 3020 2331 3069; x_wconf 73' lang='lat' dir='ltr'><strong>XLIV,</strong></span> <span class='ocrx_word' id='word_1_484' title='bbox 2356 3004 2410 3069; x_wconf 82' lang='grc'><strong><em>5,</em></strong></span> <span class='ocrx_word' id='word_1_485' title='bbox 2458 3005 2493 3060; x_wconf 71' lang='grc'><strong>4</strong></span> <span class='ocrx_word' id='word_1_486' title='bbox 2524 3023 2626 3061; x_wconf 89' lang='lat' dir='ltr'><strong><em>sec.</em></strong></span> <span class='ocrx_word' id='word_1_487' title='bbox 2661 3005 2853 3075; x_wconf 82' lang='lat' dir='ltr'><strong><em>LXX).</em></strong></span> <span class='ocrx_word' id='word_1_488' title='bbox 2884 3007 3026 3081; x_wconf 82' lang='lat' dir='ltr'><strong><em>Ergo</em></strong></span> <span class='ocrx_word' id='word_1_489' title='bbox 3075 3010 3363 3067; x_wconf 79' lang='lat' dir='ltr'><strong><em>manifeste</em></strong></span> <span class='ocrx_word' id='word_1_490' title='bbox 3392 3012 3443 3066; x_wconf 91' lang='lat' dir='ltr'><strong><em>in</em></strong></span> <span class='ocrx_word' id='word_1_491' title='bbox 3470 3011 3806 3082; x_wconf 82' lang='lat' dir='ltr'><strong><em>Scripturis</em></strong></span> 
     </span>
    </p>
   </div>
   <div class='ocr_carea' id='block_1_46' title="bbox 494 3096 3805 3172">
    <p class='ocr_par' dir='ltr' id='par_1_46' title="bbox 494 3096 3805 3172">
     <span class='ocr_line' id='line_1_46' title="bbox 494 3096 3805 3172; baseline 0.003 -23"><span class='ocrx_word' id='word_1_492' title='bbox 494 3110 675 3150; x_wconf 89' lang='lat' dir='ltr'><strong><em>omnes</em></strong></span> <span class='ocrx_word' id='word_1_493' title='bbox 725 3098 998 3162; x_wconf 74' lang='lat' dir='ltr'><strong><em>inuitum,</em></strong></span> <span class='ocrx_word' id='word_1_494' title='bbox 1028 3108 1074 3151; x_wconf 88' lang='lat' dir='ltr'><strong><em>et</em></strong></span> <span class='ocrx_word' id='word_1_495' title='bbox 1125 3098 1297 3167; x_wconf 81' lang='lat' dir='ltr'><strong><em>factas</em></strong></span> <span class='ocrx_word' id='word_1_496' title='bbox 1341 3098 1617 3151; x_wconf 86' lang='lat' dir='ltr'><strong><em>estsubito</em></strong></span> <span class='ocrx_word' id='word_1_497' title='bbox 1659 3114 1820 3150; x_wconf 88' lang='lat' dir='ltr'><strong><em>sonus</em></strong></span> <span class='ocrx_word' id='word_1_498' title='bbox 1862 3114 1889 3150; x_wconf 91' lang='lat' dir='ltr'><strong><em>e</em></strong></span> <span class='ocrx_word' id='word_1_499' title='bbox 1934 3096 2084 3161; x_wconf 78' lang='lat' dir='ltr'><strong><em>coelo,</em></strong></span> <span class='ocrx_word' id='word_1_500' title='bbox 2187 3096 2392 3150; x_wconf 88' lang='lat' dir='ltr'><strong><em>sanctis</em></strong></span> <span class='ocrx_word' id='word_1_501' title='bbox 2418 3097 2798 3167; x_wconf 79' lang='lat' dir='ltr'><strong><em>profitentibus</em></strong></span> <span class='ocrx_word' id='word_1_502' title='bbox 2819 3115 3013 3171; x_wconf 89' lang='lat' dir='ltr'><strong><em>aquam</em></strong></span> <span class='ocrx_word' id='word_1_503' title='bbox 3037 3102 3214 3156; x_wconf 71' lang='lat' dir='ltr'><strong><em>vivan&#39;.</em></strong></span> <span class='ocrx_word' id='word_1_504' title='bbox 3240 3101 3496 3172; x_wconf 88' lang='lat' dir='ltr'><strong><em>Spiritum</em></strong></span> <span class='ocrx_word' id='word_1_505' title='bbox 3521 3116 3805 3162; x_wconf 77' lang='lat' dir='ltr'><strong><em>sanctum</em></strong></span> 
     </span>
    </p>
   </div>
   <div class='ocr_carea' id='block_1_47' title="bbox 493 3174 3809 3264">
    <p class='ocr_par' dir='ltr' id='par_1_47' title="bbox 493 3174 3809 3264">
     <span class='ocr_line' id='line_1_47' title="bbox 493 3174 3809 3264; baseline 0.004 -25"><span class='ocrx_word' id='word_1_506' title='bbox 493 3196 745 3257; x_wconf 89' lang='lat' dir='ltr'><strong><em>tanquam</em></strong></span> <span class='ocrx_word' id='word_1_507' title='bbox 776 3187 1005 3258; x_wconf 73' lang='lat' dir='ltr'><strong><em>Spiritus</em></strong></span> <span class='ocrx_word' id='word_1_508' title='bbox 1037 3199 1249 3242; x_wconf 88' lang='lat' dir='ltr'><strong><em>sanctus</em></strong></span> <span class='ocrx_word' id='word_1_509' title='bbox 1282 3188 1545 3241; x_wconf 83' lang='lat' dir='ltr'><strong><em>vehemens</em></strong></span> <span class='ocrx_word' id='word_1_510' title='bbox 1588 3188 1833 3257; x_wconf 76' lang='lat' dir='ltr'><strong><em>ferretur,</em></strong></span> <span class='ocrx_word' id='word_1_511' title='bbox 1869 3188 2085 3258; x_wconf 87' lang='lat' dir='ltr'><strong><em>implens</em></strong></span> <span class='ocrx_word' id='word_1_512' title='bbox 2113 3174 2157 3234; x_wconf 68' lang='grc' dir='ltr'>Ε</span> <span class='ocrx_word' id='word_1_513' title='bbox 2188 3202 2310 3242; x_wconf 75' lang='lat' dir='ltr'><strong><em>esse</em></strong></span> <span class='ocrx_word' id='word_1_514' title='bbox 2338 3189 2702 3259; x_wconf 77' lang='lat' dir='ltr'><strong><em>cogitavimus.</em></strong></span> <span class='ocrx_word' id='word_1_515' title='bbox 2734 3191 2994 3245; x_wconf 88' lang='lat' dir='ltr'><strong><em>Dominus</em></strong></span> <span class='ocrx_word' id='word_1_516' title='bbox 3025 3207 3085 3247; x_wconf 89' lang='lat' dir='ltr'><strong><em>se</em></strong></span> <span class='ocrx_word' id='word_1_517' title='bbox 3124 3190 3327 3248; x_wconf 80' lang='lat' dir='ltr'><strong><em>fontem</em></strong></span> <span class='ocrx_word' id='word_1_518' title='bbox 3375 3194 3609 3264; x_wconf 87' lang='lat' dir='ltr'><strong><em>Spiritus</em></strong></span> <span class='ocrx_word' id='word_1_519' title='bbox 3661 3212 3809 3253; x_wconf 79' lang='lat' dir='ltr'><strong><em>esse</em></strong></span> 
     </span>
    </p>
   </div>
   <div class='ocr_carea' id='block_1_48' title="bbox 502 3278 3802 3358">
    <p class='ocr_par' dir='ltr' id='par_1_48' title="bbox 502 3278 3802 3358">
     <span class='ocr_line' id='line_1_48' title="bbox 502 3278 3802 3358; baseline 0.004 -28"><span class='ocrx_word' id='word_1_520' title='bbox 502 3286 666 3353; x_wconf 79' lang='lat' dir='ltr'><strong><em>totam</em></strong></span> <span class='ocrx_word' id='word_1_521' title='bbox 697 3279 912 3331; x_wconf 87' lang='lat' dir='ltr'><strong><em>domum</em></strong></span> <span class='ocrx_word' id='word_1_522' title='bbox 934 3278 1024 3331; x_wconf 90' lang='lat' dir='ltr'><strong><em>ubi</em></strong></span> <span class='ocrx_word' id='word_1_523' title='bbox 1044 3289 1191 3332; x_wconf 90' lang='lat' dir='ltr'><strong><em>erant</em></strong></span> <span class='ocrx_word' id='word_1_524' title='bbox 1217 3278 1489 3343; x_wconf 82' lang='lat' dir='ltr'><strong><em>sedentes;</em></strong></span> <span class='ocrx_word' id='word_1_525' title='bbox 1515 3289 1562 3331; x_wconf 90' lang='lat' dir='ltr'><strong><em>et</em></strong></span> <span class='ocrx_word' id='word_1_526' title='bbox 1602 3280 1726 3332; x_wconf 66' lang='lat' dir='ltr'><strong><em>vista</em></strong></span> <span class='ocrx_word' id='word_1_527' title='bbox 1754 3289 1875 3332; x_wconf 88' lang='lat' dir='ltr'><strong><em>sunt</em></strong></span> <span class='ocrx_word' id='word_1_528' title='bbox 1901 3282 1973 3333; x_wconf 87' lang='lat' dir='ltr'><strong><em>eis</em></strong></span> <span class='ocrx_word' id='word_1_529' title='bbox 2004 3280 2087 3333; x_wconf 86' lang='lat' dir='ltr'><strong><em>di-</em></strong></span> <span class='ocrx_word' id='word_1_530' title='bbox 2188 3282 2343 3343; x_wconf 81' lang='lat' dir='ltr'><strong><em>dixit,</em></strong></span> <span class='ocrx_word' id='word_1_531' title='bbox 2376 3283 2455 3337; x_wconf 89' lang='lat' dir='ltr'><strong><em>sic</em></strong></span> <span class='ocrx_word' id='word_1_532' title='bbox 2481 3300 2493 3335; x_wconf 90' lang='lat'><strong><em>:</em></strong></span> <span class='ocrx_word' id='word_1_533' title='bbox 2526 3281 2614 3335; x_wconf 77' lang='lat' dir='ltr'><strong><em>Me</em></strong></span> <span class='ocrx_word' id='word_1_534' title='bbox 2634 3282 3022 3355; x_wconf 86' lang='lat' dir='ltr'><strong><em>dereliquerunt</em></strong></span> <span class='ocrx_word' id='word_1_535' title='bbox 3054 3285 3249 3356; x_wconf 78' lang='lat' dir='ltr'><strong><em>fontem</em></strong></span> <span class='ocrx_word' id='word_1_536' title='bbox 3289 3303 3440 3357; x_wconf 78' lang='lat' dir='ltr'><strong><em>aqua:</em></strong></span> <span class='ocrx_word' id='word_1_537' title='bbox 3479 3284 3605 3341; x_wconf 73' lang='lat' dir='ltr'><strong><em>viva:</em></strong></span> <span class='ocrx_word' id='word_1_538' title='bbox 3637 3288 3802 3358; x_wconf 67' lang='lat' dir='ltr'><strong><em>(In.</em></strong></span> 
     </span>
    </p>
   </div>
   <div class='ocr_carea' id='block_1_49' title="bbox 493 3368 3809 3450">
    <p class='ocr_par' dir='ltr' id='par_1_49' title="bbox 493 3368 3809 3450">
     <span class='ocr_line' id='line_1_49' title="bbox 493 3368 3809 3450; baseline 0.003 -26"><span class='ocrx_word' id='word_1_539' title='bbox 493 3370 621 3424; x_wconf 69' lang='lat' dir='ltr'><strong><em>visa:</em></strong></span> <span class='ocrx_word' id='word_1_540' title='bbox 649 3368 844 3441; x_wconf 78' lang='lat' dir='ltr'><strong><em>lingua:</em></strong></span> <span class='ocrx_word' id='word_1_541' title='bbox 866 3379 1131 3441; x_wconf 72' lang='lat' dir='ltr'><strong><em>tanquam</em></strong></span> <span class='ocrx_word' id='word_1_542' title='bbox 1156 3371 1310 3441; x_wconf 78' lang='lat' dir='ltr'><strong><em>ignis,</em></strong></span> <span class='ocrx_word' id='word_1_543' title='bbox 1334 3381 1381 3425; x_wconf 88' lang='lat' dir='ltr'><strong><em>et</em></strong></span> <span class='ocrx_word' id='word_1_544' title='bbox 1409 3370 1539 3424; x_wconf 84' lang='lat' dir='ltr'><strong><em>sedit</em></strong></span> <span class='ocrx_word' id='word_1_545' title='bbox 1568 3386 1724 3440; x_wconf 85' lang='lat' dir='ltr'><strong><em>super</em></strong></span> <span class='ocrx_word' id='word_1_546' title='bbox 1749 3386 2089 3442; x_wconf 68' lang='lat' dir='ltr'><strong><em>unaunquem-</em></strong></span> <span class='ocrx_word' id='word_1_547' title='bbox 2186 3372 2393 3443; x_wconf 71' lang='lat'><strong><em>11,15);</em></strong></span> <span class='ocrx_word' id='word_1_548' title='bbox 2435 3373 2576 3428; x_wconf 87' lang='lat' dir='ltr'><strong><em>sicut</em></strong></span> <span class='ocrx_word' id='word_1_549' title='bbox 2606 3374 2771 3428; x_wconf 81' lang='lat' dir='ltr'><strong><em>David</em></strong></span> <span class='ocrx_word' id='word_1_550' title='bbox 2803 3376 2951 3429; x_wconf 76' lang='lat' dir='ltr'><strong><em>danit</em></strong></span> <span class='ocrx_word' id='word_1_551' title='bbox 2994 3377 3046 3430; x_wconf 93' lang='lat' dir='ltr'><strong><em>in</em></strong></span> <span class='ocrx_word' id='word_1_552' title='bbox 3085 3376 3300 3431; x_wconf 89' lang='lat' dir='ltr'><strong><em>Psalmo</em></strong></span> <span class='ocrx_word' id='word_1_553' title='bbox 3347 3393 3489 3431; x_wconf 79' lang='lat' dir='ltr'><strong><em>xxxv</em></strong></span> <span class='ocrx_word' id='word_1_554' title='bbox 3534 3378 3608 3448; x_wconf 82' lang='grc' dir='ltr'><strong><em>(υ.</em></strong></span> <span class='ocrx_word' id='word_1_555' title='bbox 3667 3378 3809 3450; x_wconf 78' lang='grc'><strong>10),</strong></span> 
     </span>
    </p>
   </div>
   <div class='ocr_carea' id='block_1_50' title="bbox 456 3461 3807 3540">
    <p class='ocr_par' dir='ltr' id='par_1_50' title="bbox 456 3461 3807 3540">
     <span class='ocr_line' id='line_1_50' title="bbox 456 3461 3807 3540; baseline 0.003 -27"><span class='ocrx_word' id='word_1_556' title='bbox 456 3466 461 3475; x_wconf 88' lang='grc'><em>’</em></span> <span class='ocrx_word' id='word_1_557' title='bbox 494 3476 596 3532; x_wconf 79' lang='lat' dir='ltr'><strong><em>que</em></strong></span> <span class='ocrx_word' id='word_1_558' title='bbox 636 3477 815 3516; x_wconf 87' lang='lat' dir='ltr'><strong><em>eorum</em></strong></span> <span class='ocrx_word' id='word_1_559' title='bbox 841 3479 860 3518; x_wconf 90' lang='lat'><strong><em>:</em></strong></span> <span class='ocrx_word' id='word_1_560' title='bbox 895 3474 945 3518; x_wconf 90' lang='lat' dir='ltr'><strong><em>et</em></strong></span> <span class='ocrx_word' id='word_1_561' title='bbox 988 3472 1249 3531; x_wconf 69' lang='lat' dir='ltr'><strong><em>eruperunt</em></strong></span> <span class='ocrx_word' id='word_1_562' title='bbox 1290 3463 1435 3535; x_wconf 87' lang='lat' dir='ltr'><strong><em>loqui</em></strong></span> <span class='ocrx_word' id='word_1_563' title='bbox 1471 3464 1633 3517; x_wconf 82' lang='lat' dir='ltr'><strong><em>variis</em></strong></span> <span class='ocrx_word' id='word_1_564' title='bbox 1680 3462 1895 3534; x_wconf 87' lang='lat' dir='ltr'><strong><em>linguis,</em></strong></span> <span class='ocrx_word' id='word_1_565' title='bbox 1932 3473 2087 3533; x_wconf 88' lang='lat' dir='ltr'><strong><em>prout</em></strong></span> <span class='ocrx_word' id='word_1_566' title='bbox 2187 3461 2375 3517; x_wconf 80' lang='lat' dir='ltr'><strong><em>dicens</em></strong></span> <span class='ocrx_word' id='word_1_567' title='bbox 2403 3462 2468 3514; x_wconf 88' lang='lat' dir='ltr'><strong><em>ad</em></strong></span> <span class='ocrx_word' id='word_1_568' title='bbox 2494 3462 2781 3517; x_wconf 90' lang='lat' dir='ltr'><strong><em>Dominum</em></strong></span> <span class='ocrx_word' id='word_1_569' title='bbox 2810 3481 2823 3518; x_wconf 90' lang='lat'><strong><em>:</em></strong></span> <span class='ocrx_word' id='word_1_570' title='bbox 2860 3463 3001 3529; x_wconf 86' lang='lat' dir='ltr'><strong><em>Quia</em></strong></span> <span class='ocrx_word' id='word_1_571' title='bbox 3028 3466 3169 3536; x_wconf 87' lang='lat' dir='ltr'><strong><em>apud</em></strong></span> <span class='ocrx_word' id='word_1_572' title='bbox 3209 3477 3257 3521; x_wconf 89' lang='lat' dir='ltr'><strong><em>te</em></strong></span> <span class='ocrx_word' id='word_1_573' title='bbox 3283 3466 3401 3535; x_wconf 82' lang='lat' dir='ltr'><strong><em>fons</em></strong></span> <span class='ocrx_word' id='word_1_574' title='bbox 3436 3467 3579 3520; x_wconf 69' lang='lat' dir='ltr'><strong><em>vitae.</em></strong></span> <span class='ocrx_word' id='word_1_575' title='bbox 3608 3465 3807 3540; x_wconf 78' lang='lat' dir='ltr'><strong><em>Igitur</em></strong></span> 
     </span>
    </p>
   </div>
   <div class='ocr_carea' id='block_1_51' title="bbox 498 3552 3803 3625">
    <p class='ocr_par' dir='ltr' id='par_1_51' title="bbox 498 3552 3803 3625">
     <span class='ocr_line' id='line_1_51' title="bbox 498 3552 3803 3625; baseline 0.001 -16"><span class='ocrx_word' id='word_1_576' title='bbox 498 3552 734 3624; x_wconf 83' lang='lat' dir='ltr'><strong><em>Spiritus</em></strong></span> <span class='ocrx_word' id='word_1_577' title='bbox 778 3554 936 3608; x_wconf 87' lang='lat' dir='ltr'><strong><em>dabat</em></strong></span> <span class='ocrx_word' id='word_1_578' title='bbox 982 3555 1322 3624; x_wconf 84' lang='lat' dir='ltr'><strong><em>pronuntiare</em></strong></span> <span class='ocrx_word' id='word_1_579' title='bbox 1363 3555 1437 3607; x_wconf 89' lang='lat' dir='ltr'><strong><em>eis</em></strong></span> <span class='ocrx_word' id='word_1_580' title='bbox 1479 3554 1618 3625; x_wconf 81' lang='lat' dir='ltr'><strong><em>(Aet.</em></strong></span> <span class='ocrx_word' id='word_1_581' title='bbox 1676 3570 1749 3619; x_wconf 89' lang='lat' dir='ltr'><strong><em>ll,</em></strong></span> <span class='ocrx_word' id='word_1_582' title='bbox 1793 3553 1867 3625; x_wconf 92' lang='grc'><strong><em>1).</em></strong></span> <span class='ocrx_word' id='word_1_583' title='bbox 1911 3553 2085 3609; x_wconf 91' lang='lat' dir='ltr'><strong><em>Simili</em></strong></span> <span class='ocrx_word' id='word_1_584' title='bbox 2187 3560 2388 3620; x_wconf 56' lang='lat' dir='ltr'><strong><em>pra-ter</em></strong></span> <span class='ocrx_word' id='word_1_585' title='bbox 2417 3552 2703 3607; x_wconf 87' lang='lat' dir='ltr'><strong><em>Dominmn</em></strong></span> <span class='ocrx_word' id='word_1_586' title='bbox 2748 3555 2972 3609; x_wconf 87' lang='lat' dir='ltr'><strong><em>ostende</em></strong></span> <span class='ocrx_word' id='word_1_587' title='bbox 3014 3555 3177 3610; x_wconf 89' lang='lat' dir='ltr'><strong><em>alium</em></strong></span> <span class='ocrx_word' id='word_1_588' title='bbox 3224 3554 3428 3612; x_wconf 81' lang='lat' dir='ltr'><strong><em>fontem</em></strong></span> <span class='ocrx_word' id='word_1_589' title='bbox 3475 3569 3597 3611; x_wconf 87' lang='lat' dir='ltr'><strong><em>esse</em></strong></span> <span class='ocrx_word' id='word_1_590' title='bbox 3629 3558 3803 3623; x_wconf 65' lang='lat' dir='ltr'><strong><em>vita,</em></strong></span> 
     </span>
    </p>
   </div>
   <div class='ocr_carea' id='block_1_52' title="bbox 2188 3643 3804 3719">
    <p class='ocr_par' dir='ltr' id='par_1_52' title="bbox 2188 3643 3804 3719">
     <span class='ocr_line' id='line_1_52' title="bbox 2188 3643 3804 3719; baseline 0.007 -24"><span class='ocrx_word' id='word_1_591' title='bbox 2188 3643 2278 3712; x_wconf 90' lang='lat' dir='ltr'><strong><em>qui</em></strong></span> <span class='ocrx_word' id='word_1_592' title='bbox 2306 3644 2447 3714; x_wconf 85' lang='lat' dir='ltr'><strong><em>apud</em></strong></span> <span class='ocrx_word' id='word_1_593' title='bbox 2477 3659 2600 3698; x_wconf 88' lang='lat' dir='ltr'><strong><em>eum</em></strong></span> <span class='ocrx_word' id='word_1_594' title='bbox 2636 3645 2728 3699; x_wconf 91' lang='lat' dir='ltr'><strong><em>sit.</em></strong></span> <span class='ocrx_word' id='word_1_595' title='bbox 2754 3644 2871 3700; x_wconf 87' lang='lat' dir='ltr'><strong><em>Non</em></strong></span> <span class='ocrx_word' id='word_1_596' title='bbox 2911 3646 3056 3702; x_wconf 91' lang='lat' dir='ltr'><strong><em>enim</em></strong></span> <span class='ocrx_word' id='word_1_597' title='bbox 3083 3646 3240 3713; x_wconf 81' lang='lat' dir='ltr'><strong><em>dixit,</em></strong></span> <span class='ocrx_word' id='word_1_598' title='bbox 3270 3648 3395 3719; x_wconf 90' lang='lat' dir='ltr'><strong><em>quia</em></strong></span> <span class='ocrx_word' id='word_1_599' title='bbox 3444 3656 3501 3702; x_wconf 92' lang='lat' dir='ltr'><strong><em>tu</em></strong></span> <span class='ocrx_word' id='word_1_600' title='bbox 3548 3663 3610 3703; x_wconf 88' lang='lat' dir='ltr'><strong><em>es</em></strong></span> <span class='ocrx_word' id='word_1_601' title='bbox 3661 3648 3804 3707; x_wconf 78' lang='lat' dir='ltr'><strong><em>fons</em></strong></span> 
     </span>
    </p>
   </div>
   <div class='ocr_carea' id='block_1_53' title="bbox 2188 3732 3801 3810">
    <p class='ocr_par' dir='ltr' id='par_1_53' title="bbox 2188 3732 3801 3810">
     <span class='ocr_line' id='line_1_53' title="bbox 2188 3732 3801 3810; baseline 0.006 -24"><span class='ocrx_word' id='word_1_602' title='bbox 2188 3734 2337 3798; x_wconf 77' lang='lat' dir='ltr'><strong><em>vitm,</em></strong></span> <span class='ocrx_word' id='word_1_603' title='bbox 2366 3735 2459 3789; x_wconf 87' lang='lat' dir='ltr'><strong><em>sed</em></strong></span> <span class='ocrx_word' id='word_1_604' title='bbox 2484 3732 2611 3805; x_wconf 87' lang='lat' dir='ltr'><strong><em>quia</em></strong></span> <span class='ocrx_word' id='word_1_605' title='bbox 2643 3736 2783 3806; x_wconf 88' lang='lat' dir='ltr'><strong><em>apud</em></strong></span> <span class='ocrx_word' id='word_1_606' title='bbox 2805 3745 2853 3789; x_wconf 89' lang='lat' dir='ltr'><strong><em>te</em></strong></span> <span class='ocrx_word' id='word_1_607' title='bbox 2895 3736 3012 3806; x_wconf 76' lang='lat' dir='ltr'><strong><em>fons</em></strong></span> <span class='ocrx_word' id='word_1_608' title='bbox 3053 3737 3171 3791; x_wconf 81' lang='lat' dir='ltr'><strong><em>vita:</em></strong></span> <span class='ocrx_word' id='word_1_609' title='bbox 3214 3747 3311 3792; x_wconf 89' lang='lat' dir='ltr'><strong><em>est.</em></strong></span> <span class='ocrx_word' id='word_1_610' title='bbox 3355 3738 3450 3794; x_wconf 85' lang='lat' dir='ltr'><strong><em>Est</em></strong></span> <span class='ocrx_word' id='word_1_611' title='bbox 3477 3752 3609 3793; x_wconf 82' lang='lat' dir='ltr'><strong><em>vero</em></strong></span> <span class='ocrx_word' id='word_1_612' title='bbox 3632 3741 3801 3810; x_wconf 80' lang='lat' dir='ltr'><strong><em>apud</em></strong></span> 
     </span>
    </p>
   </div>
   <div class='ocr_carea' id='block_1_54' title="bbox 2189 3821 3804 3899">
    <p class='ocr_par' dir='ltr' id='par_1_54' title="bbox 2189 3821 3804 3899">
     <span class='ocr_line' id='line_1_54' title="bbox 2189 3821 3804 3899; baseline 0.005 -23"><span class='ocrx_word' id='word_1_613' title='bbox 2189 3821 2378 3888; x_wconf 91' lang='lat' dir='ltr'><strong><em>Deum,</em></strong></span> <span class='ocrx_word' id='word_1_614' title='bbox 2410 3833 2464 3877; x_wconf 87' lang='lat' dir='ltr'><strong><em>et</em></strong></span> <span class='ocrx_word' id='word_1_615' title='bbox 2494 3831 2579 3879; x_wconf 91' lang='lat' dir='ltr'><strong><em>est</em></strong></span> <span class='ocrx_word' id='word_1_616' title='bbox 2606 3823 2777 3880; x_wconf 87' lang='lat' dir='ltr'><strong>Filius</strong></span> <span class='ocrx_word' id='word_1_617' title='bbox 2804 3825 2924 3880; x_wconf 80' lang='lat' dir='ltr'><strong><em>l‘ous</em></strong></span> <span class='ocrx_word' id='word_1_618' title='bbox 2964 3826 3202 3891; x_wconf 81' lang='lat' dir='ltr'><strong><em>existens</em></strong></span> <span class='ocrx_word' id='word_1_619' title='bbox 3252 3826 3505 3898; x_wconf 84' lang='lat' dir='ltr'><strong><em>Spiritus,</em></strong></span> <span class='ocrx_word' id='word_1_620' title='bbox 3554 3827 3625 3882; x_wconf 90' lang='lat' dir='ltr'><strong><em>de</em></strong></span> <span class='ocrx_word' id='word_1_621' title='bbox 3676 3845 3804 3899; x_wconf 83' lang='lat' dir='ltr'><strong><em>quo</em></strong></span> 
     </span>
    </p>
   </div>
   <div class='ocr_carea' id='block_1_55' title="bbox 2192 3911 3803 3989">
    <p class='ocr_par' dir='ltr' id='par_1_55' title="bbox 2192 3911 3803 3989">
     <span class='ocr_line' id='line_1_55' title="bbox 2192 3911 3803 3989; baseline 0.006 -23"><span class='ocrx_word' id='word_1_622' title='bbox 2192 3911 2391 3967; x_wconf 87' lang='lat' dir='ltr'><strong><em>Paulus</em></strong></span> <span class='ocrx_word' id='word_1_623' title='bbox 2418 3914 2481 3966; x_wconf 85' lang='lat' dir='ltr'><strong><em>ad</em></strong></span> <span class='ocrx_word' id='word_1_624' title='bbox 2510 3912 2784 3969; x_wconf 81' lang='lat' dir='ltr'><strong><em>Romanos</em></strong></span> <span class='ocrx_word' id='word_1_625' title='bbox 2806 3915 2997 3970; x_wconf 89' lang='lat' dir='ltr'><strong><em>scribit</em></strong></span> <span class='ocrx_word' id='word_1_626' title='bbox 3024 3934 3038 3970; x_wconf 91' lang='lat'><strong><em>:</em></strong></span> <span class='ocrx_word' id='word_1_627' title='bbox 3064 3915 3297 3986; x_wconf 88' lang='lat' dir='ltr'><strong><em>Spiritus</em></strong></span> <span class='ocrx_word' id='word_1_628' title='bbox 3342 3933 3461 3971; x_wconf 90' lang='lat' dir='ltr'><strong><em>vero</em></strong></span> <span class='ocrx_word' id='word_1_629' title='bbox 3498 3917 3622 3972; x_wconf 71' lang='lat' dir='ltr'><strong><em>vitta</em></strong></span> <span class='ocrx_word' id='word_1_630' title='bbox 3649 3936 3803 3989; x_wconf 81' lang='lat' dir='ltr'><strong><em>pro-</em></strong></span> 
     </span>
    </p>
   </div>
   <div class='ocr_carea' id='block_1_56' title="bbox 2190 4002 3805 4077">
    <p class='ocr_par' dir='ltr' id='par_1_56' title="bbox 2190 4002 3805 4077">
     <span class='ocr_line' id='line_1_56' title="bbox 2190 4002 3805 4077; baseline 0.007 -22"><span class='ocrx_word' id='word_1_631' title='bbox 2190 4012 2304 4075; x_wconf 88' lang='lat' dir='ltr'><strong><em>pter</em></strong></span> <span class='ocrx_word' id='word_1_632' title='bbox 2327 4002 2594 4071; x_wconf 84' lang='lat' dir='ltr'><strong><em>justitiam</em></strong></span> <span class='ocrx_word' id='word_1_633' title='bbox 2626 4003 2805 4073; x_wconf 82' lang='lat' dir='ltr'><strong><em>(Rom.</em></strong></span> <span class='ocrx_word' id='word_1_634' title='bbox 2832 4021 2950 4070; x_wconf 88' lang='lat' dir='ltr'><strong><em>vttt,</em></strong></span> <span class='ocrx_word' id='word_1_635' title='bbox 2998 4005 3107 4077; x_wconf 83' lang='grc'><strong>10),</strong></span> <span class='ocrx_word' id='word_1_636' title='bbox 3142 4006 3217 4061; x_wconf 89' lang='lat' dir='ltr'><strong><em>ita</em></strong></span> <span class='ocrx_word' id='word_1_637' title='bbox 3246 4022 3351 4061; x_wconf 89' lang='lat' dir='ltr'><strong><em>non</em></strong></span> <span class='ocrx_word' id='word_1_638' title='bbox 3379 4007 3638 4075; x_wconf 86' lang='lat' dir='ltr'><strong><em>alienum,</em></strong></span> <span class='ocrx_word' id='word_1_639' title='bbox 3690 4013 3805 4068; x_wconf 80' lang='lat' dir='ltr'><strong><em>sed</em></strong></span> 
     </span>
    </p>
   </div>
   <div class='ocr_carea' id='block_1_57' title="bbox 2191 4094 3805 4170">
    <p class='ocr_par' dir='ltr' id='par_1_57' title="bbox 2191 4094 3805 4170">
     <span class='ocr_line' id='line_1_57' title="bbox 2191 4094 3805 4170; baseline 0.008 -23"><span class='ocrx_word' id='word_1_640' title='bbox 2191 4095 2468 4164; x_wconf 91' lang='lat' dir='ltr'><strong><em>proprium</em></strong></span> <span class='ocrx_word' id='word_1_641' title='bbox 2500 4094 2679 4150; x_wconf 88' lang='lat' dir='ltr'><strong><em>Patris</em></strong></span> <span class='ocrx_word' id='word_1_642' title='bbox 2705 4111 2823 4152; x_wconf 91' lang='lat' dir='ltr'><strong><em>esse</em></strong></span> <span class='ocrx_word' id='word_1_643' title='bbox 2853 4112 2975 4153; x_wconf 91' lang='lat' dir='ltr'><strong><em>eum</em></strong></span> <span class='ocrx_word' id='word_1_644' title='bbox 3000 4098 3148 4153; x_wconf 90' lang='lat' dir='ltr'><strong><em>dicit.</em></strong></span> <span class='ocrx_word' id='word_1_645' title='bbox 3184 4096 3321 4153; x_wconf 85' lang='lat' dir='ltr'><strong><em>Nam</em></strong></span> <span class='ocrx_word' id='word_1_646' title='bbox 3352 4115 3475 4155; x_wconf 90' lang='lat' dir='ltr'><strong><em>cum</em></strong></span> <span class='ocrx_word' id='word_1_647' title='bbox 3498 4100 3805 4170; x_wconf 81' lang='lat' dir='ltr'><strong><em>professus</em></strong></span> 
     </span>
    </p>
   </div>
   <div class='ocr_carea' id='block_1_58' title="bbox 2192 4188 3799 4261">
    <p class='ocr_par' dir='ltr' id='par_1_58' title="bbox 2192 4188 3799 4261">
     <span class='ocr_line' id='line_1_58' title="bbox 2192 4188 3799 4261; baseline 0.004 -21"><span class='ocrx_word' id='word_1_648' title='bbox 2192 4188 2405 4251; x_wconf 82' lang='lat' dir='ltr'><strong><em>fuisset,</em></strong></span> <span class='ocrx_word' id='word_1_649' title='bbox 2430 4189 2555 4259; x_wconf 85' lang='lat' dir='ltr'><strong><em>quia</em></strong></span> <span class='ocrx_word' id='word_1_650' title='bbox 2579 4189 2722 4258; x_wconf 90' lang='lat' dir='ltr'><strong><em>apud</em></strong></span> <span class='ocrx_word' id='word_1_651' title='bbox 2750 4197 2800 4243; x_wconf 87' lang='lat' dir='ltr'><strong><em>te</em></strong></span> <span class='ocrx_word' id='word_1_652' title='bbox 2837 4198 2912 4243; x_wconf 89' lang='lat' dir='ltr'><strong><em>est</em></strong></span> <span class='ocrx_word' id='word_1_653' title='bbox 2936 4188 3055 4259; x_wconf 81' lang='lat' dir='ltr'><strong><em>fons</em></strong></span> <span class='ocrx_word' id='word_1_654' title='bbox 3081 4191 3199 4245; x_wconf 83' lang='lat' dir='ltr'><strong><em>vitte</em></strong></span> <span class='ocrx_word' id='word_1_655' title='bbox 3224 4231 3240 4256; x_wconf 91' lang='lat'><strong><em>,</em></strong></span> <span class='ocrx_word' id='word_1_656' title='bbox 3280 4191 3524 4261; x_wconf 80' lang='lat' dir='ltr'><strong><em>adjunxit</em></strong></span> <span class='ocrx_word' id='word_1_657' title='bbox 3553 4206 3570 4245; x_wconf 93' lang='lat'><strong><em>:</em></strong></span> <span class='ocrx_word' id='word_1_658' title='bbox 3598 4190 3670 4247; x_wconf 81' lang='lat' dir='ltr'><strong><em>In</em></strong></span> <span class='ocrx_word' id='word_1_659' title='bbox 3699 4193 3799 4248; x_wconf 81' lang='lat' dir='ltr'><strong><em>lu-</em></strong></span> 
     </span>
    </p>
   </div>
   <div class='ocr_carea' id='block_1_59' title="bbox 2193 4278 3809 4355">
    <p class='ocr_par' dir='ltr' id='par_1_59' title="bbox 2193 4278 3809 4355">
     <span class='ocr_line' id='line_1_59' title="bbox 2193 4278 3809 4355; baseline 0.007 -25"><span class='ocrx_word' id='word_1_660' title='bbox 2193 4279 2331 4332; x_wconf 88' lang='lat' dir='ltr'><strong><em>mine</em></strong></span> <span class='ocrx_word' id='word_1_661' title='bbox 2365 4288 2455 4332; x_wconf 90' lang='lat' dir='ltr'><strong><em>tuo</em></strong></span> <span class='ocrx_word' id='word_1_662' title='bbox 2497 4278 2782 4333; x_wconf 85' lang='lat' dir='ltr'><strong><em>videbimus</em></strong></span> <span class='ocrx_word' id='word_1_663' title='bbox 2821 4278 2997 4333; x_wconf 86' lang='lat' dir='ltr'><strong><em>lumen</em></strong></span> <span class='ocrx_word' id='word_1_664' title='bbox 3036 4279 3208 4352; x_wconf 88' lang='lat' dir='ltr'><strong><em>(Psal.</em></strong></span> <span class='ocrx_word' id='word_1_665' title='bbox 3260 4283 3447 4355; x_wconf 77' lang='lat' dir='ltr'><strong><em>xxxv),</em></strong></span> <span class='ocrx_word' id='word_1_666' title='bbox 3497 4282 3552 4338; x_wconf 89' lang='lat' dir='ltr'><strong><em>id</em></strong></span> <span class='ocrx_word' id='word_1_667' title='bbox 3595 4294 3688 4340; x_wconf 85' lang='lat' dir='ltr'><strong><em>est</em></strong></span> <span class='ocrx_word' id='word_1_668' title='bbox 3738 4286 3809 4342; x_wconf 80' lang='lat' dir='ltr'><strong><em>in</em></strong></span> 
     </span>
    </p>
   </div>
   <div class='ocr_carea' id='block_1_60' title="bbox 501 3644 2084 3717">
    <p class='ocr_par' dir='ltr' id='par_1_60' title="bbox 501 3644 2084 3717">
     <span class='ocr_line' id='line_1_60' title="bbox 501 3644 2084 3717; baseline -0.001 -17"><span class='ocrx_word' id='word_1_669' title='bbox 501 3645 668 3701; x_wconf 88' lang='lat' dir='ltr'><strong><em>modo</em></strong></span> <span class='ocrx_word' id='word_1_670' title='bbox 692 3660 920 3717; x_wconf 80' lang='lat' dir='ltr'><strong><em>magnus</em></strong></span> <span class='ocrx_word' id='word_1_671' title='bbox 950 3645 1039 3699; x_wconf 91' lang='lat' dir='ltr'><strong><em>ille</em></strong></span> <span class='ocrx_word' id='word_1_672' title='bbox 1079 3644 1180 3700; x_wconf 85' lang='lat' dir='ltr'><strong><em>Job</em></strong></span> <span class='ocrx_word' id='word_1_673' title='bbox 1215 3645 1474 3700; x_wconf 89' lang='lat' dir='ltr'><strong><em>adversus</em></strong></span> <span class='ocrx_word' id='word_1_674' title='bbox 1519 3645 1726 3701; x_wconf 87' lang='lat' dir='ltr'><strong><em>amicos</em></strong></span> <span class='ocrx_word' id='word_1_675' title='bbox 1770 3661 1919 3710; x_wconf 78' lang='lat' dir='ltr'><strong><em>suos,</em></strong></span> <span class='ocrx_word' id='word_1_676' title='bbox 1963 3659 2084 3699; x_wconf 90' lang='lat' dir='ltr'><strong><em>cum</em></strong></span> 
     </span>
    </p>
   </div>
   <div class='ocr_carea' id='block_1_61' title="bbox 496 3734 2086 3807">
    <p class='ocr_par' dir='ltr' id='par_1_61' title="bbox 496 3734 2086 3807">
     <span class='ocr_line' id='line_1_61' title="bbox 496 3734 2086 3807; baseline 0 -16"><span class='ocrx_word' id='word_1_677' title='bbox 496 3744 683 3791; x_wconf 85' lang='lat' dir='ltr'><strong><em>essent</em></strong></span> <span class='ocrx_word' id='word_1_678' title='bbox 705 3734 908 3806; x_wconf 86' lang='lat' dir='ltr'><strong><em>Spiritu</em></strong></span> <span class='ocrx_word' id='word_1_679' title='bbox 932 3745 1119 3791; x_wconf 90' lang='lat' dir='ltr'><strong><em>sancto</em></strong></span> <span class='ocrx_word' id='word_1_680' title='bbox 1140 3736 1358 3807; x_wconf 87' lang='lat' dir='ltr'><strong><em>privati,</em></strong></span> <span class='ocrx_word' id='word_1_681' title='bbox 1380 3745 1435 3790; x_wconf 88' lang='lat' dir='ltr'><strong><em>et</em></strong></span> <span class='ocrx_word' id='word_1_682' title='bbox 1455 3736 1589 3790; x_wconf 90' lang='lat' dir='ltr'><strong><em>nihil</em></strong></span> <span class='ocrx_word' id='word_1_683' title='bbox 1610 3752 1796 3791; x_wconf 85' lang='lat' dir='ltr'><strong><em>verum</em></strong></span> <span class='ocrx_word' id='word_1_684' title='bbox 1820 3736 2086 3802; x_wconf 85' lang='lat' dir='ltr'><strong><em>dicerent,</em></strong></span> 
     </span>
    </p>
   </div>
   <div class='ocr_carea' id='block_1_62' title="bbox 499 3817 2088 3896">
    <p class='ocr_par' dir='ltr' id='par_1_62' title="bbox 499 3817 2088 3896">
     <span class='ocr_line' id='line_1_62' title="bbox 499 3817 2088 3896; baseline 0.001 -17"><span class='ocrx_word' id='word_1_685' title='bbox 499 3840 678 3895; x_wconf 85' lang='lat' dir='ltr'><strong><em>neque</em></strong></span> <span class='ocrx_word' id='word_1_686' title='bbox 698 3817 1054 3895; x_wconf 79' lang='lat' dir='ltr'><strong><em>opinarentur</em></strong></span> <span class='ocrx_word' id='word_1_687' title='bbox 1079 3842 1136 3882; x_wconf 89' lang='lat' dir='ltr'><strong><em>se</em></strong></span> <span class='ocrx_word' id='word_1_688' title='bbox 1164 3835 1295 3881; x_wconf 84' lang='lat' dir='ltr'><strong><em>ante</em></strong></span> <span class='ocrx_word' id='word_1_689' title='bbox 1321 3825 1487 3881; x_wconf 91' lang='lat' dir='ltr'><strong><em>Deum</em></strong></span> <span class='ocrx_word' id='word_1_690' title='bbox 1529 3827 1672 3896; x_wconf 86' lang='lat' dir='ltr'><strong><em>loqui</em></strong></span> <span class='ocrx_word' id='word_1_691' title='bbox 1699 3846 1712 3880; x_wconf 91' lang='lat'><strong><em>:</em></strong></span> <span class='ocrx_word' id='word_1_692' title='bbox 1752 3828 1935 3882; x_wconf 87' lang='lat' dir='ltr'><strong><em>aiebat</em></strong></span> <span class='ocrx_word' id='word_1_693' title='bbox 1959 3840 2088 3896; x_wconf 81' lang='lat' dir='ltr'><strong><em>ergo</em></strong></span> 
     </span>
    </p>
   </div>
   <div class='ocr_carea' id='block_1_63' title="bbox 503 3913 2088 3984">
    <p class='ocr_par' dir='ltr' id='par_1_63' title="bbox 503 3913 2088 3984">
     <span class='ocr_line' id='line_1_63' title="bbox 503 3913 2088 3984; baseline -0.001 -14"><span class='ocrx_word' id='word_1_694' title='bbox 503 3913 648 3970; x_wconf 80' lang='lat' dir='ltr'><strong><em>Job:</em></strong></span> <span class='ocrx_word' id='word_1_695' title='bbox 683 3913 873 3969; x_wconf 86' lang='lat' dir='ltr'><strong><em>Nonne</em></strong></span> <span class='ocrx_word' id='word_1_696' title='bbox 895 3926 1015 3970; x_wconf 88' lang='lat' dir='ltr'><strong><em>ante</em></strong></span> <span class='ocrx_word' id='word_1_697' title='bbox 1040 3915 1210 3969; x_wconf 90' lang='lat' dir='ltr'><strong><em>Deum</em></strong></span> <span class='ocrx_word' id='word_1_698' title='bbox 1232 3916 1504 3984; x_wconf 84' lang='lat' dir='ltr'><strong><em>loquimini</em></strong></span> <span class='ocrx_word' id='word_1_699' title='bbox 1528 3918 1553 3970; x_wconf 74' lang='lat'><strong><em>1’</em></strong></span> <span class='ocrx_word' id='word_1_700' title='bbox 1581 3917 1649 3971; x_wconf 89' lang='lat' dir='ltr'><strong><em>Et</em></strong></span> <span class='ocrx_word' id='word_1_701' title='bbox 1689 3934 1904 3971; x_wconf 84' lang='lat' dir='ltr'><strong><em>rursum</em></strong></span> <span class='ocrx_word' id='word_1_702' title='bbox 1930 3935 1944 3973; x_wconf 88' lang='lat'><strong><em>:</em></strong></span> <span class='ocrx_word' id='word_1_703' title='bbox 1989 3916 2088 3971; x_wconf 86' lang='lat' dir='ltr'><strong><em>Cui</em></strong></span> 
     </span>
    </p>
   </div>
   <div class='ocr_carea' id='block_1_64' title="bbox 505 4004 2090 4078">
    <p class='ocr_par' dir='ltr' id='par_1_64' title="bbox 505 4004 2090 4078">
     <span class='ocr_line' id='line_1_64' title="bbox 505 4004 2090 4078; baseline 0.003 -21"><span class='ocrx_word' id='word_1_704' title='bbox 505 4005 863 4058; x_wconf 88' lang='lat' dir='ltr'><strong><em>annuntiastis</em></strong></span> <span class='ocrx_word' id='word_1_705' title='bbox 890 4006 1084 4060; x_wconf 84' lang='lat' dir='ltr'><strong><em>verba?</em></strong></span> <span class='ocrx_word' id='word_1_706' title='bbox 1123 4004 1356 4075; x_wconf 86' lang='lat' dir='ltr'><strong><em>Spiratio</em></strong></span> <span class='ocrx_word' id='word_1_707' title='bbox 1386 4023 1503 4060; x_wconf 86' lang='lat' dir='ltr'><strong><em>vero</em></strong></span> <span class='ocrx_word' id='word_1_708' title='bbox 1528 4007 1679 4076; x_wconf 88' lang='lat' dir='ltr'><strong><em>cujus</em></strong></span> <span class='ocrx_word' id='word_1_709' title='bbox 1709 4017 1785 4062; x_wconf 87' lang='lat' dir='ltr'><strong><em>est</em></strong></span> <span class='ocrx_word' id='word_1_710' title='bbox 1817 4023 1935 4078; x_wconf 74' lang='lat' dir='ltr'><strong><em>qua:</em></strong></span> <span class='ocrx_word' id='word_1_711' title='bbox 1963 4023 2090 4077; x_wconf 86' lang='lat' dir='ltr'><strong><em>pro-</em></strong></span> 
     </span>
    </p>
   </div>
   <div class='ocr_carea' id='block_1_65' title="bbox 504 4092 2090 4168">
    <p class='ocr_par' dir='ltr' id='par_1_65' title="bbox 504 4092 2090 4168">
     <span class='ocr_line' id='line_1_65' title="bbox 504 4092 2090 4168; baseline 0.003 -20"><span class='ocrx_word' id='word_1_712' title='bbox 504 4092 641 4148; x_wconf 81' lang='lat' dir='ltr'><strong><em>cedit</em></strong></span> <span class='ocrx_word' id='word_1_713' title='bbox 681 4111 712 4146; x_wconf 89' lang='lat' dir='ltr'><strong><em>a</em></strong></span> <span class='ocrx_word' id='word_1_714' title='bbox 741 4095 831 4148; x_wconf 83' lang='lat' dir='ltr'><strong><em>te?</em></strong></span> <span class='ocrx_word' id='word_1_715' title='bbox 861 4093 984 4162; x_wconf 81' lang='lat' dir='ltr'><strong><em>(Job</em></strong></span> <span class='ocrx_word' id='word_1_716' title='bbox 1032 4112 1180 4160; x_wconf 77' lang='lat' dir='ltr'><strong><em>xxvr,</em></strong></span> <span class='ocrx_word' id='word_1_717' title='bbox 1224 4095 1306 4167; x_wconf 72' lang='grc'><strong>4.)</strong></span> <span class='ocrx_word' id='word_1_718' title='bbox 1346 4096 1426 4150; x_wconf 79' lang='lat' dir='ltr'><strong><em>Ex</em></strong></span> <span class='ocrx_word' id='word_1_719' title='bbox 1472 4097 1667 4165; x_wconf 90' lang='lat' dir='ltr'><strong><em>quibus</em></strong></span> <span class='ocrx_word' id='word_1_720' title='bbox 1715 4113 1854 4152; x_wconf 89' lang='lat' dir='ltr'><strong><em>unus</em></strong></span> <span class='ocrx_word' id='word_1_721' title='bbox 1895 4113 2090 4168; x_wconf 81' lang='lat' dir='ltr'><strong><em>magna</em></strong></span> 
     </span>
    </p>
   </div>
   <div class='ocr_carea' id='block_1_66' title="bbox 503 4180 2090 4256">
    <p class='ocr_par' dir='ltr' id='par_1_66' title="bbox 503 4180 2090 4256">
     <span class='ocr_line' id='line_1_66' title="bbox 503 4180 2090 4256; baseline 0.003 -19"><span class='ocrx_word' id='word_1_722' title='bbox 503 4180 734 4252; x_wconf 87' lang='lat' dir='ltr'><strong><em>loquens</em></strong></span> <span class='ocrx_word' id='word_1_723' title='bbox 771 4184 1020 4239; x_wconf 84' lang='lat' dir='ltr'><strong><em>dicebat:</em></strong></span> <span class='ocrx_word' id='word_1_724' title='bbox 1051 4184 1282 4255; x_wconf 86' lang='lat' dir='ltr'><strong><em>Spiritus</em></strong></span> <span class='ocrx_word' id='word_1_725' title='bbox 1312 4196 1386 4239; x_wconf 85' lang='lat' dir='ltr'><strong><em>est</em></strong></span> <span class='ocrx_word' id='word_1_726' title='bbox 1410 4186 1499 4256; x_wconf 86' lang='lat' dir='ltr'><strong><em>qui</em></strong></span> <span class='ocrx_word' id='word_1_727' title='bbox 1537 4186 1845 4240; x_wconf 89' lang='lat' dir='ltr'><strong><em>mortalibus</em></strong></span> <span class='ocrx_word' id='word_1_728' title='bbox 1871 4187 2090 4241; x_wconf 87' lang='lat' dir='ltr'><strong><em>interce-</em></strong></span> 
     </span>
    </p>
   </div>
   <div class='ocr_carea' id='block_1_67' title="bbox 503 4274 2090 4350">
    <p class='ocr_par' dir='ltr' id='par_1_67' title="bbox 503 4274 2090 4350">
     <span class='ocr_line' id='line_1_67' title="bbox 503 4274 2090 4350; baseline 0.003 -22"><span class='ocrx_word' id='word_1_729' title='bbox 503 4274 580 4328; x_wconf 87' lang='lat' dir='ltr'><strong><em>dit</em></strong></span> <span class='ocrx_word' id='word_1_730' title='bbox 615 4289 636 4330; x_wconf 89' lang='lat'><strong><em>:</em></strong></span> <span class='ocrx_word' id='word_1_731' title='bbox 679 4276 901 4345; x_wconf 88' lang='lat' dir='ltr'><strong><em>spiratio</em></strong></span> <span class='ocrx_word' id='word_1_732' title='bbox 938 4294 1057 4331; x_wconf 88' lang='lat' dir='ltr'><strong><em>vero</em></strong></span> <span class='ocrx_word' id='word_1_733' title='bbox 1091 4279 1477 4348; x_wconf 80' lang='lat' dir='ltr'><strong><em>omnipotentia:</em></strong></span> <span class='ocrx_word' id='word_1_734' title='bbox 1514 4289 1590 4333; x_wconf 82' lang='lat' dir='ltr'><strong><em>est</em></strong></span> <span class='ocrx_word' id='word_1_735' title='bbox 1617 4319 1633 4345; x_wconf 94' lang='lat'><strong><em>,</em></strong></span> <span class='ocrx_word' id='word_1_736' title='bbox 1670 4296 1789 4350; x_wconf 74' lang='lat' dir='ltr'><strong><em>qua:</em></strong></span> <span class='ocrx_word' id='word_1_737' title='bbox 1821 4297 1903 4334; x_wconf 87' lang='lat' dir='ltr'><strong><em>me</em></strong></span> <span class='ocrx_word' id='word_1_738' title='bbox 1942 4280 2090 4334; x_wconf 89' lang='lat' dir='ltr'><strong><em>docet</em></strong></span> 
     </span>
    </p>
   </div>
   <div class='ocr_carea' id='block_1_68' title="bbox 503 4365 2091 4442">
    <p class='ocr_par' dir='ltr' id='par_1_68' title="bbox 503 4365 2091 4442">
     <span class='ocr_line' id='line_1_68' title="bbox 503 4365 2091 4442; baseline 0.004 -22"><span class='ocrx_word' id='word_1_739' title='bbox 503 4365 650 4433; x_wconf 86' lang='lat' dir='ltr'><strong><em>(Job.</em></strong></span> <span class='ocrx_word' id='word_1_740' title='bbox 676 4382 795 4432; x_wconf 84' lang='lat' dir='ltr'><strong><em>vui,</em></strong></span> <span class='ocrx_word' id='word_1_741' title='bbox 821 4369 937 4439; x_wconf 71' lang='lat'><strong><em>‘27.)</em></strong></span> <span class='ocrx_word' id='word_1_742' title='bbox 967 4368 1324 4439; x_wconf 86' lang='lat' dir='ltr'><strong><em>Omnipotens</em></strong></span> <span class='ocrx_word' id='word_1_743' title='bbox 1346 4380 1525 4426; x_wconf 89' lang='lat' dir='ltr'><strong><em>autem</em></strong></span> <span class='ocrx_word' id='word_1_744' title='bbox 1552 4371 1723 4427; x_wconf 86' lang='lat' dir='ltr'><strong><em>Filius</em></strong></span> <span class='ocrx_word' id='word_1_745' title='bbox 1746 4372 1862 4439; x_wconf 89' lang='lat' dir='ltr'><strong><em>Dei,</em></strong></span> <span class='ocrx_word' id='word_1_746' title='bbox 1894 4374 1961 4427; x_wconf 89' lang='lat' dir='ltr'><strong><em>de</em></strong></span> <span class='ocrx_word' id='word_1_747' title='bbox 1982 4388 2091 4442; x_wconf 91' lang='lat' dir='ltr'><strong><em>quo</em></strong></span> 
     </span>
    </p>
   </div>
   <div class='ocr_carea' id='block_1_69' title="bbox 504 4454 2090 4534">
    <p class='ocr_par' dir='ltr' id='par_1_69' title="bbox 504 4454 2090 4534">
     <span class='ocr_line' id='line_1_69' title="bbox 504 4454 2090 4534; baseline 0.006 -24"><span class='ocrx_word' id='word_1_748' title='bbox 504 4454 799 4513; x_wconf 85' lang='lat' dir='ltr'><strong><em>Zacharias</em></strong></span> <span class='ocrx_word' id='word_1_749' title='bbox 822 4459 897 4513; x_wconf 86' lang='lat' dir='ltr'><strong><em>ait</em></strong></span> <span class='ocrx_word' id='word_1_750' title='bbox 923 4477 935 4513; x_wconf 94' lang='lat'><strong><em>:</em></strong></span> <span class='ocrx_word' id='word_1_751' title='bbox 966 4457 1254 4529; x_wconf 86' lang='lat' dir='ltr'><strong><em>Propterea</em></strong></span> <span class='ocrx_word' id='word_1_752' title='bbox 1286 4464 1362 4516; x_wconf 90' lang='lat' dir='ltr'><strong><em>sic</em></strong></span> <span class='ocrx_word' id='word_1_753' title='bbox 1391 4464 1516 4517; x_wconf 87' lang='lat' dir='ltr'><strong><em>dicit</em></strong></span> <span class='ocrx_word' id='word_1_754' title='bbox 1554 4463 1810 4519; x_wconf 86' lang='lat' dir='ltr'><strong><em>Dominus</em></strong></span> <span class='ocrx_word' id='word_1_755' title='bbox 1850 4464 2090 4534; x_wconf 85' lang='lat' dir='ltr'><strong><em>omnipo-</em></strong></span> 
     </span>
    </p>
   </div>
   <div class='ocr_carea' id='block_1_70' title="bbox 508 4550 2087 4627">
    <p class='ocr_par' dir='ltr' id='par_1_70' title="bbox 508 4550 2087 4627">
     <span class='ocr_line' id='line_1_70' title="bbox 508 4550 2087 4627; baseline 0.006 -24"><span class='ocrx_word' id='word_1_756' title='bbox 508 4560 621 4604; x_wconf 87' lang='lat' dir='ltr'><strong><em>tens</em></strong></span> <span class='ocrx_word' id='word_1_757' title='bbox 650 4564 669 4602; x_wconf 89' lang='grc'><strong><em>.·</em></strong></span> <span class='ocrx_word' id='word_1_758' title='bbox 694 4550 822 4605; x_wconf 86' lang='lat' dir='ltr'><strong><em>Post</em></strong></span> <span class='ocrx_word' id='word_1_759' title='bbox 852 4551 1076 4622; x_wconf 83' lang='lat' dir='ltr'><strong><em>gloriam</em></strong></span> <span class='ocrx_word' id='word_1_760' title='bbox 1114 4554 1252 4608; x_wconf 87' lang='lat' dir='ltr'><strong><em>misit</em></strong></span> <span class='ocrx_word' id='word_1_761' title='bbox 1281 4572 1362 4609; x_wconf 92' lang='lat' dir='ltr'><strong><em>me</em></strong></span> <span class='ocrx_word' id='word_1_762' title='bbox 1390 4573 1547 4625; x_wconf 86' lang='lat' dir='ltr'><strong><em>super</em></strong></span> <span class='ocrx_word' id='word_1_763' title='bbox 1572 4568 1746 4626; x_wconf 75' lang='lat' dir='ltr'><strong><em>gentes</em></strong></span> <span class='ocrx_word' id='word_1_764' title='bbox 1793 4554 1977 4627; x_wconf 85' lang='lat' dir='ltr'><strong><em>(Zach.</em></strong></span> <span class='ocrx_word' id='word_1_765' title='bbox 2023 4574 2087 4623; x_wconf 86' lang='lat' dir='ltr'><strong><em>tt,</em></strong></span> 
     </span>
    </p>
   </div>
   <div class='ocr_carea' id='block_1_71' title="bbox 506 4641 2092 4718">
    <p class='ocr_par' dir='ltr' id='par_1_71' title="bbox 506 4641 2092 4718">
     <span class='ocr_line' id='line_1_71' title="bbox 506 4641 2092 4718; baseline 0.005 -21"><span class='ocrx_word' id='word_1_766' title='bbox 506 4641 585 4711; x_wconf 90' lang='lat'><strong><em>8).</em></strong></span> <span class='ocrx_word' id='word_1_767' title='bbox 613 4642 780 4714; x_wconf 79' lang='lat' dir='ltr'><strong><em>Igitur</em></strong></span> <span class='ocrx_word' id='word_1_768' title='bbox 804 4642 1095 4701; x_wconf 86' lang='lat' dir='ltr'><strong><em>Salomone</em></strong></span> <span class='ocrx_word' id='word_1_769' title='bbox 1120 4647 1334 4701; x_wconf 86' lang='lat' dir='ltr'><strong><em>dicente</em></strong></span> <span class='ocrx_word' id='word_1_770' title='bbox 1358 4663 1372 4701; x_wconf 89' lang='lat'><strong><em>:</em></strong></span> <span class='ocrx_word' id='word_1_771' title='bbox 1404 4648 1516 4703; x_wconf 77' lang='lat' dir='ltr'><strong><em>Lua;</em></strong></span> <span class='ocrx_word' id='word_1_772' title='bbox 1542 4649 1752 4702; x_wconf 87' lang='lat' dir='ltr'><strong><em>Domini</em></strong></span> <span class='ocrx_word' id='word_1_773' title='bbox 1775 4650 1993 4718; x_wconf 82' lang='lat' dir='ltr'><strong><em>spiratto</em></strong></span> <span class='ocrx_word' id='word_1_774' title='bbox 2016 4661 2092 4705; x_wconf 86' lang='lat' dir='ltr'><strong><em>est</em></strong></span> 
     </span>
    </p>
   </div>
   <div class='ocr_carea' id='block_1_72' title="bbox 503 4732 2093 4811">
    <p class='ocr_par' dir='ltr' id='par_1_72' title="bbox 503 4732 2093 4811">
     <span class='ocr_line' id='line_1_72' title="bbox 503 4732 2093 4811; baseline 0.008 -27"><span class='ocrx_word' id='word_1_775' title='bbox 503 4733 773 4786; x_wconf 81' lang='lat' dir='ltr'><strong><em>hominum</em></strong></span> <span class='ocrx_word' id='word_1_776' title='bbox 804 4732 987 4805; x_wconf 79' lang='lat' dir='ltr'><strong><em>(Prov.</em></strong></span> <span class='ocrx_word' id='word_1_777' title='bbox 1017 4751 1110 4795; x_wconf 76' lang='lat' dir='ltr'><strong><em>xx.</em></strong></span> <span class='ocrx_word' id='word_1_778' title='bbox 1133 4737 1249 4805; x_wconf 75' lang='lat'><strong><em>2&#39;7).</em></strong></span> <span class='ocrx_word' id='word_1_779' title='bbox 1289 4739 1356 4792; x_wconf 87' lang='lat' dir='ltr'><strong><em>Et</em></strong></span> <span class='ocrx_word' id='word_1_780' title='bbox 1383 4755 1412 4792; x_wconf 92' lang='lat' dir='ltr'><strong><em>a</em></strong></span> <span class='ocrx_word' id='word_1_781' title='bbox 1445 4738 1627 4809; x_wconf 80' lang='lat' dir='ltr'><strong><em>Moyse</em></strong></span> <span class='ocrx_word' id='word_1_782' title='bbox 1658 4739 1905 4795; x_wconf 87' lang='lat' dir='ltr'><strong><em>instructi</em></strong></span> <span class='ocrx_word' id='word_1_783' title='bbox 1935 4739 2093 4811; x_wconf 78' lang='lat' dir='ltr'><strong><em>:Spi-</em></strong></span> 
     </span>
    </p>
   </div>
   <div class='ocr_carea' id='block_1_73' title="bbox 505 4821 2089 4899">
    <p class='ocr_par' dir='ltr' id='par_1_73' title="bbox 505 4821 2089 4899">
     <span class='ocr_line' id='line_1_73' title="bbox 505 4821 2089 4899; baseline 0.008 -24"><span class='ocrx_word' id='word_1_784' title='bbox 505 4821 642 4876; x_wconf 78' lang='lat' dir='ltr'><strong><em>rapit</em></strong></span> <span class='ocrx_word' id='word_1_785' title='bbox 677 4822 931 4879; x_wconf 82' lang='lat' dir='ltr'><strong><em>Dominus</em></strong></span> <span class='ocrx_word' id='word_1_786' title='bbox 954 4825 1024 4879; x_wconf 68' lang='lat' dir='ltr'><strong><em>in</em></strong></span> <span class='ocrx_word' id='word_1_787' title='bbox 1063 4826 1250 4895; x_wconf 81' lang='lat' dir='ltr'><strong><em>faciem</em></strong></span> <span class='ocrx_word' id='word_1_788' title='bbox 1296 4829 1424 4883; x_wconf 69' lang='lat' dir='ltr'><strong><em>Atla:</em></strong></span> <span class='ocrx_word' id='word_1_789' title='bbox 1470 4831 1810 4899; x_wconf 89' lang='lat' dir='ltr'><strong><em>spirationem</em></strong></span> <span class='ocrx_word' id='word_1_790' title='bbox 1850 4832 2002 4894; x_wconf 65' lang='lat' dir='ltr'><strong><em>vitta,</em></strong></span> <span class='ocrx_word' id='word_1_791' title='bbox 2040 4843 2089 4887; x_wconf 87' lang='lat' dir='ltr'><strong><em>et</em></strong></span> 
     </span>
    </p>
   </div>
   <div class='ocr_carea' id='block_1_74' title="bbox 508 4912 2091 4993">
    <p class='ocr_par' dir='ltr' id='par_1_74' title="bbox 508 4912 2091 4993">
     <span class='ocr_line' id='line_1_74' title="bbox 508 4912 2091 4993; baseline 0.009 -29"><span class='ocrx_word' id='word_1_792' title='bbox 508 4912 681 4980; x_wconf 74' lang='lat' dir='ltr'><strong><em>{actus</em></strong></span> <span class='ocrx_word' id='word_1_793' title='bbox 702 4916 852 4968; x_wconf 88' lang='lat' dir='ltr'><strong><em>estin</em></strong></span> <span class='ocrx_word' id='word_1_794' title='bbox 878 4916 1109 4972; x_wconf 86' lang='lat' dir='ltr'><strong><em>animam</em></strong></span> <span class='ocrx_word' id='word_1_795' title='bbox 1139 4919 1386 4972; x_wconf 79' lang='lat' dir='ltr'><strong><em>viventem</em></strong></span> <span class='ocrx_word' id='word_1_796' title='bbox 1412 4918 1564 4992; x_wconf 84' lang='lat' dir='ltr'><strong><em>(Cen.</em></strong></span> <span class='ocrx_word' id='word_1_797' title='bbox 1597 4937 1655 4986; x_wconf 74' lang='grc' dir='ltr'>η,</span> <span class='ocrx_word' id='word_1_798' title='bbox 1688 4922 1773 4993; x_wconf 89' lang='lat'><strong><em>7);</em></strong></span> <span class='ocrx_word' id='word_1_799' title='bbox 1810 4924 2091 4979; x_wconf 88' lang='lat' dir='ltr'><strong><em>audientes</em></strong></span> 
     </span>
    </p>
   </div>
   <div class='ocr_carea' id='block_1_75' title="bbox 510 5003 2089 5084">
    <p class='ocr_par' dir='ltr' id='par_1_75' title="bbox 510 5003 2089 5084">
     <span class='ocr_line' id='line_1_75' title="bbox 510 5003 2089 5084; baseline 0.009 -30"><span class='ocrx_word' id='word_1_800' title='bbox 510 5015 644 5056; x_wconf 89' lang='lat' dir='ltr'><strong><em>vero</em></strong></span> <span class='ocrx_word' id='word_1_801' title='bbox 665 5011 721 5057; x_wconf 90' lang='lat' dir='ltr'><strong><em>et</em></strong></span> <span class='ocrx_word' id='word_1_802' title='bbox 751 5003 1086 5062; x_wconf 82' lang='lat' dir='ltr'><strong><em>Salvatorem</em></strong></span> <span class='ocrx_word' id='word_1_803' title='bbox 1125 5007 1394 5063; x_wconf 86' lang='lat' dir='ltr'><strong><em>dicentem</em></strong></span> <span class='ocrx_word' id='word_1_804' title='bbox 1423 5027 1437 5064; x_wconf 92' lang='lat'><strong><em>:</em></strong></span> <span class='ocrx_word' id='word_1_805' title='bbox 1476 5011 1589 5080; x_wconf 86' lang='lat' dir='ltr'><strong><em>Ego</em></strong></span> <span class='ocrx_word' id='word_1_806' title='bbox 1625 5029 1740 5066; x_wconf 90' lang='lat' dir='ltr'><strong><em>sum</em></strong></span> <span class='ocrx_word' id='word_1_807' title='bbox 1772 5014 1874 5067; x_wconf 85' lang='lat' dir='ltr'><strong><em>vita</em></strong></span> <span class='ocrx_word' id='word_1_808' title='bbox 1907 5012 2089 5084; x_wconf 85' lang='lat' dir='ltr'><strong><em>(Joan.</em></strong></span> 
     </span>
    </p>
   </div>
   <div class='ocr_carea' id='block_1_76' title="bbox 507 5090 2094 5174">
    <p class='ocr_par' dir='ltr' id='par_1_76' title="bbox 507 5090 2094 5174">
     <span class='ocr_line' id='line_1_76' title="bbox 507 5090 2094 5174; baseline 0.01 -31"><span class='ocrx_word' id='word_1_809' title='bbox 507 5104 587 5154; x_wconf 76' lang='lat' dir='ltr'><strong><em>xi,</em></strong></span> <span class='ocrx_word' id='word_1_810' title='bbox 613 5090 728 5162; x_wconf 74' lang='lat'><strong><em>25),</em></strong></span> <span class='ocrx_word' id='word_1_811' title='bbox 775 5102 830 5148; x_wconf 92' lang='lat' dir='ltr'><strong><em>et</em></strong></span> <span class='ocrx_word' id='word_1_812' title='bbox 876 5093 1102 5151; x_wconf 82' lang='lat' dir='ltr'><strong><em>Paulum</em></strong></span> <span class='ocrx_word' id='word_1_813' title='bbox 1141 5100 1509 5155; x_wconf 90' lang='lat' dir='ltr'><strong><em>scribentem:</em></strong></span> <span class='ocrx_word' id='word_1_814' title='bbox 1542 5101 1652 5157; x_wconf 81' lang='lat' dir='ltr'><strong><em>Lea:</em></strong></span> <span class='ocrx_word' id='word_1_815' title='bbox 1688 5106 1823 5158; x_wconf 87' lang='lat' dir='ltr'><strong><em>enim</em></strong></span> <span class='ocrx_word' id='word_1_816' title='bbox 1866 5101 2094 5174; x_wconf 82' lang='lat' dir='ltr'><strong><em>Spiritus</em></strong></span> 
     </span>
    </p>
   </div>
   <div class='ocr_carea' id='block_1_77' title="bbox 510 5181 2092 5267">
    <p class='ocr_par' dir='ltr' id='par_1_77' title="bbox 510 5181 2092 5267">
     <span class='ocr_line' id='line_1_77' title="bbox 510 5181 2092 5267; baseline 0.011 -32"><span class='ocrx_word' id='word_1_817' title='bbox 510 5181 632 5254; x_wconf 65' lang='lat' dir='ltr'><strong><em>vitta</em></strong></span> <span class='ocrx_word' id='word_1_818' title='bbox 655 5181 825 5251; x_wconf 87' lang='lat' dir='ltr'><strong><em>(Rom.</em></strong></span> <span class='ocrx_word' id='word_1_819' title='bbox 857 5200 975 5252; x_wconf 87' lang='lat' dir='ltr'><strong><em>vm,</em></strong></span> <span class='ocrx_word' id='word_1_820' title='bbox 1001 5188 1094 5261; x_wconf 73' lang='lat'><strong><em>2);</em></strong></span> <span class='ocrx_word' id='word_1_821' title='bbox 1126 5199 1181 5244; x_wconf 91' lang='lat' dir='ltr'><strong><em>et</em></strong></span> <span class='ocrx_word' id='word_1_822' title='bbox 1210 5207 1427 5247; x_wconf 90' lang='lat' dir='ltr'><strong><em>rursum</em></strong></span> <span class='ocrx_word' id='word_1_823' title='bbox 1460 5212 1474 5248; x_wconf 89' lang='lat'><strong><em>:</em></strong></span> <span class='ocrx_word' id='word_1_824' title='bbox 1504 5194 1648 5249; x_wconf 81' lang='lat' dir='ltr'><strong><em>Misit</em></strong></span> <span class='ocrx_word' id='word_1_825' title='bbox 1673 5196 1810 5251; x_wconf 89' lang='lat' dir='ltr'><strong><em>Deus</em></strong></span> <span class='ocrx_word' id='word_1_826' title='bbox 1835 5196 2092 5267; x_wconf 86' lang='lat' dir='ltr'><strong><em>Spiritum</em></strong></span> 
     </span>
    </p>
   </div>
   <div class='ocr_carea' id='block_1_78' title="bbox 512 5268 2095 5356">
    <p class='ocr_par' dir='ltr' id='par_1_78' title="bbox 512 5268 2095 5356">
     <span class='ocr_line' id='line_1_78' title="bbox 512 5268 2095 5356; baseline 0.012 -33"><span class='ocrx_word' id='word_1_827' title='bbox 512 5268 646 5325; x_wconf 82' lang='lat' dir='ltr'><strong><em>Filii</em></strong></span> <span class='ocrx_word' id='word_1_828' title='bbox 674 5274 757 5327; x_wconf 89' lang='lat' dir='ltr'><strong><em>sui</em></strong></span> <span class='ocrx_word' id='word_1_829' title='bbox 785 5276 840 5329; x_wconf 88' lang='lat' dir='ltr'><strong><em>in</em></strong></span> <span class='ocrx_word' id='word_1_830' title='bbox 876 5280 1034 5333; x_wconf 88' lang='lat' dir='ltr'><strong><em>corda</em></strong></span> <span class='ocrx_word' id='word_1_831' title='bbox 1077 5290 1255 5336; x_wconf 79' lang='lat' dir='ltr'><strong><em>nostra</em></strong></span> <span class='ocrx_word' id='word_1_832' title='bbox 1291 5281 1435 5354; x_wconf 87' lang='lat' dir='ltr'><strong><em>(Gal.</em></strong></span> <span class='ocrx_word' id='word_1_833' title='bbox 1469 5301 1541 5350; x_wconf 84' lang='lat' dir='ltr'><strong><em>tv,</em></strong></span> <span class='ocrx_word' id='word_1_834' title='bbox 1574 5285 1627 5356; x_wconf 81' lang='grc' dir='ltr'><strong>(ἱ)</strong></span> <span class='ocrx_word' id='word_1_835' title='bbox 1658 5303 1672 5339; x_wconf 91' lang='lat'><strong><em>:</em></strong></span> <span class='ocrx_word' id='word_1_836' title='bbox 1717 5286 1958 5341; x_wconf 83' lang='lat' dir='ltr'><strong><em>videntes</em></strong></span> <span class='ocrx_word' id='word_1_837' title='bbox 1999 5304 2095 5342; x_wconf 88' lang='lat' dir='ltr'><strong><em>att-</em></strong></span> 
     </span>
    </p>
   </div>
   <div class='ocr_carea' id='block_1_79' title="bbox 510 5366 2098 5450">
    <p class='ocr_par' dir='ltr' id='par_1_79' title="bbox 510 5366 2098 5450">
     <span class='ocr_line' id='line_1_79' title="bbox 510 5366 2098 5450; baseline 0.009 -31"><span class='ocrx_word' id='word_1_838' title='bbox 510 5373 619 5420; x_wconf 87' lang='lat' dir='ltr'><strong><em>tem</em></strong></span> <span class='ocrx_word' id='word_1_839' title='bbox 643 5366 806 5422; x_wconf 89' lang='lat' dir='ltr'><strong><em>etiam</em></strong></span> <span class='ocrx_word' id='word_1_840' title='bbox 834 5368 1174 5442; x_wconf 83' lang='lat' dir='ltr'><strong><em>Unigenitum</em></strong></span> <span class='ocrx_word' id='word_1_841' title='bbox 1201 5374 1558 5431; x_wconf 83' lang='lat' dir='ltr'><strong><em>insuﬂlantem</em></strong></span> <span class='ocrx_word' id='word_1_842' title='bbox 1588 5377 1639 5431; x_wconf 91' lang='lat' dir='ltr'><strong><em>in</em></strong></span> <span class='ocrx_word' id='word_1_843' title='bbox 1665 5377 1855 5431; x_wconf 81' lang='lat' dir='ltr'><strong><em>faciem</em></strong></span> <span class='ocrx_word' id='word_1_844' title='bbox 1882 5389 2098 5450; x_wconf 86' lang='lat' dir='ltr'><strong><em>aposto-</em></strong></span> 
     </span>
    </p>
   </div>
   <div class='ocr_carea' id='block_1_80' title="bbox 510 5457 2092 5542">
    <p class='ocr_par' dir='ltr' id='par_1_80' title="bbox 510 5457 2092 5542">
     <span class='ocr_line' id='line_1_80' title="bbox 510 5457 2092 5542; baseline 0.01 -31"><span class='ocrx_word' id='word_1_845' title='bbox 510 5457 688 5514; x_wconf 89' lang='lat' dir='ltr'><strong><em>lorum</em></strong></span> <span class='ocrx_word' id='word_1_846' title='bbox 712 5469 766 5516; x_wconf 89' lang='lat' dir='ltr'><strong><em>et</em></strong></span> <span class='ocrx_word' id='word_1_847' title='bbox 787 5461 1052 5519; x_wconf 86' lang='lat' dir='ltr'><strong><em>dicentem</em></strong></span> <span class='ocrx_word' id='word_1_848' title='bbox 1079 5484 1093 5520; x_wconf 87' lang='lat'><strong><em>:</em></strong></span> <span class='ocrx_word' id='word_1_849' title='bbox 1122 5468 1353 5538; x_wconf 85' lang='lat' dir='ltr'><strong><em>Accipite</em></strong></span> <span class='ocrx_word' id='word_1_850' title='bbox 1376 5470 1627 5538; x_wconf 85' lang='lat' dir='ltr'><strong><em>Spiritum</em></strong></span> <span class='ocrx_word' id='word_1_851' title='bbox 1649 5480 1886 5525; x_wconf 82' lang='lat' dir='ltr'><strong><em>sanctum</em></strong></span> <span class='ocrx_word' id='word_1_852' title='bbox 1911 5472 2092 5542; x_wconf 84' lang='lat' dir='ltr'><strong><em>(Joan.</em></strong></span> 
     </span>
    </p>
   </div>
   <div class='ocr_carea' id='block_1_81' title="bbox 509 5553 2097 5635">
    <p class='ocr_par' dir='ltr' id='par_1_81' title="bbox 509 5553 2097 5635">
     <span class='ocr_line' id='line_1_81' title="bbox 509 5553 2097 5635; baseline 0.009 -29"><span class='ocrx_word' id='word_1_853' title='bbox 509 5567 607 5616; x_wconf 69' lang='lat' dir='ltr'><strong><em>xx,</em></strong></span> <span class='ocrx_word' id='word_1_854' title='bbox 636 5553 763 5621; x_wconf 74' lang='lat'><strong><em>22);</em></strong></span> <span class='ocrx_word' id='word_1_855' title='bbox 796 5556 1143 5626; x_wconf 82' lang='lat' dir='ltr'><strong><em>spirationem</em></strong></span> <span class='ocrx_word' id='word_1_856' title='bbox 1173 5560 1336 5629; x_wconf 81' lang='lat' dir='ltr'><strong><em>igitur</em></strong></span> <span class='ocrx_word' id='word_1_857' title='bbox 1376 5561 1497 5617; x_wconf 86' lang='lat' dir='ltr'><strong><em>Filii</em></strong></span> <span class='ocrx_word' id='word_1_858' title='bbox 1529 5564 1582 5618; x_wconf 90' lang='lat' dir='ltr'><strong><em>in</em></strong></span> <span class='ocrx_word' id='word_1_859' title='bbox 1623 5564 1839 5635; x_wconf 82' lang='lat' dir='ltr'><strong><em>prapria</em></strong></span> <span class='ocrx_word' id='word_1_860' title='bbox 1886 5565 1998 5619; x_wconf 88' lang='lat' dir='ltr'><strong><em>vita</em></strong></span> <span class='ocrx_word' id='word_1_861' title='bbox 2042 5575 2097 5621; x_wconf 88' lang='lat' dir='ltr'><strong><em>et</em></strong></span> 
     </span>
    </p>
   </div>
   <div class='ocr_carea' id='block_1_82' title="bbox 509 5641 2096 5719">
    <p class='ocr_par' dir='ltr' id='par_1_82' title="bbox 509 5641 2096 5719">
     <span class='ocr_line' id='line_1_82' title="bbox 509 5641 2096 5719; baseline 0.01 -23"><span class='ocrx_word' id='word_1_862' title='bbox 509 5641 812 5699; x_wconf 83' lang='lat' dir='ltr'><strong><em>substantia</em></strong></span> <span class='ocrx_word' id='word_1_863' title='bbox 845 5657 1096 5703; x_wconf 89' lang='lat' dir='ltr'><strong><em>manente</em></strong></span> <span class='ocrx_word' id='word_1_864' title='bbox 1125 5648 1388 5719; x_wconf 89' lang='lat' dir='ltr'><strong><em>Spiritum</em></strong></span> <span class='ocrx_word' id='word_1_865' title='bbox 1423 5641 1545 5708; x_wconf 80' lang='lat' dir='ltr'><strong><em>esse</em></strong></span> <span class='ocrx_word' id='word_1_866' title='bbox 1568 5653 1879 5709; x_wconf 77' lang='lat' dir='ltr'><strong><em>doceamur.</em></strong></span> <span class='ocrx_word' id='word_1_867' title='bbox 1913 5655 1975 5709; x_wconf 84' lang='lat' dir='ltr'><strong><em>Et</em></strong></span> <span class='ocrx_word' id='word_1_868' title='bbox 2009 5674 2096 5711; x_wconf 86' lang='lat' dir='ltr'><strong><em>ne-</em></strong></span> 
     </span>
    </p>
   </div>
   <div class='ocr_carea' id='block_1_83' title="bbox 509 5738 2090 5814">
    <p class='ocr_par' dir='ltr' id='par_1_83' title="bbox 509 5738 2090 5814">
     <span class='ocr_line' id='line_1_83' title="bbox 509 5738 2090 5814; baseline 0.009 -28"><span class='ocrx_word' id='word_1_869' title='bbox 509 5748 618 5800; x_wconf 75' lang='lat' dir='ltr'><strong><em>que</em></strong></span> <span class='ocrx_word' id='word_1_870' title='bbox 647 5738 910 5805; x_wconf 71' lang='lat' dir='ltr'><strong><em>genitum,</em></strong></span> <span class='ocrx_word' id='word_1_871' title='bbox 949 5755 1124 5810; x_wconf 86' lang='lat' dir='ltr'><strong><em>nequc</em></strong></span> <span class='ocrx_word' id='word_1_872' title='bbox 1153 5750 1394 5797; x_wconf 85' lang='lat' dir='ltr'><strong><em>creatum</em></strong></span> <span class='ocrx_word' id='word_1_873' title='bbox 1422 5758 1540 5799; x_wconf 89' lang='lat' dir='ltr'><strong><em>esse</em></strong></span> <span class='ocrx_word' id='word_1_874' title='bbox 1568 5762 1595 5797; x_wconf 86' lang='lat' dir='ltr'><strong><em>a</em></strong></span> <span class='ocrx_word' id='word_1_875' title='bbox 1636 5743 1771 5800; x_wconf 79' lang='lat' dir='ltr'><strong><em>Filio</em></strong></span> <span class='ocrx_word' id='word_1_876' title='bbox 1796 5745 2090 5814; x_wconf 82' lang='lat' dir='ltr'><strong><em>sapiamus,</em></strong></span> 
     </span>
    </p>
   </div>
   <div class='ocr_carea' id='block_1_84' title="bbox 2194 4368 3803 4441">
    <p class='ocr_par' dir='ltr' id='par_1_84' title="bbox 2194 4368 3803 4441">
     <span class='ocr_line' id='line_1_84' title="bbox 2194 4368 3803 4441; baseline 0.006 -18"><span class='ocrx_word' id='word_1_877' title='bbox 2194 4368 2334 4423; x_wconf 88' lang='lat' dir='ltr'><strong><em>Filio</em></strong></span> <span class='ocrx_word' id='word_1_878' title='bbox 2368 4378 2459 4425; x_wconf 89' lang='lat' dir='ltr'><strong><em>tuo</em></strong></span> <span class='ocrx_word' id='word_1_879' title='bbox 2486 4369 2794 4424; x_wconf 89' lang='lat' dir='ltr'><strong><em>videbimus</em></strong></span> <span class='ocrx_word' id='word_1_880' title='bbox 2833 4369 3112 4441; x_wconf 90' lang='lat' dir='ltr'><strong><em>Spiritum.</em></strong></span> <span class='ocrx_word' id='word_1_881' title='bbox 3139 4370 3362 4429; x_wconf 85' lang='lat' dir='ltr'><strong><em>Necnon</em></strong></span> <span class='ocrx_word' id='word_1_882' title='bbox 3403 4375 3567 4430; x_wconf 88' lang='lat' dir='ltr'><strong><em>etiam</em></strong></span> <span class='ocrx_word' id='word_1_883' title='bbox 3598 4376 3654 4430; x_wconf 89' lang='lat' dir='ltr'><strong><em>in</em></strong></span> <span class='ocrx_word' id='word_1_884' title='bbox 3691 4393 3803 4433; x_wconf 85' lang='lat' dir='ltr'><strong><em>no-</em></strong></span> 
     </span>
    </p>
   </div>
   <div class='ocr_carea' id='block_1_85' title="bbox 2196 4453 3803 4536">
    <p class='ocr_par' dir='ltr' id='par_1_85' title="bbox 2196 4453 3803 4536">
     <span class='ocr_line' id='line_1_85' title="bbox 2196 4453 3803 4536; baseline 0.006 -19"><span class='ocrx_word' id='word_1_885' title='bbox 2196 4465 2340 4520; x_wconf 89' lang='lat' dir='ltr'><strong><em>mine</em></strong></span> <span class='ocrx_word' id='word_1_886' title='bbox 2368 4465 2585 4521; x_wconf 88' lang='lat' dir='ltr'><strong><em>virtutis</em></strong></span> <span class='ocrx_word' id='word_1_887' title='bbox 2630 4464 2725 4520; x_wconf 90' lang='lat' dir='ltr'><strong><em>Dei</em></strong></span> <span class='ocrx_word' id='word_1_888' title='bbox 2771 4464 3071 4536; x_wconf 87' lang='lat' dir='ltr'><strong><em>appellatus</em></strong></span> <span class='ocrx_word' id='word_1_889' title='bbox 3110 4453 3363 4536; x_wconf 79' lang='lat' dir='ltr'><strong><em>Spiritus,</em></strong></span> <span class='ocrx_word' id='word_1_890' title='bbox 3392 4475 3449 4523; x_wconf 89' lang='lat' dir='ltr'><strong><em>et</em></strong></span> <span class='ocrx_word' id='word_1_891' title='bbox 3485 4467 3685 4531; x_wconf 87' lang='lat' dir='ltr'><strong><em>virtus,</em></strong></span> <span class='ocrx_word' id='word_1_892' title='bbox 3737 4479 3803 4526; x_wconf 86' lang='lat' dir='ltr'><strong><em>et</em></strong></span> 
     </span>
    </p>
   </div>
   <div class='ocr_carea' id='block_1_86' title="bbox 2197 4555 3803 4624">
    <p class='ocr_par' dir='ltr' id='par_1_86' title="bbox 2197 4555 3803 4624">
     <span class='ocr_line' id='line_1_86' title="bbox 2197 4555 3803 4624; baseline 0.005 -16"><span class='ocrx_word' id='word_1_893' title='bbox 2197 4556 2458 4624; x_wconf 85' lang='lat' dir='ltr'><strong><em>sapientia</em></strong></span> <span class='ocrx_word' id='word_1_894' title='bbox 2483 4572 2604 4611; x_wconf 90' lang='lat' dir='ltr'><strong><em>esse</em></strong></span> <span class='ocrx_word' id='word_1_895' title='bbox 2627 4565 2983 4611; x_wconf 85' lang='lat' dir='ltr'><strong><em>monstratur.</em></strong></span> <span class='ocrx_word' id='word_1_896' title='bbox 3013 4555 3331 4613; x_wconf 83' lang='lat' dir='ltr'><strong><em>Audivimus</em></strong></span> <span class='ocrx_word' id='word_1_897' title='bbox 3368 4559 3510 4614; x_wconf 87' lang='lat' dir='ltr'><strong><em>enim</em></strong></span> <span class='ocrx_word' id='word_1_898' title='bbox 3534 4557 3803 4616; x_wconf 81' lang='lat' dir='ltr'><strong><em>Salvato-</em></strong></span> 
     </span>
    </p>
   </div>
   <div class='ocr_carea' id='block_1_87' title="bbox 2196 4646 3793 4718">
    <p class='ocr_par' dir='ltr' id='par_1_87' title="bbox 2196 4646 3793 4718">
     <span class='ocr_line' id='line_1_87' title="bbox 2196 4646 3793 4718; baseline 0.004 -19"><span class='ocrx_word' id='word_1_899' title='bbox 2196 4660 2307 4699; x_wconf 91' lang='lat' dir='ltr'><strong><em>rem</em></strong></span> <span class='ocrx_word' id='word_1_900' title='bbox 2340 4646 2393 4699; x_wconf 91' lang='lat' dir='ltr'><strong><em>in</em></strong></span> <span class='ocrx_word' id='word_1_901' title='bbox 2422 4646 2718 4717; x_wconf 81' lang='lat' dir='ltr'><strong><em>Evangelio</em></strong></span> <span class='ocrx_word' id='word_1_902' title='bbox 2739 4647 3005 4701; x_wconf 87' lang='lat' dir='ltr'><strong><em>dicentem</em></strong></span> <span class='ocrx_word' id='word_1_903' title='bbox 3037 4647 3317 4718; x_wconf 90' lang='lat' dir='ltr'><strong><em>discipulis</em></strong></span> <span class='ocrx_word' id='word_1_904' title='bbox 3345 4649 3458 4704; x_wconf 91' lang='lat' dir='ltr'><strong><em>suis</em></strong></span> <span class='ocrx_word' id='word_1_905' title='bbox 3483 4648 3793 4706; x_wconf 83' lang='lat' dir='ltr'><strong><em>missurum</em></strong></span> 
     </span>
    </p>
   </div>
   <div class='ocr_carea' id='block_1_88' title="bbox 2194 4735 3793 4813">
    <p class='ocr_par' dir='ltr' id='par_1_88' title="bbox 2194 4735 3793 4813">
     <span class='ocr_line' id='line_1_88' title="bbox 2194 4735 3793 4813; baseline 0.004 -23"><span class='ocrx_word' id='word_1_906' title='bbox 2194 4750 2314 4791; x_wconf 91' lang='lat' dir='ltr'><strong><em>esse</em></strong></span> <span class='ocrx_word' id='word_1_907' title='bbox 2365 4735 2627 4807; x_wconf 89' lang='lat' dir='ltr'><strong><em>Spiritum</em></strong></span> <span class='ocrx_word' id='word_1_908' title='bbox 2687 4746 2959 4803; x_wconf 90' lang='lat' dir='ltr'><strong><em>sanctum,</em></strong></span> <span class='ocrx_word' id='word_1_909' title='bbox 3014 4739 3102 4807; x_wconf 89' lang='lat' dir='ltr'><strong><em>qui</em></strong></span> <span class='ocrx_word' id='word_1_910' title='bbox 3159 4739 3493 4795; x_wconf 80' lang='lat' dir='ltr'><strong><em>dicitzEcce</em></strong></span> <span class='ocrx_word' id='word_1_911' title='bbox 3524 4757 3620 4810; x_wconf 85' lang='lat' dir='ltr'><strong><em>ego</em></strong></span> <span class='ocrx_word' id='word_1_912' title='bbox 3644 4759 3793 4813; x_wconf 74' lang='grc' dir='ltr'><strong><em>ρτιτ-</em></strong></span> 
     </span>
    </p>
   </div>
   <div class='ocr_carea' id='block_1_89' title="bbox 2192 4825 3790 4901">
    <p class='ocr_par' dir='ltr' id='par_1_89' title="bbox 2192 4825 3790 4901">
     <span class='ocr_line' id='line_1_89' title="bbox 2192 4825 3790 4901; baseline 0.004 -20"><span class='ocrx_word' id='word_1_913' title='bbox 2192 4829 2396 4881; x_wconf 89' lang='lat' dir='ltr'><strong><em>mittam</em></strong></span> <span class='ocrx_word' id='word_1_914' title='bbox 2430 4827 2825 4898; x_wconf 86' lang='lat' dir='ltr'><strong><em>promissionem</em></strong></span> <span class='ocrx_word' id='word_1_915' title='bbox 2850 4825 3026 4882; x_wconf 89' lang='lat' dir='ltr'><strong><em>Patris</em></strong></span> <span class='ocrx_word' id='word_1_916' title='bbox 3049 4829 3150 4882; x_wconf 89' lang='lat' dir='ltr'><strong><em>mei</em></strong></span> <span class='ocrx_word' id='word_1_917' title='bbox 3172 4846 3329 4901; x_wconf 86' lang='lat' dir='ltr'><strong><em>super</em></strong></span> <span class='ocrx_word' id='word_1_918' title='bbox 3350 4848 3461 4885; x_wconf 86' lang='lat' dir='ltr'><strong><em>vos.</em></strong></span> <span class='ocrx_word' id='word_1_919' title='bbox 3496 4826 3622 4886; x_wconf 62' lang='grc' dir='ltr'><strong><em>’νὸς</em></strong></span> <span class='ocrx_word' id='word_1_920' title='bbox 3663 4849 3790 4888; x_wconf 70' lang='grc' dir='ltr'><strong><em>νει-ο</em></strong></span> 
     </span>
    </p>
   </div>
   <div class='ocr_carea' id='block_1_90' title="bbox 2190 4918 3791 4995">
    <p class='ocr_par' dir='ltr' id='par_1_90' title="bbox 2190 4918 3791 4995">
     <span class='ocr_line' id='line_1_90' title="bbox 2190 4918 3791 4995; baseline 0.004 -22"><span class='ocrx_word' id='word_1_921' title='bbox 2190 4918 2361 4973; x_wconf 81' lang='lat' dir='ltr'><strong><em>sedete</em></strong></span> <span class='ocrx_word' id='word_1_922' title='bbox 2378 4919 2430 4971; x_wconf 90' lang='lat' dir='ltr'><strong><em>in</em></strong></span> <span class='ocrx_word' id='word_1_923' title='bbox 2452 4919 2677 4983; x_wconf 84' lang='lat' dir='ltr'><strong><em>civitate,</em></strong></span> <span class='ocrx_word' id='word_1_924' title='bbox 2698 4919 2860 4972; x_wconf 90' lang='lat' dir='ltr'><strong><em>donec</em></strong></span> <span class='ocrx_word' id='word_1_925' title='bbox 2882 4919 3178 4974; x_wconf 89' lang='lat' dir='ltr'><strong><em>induamini</em></strong></span> <span class='ocrx_word' id='word_1_926' title='bbox 3200 4937 3265 4975; x_wconf 79' lang='lat' dir='ltr'><strong><em>ea:</em></strong></span> <span class='ocrx_word' id='word_1_927' title='bbox 3285 4920 3394 4976; x_wconf 90' lang='lat' dir='ltr'><strong><em>alto</em></strong></span> <span class='ocrx_word' id='word_1_928' title='bbox 3418 4921 3606 4977; x_wconf 81' lang='lat' dir='ltr'><strong><em>virtute</em></strong></span> <span class='ocrx_word' id='word_1_929' title='bbox 3626 4922 3791 4995; x_wconf 77' lang='lat' dir='ltr'><strong><em>(Luc.</em></strong></span> 
     </span>
    </p>
   </div>
   <div class='ocr_carea' id='block_1_91' title="bbox 2197 5008 3789 5081">
    <p class='ocr_par' dir='ltr' id='par_1_91' title="bbox 2197 5008 3789 5081">
     <span class='ocr_line' id='line_1_91' title="bbox 2197 5008 3789 5081; baseline 0.003 -15"><span class='ocrx_word' id='word_1_930' title='bbox 2197 5027 2345 5075; x_wconf 76' lang='lat' dir='ltr'><strong><em>xxw,</em></strong></span> <span class='ocrx_word' id='word_1_931' title='bbox 2375 5009 2487 5080; x_wconf 79' lang='grc'><strong>49).</strong></span> <span class='ocrx_word' id='word_1_932' title='bbox 2534 5008 2589 5064; x_wconf 90' lang='lat' dir='ltr'><strong><em>ln</em></strong></span> <span class='ocrx_word' id='word_1_933' title='bbox 2620 5009 2846 5065; x_wconf 85' lang='lat' dir='ltr'><strong><em>Actibus</em></strong></span> <span class='ocrx_word' id='word_1_934' title='bbox 2870 5024 2998 5064; x_wconf 83' lang='lat' dir='ltr'><strong><em>vero</em></strong></span> <span class='ocrx_word' id='word_1_935' title='bbox 3027 5010 3391 5081; x_wconf 89' lang='lat' dir='ltr'><strong><em>apostolorum</em></strong></span> <span class='ocrx_word' id='word_1_936' title='bbox 3424 5012 3563 5068; x_wconf 87' lang='lat' dir='ltr'><strong><em>idem</em></strong></span> <span class='ocrx_word' id='word_1_937' title='bbox 3598 5014 3789 5070; x_wconf 88' lang='lat' dir='ltr'><strong><em>Domi-</em></strong></span> 
     </span>
    </p>
   </div>
   <div class='ocr_carea' id='block_1_92' title="bbox 2200 5100 3793 5176">
    <p class='ocr_par' dir='ltr' id='par_1_92' title="bbox 2200 5100 3793 5176">
     <span class='ocr_line' id='line_1_92' title="bbox 2200 5100 3793 5176; baseline 0.002 -18"><span class='ocrx_word' id='word_1_938' title='bbox 2200 5118 2304 5158; x_wconf 88' lang='lat' dir='ltr'><strong><em>nus</em></strong></span> <span class='ocrx_word' id='word_1_939' title='bbox 2335 5105 2413 5157; x_wconf 90' lang='lat' dir='ltr'><strong><em>ait</em></strong></span> <span class='ocrx_word' id='word_1_940' title='bbox 2442 5119 2457 5155; x_wconf 91' lang='lat'><strong><em>:</em></strong></span> <span class='ocrx_word' id='word_1_941' title='bbox 2487 5100 2590 5157; x_wconf 91' lang='lat' dir='ltr'><strong><em>Sed</em></strong></span> <span class='ocrx_word' id='word_1_942' title='bbox 2620 5103 2886 5173; x_wconf 85' lang='lat' dir='ltr'><strong><em>accipietis</em></strong></span> <span class='ocrx_word' id='word_1_943' title='bbox 2913 5102 3152 5158; x_wconf 77' lang='lat' dir='ltr'><strong><em>virtutem</em></strong></span> <span class='ocrx_word' id='word_1_944' title='bbox 3214 5106 3601 5170; x_wconf 83' lang='lat' dir='ltr'><strong><em>superveniente</em></strong></span> <span class='ocrx_word' id='word_1_945' title='bbox 3629 5124 3793 5176; x_wconf 73' lang='lat' dir='ltr'><strong><em>super</em></strong></span> 
     </span>
    </p>
   </div>
   <div class='ocr_carea' id='block_1_93' title="bbox 2197 5193 3788 5270">
    <p class='ocr_par' dir='ltr' id='par_1_93' title="bbox 2197 5193 3788 5270">
     <span class='ocr_line' id='line_1_93' title="bbox 2197 5193 3788 5270; baseline 0.004 -21"><span class='ocrx_word' id='word_1_946' title='bbox 2197 5212 2285 5249; x_wconf 89' lang='lat' dir='ltr'><strong><em>vos</em></strong></span> <span class='ocrx_word' id='word_1_947' title='bbox 2316 5194 2522 5264; x_wconf 90' lang='lat' dir='ltr'><strong><em>Spiritu</em></strong></span> <span class='ocrx_word' id='word_1_948' title='bbox 2543 5204 2724 5249; x_wconf 89' lang='lat' dir='ltr'><strong><em>sancto</em></strong></span> <span class='ocrx_word' id='word_1_949' title='bbox 2749 5193 2889 5266; x_wconf 82' lang='lat' dir='ltr'><strong><em>(Act.</em></strong></span> <span class='ocrx_word' id='word_1_950' title='bbox 2918 5211 2954 5259; x_wconf 81' lang='grc' dir='ltr'><strong><em>ι,</em></strong></span> <span class='ocrx_word' id='word_1_951' title='bbox 2982 5197 3062 5267; x_wconf 89' lang='grc'><strong>8).</strong></span> <span class='ocrx_word' id='word_1_952' title='bbox 3093 5195 3206 5251; x_wconf 82' lang='lat' dir='ltr'><strong><em>Hoc</em></strong></span> <span class='ocrx_word' id='word_1_953' title='bbox 3246 5213 3461 5269; x_wconf 88' lang='lat' dir='ltr'><strong><em>quoque</em></strong></span> <span class='ocrx_word' id='word_1_954' title='bbox 3503 5199 3788 5270; x_wconf 83' lang='lat' dir='ltr'><strong><em>impletum</em></strong></span> 
     </span>
    </p>
   </div>
   <div class='ocr_carea' id='block_1_94' title="bbox 2198 5286 3787 5360">
    <p class='ocr_par' dir='ltr' id='par_1_94' title="bbox 2198 5286 3787 5360">
     <span class='ocr_line' id='line_1_94' title="bbox 2198 5286 3787 5360; baseline 0.003 -18"><span class='ocrx_word' id='word_1_955' title='bbox 2198 5301 2321 5342; x_wconf 88' lang='lat' dir='ltr'><strong><em>esse</em></strong></span> <span class='ocrx_word' id='word_1_956' title='bbox 2352 5286 2714 5356; x_wconf 90' lang='lat' dir='ltr'><strong><em>comperimus</em></strong></span> <span class='ocrx_word' id='word_1_957' title='bbox 2755 5286 2856 5342; x_wconf 91' lang='lat' dir='ltr'><strong><em>sub</em></strong></span> <span class='ocrx_word' id='word_1_958' title='bbox 2896 5287 2983 5342; x_wconf 89' lang='lat' dir='ltr'><strong><em>die</em></strong></span> <span class='ocrx_word' id='word_1_959' title='bbox 3029 5286 3499 5360; x_wconf 74' lang='lat' dir='ltr'><strong><em>Quinquagesimte</em></strong></span> <span class='ocrx_word' id='word_1_960' title='bbox 3527 5305 3787 5346; x_wconf 84' lang='lat' dir='ltr'><strong><em>consum-</em></strong></span> 
     </span>
    </p>
   </div>
   <div class='ocr_carea' id='block_1_95' title="bbox 2202 5379 3791 5454">
    <p class='ocr_par' dir='ltr' id='par_1_95' title="bbox 2202 5379 3791 5454">
     <span class='ocr_line' id='line_1_95' title="bbox 2202 5379 3791 5454; baseline 0.004 -20"><span class='ocrx_word' id='word_1_961' title='bbox 2202 5389 2379 5435; x_wconf 62' lang='lat' dir='ltr'><strong><em>matae.</em></strong></span> <span class='ocrx_word' id='word_1_962' title='bbox 2405 5379 2510 5433; x_wconf 90' lang='lat' dir='ltr'><strong><em>Aut</em></strong></span> <span class='ocrx_word' id='word_1_963' title='bbox 2537 5393 2667 5449; x_wconf 79' lang='lat' dir='ltr'><strong><em>ergo</em></strong></span> <span class='ocrx_word' id='word_1_964' title='bbox 2692 5379 2945 5434; x_wconf 74' lang='lat' dir='ltr'><strong><em>virtutem</em></strong></span> <span class='ocrx_word' id='word_1_965' title='bbox 2984 5380 3073 5435; x_wconf 82' lang='lat' dir='ltr'><strong><em>Dei</em></strong></span> <span class='ocrx_word' id='word_1_966' title='bbox 3122 5381 3383 5451; x_wconf 87' lang='lat' dir='ltr'><strong><em>Spiritmn</em></strong></span> <span class='ocrx_word' id='word_1_967' title='bbox 3417 5398 3539 5439; x_wconf 90' lang='lat' dir='ltr'><strong><em>esse</em></strong></span> <span class='ocrx_word' id='word_1_968' title='bbox 3566 5386 3791 5454; x_wconf 80' lang='lat' dir='ltr'><strong><em>proﬁte-</em></strong></span> 
     </span>
    </p>
   </div>
   <div class='ocr_carea' id='block_1_96' title="bbox 2203 5453 3792 5542">
    <p class='ocr_par' dir='ltr' id='par_1_96' title="bbox 2203 5453 3792 5542">
     <span class='ocr_line' id='line_1_96' title="bbox 2203 5453 3792 5542; baseline 0.004 -17"><span class='ocrx_word' id='word_1_969' title='bbox 2203 5471 2355 5536; x_wconf 88' lang='lat' dir='ltr'><strong><em>mini,</em></strong></span> <span class='ocrx_word' id='word_1_970' title='bbox 2387 5481 2480 5525; x_wconf 86' lang='lat' dir='ltr'><strong><em>aut</em></strong></span> <span class='ocrx_word' id='word_1_971' title='bbox 2504 5453 2647 5525; x_wconf 85' lang='lat' dir='ltr'><strong><em>sicut</em></strong></span> <span class='ocrx_word' id='word_1_972' title='bbox 2667 5469 2934 5525; x_wconf 87' lang='lat' dir='ltr'><strong><em>Sabellius</em></strong></span> <span class='ocrx_word' id='word_1_973' title='bbox 2965 5472 3319 5542; x_wconf 87' lang='lat' dir='ltr'><strong><em>paracletum,</em></strong></span> <span class='ocrx_word' id='word_1_974' title='bbox 3347 5491 3470 5530; x_wconf 89' lang='lat' dir='ltr'><strong><em>cum</em></strong></span> <span class='ocrx_word' id='word_1_975' title='bbox 3500 5476 3572 5530; x_wconf 88' lang='lat' dir='ltr'><strong><em>sit</em></strong></span> <span class='ocrx_word' id='word_1_976' title='bbox 3614 5478 3792 5531; x_wconf 80' lang='lat' dir='ltr'><strong><em>virtus</em></strong></span> 
     </span>
    </p>
   </div>
   <div class='ocr_carea' id='block_1_97' title="bbox 2202 5554 3793 5633">
    <p class='ocr_par' dir='ltr' id='par_1_97' title="bbox 2202 5554 3793 5633">
     <span class='ocr_line' id='line_1_97' title="bbox 2202 5554 3793 5633; baseline 0.004 -17"><span class='ocrx_word' id='word_1_977' title='bbox 2202 5561 2324 5625; x_wconf 83' lang='lat' dir='ltr'><strong><em>Dei,</em></strong></span> <span class='ocrx_word' id='word_1_978' title='bbox 2349 5562 2599 5616; x_wconf 89' lang='lat' dir='ltr'><strong><em>eumdem</em></strong></span> <span class='ocrx_word' id='word_1_979' title='bbox 2643 5554 2840 5616; x_wconf 87' lang='lat' dir='ltr'><strong><em>Filium</em></strong></span> <span class='ocrx_word' id='word_1_980' title='bbox 2869 5578 2990 5618; x_wconf 89' lang='lat' dir='ltr'><strong><em>esse</em></strong></span> <span class='ocrx_word' id='word_1_981' title='bbox 3035 5565 3345 5633; x_wconf 71' lang='lat' dir='ltr'><strong><em>praedicate.</em></strong></span> <span class='ocrx_word' id='word_1_982' title='bbox 3394 5566 3461 5621; x_wconf 86' lang='lat' dir='ltr'><strong><em>Et</em></strong></span> <span class='ocrx_word' id='word_1_983' title='bbox 3502 5567 3793 5623; x_wconf 81' lang='lat' dir='ltr'><strong><em>audientes</em></strong></span> 
     </span>
    </p>
   </div>
   <div class='ocr_carea' id='block_1_98' title="bbox 2201 5653 3794 5731">
    <p class='ocr_par' dir='ltr' id='par_1_98' title="bbox 2201 5653 3794 5731">
     <span class='ocr_line' id='line_1_98' title="bbox 2201 5653 3794 5731; baseline 0.003 -22"><span class='ocrx_word' id='word_1_984' title='bbox 2201 5653 2426 5709; x_wconf 82' lang='lat' dir='ltr'><strong><em>Paulum</em></strong></span> <span class='ocrx_word' id='word_1_985' title='bbox 2456 5654 2723 5709; x_wconf 89' lang='lat' dir='ltr'><strong><em>dicentem</em></strong></span> <span class='ocrx_word' id='word_1_986' title='bbox 2753 5669 2768 5708; x_wconf 91' lang='lat'><strong><em>:</em></strong></span> <span class='ocrx_word' id='word_1_987' title='bbox 2813 5654 3042 5727; x_wconf 87' lang='lat' dir='ltr'><strong><em>Spiritus</em></strong></span> <span class='ocrx_word' id='word_1_988' title='bbox 3077 5673 3197 5711; x_wconf 81' lang='lat' dir='ltr'><strong><em>vero</em></strong></span> <span class='ocrx_word' id='word_1_989' title='bbox 3231 5660 3353 5713; x_wconf 71' lang='lat' dir='ltr'><strong><em>vitta</em></strong></span> <span class='ocrx_word' id='word_1_990' title='bbox 3380 5671 3593 5730; x_wconf 86' lang='lat' dir='ltr'><strong><em>propter</em></strong></span> <span class='ocrx_word' id='word_1_991' title='bbox 3628 5661 3794 5731; x_wconf 83' lang='lat' dir='ltr'><strong><em>justi-</em></strong></span> 
     </span>
    </p>
   </div>
   <div class='ocr_carea' id='block_1_99' title="bbox 2203 5744 3791 5818">
    <p class='ocr_par' dir='ltr' id='par_1_99' title="bbox 2203 5744 3791 5818">
     <span class='ocr_line' id='line_1_99' title="bbox 2203 5744 3791 5818; baseline 0.003 -15"><span class='ocrx_word' id='word_1_992' title='bbox 2203 5749 2329 5803; x_wconf 87' lang='lat' dir='ltr'><strong><em>tiam</em></strong></span> <span class='ocrx_word' id='word_1_993' title='bbox 2355 5764 2372 5801; x_wconf 91' lang='lat'><strong><em>:</em></strong></span> <span class='ocrx_word' id='word_1_994' title='bbox 2398 5744 2599 5803; x_wconf 83' lang='lat' dir='ltr'><strong><em>fontem</em></strong></span> <span class='ocrx_word' id='word_1_995' title='bbox 2619 5747 2812 5803; x_wconf 89' lang='lat' dir='ltr'><strong><em>ilcrum</em></strong></span> <span class='ocrx_word' id='word_1_996' title='bbox 2836 5747 3069 5818; x_wconf 87' lang='lat' dir='ltr'><strong><em>Spiritus</em></strong></span> <span class='ocrx_word' id='word_1_997' title='bbox 3092 5748 3409 5806; x_wconf 82' lang='lat' dir='ltr'><strong><em>inslruimur</em></strong></span> <span class='ocrx_word' id='word_1_998' title='bbox 3430 5766 3550 5807; x_wconf 80' lang='lat' dir='ltr'><strong><em>esse</em></strong></span> <span class='ocrx_word' id='word_1_999' title='bbox 3570 5751 3791 5807; x_wconf 86' lang='lat' dir='ltr'><strong><em>Filium.</em></strong></span> 
     </span>
    </p>
   </div>
  </div>
