4000 6352
209 366 313 422 701

1359 369 1562 426 LIBER
1598 368 1969 426 ADVERSUS
2003 373 2326 435 GRAECOS.

3364 392 3469 446 702

207 479 503 541 Jeremiam
546 475 726 534 audite
750 477 1072 576 clamantem
1111 487 1298 576 contra
1339 480 1589 538 Iudaeos:
1639 483 1778 548 Quia
1809 485 1854 545 A
1883 501 2040 554 quem
2087 489 2226 545 Deus
2259 492 2418 548 Pater
2463 495 2647 560 mittit,
2698 499 2865 554 mittit
2896 510 2951 555 et
2995 501 3183 569 Filius,
3213 515 3268 559 et
3305 522 3464 576 quem

209 569 606 640 dcrctiquerunt
645 585 726 622 me
763 569 959 638 fontem
1008 569 1128 624 vitae
1168 568 1356 625 Deum.
1412 573 1551 627 Alibi
1610 585 1788 628 autem

209 657 476 729 Spiritum
498 658 773 728 sapientia:
795 674 916 714 esse
958 661 1192 714 scientes
1221 660 1481 731 Spiritum
1517 675 1788 728 sanetum,

204 750 511 807 secundum
534 748 722 803 Isaiam
770 749 986 819 quidem
1032 752 1340 805 dicentem:
1383 753 1451 806 Et
1499 757 1788 825 requiescet

205 854 367 907 super
393 855 512 892 cum
541 839 758 908 spiritus
799 839 931 906 Dei,
979 839 1209 910 Spiritus
1249 845 1522 913 sapientia:
1552 857 1600 899 et
1637 846 1790 900 intel-

206 929 375 983 lectus
396 927 531 1000 (Isa.
560 945 637 995 st,
661 929 741 1000 2).
767 949 788 980 s

847 1039 975 1096 Car.
1015 1041 1154 1096 XIX.

279 1148 413 1203 Item
447 1149 585 1204 idem
625 1151 678 1205 in
711 1150 840 1206 Fide
865 1154 1128 1208 catholica
1155 1174 1167 1209 :
1195 1155 1348 1222 Quod
1390 1157 1622 1230 Spiritus
1664 1179 1788 1218 san-

205 1249 325 1295 ctus
359 1258 390 1295 a
424 1241 586 1296 Patre
613 1245 856 1310 procedat
887 1257 936 1300 et
959 1264 990 1300 a
1018 1246 1175 1301 Filio.
1227 1267 1244 1300 ε
1276 1249 1436 1304 Pater
1461 1269 1489 1304 a
1517 1253 1662 1307 nullo
1703 1263 1787 1310 est

205 1327 406 1395 factus,
436 1346 536 1385 nec
558 1341 793 1398 creatus,
823 1349 921 1389 nec
945 1337 1155 1406 genitus
1181 1356 1192 1390 :
1219 1337 1387 1393 Filius
1425 1356 1453 1392 a
1485 1339 1645 1396 Patre
1673 1343 1787 1398 solo

203 1431 311 1484 est,
340 1437 447 1476 non
493 1421 688 1489 factus,
714 1441 819 1480 non
849 1429 1219 1493 creatus,'sed
1268 1431 1478 1501 genitus
1511 1451 1523 1485 :
1555 1433 1787 1503 Spiritus

203 1522 430 1567 sanctus
460 1529 488 1565 a
518 1512 675 1568 Patre
698 1523 752 1569 et
790 1515 945 1581 Filio,
995 1533 1099 1572 non
1146 1517 1342 1575 factus.
1395 1536 1499 1576 non
1548 1534 1782 1590 creatus,

199 1619 306 1659 nec
338 1605 569 1673 genitus,
623 1607 716 1662 sed
746 1609 1062 1677 procedens.
1101 1609 1250 1665 Unus
1285 1627 1413 1683 ergo
1451 1613 1632 1680 Pater,
1679 1632 1784 1670 non

199 1705 317 1750 tres
340 1695 564 1760 Patres;
594 1713 732 1752 unus
761 1697 950 1763 Filius,
983 1717 1087 1755 non
1118 1710 1224 1756 tres
1257 1703 1409 1768 Filii;
1446 1721 1582 1760 unus
1611 1706 1783 1776 Spiri-

197 1795 290 1843 tus
317 1795 561 1852 sanctus,
585 1805 689 1842 non
719 1796 830 1845 tres
855 1789 1087 1860 Spiritus
1125 1793 1314 1846 sancti.
1347 1794 1414 1848 Et
1442 1795 1492 1848 in
1526 1795 1628 1851 hac
1656 1797 1778 1851 Tri-

195 1881 370 1933 nitate
394 1879 526 1933 nihil
560 1879 710 1949 prius
731 1887 822 1934 aut
858 1883 1150 1950 posterius,
1179 1881 1311 1935 nihil
1350 1885 1521 1953 majus
1549 1895 1642 1939 aut
1672 1889 1774 1940 mi-

192 1985 324 2033 nus,
367 1969 459 2024 sed
491 1977 614 2023 tota:
665 1978 773 2024 tres
819 1985 1061 2038 persona:
1105 1981 1385 2026 coaeternte
1425 1975 1526 2027 sibi
1575 1985 1778 2030 suntet

191 2061 516 2132 cozequales.
542 2061 620 2116 Ita
645 2071 703 2115 ut
731 2077 829 2132 per
852 2064 1056 2127 omnia,
1095 2064 1234 2118 sicut
1267 2063 1378 2130 jam
1410 2067 1776 2134 snpradictum

190 2162 302 2216 est,
324 2162 380 2207 et
407 2153 646 2208 Trinitas
672 2154 724 2207 in
754 2153 978 2218 unitate,
1003 2164 1055 2207 et
1083 2156 1261 2208 unitas
1291 2155 1342 2207 in
1385 2153 1647 2211 Trinitate
1687 2173 1778 2212 ve-

188 2243 434 2296 neranda
465 2243 552 2296 sit.
579 2241 680 2309 Qui
721 2241 836 2296 vult
859 2258 990 2312 ergo
1011 2241 1190 2299 salvus
1210 2259 1352 2311 esse,
1395 2245 1467 2300 ita
1499 2247 1566 2301 de
1600 2248 1777 2303 Triui-

191 2343 311 2388 tate
349 2334 568 2388 sentiat.
611 2351 633 2386 s

840 2444 968 2503 Car.
1010 2445 1129 2502 XX.

266 2578 586 2633 Ambrosius
610 2576 1024 2634 Mediolanensis
1045 2579 1329 2650 episcopus
1357 2580 1407 2634 in
1436 2580 1573 2636 libro
1595 2583 1769 2652 primo

188 2683 357 2736 quem
403 2668 616 2742 scripsit
652 2669 717 2722 ad
747 2666 1067 2722 Gratianum
1113 2669 1488 2739 imperatorem
1519 2671 1618 2741 (De
1651 2673 1770 2741 Spi-

190 2758 304 2809 ritu
334 2767 534 2820 sancto,
579 2771 698 2825 cap.
734 2757 818 2821 10,
870 2756 1011 2825 iuit.)
1043 2774 1056 2809 :
1097 2757 1248 2823 Quod
1297 2755 1523 2826 Spiritus
1558 2771 1768 2814 sanctus

189 2864 318 2901 cum
345 2865 375 2900 a
411 2846 572 2900 Patre
598 2858 645 2900 et
673 2845 814 2901 Filio
853 2851 1104 2917 procedit,
1139 2865 1241 2902 non
1285 2859 1515 2902 transeat
1559 2853 1622 2904 de
1656 2850 1768 2904 loco

186 2937 264 2990 ad
291 2937 482 3001 locum,
517 2938 589 2991 ita
638 2946 831 2992 tractat
859 2956 872 2992 :
917 2957 935 2989 ι
973 2940 1180 2993 Etenim
1205 2940 1248 2993 si
1284 2940 1349 2994 de
1382 2939 1497 2994 loco
1529 2942 1769 3010 procedit

189 3027 452 3096 Spiritus,
484 3039 538 3082 et
586 3029 654 3082 ad
693 3029 866 3083 locum
909 3031 1122 3094 transit,
1170 3039 1300 3093 etc.,
1331 3047 1492 3098 usque
1541 3033 1608 3083 ad
1659 3033 1767 3085 ture

185 3119 348 3172 verba
371 3131 388 3168 :
411 3118 477 3171 Et
505 3118 754 3174 revelasti
783 3134 846 3174 ea
876 3121 1133 3190 parvulis,
1158 3137 1274 3192 qua:
1295 3121 1453 3190 ﬁnem
1481 3123 1636 3191 capiti
1665 3124 1765 3176 int-

180 3219 424 3279 ponunt.
446 3229 464 3262 s

823 3321 952 3379 CAP.
991 3323 1132 3382 XXI.

257 3453 391 3508 Item
421 3453 560 3509 idem
593 3454 706 3525 ipse
746 3454 800 3510 iu
841 3457 1078 3511 secundo
1109 3457 1246 3511 libro
1284 3474 1298 3510 :
1347 3457 1501 3524 Quod
1530 3459 1768 3524 Spiritus

177 3549 401 3599 sanctus
432 3545 562 3598 sicut
590 3547 811 3599 mittitur
832 3564 864 3600 a
891 3545 1070 3611 Patre,
1098 3549 1170 3601 ita
1203 3548 1426 3602 mittitur
1453 3560 1500 3603 et
1541 3569 1572 3603 a
1598 3550 1760 3615 Filio,

177 3642 235 3688 et
276 3631 452 3687 Filius
483 3635 590 3703 ipse
631 3635 855 3688 mittitur
901 3653 934 3688 a
985 3635 1206 3706 Spiritu.
1254 3657 1272 3688 ε
1306 3636 1593 3692 Considera
1637 3643 1760 3709 quia

179 3724 449 3778 Dominus
479 3734 662 3780 noster
701 3725 858 3781 Iesus
886 3726 1134 3781 Christus
1163 3729 1215 3781 in
1246 3727 1380 3782 Isaia
1422 3729 1631 3786 locutus
1658 3743 1758 3797 est,

179 3833 218 3871 a
247 3816 454 3885 Spiritu
482 3827 672 3871 sancto
701 3833 820 3872 esse
844 3833 902 3872 se
931 3819 1174 3872 missum.
1208 3817 1456 3888 Nunquid
1487 3837 1615 3892 ergo
1643 3823 1762 3890 Spi-

177 3909 291 3962 ritu
327 3907 502 3962 minor
536 3907 725 3973 Filius,
763 3909 888 3978 quia
936 3909 1132 3963 missus
1161 3925 1190 3962 a
1215 3907 1418 3978 Spiritu
1440 3912 1556 3964 est?
1588 3912 1762 3968 llabes

177 3999 353 4069 igitur
381 3999 662 4068 scriptum,
695 4000 836 4069 quod
868 3999 1036 4054 Filius
1073 4016 1102 4053 a
1129 4000 1291 4054 Patre
1311 4010 1364 4056 et
1391 4003 1593 4071 Spiritu
1645 4005 1760 4074 ejus

174 4091 331 4144 dicat
355 4106 475 4145 esse
503 4107 561 4146 se
597 4092 844 4146 missum.
874 4091 985 4162 Ego
1011 4108 1148 4158 sum,
1183 4093 1371 4163 inquit,
1402 4097 1622 4165 primus,
1667 4116 1758 4168 ego

174 4182 236 4236 in
266 4191 542 4246 aeternum,
572 4193 618 4236 et
651 4199 836 4238 manus
865 4201 978 4238 mea
1022 4185 1258 4253 fundavit
1301 4197 1514 4251 terram,
1546 4189 1759 4244 dextera

172 4290 296 4327 mea
323 4274 563 4327 solidarit
585 4274 802 4340 caelum;
831 4283 884 4330 et
907 4276 1078 4329 infra:
1108 4275 1219 4347 Ego
1249 4278 1451 4332 locutus
1477 4297 1614 4342 sum,
1661 4299 1753 4350 ego

172 4369 382 4431 vocavi,
427 4385 519 4437 ego
562 4368 761 4422 adduxi
791 4385 931 4433 eum,
953 4377 999 4422 et
1025 4386 1326 4438 prosperum
1373 4371 1472 4424 iter
1497 4371 1610 4440 ejus
1635 4373 1753 4441 feci.

169 4460 425 4515 Accedite
447 4461 516 4513 ad
542 4477 623 4514 me
647 4471 693 4514 et
732 4462 908 4514 audite
929 4461 1059 4514 Ita'c.
1104 4461 1226 4514 Non
1257 4463 1310 4515 in
1337 4463 1536 4516 occulto
1561 4465 1625 4517 ab
1654 4465 1754 4518 ini-

1893 579 2058 633 mittit
2093 579 2273 646 Pater,
2307 585 2471 639 mittit
2497 596 2550 640 et
2573 587 2828 656 Spiritus.
2867 608 2887 641 ι

2509 697 2635 751 CAP.
2677 698 2840 753 XXII.

1961 801 2090 856 Item
2120 803 2258 858 idem
2288 804 2339 888 in
2371 804 2507 860 libro
2534 810 2692 862 tertio
2714 808 2851 880 (cap.
2886 812 2910 865 1
2948 821 2995 865 et
3024 811 3080 883 Ξ)
3108 831 3123 872 :
3158 813 3312 880 Quod
3336 815 3461 887 Spi-

1891 896 2022 949 ritus
2063 908 2272 950 sanctus
2295 915 2326 949 a
2356 895 2517 952 Patre
2543 901 2609 952 sit
2637 902 2826 955 missus
2855 912 2903 956 et
2949 902 3126 969 Filio;
3153 907 3238 960 ubi
3265 909 3463 970 missio,

1887 987 2146 1054 processio
2196 987 2517 1057 intelligitur.
2572 1010 2589 1040 ‹
2631 990 2889 1060 Spiritum
2935 1010 3149 1064 quoque
3199 1005 3254 1051 et
3303 995 3464 1050 Pater

1889 1078 2036 1132 misit
2063 1086 2117 1132 et
2141 1077 2324 1139 Filius.
2353 1079 2513 1135 Pater
2533 1083 2680 1138 misit
2703 1086 2827 1152 quia
2855 1088 3118 1156 scriptum
3142 1099 3224 1143 est
3255 1105 3270 1142 :
3297 1090 3468 1142 Para-

1889 1168 2050 1223 cletus
2077 1181 2249 1223 autem
2289 1170 2375 1224 itte
2401 1172 2630 1241 Spiritus
2659 1186 2870 1230 sanctus
2904 1194 3054 1247 quem
3099 1181 3262 1234 mittet
3303 1178 3466 1233 Pater

1887 1261 1942 1314 in
1977 1263 2184 1315 nomine
2221 1279 2354 1326 meo,
2377 1273 2505 1327 etc.,
2539 1283 2698 1336 usque.
2747 1267 2816 1319 ad
2859 1268 2969 1321 ha’c
3011 1270 3166 1324 verba
3196 1286 3214 1324 :
3254 1270 3464 1342 Digitus

1888 1347 1982 1404 Dei
2014 1350 2312 1420 appellatus
2332 1361 2416 1407 est
2440 1351 2672 1422 Spiritus
2701 1366 2942 1412 sanctus.
2979 1377 2998 1410 ›

2484 1459 2614 1514 CAP.
2658 1460 2845 1515 XXIII.

1957 1565 2086 1620 Item
2119 1567 2258 1622 idem
2303 1569 2418 1639 ipse
2458 1569 2510 1622 in
2552 1571 2738 1624 eodem
2786 1570 2925 1624 libro
2966 1571 3103 1641 (cap.
3149 1573 3220 1627 20
3248 1585 3295 1629 et
3321 1575 3458 1647 2t):

1889 1655 2042 1721 Quod
2077 1659 2265 1727 ﬂuvius
2296 1661 2358 1713 de
2392 1661 2511 1714 sede
2541 1661 2634 1715 Dei
2667 1673 2716 1716 et
2763 1666 2885 1734 agni
2909 1668 3190 1734 procedens
3235 1669 3463 1739 Spiritus

1886 1759 2094 1802 sanctus
2121 1750 2208 1812 sit,
2234 1750 2322 1803 ubi
2358 1752 2667 1822 intelligitur
2697 1754 2810 1824 ejus
2835 1775 2865 1808 a
2903 1753 3064 1810 Patre
3092 1768 3138 1811 et
3169 1757 3310 1811 Filio
3341 1775 3464 1828 pro-

1808 1833 1852 1892 B
1880 1842 2060 1894 cessio.
2101 1861 2119 1892 ι
2160 1842 2331 1897 Ilabet
2375 1859 2504 1914 ergo
2541 1844 2777 1914 Spiritus
2818 1848 2959 1916 quod
3005 1849 3165 1903 habet
3192 1850 3458 1905 Christus.

1885 1931 2058 1985 Ilabet
2081 1933 2241 2002 igitur
2264 1935 2404 2002 quod
2430 1935 2592 1989 habet
2619 1936 2778 2001 Deus,
2806 1938 2930 2007 quia
2956 1940 3134 1992 omnia
3157 1954 3276 2007 qua:
3299 1940 3462 1993 habet

1879 2019 2058 2086 Pater,
2092 2023 2250 2076 habet
2277 2033 2331 2076 et
2366 2023 2554 2078 Filius.
2598 2026 2828 2097 Ideoque
2860 2029 2996 2081 dixit
3028 2045 3042 2080 :
3098 2027 3290 2081 Omnia
3342 2046 3460 2100 quce

1880 2112 2028 2165 habet
2059 2111 2242 2178 Pater,
2282 2132 2393 2168 mea
2419 2127 2536 2169 sunt
2563 2116 2745 2187 (Joan.
2770 2135 2881 2184 xvr,
2912 2120 3021 2189 15).
3054 2120 3162 2174 Nec
3189 2120 3319 2174 illud
3348 2136 3462 2176 me-

1878 2202 2060 2256 diocre
2101 2212 2205 2267 est,
2251 2206 2393 2273 quod
2423 2207 2487 2259 de
2521 2208 2716 2262 throno
2745 2207 2838 2262 Dei
2865 2209 3020 2265 exire
3058 2210 3280 2264 ﬂuvium
3329 2210 3460 2281 legi-

1878 2307 2018 2346 mus.
2042 2293 2134 2347 Sic
2160 2296 2302 2348 eniui
2352 2297 2484 2351 dicit
2509 2296 2743 2353 Joannes
2774 2301 3101 2370 evangelista
3147 2319 3159 2354 :
3196 2301 3260 2354 Et
3289 2312 3462 2355 osten-

1876 2385 1950 2438 dit
1975 2387 2098 2438 mihi
2123 2389 2319 2455 [lumen
2343 2407 2492 2460 aqua:
2517 2392 2660 2456 vivw,
2708 2391 3037 2461 splendidum
3065 2405 3312 2463 tanquam
3341 2410 3458 2463 crg-

1873 2478 2111 2542 staltum,
2147 2481 2426 2548 procedens
2455 2483 2518 2536 de
2544 2484 2662 2536 sede
2705 2483 2799 2536 Dei
2821 2495 2867 2538 et
2901 2485 3062 2554 agni;
3099 2495 3146 2537 et
3185 2485 3238 2536 in
3285 2485 3457 2538 medio

1873 2569 2058 2637 ptatew
2077 2569 2209 2640 ejus,
2238 2589 2300 2624 ex
2325 2582 2545 2643 utraque
2571 2585 2718 2642 parte
2737 2574 2932 2643 lignum
2966 2576 3081 2627 vita:
3111 2575 3308 2643 faciens
3337 2575 3453 2644 fru-

1872 2670 2030 2712 ctum.
2071 2661 2354 2715 Duodecim
2388 2681 2480 2732 per
2513 2665 2744 2732 singulos
2773 2682 2969 2718 menses
3020 2666 3285 2719 reddentes
3331 2666 3450 2735 fru-

1871 2760 2011 2802 ctum
2044 2767 2219 2815 suum,
2241 2764 2288 2805 et
2312 2753 2440 2822 folia
2473 2755 2600 2824 ligni
2621 2756 2690 2808 ad
2721 2756 3031 2808 medicinam
3063 2760 3292 2810 omnium
3322 2775 3450 2826 gen-

1870 2838 1996 2892 tium
2023 2841 2202 2910 (Apoc.
2237 2857 2372 2906 χχιι,
2416 2845 2484 2913 I).
2541 2844 2637 2898 llic
2667 2852 2744 2899 est
2777 2846 2958 2914 utique
3007 2845 3201 2899 ﬂuvius
3242 2847 3310 2900 de
3355 2846 3448 2900 Dei

1869 2936 1994 2988 sede
2015 2939 2328 3004 procedens,
2355 2939 2458 2993 hoc
2483 2949 2568 2992 est
2591 2937 2823 3009 Spiritus
2856 2949 3096 3002 sanctus,
3127 2955 3284 3008 quem
3312 2941 3450 2992 hihit

1869 3027 1959 3096 qui
1987 3029 2158 3080 credit
2187 3029 2236 3082 in
2265 3028 2559 3092 Christum,
2587 3031 2724 3084 sicut
2757 3033 2868 3100 ipse
2909 3031 2976 3083 ait
3010 3050 3020 3083 :
3056 3029 3113 3085 Si
3159 3031 3272 3100 quis
3313 3031 3448 3092 sitit,

1871 3119 2036 3170 reniat
2062 3121 2133 3170 ad
2160 3136 2239 3174 me
2281 3133 2325 3173 et
2374 3122 2529 3174 bibat.
2563 3121 2665 3187 Qui
2694 3123 2856 3175 credit
2894 3123 2946 3174 in
2992 3139 3088 3185 me,
3140 3124 3272 3175 sicut
3313 3123 3444 3176 dixit

1795 3181 1838 3242 Ο
1870 3209 2167 3280 Scriptura,
2189 3214 2408 3282 [Iumina
2439 3215 2504 3267 de
2539 3226 2712 3267 ventre
2749 3215 2860 3284 ejus
2891 3217 3052 3283 ﬂuent
3101 3233 3249 3282 aqua'
3295 3216 3441 3268 vit-tr.

1869 3301 1982 3355 Hoc
2020 3313 2194 3356 autem
2240 3303 2439 3357 dicebat
2468 3304 2532 3358 de
2560 3303 2761 3374 Spiritu
2794 3303 2976 3375 (Joau.
3014 3321 3107 3368 vn,
3149 3306 3261 3374 38).
3302 3304 3443 3374 Ergo

1865 3388 2063 3446 ﬂumen
2097 3401 2180 3446 est
2208 3393 2458 3462 Spiritus.
2500 3413 2518 3446 ι

2459 3526 2584 3582 CAP.
2636 3526 2825 3582 XXIV.

1934 3637 2184 3707 Cyrillus,
2216 3637 2367 3701 Quod
2399 3637 2624 3706 Spiritus
2666 3649 2875 3692 sanctus
2910 3657 2942 3692 (ι
2990 3637 3147 3691 Patre
3194 3639 3438 3706 procedat

1863 3739 1908 3780 et
1939 3727 2102 3792 Filio,
2142 3729 2193 3781 in
2236 3729 2461 3796 epistola
2494 3730 2560 3782 ad
2603 3728 2928 3791 Nestorium,
2977 3730 3053 3783 sic
3097 3730 3264 3782 dicit:
3315 3750 3331 3780 ι
3362 3730 3442 3783 De

1863 3819 2066 3888 Spiritu
2092 3836 2304 3890 quoque
2333 3836 2454 3875 cum
2480 3821 2608 3874 dicit
2640 3839 2652 3873 :
2687 3821 2786 3874 Ille
2817 3839 2896 3874 me
2915 3821 3222 3890 cIari/icabit
3253 3821 3435 3891 (Joan.

1861 3929 1974 3975 xvi,
2008 3913 2096 3980 M)
2129 3931 2141 3966 :
2175 3915 2272 3967 hoc
2303 3913 2602 3967 rectissime
2631 3914 2947 3976 seutieules,
2979 3930 3141 3966 unmn
3163 3914 3436 3966 Christum

1861 4010 1916 4056 ct
1946 4001 2138 4056 Filium
2178 4019 2280 4056 non
2325 4002 2469 4056 velut
2504 4002 2724 4056 alterius
2771 4014 3016 4072 egentem
3051 4003 3242 4072 gloria.
3271 4003 3436 4056 conti-

1862 4101 2042 4147 tentur
2086 4110 2114 4145 a
2162 4093 2363 4161 Spiritu
2401 4104 2591 4148 sancto
2621 4093 2845 4161 gloriam
2878 4101 3262 4156 consecutum;
3310 4093 3434 4161 quia

1861 4183 2095 4253 Spiritus
2123 4184 2238 4254 ejus
2270 4200 2367 4238 nec
2398 4184 2585 4238 melior
2617 4200 2714 4239 nec
2758 4185 3002 4252 superior
3041 4184 3130 4238 illo
3175 4193 3294 4247 est;
3343 4183 3435 4238 scd

1859 4276 1979 4344 quia
2016 4275 2147 4328 mira
2180 4291 2340 4344 opera
2390 4275 2591 4330 faciens
2644 4278 2708 4329 ad
2765 4277 3276 4330 demonstrationem
3327 4292 3438 4329 sum

1856 4369 2072 4422 deitatis
2115 4368 2312 4421 virtute
2353 4369 2566 4437 propria
2615 4367 2850 4437 Spiritus
2901 4368 3171 4431 utebatur,
3205 4369 3272 4421 ab
3323 4367 3440 4436 ipso

1858 4460 2144 4529 gloriﬁcari
2194 4461 2392 4513 dicitur
2419 4475 2433 4514 :
2462 4460 2910 4530 quemadmodum
2942 4462 2984 4513 si
3009 4461 3130 4529 quis
3159 4462 3223 4514 de
3260 4459 3439 4512 homi-

172 4551 254 4604 tio
275 4550 482 4604 locutus
509 4567 644 4603 sum.
673 4549 803 4604 Cum
839 4551 1018 4618 ﬁerent
1049 4551 1156 4603 illic
1197 4568 1361 4616 eram,
1391 4562 1440 4605 et
1490 4570 1626 4606 nunc
1657 4554 1758 4607 Do-
1784 4529 1834 4588 Ῐ)
1861 4549 2018 4602 nibus
2045 4558 2340 4610 asseveret,
2365 4551 2504 4617 quod
2529 4550 2698 4602 virtus
2720 4565 2812 4602 sua
2841 4549 2920 4601 vel
2948 4549 3227 4616 disciplina
3253 4562 3440 4615 quem-

170 4641 356 4693 minus
391 4641 530 4692 misit
574 4655 654 4693 me
679 4649 728 4692 et
775 4638 1002 4707 Spiritus
1035 4639 1147 4708 ejus
1182 4638 1316 4705 (Isa.
1345 4656 1529 4702 xuvm,
1557 4641 1641 4705 15,
1669 4641 1754 4705 15,

173 4729 297 4798 16).
333 4729 530 4798 Utique
555 4729 645 4798 qui
677 4728 872 4783 coelum
921 4727 1048 4782 fecit
1070 4737 1123 4781 et
1157 4736 1386 4790 terram;
1426 4731 1537 4798 ipse
1571 4731 1699 4784 dicit
1726 4744 1756 4782 a

171 4821 416 4876 Domino
436 4829 491 4874 es
513 4819 714 4888 Spiritu
740 4818 857 4886 ejus
885 4833 1004 4873 esse
1035 4833 1092 4872 se
1120 4820 1364 4872 missum.
1400 4821 1603 4874 Videtis
1629 4835 1758 4891 ergo

173 4911 328 4981 quod
354 4910 672 4980 simplicitas
697 4910 982 4973 sermonis,
1011 4924 1115 4962 non
1141 4907 1331 4976 injuria
1355 4909 1428 4964 sit
1465 4911 1756 4966 missionis.

171 5002 306 5070 Ipse
326 5001 488 5070 igitur
511 5001 708 5055 missus
744 5015 772 5053 a
802 4999 982 5062 Patre,
1015 4999 1128 5067 ipse
1151 5009 1234 5052 est
1258 4999 1452 5054 missus
1475 5017 1504 5053 a
1533 5001 1758 5070 Spiritu.

170 5091 620 5158 Etutagnoscas
662 5089 863 5142 nullam
914 5089 1212 5159 majestatis
1263 5105 1383 5143 esse
1423 5089 1759 5155 distantiam,

171 5184 351 5240 etiam
391 5181 562 5236 Filius
591 5181 851 5251 Spiritum
895 5181 1076 5241 mittit,
1111 5180 1251 5234 sicut
1296 5181 1407 5248 ipse
1433 5181 1604 5234 dixit:
1629 5181 1760 5236 Cum

172 5281 362 5326 autem
393 5274 581 5326 venerit
629 5271 956 5335 Paracletus,
998 5287 1148 5341 quem
1175 5288 1266 5340 ego
1303 5273 1504 5324 mittam
1551 5273 1690 5326 vobis
1727 5291 1762 5326 α

173 5358 351 5418 Patre
395 5378 528 5423 meo,
577 5360 831 5430 Spiritum
858 5363 1106 5424 veritatis,
1130 5363 1216 5432 qui
1242 5379 1272 5414 a
1307 5361 1466 5414 Patre
1489 5378 1598 5414 meo
1642 5379 1763 5430 pro-

170 5456 322 5512 4edit
349 5455 530 5526 (Joan.
548 5470 635 5518 xv,
663 5453 778 5524 ‘26).
803 5452 954 5509 Nunc
983 5455 1229 5508 eumdem
1256 5453 1592 5507 Paracletum
1635 5462 1687 5506 ct
1730 5469 1758 5506 a

171 5545 349 5604 Patre
393 5561 516 5600 esse
562 5547 878 5600 mittendum
908 5561 1067 5614 supra
1109 5546 1288 5614 posuit
1317 5545 1544 5598 dicens:
1595 5543 1762 5596 Para-

172 5637 348 5694 alatus
371 5649 544 5691 autem
573 5638 659 5690 ille
684 5637 910 5706 Spiritus
939 5649 1170 5699 sanctus,
1207 5655 1355 5706 quem
1407 5638 1571 5688 mittet
1602 5633 1763 5688 Pater

171 5727 235 5783 in
262 5729 471 5782 nomine
505 5744 613 5780 meo
649 5727 826 5796 (locu.
867 5744 973 5788 MV,
1006 5727 1114 5792 2-71).
1156 5726 1283 5781 Vide
1325 5727 1603 5787 unitatem,
1635 5727 1755 5796 quia

1863 4637 1988 4691 libet
2026 4653 2461 4706 unumquemque
2485 4639 2766 4692 elariticet.
2809 4639 3065 4704 Quamvis
3092 4639 3234 4691 enim
3263 4637 3315 4690 in
3343 4653 3442 4691 sua

1861 4727 1932 4782 sit
1956 4727 2253 4782 substantia
2286 4727 2538 4797 Spiritus,
2562 4739 2615 4781 ct
2639 4730 2757 4797 ejus
2779 4729 3109 4798 intelligatur
3133 4729 3182 4782 in
3211 4743 3439 4797 persona

1861 4817 2181 4887 proprietas,
2207 4816 2361 4884 juxta
2395 4819 2447 4870 id
2482 4819 2622 4886 quod
2655 4819 2889 4887 Spiritus
2917 4827 3000 4872 est
3033 4827 3087 4871 et
3115 4833 3218 4871 non
3249 4815 3438 4882 Filius,

1863 4916 2098 4961 attamen
2135 4907 2341 4961 alienus
2365 4923 2468 4962 non
2497 4917 2579 4962 est
2607 4909 2672 4961 ab
2697 4908 2806 4962 illo.
2833 4907 2969 4962 Nam
3001 4907 3235 4978 Spiritus
3262 4907 3443 4977 appel-

1863 4997 2004 5052 latus
2049 5006 2130 5050 est
2179 4997 2447 5062 veritatis,
2479 5006 2534 5052 et
2579 4999 2781 5052 veritas
2808 4998 3057 5052 Christus
3085 5007 3190 5062 est,
3219 4999 3360 5053 unde
3387 5007 3444 5053 et

1862 5088 1930 5142 ab
1959 5089 2062 5142 isto
2091 5088 2364 5153 similiter,
2395 5089 2534 5143 sicut
2557 5105 2621 5145 ex
2650 5092 2756 5144 Deo
2782 5091 2943 5146 Patre
2985 5092 3246 5162 procedit.
3281 5092 3444 5146 Deniv

1863 5195 1967 5249 que
1999 5179 2085 5233 hic
2128 5179 2239 5247 ipse
2279 5179 2514 5249 Spiritus
2548 5182 2708 5236 etiam
2756 5199 2850 5250 per
2889 5192 3196 5237 sanctorum
3247 5199 3444 5238 manus

1809 5268 2224 5341 °apostolorum
2281 5273 2539 5326 miracula
2604 5273 2837 5342 gloriosa
2895 5274 3211 5342 perﬁciens,
3271 5273 3441 5328 Deum

1866 5366 2184 5437 gloriﬁcavit
2230 5364 2412 5420 Iesum
2451 5365 2722 5420 Christum
2767 5377 3052 5437 postquam
3103 5363 3342 5421 ascendit
3383 5366 3446 5420 in

1869 5457 2084 5511 cmlum.
2109 5456 2240 5510 Nam
2272 5458 2510 5512 creditus
2546 5469 2628 5512 est
2658 5459 2908 5514 Christus
2937 5470 3124 5513 natura
3153 5459 3296 5514 Deus
3319 5459 3444 5514 exi-

1867 5557 2030 5607 stens,
2055 5563 2150 5616 per
2178 5563 2332 5602 suum
2360 5546 2617 5616 Spiritum
2655 5551 2883 5606 virtutes
2914 5551 3167 5606 eﬂiciens.
3210 5549 3445 5617 Ideoque

1867 5637 2079 5691 dicebat
2110 5655 2122 5689 :
2174 5637 2250 5691 De
2278 5654 2390 5691 meo
2425 5640 2660 5708 accipiet,
2687 5651 2734 5694 et
2761 5641 3091 5696 annuntiabit
3135 5641 3293 5694 vobis.
3335 5637 3440 5691 Ne-

1869 5744 2133 5798 quaquam
2169 5744 2295 5780 vero
2342 5731 2754 5798 participatione
2786 5733 3004 5788 alterius
3037 5733 3174 5787 idem
3207 5729 3450 5800 Spiritus.
