4000 6352
598 331 705 385 703

1686 324 1919 389 ΕΝΕΕ
1970 332 2398 392 PARISIENSIS
2433 336 2745 396 EPISCOPI

3697 352 3771 411 ibi

598 443 817 514 sapiens
840 448 930 496 aut
959 449 1151 512 potens
1172 441 1390 506 dicitur,
1419 442 1545 513 quia
1573 458 1671 512 per
1695 443 1875 498 omnia
1899 443 2172 513 perfectus
2201 450 2247 505 Α
2278 448 2449 503 rentia
2480 457 2687 503 natura:
2722 450 2978 506 virtutem
3011 464 3175 522 opera
3201 466 3319 517 sua,
3345 468 3501 523 opera
3520 455 3670 517 Patris
3687 478 3774 521 esas

597 541 701 593 est,
729 539 782 584 et
812 530 959 585 nullo
995 545 1215 600 prorsus
1244 530 1489 599 indigens
1540 532 1701 585 bono.
1745 530 1880 585 Nam
1937 543 2177 602 paternae

598 620 817 674 virtutis
848 628 902 673 et
928 620 1203 689 sapientim
1247 620 1386 674 idem
1421 620 1540 674 Filii
1582 620 1816 690 Spiritus
1840 623 2098 685 creditur,
2122 631 2178 678 et

600 709 722 764 ideo
766 709 879 778 ipse
905 717 958 763 et
985 707 1288 763 substantia
1319 709 1510 775 virtus,
1534 719 1587 765 et
1628 711 1892 780 sapientia
1930 725 2179 783 compro-

597 799 778 854 batur.
821 818 839 851 ι

1215 909 1342 965 Car.
1379 911 1544 967 XXV.

665 1015 800 1074 Item
831 1019 972 1074 idem
1003 1019 1056 1074 in
1088 1019 1310 1091 Dialogo
1348 1038 1472 1077 cum
1500 1021 1843 1081 Theodoreto
1873 1024 1927 1079 in
1957 1024 2179 1098 Tripar-

595 1111 695 1168 tita
725 1112 963 1169 Historia
992 1113 1228 1185 Cyriano
1267 1117 1521 1188 episcOpo
1551 1118 1740 1173 habito
1766 1136 1779 1173 :
1814 1116 1969 1185 Quod
2009 1117 2179 1192 Spiri-

593 1212 678 1259 tus
715 1214 927 1259 sanctus
950 1223 981 1259 a
1005 1205 1166 1260 Patre
1189 1208 1459 1277 procedat,
1499 1219 1548 1262 et
1573 1226 1606 1262 a
1630 1206 1775 1264 Filio
1813 1225 1916 1264 non
1955 1210 2023 1265 sit
2051 1210 2181 1266 alie-

593 1311 715 1361 nus,
759 1296 840 1351 sic
874 1298 1223 1366 prosequitur
1252 1316 1266 1351 :
1299 1317 1319 1350 ι
1352 1298 1691 1355 Meminimus
1715 1301 1861 1356 enim
1908 1302 2176 1358 dicentem

592 1383 870 1441 Christum
912 1387 1089 1457 palam
1114 1388 1182 1443 de
1223 1387 1427 1460 Spiritu
1458 1400 1647 1447 sancto
1677 1409 1691 1445 :
1728 1391 1831 1447 Ille
1858 1409 1938 1447 me
1971 1394 2178 1462 clariﬁ—

593 1478 751 1555 cabit.
779 1479 1040 1535 Novimus
1068 1482 1134 1536 ad
1160 1482 1276 1537 haec
1313 1484 1482 1538 sancti
1526 1484 1762 1553 Spiritus
1803 1486 2177 1555 operationem

591 1554 961 1626 conterentcm
1017 1572 1378 1643 nequissimus
1444 1574 1858 1646 immundasque
1922 1576 2173 1643 virtutes,

595 1657 692 1713 sed
724 1674 829 1713 non
858 1660 932 1714 ita
963 1660 1193 1717 dicimus
1221 1678 1345 1718 eum
1375 1664 1534 1718 sicuti
1557 1664 1787 1734 denique
1816 1682 2177 1738 unumquem-

591 1764 698 1818 que
743 1759 1075 1815 sanctorum,
1102 1763 1358 1824 tanquam
1391 1755 1566 1810 aliena
1600 1772 1697 1827 per
1734 1756 1997 1827 Spiritum
2040 1775 2171 1815 san-

591 1847 739 1894 ctum
761 1848 1001 1895 utentem
1024 1842 1242 1898 virtute.
1268 1841 1393 1899 Fuit
1413 1846 1557 1901 enim
1579 1857 1635 1902 et
1658 1856 1738 1902 est
1763 1846 1881 1918 ejus
1911 1849 2166 1920 Spiritus,

590 1930 750 1985 sicuti
772 1932 1004 2002 denique
1031 1944 1087 1989 et
1114 1934 1310 1990 Patris.
1341 1937 1407 1991 Et
1437 1938 1540 1993 hoc
1565 1939 1721 1994 nobis
1756 1939 1892 1997 bene
1920 1941 2053 1997 satis
2078 1958 2172 1997 ex-

589 2021 776 2093 planat
802 2025 1047 2081 scribens
1072 2029 1473 2085 sacratissimus
1495 2029 1695 2087 Paulus
1729 2051 1741 2085 :
1775 2030 1880 2099 Qui
1913 2042 2088 2086 autem
2117 2034 2172 2087 in

587 2128 750 2168 carne
773 2125 910 2177 sunt,
935 2115 1142 2186 placere
1166 2117 1276 2173 Deo
1303 2136 1406 2173 non
1442 2132 1656 2190 possunt
1681 2139 1699 2176 :
1741 2121 1840 2177 Vos
1870 2132 2043 2177 autem
2068 2139 2171 2178 non

590 2206 715 2260 estis
749 2207 805 2260 in
847 2225 1025 2275 carne,
1070 2213 1161 2265 sed
1203 2212 1257 2265 in
1303 2213 1513 2280 spiritu,
1546 2214 1592 2267 si
1619 2224 1792 2268 tamen
1823 2212 2048 2280 Spiritus
2075 2215 2172 2271 Dei

588 2296 792 2351 habitat
820 2298 874 2352 in
903 2299 1061 2354 vobis.
1096 2300 1156 2355 Si
1180 2302 1296 2372 quis
1332 2313 1506 2357 autem
1549 2302 1802 2373 Spiritum
1831 2305 2026 2360 Christi
2066 2323 2171 2362 non

586 2390 761 2453 habet,
792 2390 877 2444 Itic
903 2408 1005 2446 non
1025 2401 1098 2446 est
1136 2393 1251 2463 ejus
1276 2392 1453 2467 (Rom.
1481 2411 1596 2460 vnn,
1636 2397 1715 2467 8).
1746 2395 1996 2452 Procedit
2022 2397 2168 2453 enim

586 2493 655 2536 ex
687 2481 796 2539 Deo
819 2493 876 2538 et
913 2483 1072 2539 Patre
1100 2485 1339 2556 Spiritus
1382 2498 1624 2555 sanctus,
1653 2488 1946 2545 secundum
1975 2489 2166 2547 Salva-

586 2572 723 2628 toris
744 2589 951 2639 vocem,
977 2574 1070 2630 sed
1099 2592 1202 2632 non
1232 2588 1315 2633 est
1338 2580 1549 2635 alienus
1575 2597 1603 2635 a
1628 2580 1782 2636 Filio.
1809 2581 2003 2638 Omnia
2023 2585 2166 2638 enim

584 2652 749 2717 habet
777 2680 898 2719 eum
929 2664 1110 2733 Patre,
1140 2676 1196 2723 et
1229 2670 1331 2726 hoc
1370 2671 1484 2741 ipse.
1510 2670 1693 2747 docuit
1721 2674 1907 2728 dicens
1937 2674 2005 2729 de
2040 2672 2167 2745 Spi-

585 2754 694 2809 ritu
751 2767 987 2813 sanclo:
1044 2759 1236 2815 Omnia
1281 2781 1597 2836 qua’cunque
1627 2765 1778 2820 habet
1833 2764 2015 2833 Pater,
2051 2784 2166 2821 mea

585 2855 724 2898 sunt.
757 2846 1040 2916 Propterea
1089 2853 1200 2905 dixi
1233 2854 1371 2907 vobis
1415 2857 1538 2926 quia
1570 2873 1634 2910 ea:
1672 2873 1786 2911 meo
1831 2859 2071 2928 accipiet,
2116 2867 2165 2912 et

585 2937 916 2991 annuntiabit
964 2940 1104 2993 vobis
1135 2941 1314 3012 (Joan.
1357 2960 1465 3005 x-vr,
1500 2944 1609 3015 l3).
1656 2946 1797 3017 Ergo
1843 2946 2191 3013 glorificavit'

584 3024 801 3089 quidem
830 3025 1011 3082 Jesum
1042 3031 1276 3099 Spiritus
1301 3043 1520 3089 saturtus
1557 3037 1903 3105 inop'nabilia
1928 3053 2162 3108 operan-

586 3122 691 3167 tem
719 3135 730 3169 :
764 3129 1128 3176 vermntunen
1160 3126 1299 3179 sicut
1330 3125 1562 3196 Spiritus
1590 3127 1728 3197 t'jtts,
1758 3142 1812 3185 et
1845 3147 1948 3185 non
1986 3131 2159 3186 aliena

582 3205 778 3273 virtus,
824 3218 878 3264 et
924 3227 989 3267 eo
1029 3217 1273 3285 superior
1312 3221 1607 3274 scentulum
1654 3222 1798 3291 quod
1850 3221 2166 3295 intelligitur

583 3297 745 3355 Deus.
780 3320 803 3354 ι

1203 3395 1329 3451 CAP.
1370 3397 1560 3456 XXVI.

654 3498 911 3565 Hilarius,
936 3503 1268 3562 Pictavensis
1290 3511 1593 3583 episcopus,
1621 3517 1687 3569 de
1712 3512 1965 3570 Missione
1994 3515 2164 3587 Spiri-

584 3599 673 3646 tus
695 3596 866 3649 sancti
899 3614 927 3649 a
961 3597 1118 3662 Filii),
1149 3602 1199 3653 in
1230 3602 1365 3655 libro
1405 3620 1564 3673 quem
1608 3606 1821 3675 scripsit
1852 3608 1903 3661 iu
1932 3607 2162 3664 Genna-

582 3685 750 3751 niam,
786 3686 1041 3752 Galliam:
1065 3690 1345 3763 Belgicam,
1394 3694 1822 3766 Lugdunensem,
1862 3698 2163 3771 Novempo-

581 3775 859 3843 pnlanam,
890 3777 1137 3832 Tolosmn
1164 3791 1215 3834 et
1244 3781 1599 3847 Britanniam,
1648 3787 1725 3841 sic
1754 3788 1886 3842 dicit
1924 3803 1939 3842 :
1986 3809 2005 3840 ‹
2033 3792 2164 3845 tire-

580 3863 759 3918 dimus
783 3877 835 3920 ct
865 3868 915 3920 in
949 3865 1209 3936 Spiritum
1260 3884 1532 3938 sanrtutn,
1565 3876 1665 3930 hoc
1692 3886 1776 3932 est
1804 3879 2156 3949 paraclelum,

579 3968 741 4021 quem
786 3958 1104 4024 promittens
1135 3964 1392 4030 apostolis
1418 3966 1553 4029 suis,
1584 3978 1705 4037 post
1736 3972 1966 4026 reditum
2003 3989 2159 4028 suum

580 4040 635 4095 in
672 4044 880 4111 caelos,
935 4047 1082 4101 misit
1117 4050 1309 4104 docere
1352 4068 1448 4108 eos
1499 4070 1565 4109 ac
1617 4060 1902 4113 memorari
1955 4063 2154 4125 omnia,

579 4147 679 4203 per
702 4149 860 4204 quem
909 4138 1317 4197 sanctificantur
1346 4145 1637 4203 sinceriter
1680 4148 1736 4204 in
1778 4165 1901 4205 eum
1937 4154 2187 4209 credem-

578 4227 713 4282 tium
751 4229 963 4285 animae.
999 4250 1017 4282 ι

1175 4325 1303 4383 CAP.
1346 4328 1557 4387 XXVII.

645 4432 777 4489 Item
807 4433 947 4489 idem
976 4435 1028 4490 in
1056 4437 1244 4494 eodem
1270 4440 1430 4496 libro.
1463 4462 1481 4494 ι
1507 4441 1563 4499 Si
1587 4445 1710 4515 quis
1735 4445 1996 4519 Spiritum
2028 4465 2155 4506 san-

573 4531 721 4578 ctum
762 4525 1095 4594 paracletum
1128 4528 1336 4597 dicens,
1387 4531 1759 4592 innascibilem
1790 4536 1956 4593 Deum
1986 4539 2149 4604 dicat,

572 4614 864 4669 anathema
892 4615 980 4670 sit.
1006 4615 1055 4687 (ει
1077 4616 1322 4687 Adjectio
1343 4637 1483 4678 nunc
1505 4622 1792 4689 Paracleti,
1817 4627 2149 4683 anathemati

570 4702 860 4759 obnoxiam
892 4704 1019 4761 facit
1064 4708 1395 4767 innascibilis
1431 4712 1484 4767 in
1515 4728 1639 4769 eum
1676 4714 1770 4769 Dei
1812 4715 2151 4786 prmdicatio—

570 4809 717 4848 nent.
750 4794 1127 4866 ltnpiissimum
1149 4800 1293 4855 enim
1322 4811 1406 4857 est
1432 4803 1803 4860 innascibilem
1832 4806 1999 4861 Deum
2028 4823 2151 4863 eum

570 4883 698 4949 diei,
724 4886 816 4954 qui
855 4887 921 4941 ad
951 4888 1373 4945 consolationem
1413 4903 1653 4948 nostram
1684 4896 1755 4951 sit
1783 4897 1981 4952 missus
2002 4914 2031 4951 a
2065 4898 2155 4953 Fi-

570 4973 689 5045 lio.)
729 4975 785 5031 Si
816 4979 961 5059 quis,
985 4980 1147 5036 sicuti
1178 4982 1361 5039 docuit
1391 5000 1490 5040 nos
1519 4986 1800 5055 Dominus,
1834 5005 1940 5043 non
1986 4991 2149 5044 alium

570 5065 718 5121 dicat
750 5066 1089 5127 Paracletum
1122 5090 1151 5128 a
1188 5075 1357 5140 Filio,
1406 5078 1542 5133 dixit
1597 5080 1741 5135 enim
1772 5100 1784 5135 :
1819 5080 1885 5135 Et
1925 5082 2149 5138 alterunt

569 5153 907 5213 Paracletum
944 5164 1105 5217 mittet
1157 5167 1295 5222 vobis
1348 5167 1538 5234 Pater,
1598 5188 1749 5242 quem
1791 5173 1982 5242 rogabo
2032 5192 2148 5229 eum

570 5242 759 5316 (Joan.
797 5264 903 5314 ιιν,
942 5251 1050 5323 16),
1088 5256 1375 5311 anathema
1403 5260 1491 5313 sit.
1528 5259 1593 5330 (A
1636 5261 1773 5317 Filio
1807 5262 2147 5321 Paraeletum

573 5335 799 5391 missum
849 5343 1213 5411 meminimus,
1248 5358 1303 5403 et
1345 5349 1397 5403 in
1429 5351 1693 5423 principio
1730 5356 1831 5411 hoc
1861 5359 1991 5412 ﬁdos
2034 5359 2147 5427 ipsa

568 5432 836 5499 exposuit.
866 5432 971 5489 Sed
995 5439 1118 5507 quia
1150 5440 1459 5512 frequenter
1492 5445 1656 5502 Filius
1692 5458 1911 5518 propter
1940 5450 2152 5504 inditl‘e-

2279 534 2419 591 dixit
2440 538 2625 594 dicens
2649 556 2664 592 :
2696 539 2808 610 Ego
2837 557 2994 611 opera
3022 538 3203 603 Patris
3242 544 3344 598 mei
3365 543 3535 613 facio:
3570 551 3774 611 missum

2278 642 2492 698 quoque
2512 628 2873 692 Paracletum,
2901 631 3061 686 sicuti
3088 631 3395 703 frequenter
3424 641 3690 707 spopondit,
3712 643 3775 698 in.

2279 717 2489 772 terdum
2523 732 2646 773 eum
2674 728 2731 774 et
2759 719 3079 774 mittendum
3102 721 3237 776 dixit
3264 738 3295 778 a
3332 721 3503 789 Patre,
3526 726 3636 783 dum
3658 745 3778 791 omns

2277 815 2421 885 quod
2446 825 2651 886 ageret,
2678 817 2767 887 pie
2811 817 3017 873 referre
3040 826 3126 874 est
3151 819 3342 876 solitus
3378 822 3441 876 ad
3478 821 3682 881 Patrem.
3721 829 3778 886 Es

2277 919 2388 975 quo
2435 905 2674 961 haeretici
2721 908 3062 963 occasionem
3103 909 3412 981 frequenter
3454 914 3705 987 arripiunt,
3738 927 3781 975 ut

2278 994 2455 1066 ipsum
2484 1010 2603 1052 esse
2640 996 2834 1052 Filium
2876 998 3216 1056 Paracletum
3249 1002 3455 1069 dicant,
3502 1021 3609 1061 cum
3655 1010 3698 1063 in
3734 1026 3785 1070 es

2278 1087 2420 1157 quod
2449 1089 2614 1143 alium
2651 1089 2989 1147 Paracletum
3016 1094 3337 1151 mittendum
3365 1112 3395 1152 a
3427 1096 3575 1154 Patre
3607 1101 3668 1155 sit
3690 1117 3781 1173 pre-

2279 1185 2520 1242 caturus,
2552 1175 2913 1237 dilicrentiam
2944 1182 3115 1246 missi,
3153 1186 3494 1257 rogantisqne
3534 1189 3781 1267 significet)

2281 1265 2339 1322 Si
2365 1268 2486 1339 quis
2507 1268 2770 1341 Spiritum
2797 1280 3041 1328 sanctum
3059 1273 3273 1331 Patrem
3302 1278 3433 1333 dicit
3454 1277 3614 1336 Patris
3634 1284 3700 1338 vel
3722 1265 3784 1341 Fi-

2278 1356 2670 1425 lii,'anathema
2700 1361 2789 1417 sit.
2839 1361 3099 1434 (Stultitia
3141 1365 3380 1423 haeretici
3404 1367 3783 1431 furorisbteceo-

2277 1449 2390 1518 egit
2418 1449 2470 1504 in
2494 1448 2770 1521 Scriptura
2796 1451 3017 1517 referre,
3044 1469 3150 1509 non
3172 1458 3419 1525 quaestio.
3458 1458 3583 1515 Nam
3606 1461 3785 1532 Spiritus

2277 1541 2447 1596 sancti
2476 1557 2672 1599 nomen
2704 1544 2902 1599 habeat
2927 1562 3078 1602 suam
3101 1548 3568 1620 significationem,
3589 1564 3638 1611 et
3659 1556 3784 1628 Spiri

2278 1638 2364 1687 tus
2385 1642 2602 1688 sanctus
2629 1635 2934 1703 paracletus
2954 1639 3151 1696 habeat
3176 1642 3492 1702 substantiae
3518 1662 3618 1703 sua:
3635 1660 3679 1702 et
3699 1650 3784 1703 olb—

2276 1725 2418 1780 cium
2439 1734 2493 1780 et
2521 1727 2783 1782 ordinem.
2811 1728 3022 1787 Etcum
3046 1733 3247 1804 ubique
3277 1736 3655 1796 indemutabilis
3667 1740 3787 1798 Pater

2275 1825 2332 1870 et
2352 1815 2520 1873 Filius
2562 1819 2908 1887 przedicetur,
2951 1825 3225 1891 quomodo
3252 1841 3381 1897 pars
3409 1843 3524 1884 esse
3548 1840 3629 1883 aut
3654 1829 3786 1887 Patris

2273 1914 2329 1961 et
2353 1905 2475 1961 Filii
2522 1908 2759 1978 Spiritus
2787 1920 3008 1967 sanctus
3058 1917 3371 1971 asseretur?
3410 1916 3514 1973 Sed
3540 1919 3649 1988 quia
3686 1921 3787 1976 sicut

2274 1995 2414 2053 inter
2436 2006 2631 2054 uetera
2664 1999 2997 2059 insaniarum
3046 2020 3269 2076 genera,
3315 2008 3479 2064 etiam
3507 2010 3599 2065 hoc
3626 2027 3787 2082 quoque

2273 2085 2509 2155 proferri
2543 2088 2612 2143 ab
2642 2087 2824 2161 impiis
2872 2091 3041 2157 solet,
3084 2095 3292 2151 idcirco
3338 2113 3369 2152 a
3416 2102 3607 2155 sanctis
3651 2102 3787 2157 debuit

2271 2176 2609 2250 improbari.)
2648 2177 2707 2235 Si
2750 2180 2873 2252 quis
2903 2177 3119 2241 Patrem
3165 2195 3222 2242 et
3268 2186 3465 2244 Filium
3492 2198 3543 2245 et
3583 2188 3786 2261 Spiritum

2270 2279 2520 2325 sanctum
2546 2262 2662 2326 tres
2683 2271 2813 2327 dicit
2834 2274 2984 2340 deos,
3007 2278 3298 2332 anathema
3326 2279 3418 2334 sit.
3448 2299 3468 2333 ι

2857 2384 2986 2441 Car.
3026 2387 3261 2444 XXVIII.

2339 2490 2471 2549 item
2523 2502 2746 2550 sanctus
2785 2493 3022 2551 Hilarius
3064 2516 3077 2551 :
3112 2498 3267 2565 Quod
3306 2516 3470 2556 unum
3513 2503 3577 2556 sit
3617 2500 3787 2569 Spiritui

2216 2641 2227 2649 ,
2268 2591 2449 2635 sancto
2489 2575 2522 2636 ὰ
2574 2579 2739 2638 Patre
2782 2586 3078 2653 procedere,
3119 2599 3167 2641 et
3215 2606 3248 2642 a
3293 2587 3441 2643 Filio
3476 2592 3682 2659 accipere
3714 2592 3788 2646 siis

2268 2670 2437 2734 mitti;
2486 2671 2540 2724 in
2570 2671 2705 2727 libro
2728 2689 2823 2728 vm
2869 2675 2935 2729 de
2966 2684 3151 2730 sancta
3201 2675 3490 2739 Trinitate,
3539 2680 3604 2733 ita
3633 2678 3787 2734 refert:

2273 2777 2293 2811 ι
2321 2758 2453 2813 Cum
2497 2765 2694 2816 venerit
2726 2764 3009 2820 advocatus
3038 2766 3148 2830 ille,
3179 2783 3337 2837 quem
3363 2785 3455 2838 ego
3481 2771 3664 2824 mittam
3688 2770 3788 2823 ιιοὺὲι

2267 2865 2299 2902 a
2323 2846 2484 2903 Patre
2521 2848 2775 2920 Spiritum
2805 2854 3056 2920 raritatis,
3099 2858 3189 2926 qui
3217 2874 3248 2909 a
3274 2854 3443 2911 Patre
3466 2874 3570 2911 meo
3593 2857 3787 2926 procedit,

2264 2939 2373 3008 ipse
2407 2941 2773 3008 testi/imbitur
2808 2944 2872 2997 de
2913 2960 2995 2998 me
3042 2944 3223 3014 (Joan.
3255 2962 3349 3008 xv,
3387 2946 3498 3019 26).
3546 2948 3789 3001 Advocalus

2266 3029 2467 3095 vrniet,
2503 3039 2557 3084 et
2584 3032 2730 3087 hunc
2756 3034 2933 3088 mittet
2957 3033 3126 3091 Filius
3148 3052 3177 3090 a
3212 3036 3399 3101 Patre,
3428 3049 3482 3093 et
3505 3037 3706 3110 Spiritus
3720 3052 3786 3091 ve-

2269 3118 2449 3173 ritatis
2479 3128 2563 3175 est
2591 3122 2680 3191 qui
2709 3126 2953 3193 procedit
2983 3142 3012 3179 a
3042 3125 3229 3195 Patre,
3268 3137 3403 3193 εις..
3434 3146 3588 3201 usque
3620 3129 3717 3184 ad:
3749 3128 3787 3184 id

2268 3207 2439 3264 Filius
2472 3210 2707 3267 dandum
2744 3228 2774 3267 a
2805 3230 2864 3270 se
2898 3216 3150 3273 fateatur.
3187 3238 3208 3272 υ

2865 3331 2991 3388 CAP.
3032 3332 3223 3390 XXlX.

2290 3436 2703 3511 ‘llieronymus
2749 3440 2803 3496 in
2854 3441 2993 3498 libro
3034 3445 3245 3517 Didymi
3302 3444 3532 3518 (Νίκη).
3576 3440 3711 3518 quem
3741 3443 3791 3499 de

2264 3527 2454 3586 Grazco
2478 3531 2529 3584 in
2558 3530 2806 3587 Latinum
2832 3534 3106 3588 transtulit
3135 3554 3149 3589 :
3183 3534 3341 3601 Quod
3381 3537 3603 3606 Spiritus
3624 3546 3799 3590 sanetur

2263 3636 2296 3673 α
2321 3617 2482 3675 Patre
2509 3622 2827 3691 egrediatur,
2855 3634 2902 3677 et
2931 3642 2963 3677 a
2986 3622 3130 3679 Filio
3154 3628 3417 3691 mittatur,
3441 3644 3540 3682 non
3560 3627 3788 3682 secundum

2265 3712 2591 3779 angelorum,
2615 3714 2983 3783 prophetarum
3012 3725 3059 3769 et
3092 3717 3451 3787 apostolorum
3482 3718 3786 3780 ministerium,

2262 3810 2352 3863 sed
2385 3819 2439 3863 ut
2472 3827 2503 3862 a
2534 3810 2790 3881 sapientia
2828 3809 2925 3864 Dei
2959 3808 3213 3881 Spiritum
3241 3811 3341 3867 Dei
3378 3814 3512 3868 mitti
3552 3814 3696 3875 decet,
3731 3809 3789 3864 sic

2263 3900 2438 3963 docet,
2468 3915 2532 3954 ex
2562 3915 2671 3970 quo
2694 3900 2984 3956 confitetur
3010 3911 3065 3958 et
3108 3918 3138 3958 a
3184 3903 3324 3959 Filio
3367 3906 3514 3960 illum
3539 3907 3666 3960 sicut
3692 3912 3734 3958 et
3764 3918 3787 3956 a

2261 3992 2425 4047 Patre
2453 3993 2767 4064 procedere.
2804 4014 2824 4043 ι
2855 3994 2987 4050 Cum
3021 4011 3150 4064 ergo
3181 3996 3421 4066 Spiritus
3449 4006 3651 4052 sanctus
3670 3993 3786 4049 sitni-

2260 4084 2385 4140 liter
2410 4090 2467 4139 ut
2490 4085 2649 4139 Pater
2681 4095 2734 4139 et
2758 4084 2928 4141 Filius
2966 4100 3198 4142 mentem
3234 4098 3290 4143 et
3331 4089 3631 4143 interiorem
3655 4084 3788 4142 homi-

2262 4191 2385 4231 nem
2416 4177 2661 4232 habitare
2686 4178 2967 4243 doceatur,
2990 4195 3097 4233 non
3120 4180 3293 4235 dicam
3323 4180 3580 4251 ineptum,
3610 4179 3689 4234 sed
3709 4177 3787 4232 im-

2259 4265 2406 4335 pium
2436 4274 2521 4320 est
2557 4281 2680 4320 eum
2710 4267 2891 4322 dicere
2920 4277 3246 4324 creaturam.
3281 4270 3597 4341 Disciplinas
3613 4268 3784 4338 quippe.

2259 4358 2485 4413 virtutes
2519 4357 2641 4413 dico
2669 4367 2723 4413 et
2756 4367 2923 4425 artes,
2948 4369 3002 4414 et
3034 4361 3118 4415 his
3147 4363 3454 4418 contrarias
3477 4359 3784 4433 perturbatio-

2261 4462 2379 4511 nes,
2408 4456 2462 4503 et
2488 4449 2785 4519 imperitias
2822 4460 2877 4504 et
2926 4450 3151 4508 all‘ectns
3195 4453 3246 4506 in
3276 4453 3559 4509 animabus
3591 4450 3785 4507 habitare

2262 4538 2515 4611 possibile
2555 4549 2669 4607 est;
2702 4557 2808 4597 non
2854 4553 3033 4600 tamen
3067 4555 3125 4599 ut
3154 4544 3507 4613 substantias,
3534 4547 3621 4603 sed
3647 4555 3696 4600 ut
3716 4557 3784 4597 ac-

2261 4632 2501 4687 cidentes
2529 4649 2542 4684 :
2568 4642 2806 4688 creatam
2841 4650 2972 4691 vero
3017 4632 3265 4692 naturam
3296 4638 3350 4693 in
3376 4653 3535 4694 sensu
3584 4635 3783 4692 habitare

2262 4723 2589 4792 impossibile
2614 4733 2716 4779 est.
2746 4724 2896 4793 Quod
2928 4727 2973 4781 si
3006 4743 3190 4782 verum
3215 4737 3318 4794 est,
3356 4738 3413 4785 et
3452 4729 3668 4798 Spiritus
3688 4739 3781 4780 sam

2253 4823 2373 4871 ctus
2398 4818 2600 4887 absque
2639 4818 2745 4871 ulla
2777 4819 3134 4889 ambiguitate
3164 4822 3487 4888 subsistens,
3519 4821 3690 4875 animm
3719 4823 3781 4870 est

2254 4908 2524 4964 habitator
2544 4921 2599 4966 et
2633 4911 2835 4977 cordis,
2863 4912 2991 4966 nulli
3016 4912 3235 4967 dubium
3262 4923 3349 4968 est
3369 4914 3498 4984 quin
3525 4927 3636 4966 cum
3657 4909 3781 4963 Patre

2251 5008 2306 5055 ct
2350 4997 2483 5054 Filio
2511 5000 2657 5055 credi
2703 5000 2895 5055 debeat
2942 5001 3235 5057 increatus.
3268 5002 3347 5057 Ex
3391 5002 3632 5057 omnibus
3656 4999 3781 5066 igitur

2257 5106 2376 5159 qua:
2403 5092 2711 5160 prmcedens
2756 5107 2935 5147 sermo
2982 5093 3257 5157 disseruit,
3311 5091 3709 5164 incorruptibilis
3739 5094 3779 5139 et

2256 5184 2614 5251 sempiternus
2668 5184 2961 5238 secundum
3012 5194 3260 5239 naturam
3308 5185 3486 5241 Patris
3519 5196 3572 5239 et
3602 5181 3780 5240 Filii,ct

2257 5273 2492 5342 Spiritus
2535 5284 2752 5330 sanctus
2781 5275 3183 5331 demonstratus
3212 5264 3517 5333 universam
3539 5277 3599 5331 dc
3622 5289 3671 5328 se
3692 5283 3779 5324 am-

2254 5366 2567 5436 biguitatem
2599 5374 2653 5421 et
2678 5369 3039 5438 suspicionem
3068 5370 3309 5437 abstulit,
3340 5386 3405 5425 ne
3433 5386 3566 5425 unus
3598 5383 3627 5421 e
3654 5377 3774 5418 crea-

2254 5459 2324 5514 tis
2365 5460 2680 5516 subsmntiis
2727 5463 3031 5517 aestimetur
3077 5464 3171 5535 qui
3222 5464 3455 5535 Spiritus
3489 5462 3577 5518 Dei
3617 5460 3691 5520 sit,
3736 5460 3781 5506 et

640 5660 663 5687 α
694 5650 928 5721 Adjerlio
958 5672 1115 5710 mmo.
1149 5655 1438 5726 Quidquid
1463 5658 1516 5712 in
1558 5657 1656 5714 hoc
1706 5662 1936 5717 capitulo
1971 5663 2179 5721 uncinis
2210 5665 2474 5721 inclusum
2510 5676 2613 5723 est.
2654 5667 2708 5723 in
2742 5669 3013 5725 veteribus
3044 5672 3213 5726 sancti
3267 5672 3449 5728 llilarii
3500 5665 3775 5725 editiouiltlls

566 5717 771 5776 deerat.
