4000 6352
208 386 322 443 703

209 518 379 575 quem
418 499 567 556 exire
592 495 660 551 de
691 494 850 548 Patre
887 487 1186 545 Salvatoris
1222 485 1275 540 in
1306 480 1599 552 Evangelia
1636 477 1803 533 verba
1835 480 1879 539 Α

209 593 496 649 declarant
530 608 543 642 :
578 585 709 643 Cum
732 584 943 646 venerit,
969 580 1166 650 inquit,
1190 575 1506 637 consolator,
1537 586 1686 644 quem
1717 584 1810 639 ego

211 684 429 740 mittam
452 679 618 743 vobis,
647 675 879 747 Spiritus
912 673 1166 733 raritatis,
1198 669 1288 740 qui
1314 673 1376 720 de
1410 663 1570 717 Patre
1610 660 1812 731 egredi-

207 786 332 839 tur,
372 775 482 841 ipse
523 770 877 825 testimonium
921 766 1065 818 dabit
1116 764 1181 817 de
1234 778 1311 815 me
1358 758 1538 829 (Joun.
1574 771 1662 816 xv,
1696 752 1808 824 26).

211 863 637 921 Consolatorem
691 869 871 913 autem
910 856 1215 909 venientem
1262 850 1523 921 Spiritum
1565 854 1811 902 sanctum

212 959 392 1023 dicit;
426 956 494 1010 ab
538 951 859 1024 operatione
897 948 946 1003 ei
980 960 1174 1000 nomen
1212 944 1515 1012 imponens,
1551 940 1675 1007 quia
1708 950 1810 991 non

217 1050 401 1105 solum
428 1044 745 1103 consolatur
788 1054 883 1095 eos
927 1052 1065 1108 quos
1110 1050 1169 1090 se
1195 1035 1389 1103 dignos
1421 1046 1542 1085 esse
1592 1028 1811 1096 reperit,

222 1138 327 1197 sed
355 1146 411 1192 et
444 1136 513 1191 ab
546 1134 692 1191 omni
724 1131 941 1188 tristitia
965 1138 1017 1183 et
1044 1126 1449 1197 perturbatione
1477 1120 1654 1177 reddit
1680 1117 1814 1170 alie-

222 1245 357 1287 nos.
397 1228 597 1284 Verum
625 1217 1235 1287 incredibilequoddam
1264 1214 1516 1284 gaudium
1542 1218 1597 1263 et
1626 1207 1816 1263 hilari-

222 1328 398 1376 tatem
431 1318 513 1374 eis
544 1315 753 1378 tribuit,
803 1312 856 1366 in
881 1319 1089 1365 tantum
1120 1316 1179 1362 ut
1201 1306 1369 1376 possit
1397 1304 1521 1374 quis
1549 1303 1656 1356 Deo
1692 1313 1818 1370 gra-

224 1412 340 1468 tias
382 1410 647 1473 referens,
674 1407 821 1477 quod
861 1403 953 1457 tali
982 1402 1194 1471 hospite
1214 1399 1408 1468 dignus
1434 1397 1710 1455 habeatur,
1738 1391 1819 1444 di—

225 1516 405 1558 cere:
445 1498 655 1554 Dedisti
700 1495 943 1549 lwtitiam
979 1494 1035 1545 in
1062 1491 1217 1545 corde
1262 1503 1375 1542 meo
1417 1484 1589 1554 (Psal.
1635 1498 1708 1545 Iv,
1737 1482 1814 1548 7).

227 1586 577 1662 Sempiterna
620 1587 821 1658 quippe
843 1584 1031 1639 ltetitia
1072 1583 1124 1636 in
1152 1595 1337 1635 eurmn
1363 1576 1526 1632 corde
1552 1583 1817 1635 versatur,

228 1700 467 1755 quorum
498 1681 734 1753 Spiritus
760 1688 985 1733 sanctus
1016 1673 1288 1730 habitator
1319 1678 1423 1725 est.
1455 1668 1561 1723 Iste
1589 1665 1821 1735 Spiritus

226 1774 546 1833 consolator
583 1790 614 1826 a
658 1771 797 1826 Filio
827 1768 1078 1830 mittitur,
1106 1780 1211 1818 non
1257 1760 1549 1816 secundum
1595 1756 1819 1827 angelo-

1360 363 1564 421 LIIIER
1601 356 1973 417 ADVERSUS
2012 354 2329 412 GRAECOS.

1908 472 2187 530 increatus
2216 469 2323 533 sit,
2368 473 2766 536 consequenter
2797 463 3116 531 intelligere,
3152 460 3297 531 quod
3339 460 3495 530 cujus

3384 347 3489 403 τοῦ

1910 578 2018 618 non
2044 570 2127 616 est
2150 567 2336 617 creata
2361 556 2660 614 substantia
2689 565 2834 611 recte
2865 553 3015 610 Patri
3042 551 3285 622 Filioque
3313 549 3491 606 socie-

1914 661 2019 706 tur.
2054 672 2074 705 ι

2498 738 2628 794 ϐυ».
2669 734 2887 792 XXXV.

1984 872 2043 928 S.
2071 870 2408 941 Augustinus
2438 867 2491 921 in
2522 866 2743 922 humilia
2766 880 2928 935 super
2951 863 3214 919 Joannem
3245 879 3258 916 :
3296 881 3314 914 ι
3351 873 3378 903 ι
3398 860 3501 919 Hic

1915 966 2109 1035 aliquis
2145 963 2370 1017 forsitan
2411 969 2658 1029 quierat.
2692 968 2868 1013 utrmn
2897 967 2953 1012 et
2996 973 3026 1010 a
3068 955 3205 1011 Filio
3240 953 3503 1025 procedat

1915 1056 2148 1125 Spiritus
2168 1063 2410 1108 sanctus.
2444 1050 2614 1105 Filius
2633 1051 2778 1103 enim
2800 1048 2967 1103 solius
2994 1047 3172 1102 Patris
3195 1054 3280 1100 est
3306 1044 3497 1109 Filius,

1914 1154 1969 1199 et
1998 1146 2154 1198 Pater
2182 1143 2349 1199 solius
2375 1142 2495 1197 Filii
2537 1149 2621 1195 est
2656 1140 2820 1193 Pater
2853 1160 2865 1190 :
2902 1137 3137 1209 Spiritus
3163 1147 3345 1192 autem
3375 1152 3504 1191 san-

1917 1246 2037 1291 ctus
2068 1253 2173 1292 nun
2219 1244 2301 1290 est
2342 1234 2502 1288 unius
2535 1247 2722 1287 eorum
2756 1231 2993 1300 Spiritus
3019 1271 3034 1291 ,
3065 1230 3156 1285 sed
3186 1229 3494 1283 amborum.

1921 1327 2098 1382 llahes
2144 1329 2317 1397 ipsum
2357 1324 2641 1378 Dominum
2688 1323 2957 1377 dicentem
3014 1338 3026 1374 :
3082 1319 3204 1373 Non
3247 1320 3384 1373 enim
3416 1334 3505 1372 vos

1918 1419 2042 1472 estis
2073 1419 2162 1489 qui
2194 1417 2500 1487 loquim’ni,
2526 1415 2613 1469 sed
2641 1413 2867 1483 Spiritus
2902 1411 3082 1466 Patris
3116 1411 3270 1466 resm'
3307 1410 3395 1481 qui
3421 1409 3503 1463 lo-

1918 1510 2098 1579 quitur
2119 1510 2175 1561 iu
2200 1508 2339 1561 robis
2373 1506 2584 1575 (Matth.
2627 1521 2682 1566 x,
2704 1503 2817 1565 20).
2846 1502 3023 1557 Habes
3058 1510 3114 1555 et
3137 1498 3453 1571 Apostolum
3487 1515 3501 1551 :

1923 1597 2067 1652 Misit
2098 1596 2258 1660 Deus,
2290 1596 2481 1665 inquit,
2522 1593 2776 1665 Spiritum
2807 1591 2936 1646 Filii
2957 1593 3038 1647 sui
3062 1593 3116 1645 in
3138 1592 3297 1646 corda
3329 1600 3509 1644 nostra

1922 1686 2120 1758 (Colat.
2154 1704 2227 1753 tv,
2260 1688 2336 1751 6).
2385 1686 2635 1756 Nunquid
2661 1688 2766 1741 dno
2794 1694 2939 1749 sunt,
2978 1685 3117 1739 alius
3140 1682 3337 1743 Patris,
3371 1681 3510 1737 alius

1923 1779 2081 1835 Filii?
2108 1781 2283 1835 Absit.
2312 1777 2486 1833 Unum
2512 1779 2655 1832 enim
2678 1778 2867 1847 corpus
2887 1778 2986 1842 ait,
3017 1792 3140 1832 cum
3171 1774 3507 1846 significaret

232 1884 383 1932 rum,
407 1879 463 1922 et
494 1865 906 1936 prophetarum,
947 1869 1003 1913 et
1042 1854 1405 1927 apostolorum
1435 1848 1818 1912 ministerium,

1936 1872 2247 1935 Ecclesium,
2266 1885 2499 1938 moxque
2519 1868 2744 1928 addidit.
2775 1879 2822 1922 et
2854 1884 2992 1921 unus
3021 1838 3249 1936 Spiritus
3281 1863 3499 1935 (Ephes.

238 1959 341 2014 sed
374 1966 433 2011 nt
475 1955 618 2015 mitti,
658 1954 812 2007 decet
839 1966 867 2002 a
899 1948 1161 2019 sapientia
1199 1954 1255 2000 et
1301 1942 1530 1998 veritate
1557 1938 1818 2008 Spiritum

236 2049 374 2113 Dei,
420 2046 706 2101 indivisam
752 2041 1044 2098 habentem
1082 2051 1203 2092 cum
1234 2033 1398 2089 Patre
1435 2039 1490 2086 et
1515 2027 1654 2084 Filio
1702 2025 1825 2082 sub-

230 2141 518 2197 stantiam.
554 2157 574 2190 ι
1210 2171 1215 2174 .

875 2202 1003 2301 CAP.
1043 2239 1211 2297 xxx.

319 2362 457 2417 Item
500 2359 642 2414 idem
690 2356 742 2411 in
785 2354 974 2409 eodem
1020 2351 1179 2413 libro,
1225 2356 1344 2420 post
1371 2358 1581 2417 pauca:
1619 2359 1638 2392 ι
1675 2339 1828 2395 Licet

231 2452 385 2507 enim
432 2464 499 2505 ex
554 2450 663 2503 Deo
713 2442 1022 2514 frequenter
1049 2456 1107 2495 se
1140 2439 1286 2492 dicat
1332 2438 1511 2491 exisse
1557 2429 1825 2493 Salvator,

233 2541 625 2615 proprietatem
644 2546 845 2598 tamen,
870 2543 944 2597 et,
974 2541 1033 2586 nt
1061 2531 1133 2584 ita
1161 2529 1355 2588 dicam,
1385 2521 1826 2580 familiaritatem,

244 2606 319 2687 de
346 2606 452 2700 qua
491 2643 633 2698 saepe
682 2624 1052 2683 tractavimus,
1087 2634 1155 2673 ex
1201 2614 1461 2670 vocabulo
1505 2610 1676 2680 magis
1725 2606 1827 2661 sibi

235 2691 427 2775 Patris
476 2691 759 2768 assinnens
787 2709 941 2773 dicit,
976 2716 1110 2771 etc.,
1142 2717 1303 2774 usque
1344 2699 1414 2754 ad
1455 2699 1632 2761 uerba,
1667 2691 1829 2763 juxta

243 2805 583 2881 operationis
611 2803 922 2859 veritatem.
960 2816 981 2851 ι

844 2915 974 2976 Car.
1019 2908 1209 2967 XXXI.

314 3040 449 3095 Item
477 3036 618 3092 idem
646 3033 701 3089 in
724 3030 913 3087 eodem
933 3041 1096 3098 opere
1116 3033 1237 3096 post
1255 3033 1425 3092 pauca
1450 3035 1466 3074 :
1500 3035 1520 3068 ι
1542 3015 1675 3084 Quia
1698 3026 1831 3083 ergo

243 3142 299 3190 et
333 3130 569 3202 Spiritus
597 3135 817 3182 sanctus
850 3123 903 3176 in
936 3119 1150 3175 nomine
1179 3114 1300 3170 Filii
1331 3130 1361 3167 a
1386 3110 1547 3165 Patre
1577 3107 1829 3169 mittitur,

1924 1976 2000 2023 tv,
2029 1960 2108 2033 4).
2142 1960 2208 2014 Et
2253 1960 2375 2013 vide
2416 1958 2686 2027 quomodo
2722 1958 2837 2012 illic
2888 1956 3109 2026 impleat
3142 1955 3502 2009 Trinitatem:

1926 2049 2075 2105 Sicut
2102 2050 2268 2105 uocati
2290 2050 2431 2113 estis,
2466 2050 2658 2118 inquit,
2682 2049 2737 2102 in
2760 2065 2863 2102 una
2885 2065 2974 2116 spe
2995 2047 3277 2102 uocationis
3306 2055 3512 2099 restria.

1929 2139 2078 2195 Unus
2128 2139 2406 2193 Dominus.
2454 2137 2554 2192 Ilic
2595 2139 2781 2206 utique
2828 2136 3101 2192 Christum
3147 2133 3386 2204 intelligi,
3414 2148 3515 2187 vo-

1924 2230 2043 2285 luit.
2104 2228 2292 2283 Itestat
2346 2235 2407 2281 ut
2461 2227 2627 2281 etiam
2677 2224 2895 2279 Patrem
2946 2225 3206 2278 nominet.
3257 2221 3519 2292 Sequitur

1925 2336 2056 2388 ergo
2089 2338 2102 2372 :
2140 2317 2259 2373 Ilua
2310 2318 2441 2387 ﬁdes
2468 2358 2484 2383 ,
2535 2333 2697 2370 unum
2742 2318 3032 2385 baptisma,
3086 2331 3222 2379 unus
3274 2313 3418 2368 Deus
3459 2321 3511 2367 et

1928 2411 2092 2466 Pater
2140 2412 2393 2470 omnium,
2424 2411 2514 2480 qui
2559 2418 2634 2462 est
2684 2424 2841 2477 super
2886 2423 3060 2461 omnes
3090 2416 3139 2460 et
3166 2421 3258 2475 per
3302 2420 3501 2467 omnes,

1927 2516 1976 2560 et
2045 2505 2100 2558 in
2156 2504 2394 2557 euntibus
2450 2499 2629 2572 (Ibid.
2655 2499 2695 2569 ).
2763 2498 2895 2554 Cum
2967 2513 3097 2566 ergo
3159 2497 3299 2550 sicut
3369 2509 3513 2550 unus

1929 2598 2126 2663 Pater,
2169 2606 2226 2652 et
2272 2609 2409 2650 unus
2458 2592 2756 2656 Dominus,
2809 2591 2861 2646 id
2911 2598 2996 2645 est
3054 2588 3262 2650 Filius,
3321 2586 3398 2641 ita
3444 2595 3519 2642 sit

1929 2698 1985 2744 et
2012 2703 2152 2743 unus
2182 2686 2437 2757 Spiritus,
2487 2682 2730 2752 profecto
2778 2682 3059 2735 amborum
3089 2688 3172 2733 est
3226 2694 3240 2733 :
3273 2676 3522 2747 quando-

1929 2779 2151 2849 quidem
2187 2777 2317 2831 dicit
2347 2777 2462 2845 ipse
2511 2772 2761 2828 Christus
2801 2769 2999 2826 .Iesus:
3050 2767 3280 2837 Spiritus
3338 2763 3524 2818 Patris

1928 2867 2085 2923 uestri
2107 2866 2197 2937 qui
2224 2864 2457 2934 loquitur
2485 2864 2540 2916 in
2567 2862 2729 2916 vobis.
2757 2861 2822 2914 Et
2851 2860 2978 2913 dicit
3004 2856 3331 2928 Apostolus:
3379 2854 3525 2909 Misit

1930 2956 2072 3012 Deus
2098 2953 2355 3025 Spiritum
2385 2949 2516 3005 Filii
2540 2951 2623 3004 sui
2646 2952 2701 3004 in
2723 2949 2883 3002 corda
2909 2957 3109 3000 nostra.
3144 2944 3321 2999 Habes
3345 2943 3396 2996 in
3420 2942 3527 2997 alio

1931 3046 2053 3100 loco
2077 3044 2325 3100 eumdem
2350 3040 2668 3111 Apns:ohnn
2693 3039 2964 3094 dicentem
3012 3052 3026 3088 :
3064 3033 3126 3089 Si
3158 3043 3334 3087 autem
3361 3030 3531 3101 Spiri-

1934 3148 2018 3191 tus
2058 3135 2171 3205 ejus
2200 3134 2289 3204 qui
2323 3132 2594 3187 susritorit
2621 3128 2809 3184 Iesum
2848 3143 2914 3182 ea:
2946 3125 3185 3187 mortuis,
3244 3122 3444 3176 habitat
3474 3123 3532 3178 in

242 3224 458 3280 habens
507 3219 627 3276 F'm
674 3214 1082 3288 proprielalem'
1124 3216 1257 3273 ac"
1305 3217 1466 3274 mque
1512 3199 1581 3254 ad
1629 3196 1780 3252 verba
1806 3210 1826 3251 ³
1856 3196 1903 3258 C
1937 3196 2275 3296 vobis'Uioiu.
2306 3240 2423 3283 vni.
2456 3224 2567 3295 tl).
2608 3223 2706 3278 IIic
2730 3226 2915 3292 utique
2945 3218 3208 3289 Spiritum
3237 3216 3419 3272 Patris
3448 3215 3532 3270 in-

246 3315 551 3374 Scientiam
578 3311 906 3367 divinorum.
941 3323 960 3357 ι

851 3413 980 3471 CAP.
1016 3407 1232 3466 XXXII.

320 3538 457 3596 Item
481 3536 621 3591 idem
654 3533 707 3588 in
728 3529 920 3587 eodem
945 3537 1107 3596 Opere
1134 3528 1256 3593 post
1284 3530 1454 3588 pauca
1477 3530 1496 3568 τ
1535 3530 1553 3564 ι
1591 3510 1835 3580 Denique

247 3628 763 3701 interpretationem
787 3619 1046 3680 inferens,
1069 3612 1339 3686 quomodo
1360 3608 1605 3670 dixisset,
1633 3604 1697 3658 de
1723 3617 1835 3655 meo

248 3693 494 3794 accipiet.
527 3718 781 3775 Protinus
819 3709 1046 3782 subjecit
1073 3725 1087 3760 :
1125 3704 1315 3761 Omnia
1337 3717 1454 3773 qutr
1473 3698 1625 3752 habet
1652 3693 1834 3758 Pater,

248 3791 379 3871 mea.
395 3823 515 3867 sunt
543 3827 562 3876 ;
590 3817 861 3880 propterea
884 3801 996 3856 dixi
1017 3815 1036 3854 :
1063 3797 1142 3852 De
1165 3810 1276 3849 meo
1291 3791 1528 3861 accipiet,
1557 3796 1604 3841 et
1631 3801 1840 3840 annuu-

249 3905 407 3962 tiabit
436 3877 601 3968 vobis,
618 3877 750 3967 etc.,
780 3910 942 3968 usque
957 3891 1025 3947 ad
1048 3889 1221 3954 verba,
1248 3886 1365 3941 haec
1384 3883 1575 3940 eadem
1598 3887 1654 3934 et
1678 3877 1839 3932 Pater

250 3999 439 4055 habet.
482 4013 503 4048 ι

943 4070 1182 4130 XXXIII.

326 4199 463 4254 Item
515 4196 659 4251 idem
687 4193 740 4249 in
784 4190 973 4247 eodem
1019 4198 1183 4257 opere
1230 4190 1355 4252 post
1388 4191 1560 4249 pauca
1598 4194 1611 4230 :
1655 4193 1678 4231 ς
1728 4174 1839 4232 Vos

253 4303 463 4356 autem,
494 4290 568 4344 ait
595 4286 763 4359 (haud
795 4281 1013 4339 dubium
1040 4277 1172 4349 quin
1209 4272 1456 4344 discipuli
1490 4267 1715 4337 Christi)
1747 4266 1839 4336 qui

254 4382 583 4454 sapientiam
627 4376 862 4449 Spiritus
899 4368 1233 4439 suscepistis
1256 4373 1313 4423 et
1342 4364 1510 4420 vitam
1541 4369 1593 4415 ct
1628 4375 1839 4432 pacem,

254 4487 315 4532 et
350 4490 454 4529 non
489 4476 623 4528 estis
656 4470 710 4524 in
752 4481 915 4523 carne
939 4505 953 4530 ,
997 4461 1049 4518 id
1081 4468 1216 4525 est,‘
1244 4460 1300 4513 in
1352 4455 1535 4512 carnis
1562 4452 1837 4523 operibus,

254 4581 437 4635 neque
459 4563 603 4619 enim
632 4560 749 4629 ejus
790 4572 953 4629 opera
983 4550 1339 4624 perpetratis,
1366 4546 1631 4616 siquidem
1664 4544 1839 4613 Spiri-
1870 4553 1920 4612 ι)

260 4669 379 4715 tum
408 4656 503 4712 Dei
541 4653 753 4710 habetis
783 4651 837 4704 in
876 4648 1052 4703 vobis.
1084 4644 1231 4699 Idem
1262 4651 1445 4696 autem
1484 4636 1720 4708 Spiritus
1748 4635 1843 4689 Dei

255 4760 318 4806 et
352 4748 589 4819 Spiritus
616 4743 818 4800 Christi
864 4748 945 4796 est
968 4779 984 4805 ,
1027 4736 1301 4793 adducens
1329 4745 1385 4787 et
1422 4729 1680 4800 copulans
1719 4741 1845 4782 eum

258 4842 357 4913 qui
475 4837 724 4896 habuerit
750 4834 977 4891 Domino
994 4830 1122 4886 Jesu
1144 4826 1383 4889 Christo,
1413 4833 1542 4889 etc.,
1566 4837 1729 4892 usque
1751 4818 1845 4885 ad,

260 4929 551 4990 Trinitatis
582 4924 944 4983 substantiam
972 4920 1401 4975 demonstratur.
1433 4934 1452 4966 ι

854 5055 985 5111 Car.
1024 5049 1265 5107 XXXIV.

339 5174 477 5229 Item
516 5171 657 5226 idem
700 5168 753 5222 in
793 5164 983 5221 eodem
1015 5175 1177 5232 opere
1224 5161 1346 5229 post
1394 5169 1567 5227 pauca
1601 5170 1614 5207 :
1654 5171 1673 5203 α
1714 5151 1849 5207 Cum

264 5268 439 5337 igitur
485 5271 673 5319 sancta
702 5259 984 5329 Scriptura
1036 5253 1265 5323 amplius
1312 5251 1380 5305 de
1438 5248 1704 5323 Trinitate
1745 5260 1851 5298 non

265 5359 439 5419 dicat,
472 5355 573 5408 nisi
606 5354 773 5407 Deum
802 5349 1018 5403 Patrem
1049 5361 1171 5399 esse
1205 5340 1504 5396 Salvatoris
1524 5379 1538 5402 ,
1575 5349 1630 5393 et
1658 5337 1851 5390 Filium

264 5454 586 5518 generatum
609 5455 728 5495 esse
749 5439 815 5493 de
835 5436 1014 5498 Patre,
1044 5434 1146 5488 hoc
1170 5441 1347 5485 autem
1374 5428 1629 5483 debemus
1654 5426 1857 5481 sentire

265 5540 416 5612 quod
440 5538 703 5607 scriptum
728 5540 811 5588 cst
840 5548 853 5586 :
882 5538 938 5584 et
964 5536 1185 5583 ostenso
1207 5523 1351 5594 quod
1378 5521 1612 5592 Spiritus
1634 5527 1856 5575 sanctus

346 5724 373 5751 α
420 5710 521 5764 Hic
560 5709 771 5780 aliquis.
825 5704 1004 5780 Monet
1058 5700 1323 5780 Acherius
1389 5697 1661 5780 liomiliam
1719 5696 1862 5774 hanc

268 5780 478 5839 Ῑωςῑιυίι
512 5798 541 5835 a
580 5768 794 5834 sc'esse
816 5777 1142 5846 quaesitam;
1175 5773 1265 5827 sed
1290 5771 1431 5841 quod
1459 5785 1525 5824 ex
1554 5786 1617 5822 ea
1648 5768 1857 5822 exscri-

1936 3319 2100 3391 telligi
2134 3318 2321 3382 voluit,
2351 3317 2418 3385 de
2443 3331 2551 3386 quo
2583 3324 2762 3369 tamen
2792 3315 2845 3368 in
2877 3313 2983 3367 alio
3009 3311 3130 3367 loco
3158 3310 3294 3365 dicit
3321 3326 3335 3362 :
3375 3307 3534 3374 Quis-

1934 3411 2050 3484 quis
2094 3420 2270 3463 autem
2303 3406 2558 3478 Spiritum
2591 3405 2787 3459 Christi
2843 3420 2948 3458 non
2979 3403 3151 3467 habet,
3203 3402 3290 3455 hic
3320 3416 3425 3454 non
3454 3407 3532 3453 cst

1934 3504 2047 3575 ejus
2073 3502 2261 3573 (Ibid.,
2294 3501 2370 3571 9).
2408 3501 2475 3557 Et
2522 3498 2691 3553 multa
2733 3496 2838 3552 alia
2897 3505 3023 3551 sunt
3055 3492 3384 3556 testimonia,
3412 3490 3536 3561 qui-

1936 3595 2037 3650 bus
2064 3593 2167 3648 hoc
2198 3592 2478 3647 evidenter
2520 3588 2846 3651 ostenditur,
2870 3595 2924 3642 et
2954 3585 3132 3638 Patris
3177 3591 3235 3637 et
3260 3580 3383 3637 Filii
3412 3595 3536 3636 esse

1938 3683 2221 3753 Spiritum,
2241 3681 2401 3750 quiin
2418 3679 2684 3733 Trinitate
2697 3676 2894 3731 dicitur
2911 3674 3147 3744 Spiritus
3163 3679 3407 3726 sanctus.
3424 3669 3537 3727 Nec

1936 3772 2008 3829 ob
2032 3771 2176 3825 aliud
2225 3770 2481 3825 existimo
2533 3769 2706 3839 ipsum
2749 3765 2966 3836 proprie
3012 3762 3197 3819 vocari
3237 3760 3528 3831 Spiritum,

1938 3876 2061 3917 cum
2091 3861 2278 3924 etiam,
2313 3860 2358 3914 si
2386 3859 2451 3913 de
2488 3856 2713 3929 singulis
2748 3856 3169 3922 iuterrogemnr,
3207 3867 3311 3907 non
3338 3865 3531 3921 possu-

1938 3970 2059 4027 mus
2092 3953 2192 4017 nisi
2217 3961 2272 4008 et
2300 3951 2516 4006 Patrem
2547 3959 2604 4004 et
2626 3948 2822 4003 Filium
2858 3947 3119 4017 Spiritum
3164 3942 3369 4009 dicere,
3395 3958 3537 4012 quo-

1939 4045 2084 4101 niam
2113 4043 2347 4114 Spiritus
2375 4051 2460 4096 est
2486 4041 2649 4105 Deus,
2685 4038 2736 4093 id
2763 4046 2851 4093 est
2876 4051 2984 4091 non
3040 4049 3239 4105 corpus
3258 4042 3345 4088 est
3371 4032 3536 4088 Deus:

1940 4135 2033 4192 sed
2061 4133 2317 4205 Spiritus.
2348 4130 2500 4198 Quod
2528 4145 2657 4200 ergo
2685 4127 3052 4185 communiter
3073 4133 3336 4180 vocantur
3359 4122 3542 4178 et'sin-

1940 4225 2073 4297 guli,
2106 4227 2209 4280 hoc
2238 4223 2457 4294 proprie
2486 4222 2666 4277 vocari
2702 4219 2941 4290 oportuit
2990 4232 3136 4287 eum,
3170 4218 3262 4288 qui
3303 4233 3408 4273 non
3455 4223 3542 4271 est

1942 4317 2103 4370 unius
2133 4330 2341 4378 eorum,
2374 4312 2467 4368 sed
2518 4312 2572 4365 in
2596 4327 2703 4380 quo
2729 4310 3093 4365 communitas
3127 4308 3409 4363 amborum
3440 4321 3545 4376 apo

1940 4415 2112 4478 paret.
2151 4405 2261 4461 Cur
2290 4421 2420 4474 ergo
2449 4419 2555 4458 non
2587 4402 2896 4466 credamus,
2928 4401 3071 4469 quod
3097 4400 3260 4453 etiam
3290 4399 3356 4453 de
3402 4395 3544 4451 Filio

1947 4498 2203 4570 procedat
2226 4495 2463 4565 Spiritus
2491 4502 2732 4555 sanctus,
2771 4507 2896 4546 cum
2933 4490 3057 4544 Filii
3087 4504 3298 4560 qquue
3328 4489 3443 4557 ipse
3468 4487 3544 4543 sit

1953 4590 2207 4661 Spiritus.
2268 4588 2325 4642 Si
2358 4585 2503 4641 cnim
2530 4586 2598 4640 ab
2641 4600 2707 4639 eo
2747 4599 2853 4638 non
2903 4582 3244 4652 procedertt,
3279 4596 3386 4634 non
3416 4586 3543 4648 post

1954 4684 2409 4739 resurrectionem
2453 4696 2513 4735 se
2548 4686 2945 4750 repnesentans
2991 4672 3269 4744 discipulis
3303 4673 3416 4728 suis
3453 4672 3542 4726 itt-

1953 4776 2240 4839 sufﬂassct,
2273 4775 2457 4828 dicens
2488 4790 2501 4826 :
2537 4771 2768 4842 Accipite
2798 4769 3054 4840 Spiritum
3080 4778 3319 4822 sanctum
3356 4765 3540 4837 (Joan.

1954 4887 2044 4934 xx,
2077 4867 2186 4939 22).
2215 4865 2353 4934 Quid
2381 4865 2522 4919 enim
2561 4862 2702 4916 aliud
2736 4861 3060 4933 significavit
3090 4855 3399 4922 insnfllatio,
3432 4857 3542 4914 nisi

1954 4956 2097 5043 quod
2126 4958 2384 5030 procedat
2431 4954 2666 5024 Spiritus
2707 4961 2930 5007 sanctus
2961 4959 3015 5005 et
3040 4949 3105 5004 de
3134 4949 3251 5017 ipso
3273 4948 3296 5001 ‘?
3327 4946 3408 5001 Ad
3439 4942 3544 5001 hoc

1955 5036 2191 5125 pertinet
2214 5049 2376 5117 etiam
2406 5047 2535 5100 illud
2567 5046 2708 5115 quod
2734 5044 2810 5097 ait
2830 5042 2898 5096 de
2921 5039 3164 5103 muliere,
3196 5053 3314 5109 qua:
3342 5036 3547 5091 tinxmn

1956 5139 2236 5213 sanguinis
2265 5138 2605 5208 patiebatur:
2661 5133 2846 5203 'l'etig:t
2885 5148 2964 5185 me
2986 5129 3221 5200 aliquis;
3270 5145 3363 5197 ego
3410 5127 3548 5181 enim

1957 5250 2093 5288 sensi
2126 5234 2362 5285 virtutem
2387 5229 2449 5281 de
2495 5243 2575 5279 me
2604 5226 2771 5279 exisse
2800 5222 2949 5295 (Luc.
2986 5237 3103 5286 vtlt,
3131 5221 3243 5291 46).
3273 5219 3407 5273 Nam
3438 5218 3551 5272 vir—

1962 5324 2091 5377 tntis
2138 5321 2355 5375 nomine
2385 5317 2644 5389 appellari
2688 5316 2850 5371 etiam
2888 5314 3149 5384 Spiritum
3191 5324 3464 5374 sanctum,
3493 5317 3551 5364 et

1962 5433 2027 5472 eo
2057 5415 2175 5471 luco
2203 5413 2404 5467 clarum
2431 5420 2534 5472 est,
2565 5409 2653 5462 ubi
2678 5406 2901 5477 angelus
2929 5406 3127 5460 dicenti
3156 5404 3336 5458 Marize
3367 5420 3380 5456 :
3413 5401 3553 5467 Quo-

1963 5510 2116 5563 modo
2140 5508 2224 5576 ﬁet
2255 5504 2395 5558 istud
2420 5519 2438 5568 ;
2482 5503 2729 5574 quoniam
2779 5499 2944 5552 virum
2977 5513 3077 5550 non
3107 5491 3401 5565 cognosco?
3448 5490 3553 5573 Ite:

1967 5699 2117 5760 ptum
2148 5697 2232 5743 est
2257 5687 2321 5740 ab
2353 5684 2549 5760 dines,
2580 5678 2937 5736 Thcodult‘um
2966 5691 3180 5749 quoque
3220 5671 3466 5729 retulisse
3501 5668 3551 5722 iu

1972 5758 2109 5815 libro
2148 5763 2211 5816 de
2245 5758 2449 5828 Spiritu
2482 5763 2685 5809 sant-to.
3298 5776 3303 5780 -
3538 5758 3553 5779 ι
