4000 6352
476 287 585 340 707

1612 283 1844 338 εδει
1883 277 2306 336 PABISIENSIS
2349 281 2651 338 EPISCOPI

3649 289 3742 349 108

459 401 687 470 rspondit
716 419 726 452 :
761 399 989 472 Spiritus
1017 411 1230 456 sanctus
1260 402 1580 469 superueniet
1629 402 1775 464 inte,
1805 410 1851 454 et
1894 399 2054 452 virtus
2084 401 2133 458 A
2159 404 2213 450 et
2239 395 2376 450 Filio
2404 411 2507 451 non
2535 407 2711 466 potest
2738 414 2751 462 ;
2784 408 2927 452 Sicut
2977 399 3139 455 Pater
3183 403 3330 458 solus
3359 404 3579 471 suﬂlcit,
3628 414 3747 479 quia

470 494 729 548 Altissimi
775 495 1096 548 obumbrabit
1138 491 1232 545 tibi
1273 491 1425 559 (Luc.
1460 509 1501 556 ι,
1545 490 1658 563 5i).
1711 491 1779 546 Et
1807 493 1919 561 ipse
1952 490 2058 543 Do-

471 585 654 638 minus
709 585 1026 652 promittens
1077 598 1199 637 eum
1239 581 1516 651 discipulis
1553 585 1666 636 ait:
1736 581 1840 634 Vos
1884 591 2057 652 autem

472 678 644 728 sedete
678 675 733 728 in
786 676 1011 736 civitate,
1040 673 1378 744 quoadusque
1421 672 1715 725 induamini
1766 672 1951 724 virtute
1996 685 2060 723 ea:

472 763 581 816 alto
615 763 765 831 (Luc.
800 780 947 826 xxxv,
999 763 1112 832 49).
1169 763 1232 816 Iit
1262 763 1493 815 iterum:
1533 761 1831 829 Accipietis,
1863 760 2055 829 inquit,

467 854 706 905 uirtutem
739 850 966 921 Spiritus
995 863 1160 906 sancti
1184 853 1624 917 superrenieutem
1649 851 1704 904 in
1743 867 1850 914 vos,
1880 859 1930 904 et
1957 851 2058 903 eri-

469 948 538 998 tis
565 944 689 996 milii
717 953 872 997 testes
906 945 1042 1014 (Act.
1070 961 1107 1008 ι,
1144 944 1220 1014 6).
1245 964 1263 995 ι

1057 1057 1186 1112 Car.
1220 1056 1460 1111 XXXVI.

537 1166 668 1220 Item
689 1175 909 1222 sanctus
925 1168 1254 1238 Augustinus
1286 1169 1336 1221 in
1354 1169 1489 1224 libro
1512 1186 1609 1224 xm
1630 1171 1694 1224 de
1709 1170 1935 1224 Civitate
1961 1171 2056 1225 Dei

465 1257 605 1325 (can.
633 1257 724 1312 2H
756 1276 768 1310 :
805 1257 957 1324 Quod
990 1258 1220 1326 Spiritus
1261 1269 1472 1312 sanctus
1503 1259 1680 1313 Patris
1701 1260 1766 1313 sit
1794 1271 1840 1314 et
1867 1259 2057 1330 Unige-

465 1350 583 1412 niti,
617 1359 665 1402 et
702 1365 837 1401 unus
859 1349 1149 1402 amborum.
1207 1348 1360 1413 Quod
1405 1366 1522 1402 cum
1568 1351 1641 1402 ita
1673 1351 1774 1413 sit,
1829 1366 1933 1402 non
1980 1358 2056 1402 est

461 1441 681 1495 dubium
747 1440 1004 1511 Spiritum
1057 1451 1298 1494 sanctum
1355 1441 1633 1509 procedere
1692 1440 1757 1492 ab
1816 1451 2049 1509 utroque.

467 1551 488 1583 ι
529 1532 867 1601 Quapropter
895 1530 947 1584 in
997 1546 1063 1585 eo
1093 1531 1239 1600 quod
1279 1530 1540 1584 Dominus
1574 1529 1701 1584 fecit
1733 1530 1948 1599 quando
1975 1529 2056 1582 in-

462 1622 710 1685 sulllavit,
746 1623 971 1677 dicens:
1012 1623 1244 1692 Accipite
1271 1619 1525 1692 Spiritum
1562 1633 1805 1676 sanctum
1832 1638 1852 1676 :
1899 1622 2056 1676 nimi-

2165 488 2405 555 separari
2453 503 2483 542 a
2524 489 2659 543 Filio
2706 498 2760 545 et
2791 489 2994 560 Spiritu
3051 506 3238 551 sancto
3288 508 3398 554 aon‘
3435 511 3656 569 potest°
3701 513 3751 556 et

2161 579 2330 633 Filius
2359 580 2478 634 ideo
2522 580 2718 636 sullicit
2764 582 2930 647 solus,
2986 586 3115 654 quia
3160 590 3398 657 separari
3428 605 3460 645 a
3512 591 3678 648 Patre
3701 605 3755 650 et

2163 673 2368 744 Spiritu
2401 682 2589 729 sancto
2612 691 2718 730 non
2740 684 2936 745 potest.
2975 697 2993 728 ι

2745 790 2872 846 CAP.
2905 791 3150 849 XXXIX.

2230 907 2361 960 Item
2389 906 2528 961 idem
2561 908 2614 961 in
2655 907 2792 962 libro
2819 909 2979 963 tertio
3002 910 3068 964 de
3093 910 3356 968 Trinitate
3379 931 3394 968 :
3445 913 3610 980 Quod
3635 933 3757 970 san-

2157 1004 2272 1049 ctus
2302 994 2527 1063 Spiritus
2550 1015 2583 1050 a
2609 995 2772 1050 Patre
2805 1008 2854 1051 et
2876 996 3019 1052 Filio
3047 1001 3113 1053 sit
3140 1001 3349 1056 missus.
3386 1022 3407 1054 ι
3440 1004 3582 1060 Cum
3609 1008 3755 1062 enim

2159 1088 2225 1141 ad
2257 1089 2309 1142 id
2337 1099 2554 1142 ventum
2582 1098 2744 1153 esset,
2781 1099 2838 1144 ut
2858 1090 3120 1147 vellemus
3145 1097 3457 1160 ostendere,
3498 1114 3609 1152 non
3634 1097 3759 1152 ideo

2159 1178 2426 1233 minorem
2477 1179 2637 1234 Patre
2678 1180 2892 1245 Filium,
2927 1183 3050 1252 quia
3084 1183 3174 1237 ille
3203 1185 3369 1250 misit,
3414 1187 3506 1242 hic
3555 1188 3760 1242 missus

2157 1277 2279 1332 est;
2316 1284 2416 1322 nec
2451 1270 2571 1324 ideo
2610 1271 2871 1325 minorem
2905 1281 3136 1343 utroque
3185 1273 3444 1343 Spiritum
3477 1287 3756 1339 sanctum,

2159 1361 2283 1427 quia
2313 1368 2370 1413 et
2416 1361 2484 1413 ab
2517 1361 2604 1414 illo
2651 1370 2708 1415 et
2739 1362 2808 1416 ab
2832 1360 2922 1418 illo
2964 1365 3166 1420 missus
3201 1366 3254 1420 in
3297 1367 3593 1436 Evangelia
3624 1369 3761 1439 legi-

2161 1458 2269 1512 tur,
2311 1451 2650 1519 suscepimus
2692 1453 2797 1508 Iioc
2825 1454 3089 1523 qiuerere,
3123 1472 3242 1511 cum
3278 1459 3404 1512 illnc
3448 1459 3655 1514 missus
3681 1462 3762 1515 sit

2155 1540 2325 1596 Filius
2354 1542 2444 1596 ubi
2469 1553 2609 1608 erat,
2652 1544 2778 1613 quia
2827 1546 2879 1599 in
2922 1548 3067 1602 hunc
3115 1550 3372 1604 mundum
3404 1552 3573 1615 venit,
3609 1561 3668 1606 et
3697 1552 3760 1607 in

2157 1632 2261 1688 hoc
2290 1636 2491 1691 mundo
2539 1645 2692 1691 erat:
2735 1653 2857 1694 cum
2895 1639 3021 1695 illuc
3050 1642 3216 1697 etiam
3248 1645 3481 1714 Spiritus
3502 1657 3758 1708 sanctus,

460 1731 582 1768 rum
614 1715 667 1769 in
699 1716 803 1770 hoc
847 1715 1076 1785 intelligi
1123 1715 1313 1778 voluit,
1365 1715 1509 1783 quod
1543 1714 1781 1784 Spiritus
1833 1724 2052 1770 sanctus
2082 1759 2127 1816 Β
2157 1726 2246 1779 ubi
2276 1735 2332 1781 ει
2377 1727 2491 1797 ipse
2517 1737 2655 1794 (παι,
2710 1732 2964 1800 quoniam
2998 1731 3227 1803 spiritu,
3280 1735 3490 1789 Domi,"-
3533 1737 3763 1805 ,μεριεώ

461 1820 569 1859 non
603 1814 808 1858 tantum
847 1805 916 1860 sit
943 1805 1138 1870 Patris,
1164 1821 1352 1859 verum
1381 1805 1542 1859 etiam
1575 1805 1743 1874 ipsius
1780 1803 2051 1874 Unigeniti

464 1894 715 1964 Spiritus.
758 1896 902 1951 Idem
931 1897 1045 1967 ipse
1073 1906 1156 1951 est
1185 1897 1381 1966 quippe
1413 1895 1647 1964 Spiritus
1674 1903 1730 1949 et
1773 1894 1950 1948 Patris
1993 1901 2050 1949 et

460 1987 605 2052 Filii,
629 1998 682 2042 et
707 2004 829 2042 cum
859 2004 965 2057 quo
995 1997 1080 2043 est
1116 1989 1356 2042 Trinitas
1379 1987 1540 2040 Pater
1568 1997 1622 2040 et
1646 1985 1816 2040 Filius
1847 1994 1902 2040 et
1930 1985 2051 2056 Spi-

460 2080 598 2134 ritus
628 2091 882 2144 sanctus,
935 2096 1041 2135 non
1095 2087 1372 2143 creatura,
1429 2078 1524 2132 sed
1567 2077 1811 2132 Creator.
1866 2076 2050 2148 Neque

459 2173 606 2226 enim
637 2170 794 2224 tlatus
833 2171 921 2225 ille
964 2185 1258 2239 corporeus
1288 2171 1354 2224 de
1385 2169 1566 2224 carnis
1614 2184 1708 2223 ore
1752 2170 2051 2244 procedens

460 2262 762 2316 substantia
809 2270 931 2315 erat
961 2260 1195 2330 Spiritus
1245 2261 1419 2316 sancti
1464 2268 1626 2330 atque
1667 2270 1898 2323 natura,
1953 2263 2050 2316 scd

459 2354 642 2422 potius
680 2351 1018 2419 significatio,
1065 2367 1170 2420 qua
1201 2351 1645 2418 intelligeremus,
1676 2359 1735 2403 nt
1762 2351 1894 2415 dixi,
1923 2350 2048 2420 Spi-

461 2444 627 2496 ritum
686 2450 934 2497 sanctum
1000 2442 1147 2496 Patri
1205 2457 1325 2496 esse
1383 2441 1627 2509 Filioque
1676 2456 2045 2506 communem,

457 2532 585 2601 quia
641 2547 748 2586 non
807 2540 932 2586 sunt
981 2532 1060 2588 eis
1117 2532 1314 2602 singuli
1421 2530 1515 2586 sed
1575 2547 1713 2587 unus
1767 2532 2048 2586 amborum

445 2630 560 2676 est.
594 2639 614 2673 ι

1217 2711 1483 2766 XXXVII.

525 2823 656 2878 Item
681 2824 822 2880 idem
852 2824 907 2879 in
941 2825 1080 2881 libro
1109 2825 1284 2894 primo
1339 2828 1406 2882 de
1436 2827 1706 2884 Trinitate
1737 2844 1855 2898 qua:
1907 2830 2051 2886 Deus

453 2929 574 2977 est:
611 2920 764 2986 Quod
790 2921 1016 2990 Spiritus
1061 2931 1276 2975 sanctus
1314 2930 1361 2973 et
1411 2917 1585 2973 Patris
1625 2931 1671 2974 et
1701 2919 1830 2974 Filii
1866 2922 1952 2984 sit,
2001 2932 2050 2976 et

457 3013 610 3068 Patri
641 3023 688 3068 et
719 3011 863 3066 Filio
890 3013 1192 3083 catequalis,
1245 3011 1704 3065 consubstantialis
1743 3021 1791 3065 et
1832 3022 2049 3066 coa’ter-

1019 2710 1152 2766 CAP.

455 3123 578 3171 nus,
607 3105 686 3159 sic
708 3105 865 3159 docet
896 3121 909 3156 :
971 3123 990 3155 ι
1028 3103 1231 3159 Omnes
1259 3117 1395 3172 quos
1422 3101 1603 3170 legere
1626 3103 1775 3170 potui
1804 3104 1892 3172 qui
1923 3110 2048 3156 ante
2077 3111 2121 3172 ρ

454 3210 544 3250 me
567 3194 902 3262 scripserunt
931 3193 998 3248 de
1033 3193 1319 3255 Trinitate,
1374 3208 1494 3261 qua:
1523 3193 1664 3246 Deus
1705 3201 1807 3256 est,
1843 3192 2051 3247 divino-

454 3301 577 3340 rum
604 3285 866 3340 librorum
915 3296 1156 3339 veterum
1183 3293 1239 3338 et
1264 3299 1528 3339 novorum
1576 3284 1822 3338 catholici
1854 3294 2052 3339 tracta-

455 3386 623 3441 tores,
661 3377 764 3431 hoc
789 3376 1137 3430 intenderunt
1163 3376 1458 3431 secundum
1485 3374 1794 3445 Scripturas
1834 3376 2049 3442 docere,

453 3468 598 3538 quod
627 3467 810 3532 Pater,
862 3466 1051 3532 Filius,
1099 3475 1154 3520 et
1203 3466 1440 3536 Spiritus
1488 3476 1709 3522 sanctus
1733 3468 1891 3522 unius
1932 3469 2052 3524 sub-

453 3557 667 3613 stantia:
727 3557 1078 3626 inseparabili
1125 3557 1438 3626 mqualitate
1487 3557 1723 3611 divinam
1777 3557 2051 3612 insinuent

452 3648 740 3703 unitatem.
797 3647 1030 3718 Ideoque
1091 3664 1200 3703 non
1249 3657 1361 3702 tres
1407 3648 1502 3711 dii,
1553 3648 1648 3702 sed
1698 3664 1836 3702 unus
1886 3649 2045 3714 Deus,

452 3741 705 3812 quamvis
751 3741 915 3797 Pater
963 3740 1158 3796 Filium
1199 3741 1470 3811 genuerit,
1508 3749 1560 3795 et
1591 3740 1712 3794 ideo
1744 3740 1913 3796 Filius
1941 3757 2048 3797 non

450 3833 526 3888 sit
570 3833 663 3904 qui
705 3833 866 3888 Pater
894 3841 1000 3897 est,
1051 3833 1326 3903 Filiusque
1356 3849 1386 3887 a
1419 3833 1579 3887 Patre
1621 3834 1946 3903 sitgenitus,
1988 3844 2051 3916 ει

454 3927 577 3982 ideo
603 3926 765 3981 Pater
792 3944 900 3982 non
939 3929 1011 3982 sit
1047 3928 1138 3998 qui
1166 3928 1335 3982 Filius
1372 3937 1492 3993 est;
1543 3927 1887 4000 Spiritusque
1925 3945 2050 3986 san-

453 4027 578 4074 ctus
601 4033 702 4072 nec
741 4018 901 4074 Pater
929 4019 1001 4074 sit
1051 4035 1150 4074 nec
1179 4019 1370 4083 Filius,
1419 4020 1512 4074 sed
1542 4028 1746 4074 tantum
1777 4020 1956 4076 Patris
1993 4030 2049 4077 et

453 4111 577 4167 Filii
609 4110 865 4179 Spiritus,
898 4111 1060 4166 etiam
1101 4111 1249 4166 Patri
1281 4110 1492 4166 etFilio
1523 4112 1635 4181 ipse
1657 4113 1964 4183 coaequalis,
1993 4123 2049 4169 et

451 4204 526 4259 ad
555 4203 839 4259 Trinitatis
859 4204 1138 4274 pertinens
1169 4203 1451 4258 unitatem.
1484 4221 1502 4254 ι

1021 4315 1150 4370 CAP.
1183 4315 1471 4370 XXXVIII.

523 4429 656 4488 Item
686 4431 829 4487 idem
859 4431 913 4485 in
965 4431 1151 4485 eodem
1182 4430 1352 4485 libro:
1387 4430 1540 4496 Quod
1568 4429 1795 4501 Spiritus
1829 4439 2043 4485 sanctus

451 4521 872 4594 inseparabiliter
910 4520 1087 4576 Patris
1116 4530 1165 4574 et
1205 4519 1334 4574 Filii
1373 4522 1482 4585 sit;
1518 4521 1657 4591 quod
1697 4537 1816 4575 cum
1844 4521 1918 4574 ita
1946 4519 2036 4585 sit,

453 4629 659 4684 magna:
697 4613 971 4666 dementia:
1012 4621 1086 4667 est
1123 4610 1273 4665 illuni
1319 4631 1350 4665 a
1383 4608 1546 4665 Patre
1591 4621 1641 4666 et
1679 4610 1824 4666 Filio
1853 4627 2036 4681 proce-

451 4705 574 4760 dere
596 4721 700 4759 non
738 4704 992 4774 proﬁteri.
1051 4723 1071 4755 ι
1103 4705 1342 4773 Denique
1370 4714 1592 4775 propter
1621 4705 1790 4774 ipsam
1819 4704 2037 4774 insepa-

453 4797 782 4852 rabilitatem
837 4797 1167 4852 suliicienter
1215 4796 1505 4865 aliquando
1555 4797 1906 4861 nominatur,
1953 4793 2039 4848 vel

452 4887 616 4943 Pater
637 4887 783 4943 solus
811 4887 896 4942 vel
926 4887 1094 4942 Filius
1123 4886 1270 4943 solus
1300 4886 1689 4954 adimpleturus
1719 4899 1818 4940 nos
1851 4883 2036 4939 laetitia

450 4992 578 5032 cum
606 4977 755 5032 vultu
792 4993 910 5032 suo.
959 4977 1069 5034 Nec
1094 4979 1219 5033 inde
1249 4985 1531 5046 separatur
1558 4975 1840 5046 utriusque
1869 4975 2039 5046 Spiri—

454 5075 573 5130 tus,
630 5065 686 5120 id
718 5077 802 5122 est
846 5067 1024 5124 Patris
1077 5077 1133 5124 et
1185 5067 1306 5122 Filii
1347 5066 1581 5138 Spiritus
1623 5067 1765 5137 :qui
1801 5064 2038 5136 Spiritus

451 5159 672 5228 proprie
701 5158 899 5214 dicitur
927 5160 1162 5230 Spiritus
1188 5161 1453 5226 veritatis,
1483 5173 1644 5228 quem
1685 5158 1776 5213 hic
1806 5156 2038 5212 mundus

451 5250 701 5318 accipere
747 5266 856 5305 non
896 5262 1076 5320 potest
1113 5251 1293 5322 (Joau.
1323 5269 1438 5316 xiv,
1476 5251 1585 5319 I7).
1638 5249 1753 5306 Hoc
1781 5260 1867 5305 est
1892 5250 2035 5303 enim

449 5339 669 5412 plenum
697 5341 951 5410 gaudium
983 5352 1250 5406 nostrum,
1276 5359 1382 5410 quo
1405 5339 1636 5410 amplius
1664 5357 1770 5396 non
1799 5349 1904 5404 est,
1930 5339 2035 5394 frui

452 5430 720 5488 Trinitate
740 5433 870 5499 Deo,
900 5434 966 5488 ad
1015 5433 1165 5502 cujus
1195 5434 1480 5505 imaginem
1511 5433 1641 5487 facti
1671 5448 1880 5488 sumus.
1904 5432 2036 5487 Pro-

450 5535 574 5597 pter
609 5527 712 5583 ltoc
755 5527 1040 5597 aliquando
1072 5529 1144 5582 ita
1184 5528 1418 5597 loquitur
1461 5528 1527 5582 de
1567 5526 1772 5596 Spiritu
1821 5537 2032 5591 sancto,

453 5628 709 5690 tanquam
750 5620 895 5676 solus
941 5622 1056 5692 ipse
1105 5618 1332 5674 sutIiciat
1376 5619 1443 5672 ad
1505 5617 1892 5673 beatitudinem
1939 5633 2035 5672 no-

451 5723 642 5771 stram.
674 5713 741 5768 Et
767 5715 885 5769 ideo
929 5714 1075 5770 solus
1115 5709 1329 5774 sullicit,
1373 5711 1500 5780 quia
1533 5701 1771 5780 separari
1801 5726 1828 5764 a
1873 5711 2034 5764 Patre

2154 1818 2325 1871 orbem
2352 1829 2635 1884 terrarum,
2661 1833 2709 1876 et
2729 1824 2824 1878 Itoc
2850 1826 2988 1894 quod
3015 1827 3241 1882 continet
3269 1831 3446 1882 omnia
3469 1832 3763 1884 scientiam

2151 1907 2305 1963 habet
2331 1913 2467 1966 vocis
2501 1911 2654 1984 (Sap.
2689 1931 2728 1980 ι,
2765 1915 2836 1986 7).
2861 1936 2880 1968 ι

2793 2030 2920 2082 CAP.
2956 2027 3068 2083 XL.

2220 2137 2356 2193 Item
2388 2139 2528 2194 idem
2563 2140 2617 2195 in
2647 2140 2785 2196 libro
2808 2151 3000 2210 quarto
3030 2141 3272 2209 ejusdem
3308 2142 3442 2213 (cap.
3469 2143 3563 2215 xx)
3623 2160 3769 2214 ope-

2151 2230 2228 2285 ris
2284 2239 2472 2300 aperte
2519 2231 2694 2297 docet,
2749 2233 2885 2300 quod
2921 2231 3150 2302 Spiritus
3193 2244 3403 2288 sanctus
3439 2236 3690 2304 procedit
3733 2251 3770 2289 ι

2152 2321 2316 2387 Filio,
2347 2325 2481 2377 sicut
2528 2335 2577 2378 et
2607 2343 2639 2378 a
2670 2322 2853 2378 Patre.
2908 2343 2926 2374 ι
2969 2324 3134 2380 Pater
3163 2339 3285 2379 cum
3332 2341 3400 2380 ex
3433 2337 3697 2395 tempore
3732 2343 3770 2381 a

2152 2431 2421 2485 quoquam
2449 2418 2815 2487 cognoscitur,
2839 2431 2944 2471 non
2967 2417 3168 2470 dicitur
3195 2418 3408 2471 missus.
3449 2417 3561 2471 Non
3595 2419 3772 2472 enim

2154 2505 2315 2560 habet
2351 2509 2416 2562 de
2459 2523 2567 2578 quo
2595 2508 2688 2572 sit,
2744 2517 2836 2561 aut
2863 2521 2927 2561 ex
2980 2522 3089 2577 quo
3138 2507 3413 2578 procedat.
3455 2507 3772 2576 Sapientia

2149 2596 2348 2666 quippe
2399 2596 2579 2650 dicit:
2641 2596 2753 2666 Ego
2806 2612 2872 2650 ea:
2922 2613 3010 2650 ore
3041 2596 3299 2650 Altissimi
3341 2597 3510 2666 prodii
3541 2594 3768 2666 (Eccli.

2150 2701 2299 2752 xxiv,
2333 2687 2410 2757 5).
2438 2687 2504 2742 Et
2533 2687 2599 2742 de
2630 2688 2832 2757 Spiritu
2856 2695 3044 2744 sancto
3068 2688 3297 2744 dicimus
3321 2703 3335 2742 :
3361 2689 3403 2740 A
3429 2687 3587 2742 Patre
3613 2705 3770 2758 pro-

2149 2779 2306 2830 cedit.
2362 2777 2526 2832 Pater
2557 2795 2683 2832 vero
2715 2795 2744 2831 a
2792 2779 2960 2845 nullo,
2991 2789 3125 2845 etc.,
3172 2795 3336 2850 usque
3359 2780 3450 2847 ad,
3479 2788 3771 2850 operatur

2151 2869 2332 2922 omnia
2363 2868 2418 2923 in
2445 2871 2714 2926 omnibus.
2756 2890 2778 2923 ι

2795 2980 2924 3038 Car.
2965 2981 3101 3037 XLI.

2223 3091 2355 3146 Item
2384 3092 2524 3147 idem
2550 3094 2601 3148 in
2628 3093 2765 3151 libro
2793 3105 2946 3151 sexto
2972 3098 3038 3153 de
3075 3097 3361 3162 Trinitate,
3405 3099 3543 3170 quod
3565 3099 3772 3170 Spiri-

2156 3193 2239 3237 tus
2289 3195 2502 3239 sanctus
2546 3188 2612 3238 sit
2663 3186 2793 3240 Filii
2841 3186 3122 3258 Patrisque
3169 3193 3437 3245 suat-titus:
3463 3193 3600 3245 unde
3657 3193 3770 3262 qui

2154 3287 2304 3346 negat
2333 3293 2449 3330 eum
2494 3278 2558 3330 ab
2589 3289 2804 3350 utroque
2822 3322 2836 3346 ,
2866 3297 3181 3352 consequens
3210 3294 3282 3336 est
3313 3293 3366 3336 ut
3390 3294 3533 3353 neget
3561 3288 3769 3339 suaui-

2153 3377 2312 3421 tatem
2338 3385 2370 3421 a
2397 3366 2560 3422 Patre
2586 3367 2826 3440 Filioque
2855 3373 3152 3441 procedere.
3176 3392 3195 3423 ι
3226 3373 3319 3427 Ilia
3335 3389 3462 3445 ergo
3492 3375 3764 3441 dilectio,

2154 3459 2468 3536 delectatio,
2498 3459 2730 3516 felicitas
2770 3463 2850 3517 vel
2906 3463 3204 3530 beatitudo,
3250 3467 3294 3520 si
3328 3475 3502 3521 tamen
3553 3467 3767 3537 aliqua

2151 3552 2384 3608 humana
2413 3569 2542 3610 voce
2571 3555 2730 3626 digne
2771 3557 2998 3621 dicitur,
3050 3573 3179 3612 usus
3203 3560 3272 3614 ab
3298 3559 3388 3615 illo
3434 3561 3768 3628 appellatus

2151 3651 2254 3709 est,
2288 3653 2345 3698 et
2370 3652 2454 3699 est
2478 3645 2532 3699 in
2557 3644 2822 3700 Trinitate
2850 3645 3085 3716 Spiritus
3116 3657 3334 3704 sanctus
3361 3665 3466 3705 non
3493 3650 3763 3720 genitus,

2151 3735 2243 3788 sed
2277 3735 2542 3804 genitoris
2582 3737 2858 3806 genitique
2905 3738 3178 3806 suavitas,
3209 3739 3433 3810 ingeniti
3480 3740 3765 3810 largitate

2151 3831 2313 3893 atque
2337 3825 2583 3881 ubertate
2608 3826 3138 3897 perfundensomnes
3160 3843 3439 3886 creaturas
3450 3847 3548 3902 pro
3571 3843 3762 3902 captu

2147 3929 2358 3981 earum,
2415 3925 2473 3970 ut
2495 3919 2740 3973 ordinem
2792 3934 2948 3974 suum
2986 3930 3223 3986 teneant,
3255 3931 3309 3977 et
3333 3923 3466 3978 locis
3486 3925 3602 3980 suis
3646 3940 3763 3981 ac-

2149 4005 2451 4074 quiescant.
2490 4006 2615 4063 Haac
2647 4008 2813 4079 igitur
2836 4011 3017 4065 omnia
3047 4028 3168 4080 quae
3196 4022 3313 4067 arte
3357 4013 3536 4068 divina
3585 4016 3758 4072 facta

2147 4107 2298 4163 sunt,
2340 4107 2398 4153 et
2425 4098 2685 4153 unitatem
2715 4102 3005 4170 quamdam
3031 4102 3083 4157 in
3106 4117 3164 4158 se
3190 4103 3497 4169 ostendunt,
3529 4111 3588 4158 et
3608 4117 3759 4175 Spe-

2088 4202 2094 4208 ‘
2147 4191 2286 4246 ciem
2338 4198 2394 4246 et
2443 4191 2711 4247 ordinem.
2759 4192 3032 4267 Quidquid
3077 4195 3221 4250 enim
3265 4196 3461 4252 horum
3496 4204 3622 4263 est,
3689 4206 3761 4252 et

2145 4298 2313 4338 unum
2343 4281 2546 4354 aliquid
2571 4292 2674 4339 est.
2713 4302 2734 4337 ι

2773 4394 2904 4451 Car.
2931 4395 3087 4452 XLII.

2213 4513 2348 4570 Item
2392 4514 2537 4570 idem
2572 4513 2629 4569 in
2657 4512 2797 4569 libro
2823 4530 2892 4568 xv
2939 4514 3009 4571 de
3046 4524 3235 4571 sancta
3276 4517 3538 4572 Trinitate
3586 4519 3746 4589 (cap.

2145 4608 2235 4679 I7)
2268 4627 2280 4662 :
2315 4607 2468 4673 Quod
2487 4618 2700 4662 sanctus
2729 4606 2960 4678 Spiritus
2981 4612 3226 4678 procedat
3251 4629 3284 4664 a
3308 4609 3470 4665 Patre
3491 4621 3539 4665 et
3560 4609 3746 4667 Filio.

2151 4718 2170 4752 ι
2216 4698 2408 4754 Nescio
2436 4714 2533 4754 cur
2557 4715 2667 4754 non
2707 4700 2848 4755 sicut
2885 4701 3151 4770 sapientia
3179 4711 3233 4756 et
3253 4702 3415 4756 Pater
3436 4702 3651 4757 dicatur
3675 4714 3746 4760 et

2145 4792 2313 4848 Filius
2341 4802 2395 4848 et
2418 4791 2652 4862 Spiritus
2681 4804 2920 4858 sanctus,
2970 4802 3024 4848 et
3049 4794 3209 4848 simul
3235 4811 3424 4850 omnes
3452 4811 3559 4850 non
3594 4804 3738 4861 tres,

2144 4887 2240 4941 sed
2284 4901 2390 4940 una
2421 4886 2708 4955 sapientia,
2758 4895 2890 4952 etc.,
2939 4902 3102 4955 usque
3145 4887 3238 4953 ad,
3285 4885 3571 4944 Trinitatis
3620 4888 3740 4944 ista

2139 4975 2434 5032 distinctio.
2459 4995 2479 5028 ι

2746 5115 2874 5171 CAP.
2915 5114 3120 5172 XLIII.‘

2209 5251 2342 5308 Item
2371 5253 2511 5308 idem
2525 5251 2594 5308 ‘in
2623 5251 2808 5305 eodem
2841 5250 2978 5304 libro
3007 5249 3146 5321 (cap.
3175 5249 3269 5319 26)
3304 5266 3318 5304 :
3361 5268 3380 5302 ι
3426 5251 3634 5308 Deinde
3668 5253 3729 5309 in

2141 5342 2229 5396 illa
2255 5359 2463 5398 summa
2493 5343 2779 5405 Trinitate,
2823 5357 2940 5410 quae
2964 5340 3105 5395 Dens
3129 5351 3236 5404 est,
3269 5342 3548 5396 intervalla
3581 5352 3729 5399 tem-

2139 5450 2330 5504 porum
2361 5435 2501 5488 nulla
2533 5444 2679 5499 sunt,
2722 5449 2820 5504 per
2847 5449 2968 5502 quae
3000 5435 3171 5503 possit
3205 5436 3416 5488 ostendi
3445 5475 3461 5499 ,
3490 5444 3585 5490 aut
3612 5437 3729 5491 sal-

2141 5535 2248 5580 tem
2288 5527 2508 5595 requiri,
2542 5537 2719 5581 utrum
2749 5542 2898 5598 ρτιτέδ
2925 5525 2988 5577 tle
3030 5524 3190 5579 Patre
3234 5535 3394 5581 natus
3425 5528 3495 5580 sit
3525 5526 3727 5590 Filius,

2141 5629 2193 5673 et
2244 5628 2430 5688 postea
2479 5620 2545 5674 de
2601 5620 2863 5674 ambobus
2916 5620 3246 5690 pracesscrit
3304 5618 3542 5688 Spiritus
3589 5635 3730 5675 san-

2139 5721 2278 5779 ctus,
2303 5721 2430 5779 etc.,
2471 5729 2630 5782 usque
2657 5713 2744 5780 ad,
2772 5724 2991 5784 propter
3020 5712 3364 5767 dilectionem
3392 5710 3507 5765 Dei.
3543 5733 3561 5763 ι
