4000 6352
200 395 317 451 70?)

820 483 949 541 Car.
988 480 1172 538 XLIV.

274 605 412 661 Item
464 599 606 655 idem
655 597 711 652 in
759 598 950 652 eodem
996 596 1134 649 libro
1185 592 1335 664 (ibid.
1386 600 1435 646 et
1477 604 1596 658 cap.
1641 586 1784 656 9.7):

211 714 235 745 ς
274 691 529 763 Nunquid
564 704 696 761 ergo
736 702 1021 758 possumus
1050 699 1293 754 quaarere
1319 692 1498 736 utrum
1519 678 1631 748 jam
1659 689 1788 746 pro-

201 791 449 841 cesserat
476 783 541 839 de
563 779 723 835 Patre
753 777 991 848 Spiritus
1016 785 1236 831 sanctus
1261 772 1478 843 quando
1512 777 1671 824 natus
1706 772 1790 820 est

199 877 400 941 Filius,
426 890 496 929 an
535 873 771 928 nondum
799 878 1161 940 processerat,
1193 873 1249 919 et
1277 864 1369 919 illo
1396 874 1525 917 nato
1550 861 1614 914 de
1641 855 1790 912 utro-

199 987 317 1041 que
341 965 604 1040 processit
625 963 713 1019 ubi
738 961 880 1016 nulla
902 968 1028 1015 sunt
1052 968 1317 1028 tempora,
1346 963 1478 1020 etc.,
1509 966 1672 1022 usque
1697 947 1790 1015 ad,

198 1061 459 1116 videatur
478 1064 659 1112 mente
682 1053 825 1124 quod
855 1058 1068 1105 tenetur
1097 1048 1221 1105 ﬁde.
1257 1066 1276 1100 ›

841 1163 970 1218 CAP.
1006 1159 1167 1217 XLV.

277 1281 412 1339 Item
452 1279 512 1336 S.
542 1276 873 1350 Augustinus
918 1293 930 1328 :
968 1273 1121 1340 Quod
1150 1271 1379 1342 Spiritus
1403 1278 1615 1324 sanctus
1641 1266 1708 1318 sit
1737 1264 1794 1318 in

204 1375 377 1432 Patre
396 1384 444 1429 et
475 1371 639 1436 Filio,
672 1369 752 1425 sic
771 1368 905 1423 dicit
929 1366 984 1422 in
1013 1366 1152 1421 libro
1173 1379 1334 1435 quem
1360 1361 1577 1430 scripsit
1604 1366 1794 1413 contra

199 1468 450 1537 quinque
493 1467 748 1527 haereses,
787 1460 840 1516 id
886 1467 992 1523 est,
1026 1458 1299 1530 Paganos,
1344 1453 1581 1515 Judzeos,
1622 1450 1794 1505 Mani-

199 1560 406 1617 cbxos,
438 1553 792 1616 Sabellianos,
837 1559 893 1606 et
922 1549 1174 1605 Arianos.
1204 1565 1223 1598 ι
1262 1545 1507 1603 Diximus
1541 1544 1607 1598 de
1632 1540 1796 1595 Patre

199 1655 262 1702 et
312 1646 452 1702 Filio
503 1643 644 1715 quod
679 1641 954 1712 potuimus
992 1650 1049 1695 et
1096 1646 1361 1710 quantum
1402 1635 1693 1706 potuimus,
1748 1632 1794 1686 si

201 1744 389 1793 tamen
416 1735 618 1807 aliquid
646 1734 806 1804 digne
834 1731 1126 1803 potuimus.
1155 1729 1230 1783 De
1262 1728 1467 1798 Spiritu
1493 1733 1681 1781 sancto
1715 1732 1795 1778 ta-

1360 359 1561 417 ιιιιιιι
1597 351 1964 410 Αυγιςιιειτε
2004 347 2325 407 οιιῑεοε.

1814 474 1863 533 Α
1893 476 2020 522 ante
2046 473 2214 530 esset,
2243 465 2345 520 hoc
2364 431 2510 519 esset
2538 462 2899 536 principium?
2922 460 2979 517 Si
3011 476 3141 533 ergo
3167 459 3327 515 Pater
3352 470 3481 516 ante

3371 341 3479 396 710

1894 556 2218 628 principium
2247 562 2361 619 est;
2396 561 2522 609 ante
2542 568 2600 608 se
2628 553 2801 624 ipsum
2821 560 2934 617 est;
2959 551 3085 622 quia
3108 550 3168 606 et
3196 551 3314 623 ipse
3334 550 3482 619 prin-

1892 649 2089 719 cipium
2121 656 2222 702 est.
2252 647 2391 715 Quid
2425 655 2509 701 est
2534 657 2716 701 autem
2756 644 2864 699 ειη
2903 644 3161 715 principio
3197 652 3310 697 erat
3350 640 3480 696 Ver-

1894 740 2013 793 bum
2043 737 2224 810 (Joan.
2254 755 2295 802 ι,
2346 737 2426 809 l),
2461 738 2566 792 nisi
2600 738 2652 791 in
2691 736 2853 791 Patre
2874 744 2993 790 erat
3033 734 3236 789 Filius?
3263 733 3332 788 Et
3366 733 3484 803 ipse

1894 829 2063 884 Filius
2093 829 2463 899 interrogatus
2512 842 2541 879 a
2571 825 2769 881 Judaeis
2793 826 2914 897 quis
2954 833 3120 889 esset,
3156 823 3435 895 respondit
3465 839 3480 876 :

1895 920 2223 991 Principium
2244 920 2334 989 qui
2358 930 2404 974 et
2431 918 2617 987 loquor
2640 918 2778 973 vobis
2806 917 2987 987 (Joan.
3013 932 3131 981 vm,
3170 914 3286 982 24).
3317 914 3484 970 Pater

1894 1027 2025 1082 ergo
2050 1012 2375 1083 principium
2409 1027 2514 1066 non
2548 1011 2615 1064 de
2640 1011 2928 1081 principio,
2958 1009 3130 1065 Filius
3155 1008 3482 1079 principium

1894 1102 1962 1156 de
1988 1101 2278 1172 principio.
2325 1100 2430 1156 Sed
2479 1108 2771 1171 utrumque
2827 1099 3010 1166 simul,
3060 1113 3167 1154 non
3215 1098 3344 1163 duo,
3386 1098 3483 1154 sed

1899 1202 2061 1244 unum
2084 1190 2430 1259 principium.
2466 1188 2620 1243 Sicut
2675 1188 2839 1244 Pater
2871 1187 3013 1243 Deus
3046 1197 3101 1242 et
3124 1186 3294 1242 Filius
3315 1186 3484 1254 Deus,

1896 1280 2055 1333 ambo
2083 1291 2262 1334 autem
2290 1279 2469 1344 simul,
2504 1294 2613 1333 non
2643 1280 2749 1333 duo
2777 1280 2848 1333 dii
2873 1281 2968 1333 sed
2999 1295 3138 1334 unus
3174 1279 3333 1334 Deus.
3363 1277 3477 1334 Nec

1898 1369 2157 1440 Spiritum
2188 1378 2435 1425 sanctum
2479 1370 2547 1424 de
2577 1378 2807 1439 utroque
2845 1370 3223 1440 procedentem
3266 1370 3479 1441 negabo

1896 1473 2019 1514 esse
2072 1460 2430 1530 principium,
2483 1460 2577 1514 sed
2627 1461 2728 1514 tria
2763 1462 2879 1515 haec
2920 1459 3080 1516 simul
3123 1461 3264 1516 sicut
3308 1474 3480 1515 unum

1896 1548 2087 1617 Deum,
2127 1552 2201 1606 ita
2229 1565 2393 1605 unum
2423 1552 2545 1606 dico
2564 1566 2685 1606 esse
2713 1551 3060 1622 principium.
3100 1569 3120 1603 ι

2486 1659 2618 1716 CAP.
2660 1659 2890 1715 XLVIII.
3082 1665 3107 1691 ⁵

1965 1752 2097 1808 item
2123 1752 2263 1808 idem
2292 1752 2344 1808 in
2365 1753 2555 1808 eodem
2588 1752 2725 1808 libro
2757 1772 2771 1807 :
2810 1772 2830 1805 ι
2865 1753 3073 1820 Quaeris
3104 1766 3276 1808 atne:
3320 1752 3366 1809 si
3418 1753 3489 1809 de

210 1828 449 1891 cuimus’
482 1825 576 1881 se"
604 1841 713 1880 non
736 1838 866 1878 cum
897 1820 1312 1893 prmerivimus'
1349 1816 1621 1888 Qumq‘ﬁd
1647 1815 1791 1870 enim
1824 1834 1868 1894 Β
1897 1846 2194 1901 substantia
2221 1844 2396 1900 Patris
2432 1854 2515 1900 est
2536 1843 2725 1910 Filius,
2762 1845 2829 1900 de
2852 1815 3154 1900 substantia
3191 1844 3370 1900 Patris
3398 1853 3488 1901 est

211 1920 285 1973 de
314 1919 473 1974 Patre
493 1926 548 1974 et
570 1916 708 1972 Filio
734 1917 993 1980 diximus,
1011 1915 1078 1970 de
1100 1913 1305 1983 Spiritu
1330 1919 1520 1967 sancto
1540 1910 1796 1964 diximus.

209 2013 309 2069 Est
327 2012 481 2067 enim
498 2012 552 2066 in
577 2010 683 2066 illis
708 2018 902 2065 etcum
930 2007 1036 2062 illis
1063 2022 1204 2062 unus
1234 2016 1289 2060 et
1315 2020 1475 2059 verus
1496 2005 1666 2067 Deus;
1693 2016 1800 2055 non

216 2104 405 2159 minor
437 2110 531 2156 aut
557 2101 746 2156 tertius
772 2100 938 2154 Deus.
970 2096 1110 2163 Quid
1147 2096 1325 2151 adhuc
1354 2095 1529 2150 dicam
1562 2091 1802 2162 fatigatis

206 2193 503 2265 fatigatus?
524 2192 624 2261 Qui
639 2190 900 2262 Spiritum
921 2198 1166 2245 sanetum
1185 2205 1214 2244 a
1232 2188 1390 2243 Patre
1410 2199 1467 2242 et
1487 2185 1625 2241 Filio
1645 2195 1802 2240 aeter-

201 2285 380 2340 nitate
398 2282 787 2347 etsubstantia,
800 2281 884 2336 vel
907 2280 1286 2336 communione
1299 2289 1536 2348 separat,
1566 2291 1804 2346 eumque

200 2384 374 2447 negat
396 2372 658 2444 Spiritum
686 2387 807 2428 esse
835 2371 1013 2427 Patris
1039 2381 1094 2427 et
1114 2370 1255 2435 Filii,
1279 2369 1469 2440 plenus
1491 2377 1574 2423 est
1608 2366 1804 2436 spiritu

209 2466 516 2532 immundo,
535 2480 735 2520 vacuus
745 2472 828 2519 est
842 2462 1048 2533 Spiritu
1063 2470 1272 2517 sancto.
1289 2461 1411 2516 ideo
1423 2461 1564 2515 enim
1584 2459 1805 2514 dicitur.

210 2556 357 2612 Deus
382 2556 612 2610 charitas
643 2553 824 2626 (Joan.
854 2568 935 2619 tv,
965 2553 1041 2625 8),
1079 2554 1203 2624 quia
1226 2552 1475 2622 partibus
1514 2566 1618 2605 non
1649 2549 1787 2604 divi-

209 2647 296 2702 dit
323 2646 586 2701 unitatem
611 2685 627 2711 ,
657 2644 752 2701 sed
781 2642 1124 2699 ineffabiliter
1161 2641 1415 2712 coagulat
1458 2639 1805 2694 Trinitatem.

207 2735 337 2806 Ipsa
366 2744 451 2791 est
477 2736 621 2791 enim
651 2735 891 2791 Trinitas
912 2750 1054 2789 unus
1084 2733 1249 2799 Deus,
1275 2732 1444 2788 turris
1472 2731 1806 2786 fortitudinis

208 2844 247 2883 α
272 2827 413 2884 facie
434 2828 659 2893 inimici,
681 2830 773 2898 qui
799 2829 853 2883 in
872 2842 931 2884 se
950 2828 1235 2884 credentes
1258 2826 1497 2882 custodit
1525 2825 1579 2880 in
1605 2825 1804 2880 stecula

211 2919 565 2984 saeculorum,
619 2917 818 2974 Amen.
859 2936 879 2971 ι

830 3031 959 3089 ειν.
999 3028 1185 3087 XLVI.

1901 1938 2065 1993 etiam
2099 1937 2333 2006 Spiritus
2360 1946 2600 2001 sanctus,
2624 1952 2722 1991 cur
2758 1952 2897 1991 unus
2933 1935 3102 1991 Filius
3142 1935 3232 2000 sit,
3260 1944 3316 1991 et
3342 1935 3484 1990 alius

1903 2048 2009 2088 non
2030 2031 2114 2086 sit
2163 2029 2538 2085 Filius?.Ecce
2582 2029 2901 2098 respondeo,
2956 2029 3073 2083 sive
3121 2028 3330 2098 capias,
3373 2028 3490 2082 sive

1904 2141 2010 2180 non
2035 2126 2239 2194 capias.
2267 2123 2339 2178 L‘e
2360 2123 2522 2177 Patre
2548 2133 2629 2177 est
2656 2122 2849 2186 Filius,
2872 2122 2938 2176 de
2960 2120 3121 2176 Patre
3140 2129 3224 2176 est
3253 2119 3490 2190 Spiritus

1905 2222 2153 2282 sanctus,
2176 2224 2307 2280 etc.,
2330 2230 2490 2285 usque
2511 2214 2603 2278 ad,
2628 2214 2722 2268 sed
2745 2213 2871 2267 inde
2897 2222 2983 2267 est
3011 2211 3152 2267 unde
3170 2211 3432 2282 procedit.
3463 2229 3485 2264 ι
3574 2252 3579 2261 .

2442 2308 2447 2313 ’
2516 2327 2645 2383 CAP.
2687 2325 2874 2382 χιιι.

1979 2423 2109 2479 item
2130 2420 2197 2478 S.
2226 2421 2556 2492 Augustinus
2577 2433 2629 2487 ι,
2654 2421 2706 2475 in
2732 2420 2869 2474 libro
2897 2419 2965 2475 de
2988 2418 3362 2475 Incarnatione
3385 2418 3491 2474 Do-

1908 2512 2038 2569 mini
2064 2530 2079 2568 :
2110 2531 2131 2565 ι
2180 2512 2440 2580 Spiritum
2483 2526 2698 2581 quoque
2742 2520 2991 2566 sanctum
3040 2524 3145 2564 non
3188 2509 3489 2579 ingenitum

1908 2620 2084 2675 neque
2116 2605 2378 2675 genitum,
2409 2603 2501 2659 sed
2530 2618 2596 2658 ex
2628 2601 2787 2656 Patre
2815 2600 3057 2671 Filioque
3082 2600 3489 2672 procedentem,

1902 2712 1975 2753 eo
1997 2698 2137 2766 quod
2180 2696 2359 2751 Patris
2383 2703 2439 2749 et
2483 2694 2603 2750 Filii
2632 2696 2702 2750 sit
2724 2693 2980 2765 Spiritus,
3004 2704 3058 2749 et
3108 2695 3223 2764 ipse
3254 2693 3492 2751 consub-

1910 2786 2177 2841 stantialis
2220 2795 2275 2841 et
2314 2793 2616 2841 coaeternus
2644 2785 2928 2848 ambobus,
2962 2800 3064 2839 nec
3108 2784 3272 2838 alium
3324 2782 3493 2841 fuisse

1910 2878 2171 2948 Spiritum
2220 2889 2465 2932 sanctum
2515 2892 2675 2946 quem
2707 2875 2984 2931 insufﬂans
3012 2876 3196 2942 'dedit,
3226 2884 3282 2930 et
3327 2874 3494 2930 alium

1908 2986 2067 3041 quem
2099 2980 2219 3039 post
2244 2969 2614 3024 ascensionem
2638 2983 2789 3022 suam
2829 2968 2996 3022 misit.
3031 2967 3180 3023 Unus
3206 2967 3348 3023 enim
3375 2966 3497 3038 Spi-

1910 3061 2049 3115 ritus
2083 3060 2197 3125 Dei,
2230 3058 2466 3127 Spiritus
2493 3058 2672 3114 Patris
2701 3067 2758 3114 et
2794 3058 2940 3123 Filii,
2988 3056 3224 3128 Spiritus
3252 3070 3493 3123 sanctus,

288 3152 426 3202 .tem
475 3144 808 3216 Augustinus
865 3143 918 3198 in
961 3142 1352 3213 disceptatione
1398 3156 1559 3212 quam
1612 3140 1802 3196 habuit

1914 3151 2048 3207 idem
2084 3153 2223 3206 Deus
2254 3152 2345 3221 qui
2390 3160 2648 3220 operatur
2689 3151 2869 3205 omnia
2908 3151 2961 3204 in
3008 3150 3275 3204 omnibus.
3330 3148 3405 3204 Ita
3436 3159 3497 3205 ut

216 3245 411 3292 contra
455 3234 798 3291 Pasceutium
847 3233 1099 3288 comitem
1136 3233 1488 3295 Arianorum,
1531 3240 1800 3301 prteseute
1836 3233 1872 3242 ν
1903 3242 2141 3313 perfecta
2165 3243 2426 3297 crcdalur
2457 3241 2694 3295 Trinitas
2719 3249 2942 3311 propter
2964 3240 3347 3312 proprietalem
3375 3255 3497 3311 per.

215 3329 538 3394 Laurentio,
562 3327 745 3396 judice
774 3326 947 3382 electo
980 3326 1049 3380 ab
1076 3327 1322 3395 utrisque
1347 3325 1593 3395 partibus
1624 3325 1796 3394 (.epist.

217 3422 325 3478 178
357 3423 414 3476 in
440 3420 659 3492 medio).
698 3439 717 3471 t
749 3420 888 3476 Ecce
910 3420 1038 3492 quid
1063 3429 1147 3475 est
1176 3421 1511 3479 homousion,
1537 3420 1681 3489 quod
1708 3434 1803 3474 ex-

215 3515 514 3586 probratur
543 3514 779 3584 injuste?
804 3512 923 3569 Non
957 3514 1101 3570 enim
1136 3516 1358 3570 verbum
1391 3514 1593 3577 solum,
1626 3515 1720 3569 sed
1746 3521 1805 3569 et

215 3625 311 3667 res
353 3610 409 3665 in
434 3610 601 3665 verbo
640 3618 743 3675 est,
794 3624 895 3664 nec
930 3609 1077 3664 solus
1106 3624 1287 3664 sermo
1316 3624 1530 3671 ,sonans
1554 3610 1800 3673 auribus,

218 3702 320 3757 sed
348 3701 651 3756 substantia
681 3716 786 3755 una
804 3710 895 3756 est
916 3701 1010 3756 Dei
1038 3700 1303 3755 credenda
1333 3700 1386 3755 in
1417 3701 1706 3756 mentibus.
1743 3699 1801 3756 Si

220 3792 369 3848 enim
393 3794 447 3848 in
479 3792 791 3848 hominibus
812 3793 1157 3847 credentibus
1186 3792 1238 3846 in
1264 3807 1322 3847 se
1352 3800 1497 3847 totus
1521 3793 1661 3846 Deus
1682 3806 1807 3847 cre-

219 3884 436 3939 dendus
472 3893 556 3939 est
602 3882 877 3947 habitare,
910 3882 1180 3953 quomodo
1212 3881 1408 3937 Filium
1445 3891 1614 3935 totum
1664 3882 1716 3935 in
1746 3897 1806 3937 se

222 3973 410 4039 Pater,
442 3984 535 4029 aut
560 3973 729 4030 Filius
752 3974 967 4029 Patrem
997 3990 1100 4029 non
1123 3975 1386 4030 credatur
1410 3973 1701 4044 excipere?
1728 3975 1806 4029 Ae

220 4082 325 4140 per
355 4068 458 4123 hoc
493 4068 607 4138 ipse
648 4068 702 4122 in
730 4066 912 4133 Patre,
946 4074 1000 4122 et
1032 4067 1193 4122 Pater
1234 4067 1286 4121 in
1328 4083 1394 4123 eo
1429 4076 1631 4129 manet,
1660 4076 1713 4121 et
1739 4081 1807 4121 ex

222 4159 390 4216 Patre
416 4159 501 4215 vel
547 4159 684 4214 Filio
712 4169 932 4215 sanctus
964 4162 1266 4216 credendus
1305 4168 1392 4215 est
1424 4159 1659 4231 Spiritus
1700 4175 1806 4214 non

222 4251 401 4306 solum
427 4252 761 4329 procesSisse
780 4292 796 4316 ,
835 4251 927 4306 sed
959 4267 1173 4322 semper
1203 4252 1271 4306 ad
1298 4252 1603 4323 peragenda
1643 4265 1810 4321 opera

222 4344 516 4401 Trinitatis
542 4343 765 4401 omnino
789 4344 1100 4415 procedere.
1139 4363 1158 4396 ι

831 4435 960 4491 CAP.
1000 4433 1209 4489 XLVII.

1901 3348 2181 3398 sonarum,
2209 3341 2263 3388 et
2284 3348 2425 3388 unus
2454 3332 2594 3389 Deus
2619 3341 2842 3404 propter
2870 3331 3289 3406 inseparabilem
3316 3332 3498 3389 Trini-

1903 3435 2088 3482 tatem.
2122 3446 2141 3480 ι

2578 3517 2714 3574 Car.
2757 3516 2819 3573 L.

1974 3608 2105 3664 item
2140 3607 2199 3664 S.
2243 3608 2581 3677 Augustinus
2622 3608 2674 3672 ι),
2708 3608 2760 3663 ἱιι
2790 3608 2928 3663 libro
2953 3607 3323 3679 Expositionis
3368 3610 3498 3667 ﬁdei

1904 3699 1971 3754 ad
1995 3699 2212 3754 Petrum
2249 3717 2262 3753 :
2314 3717 2334 3751 ‹
2370 3699 2527 3754 Sicut
2552 3713 2683 3769 ergo
2723 3715 2825 3755 nec
2861 3699 3032 3755 Filius
3084 3702 3355 3771 posterior
3403 3714 3501 3758 aut

1905 3789 2084 3845 minor
2111 3799 2195 3845 est
2218 3789 2400 3855 Patre,
2435 3791 2506 3844 ita
2550 3805 2651 3846 nec
2687 3790 2924 3861 Spiritus
2961 3802 3185 3848 sanctus
3219 3795 3493 3863 posterior

1904 3890 2002 3937 aut
2046 3882 2225 3936 minor
2262 3890 2349 3938 est
2392 3880 2553 3948 Filio,
2603 3891 2735 3949 etc.,
2768 3898 2931 3953 usque
2974 3882 3066 3949 ad,
3097 3881 3274 3940 Graeci
3319 3885 3502 3943 οὐσίαν

1908 3989 2076 4030 vocan
2084 3983 2123 4029 ι.
2167 3993 2189 4028 ι

2579 4043 2709 4102 CAP.
2743 4043 2831 4100 Li.

1980 4155 2113 4212 Item
2154 4157 2295 4212 idem
2347 4158 2399 4213 in
2446 4156 2637 4213 eodem
2684 4171 2852 4228 opere
2908 4166 3033 4229 post
3082 4173 3256 4230 pauca
3303 4173 3320 4214 :
3374 4177 3395 4213 ι
3442 4159 3504 4218 in

1894 4228 2001 4307 illa
2029 4252 2190 4323 igitur
2216 4261 2408 4308 sancta
2443 4252 2728 4317 Trinitate,
2752 4228 3049 4322 quodideo
3084 4228 3116 4308 a
3162 4254 3322 4310 nobis
3345 4269 3504 4325 repe-

1915 4345 2065 4410 titur,
2104 4354 2164 4399 ut
2201 4353 2384 4400 vestro
2424 4346 2572 4400 cordi
2622 4346 2865 4401 tenacius
2915 4345 3193 4417 inligatur,
3237 4360 3377 4399 unus
3418 4353 3507 4400 est

1912 4435 2076 4491 Pater
2107 4436 2199 4507 qui
2226 4436 2376 4491 solus
2399 4435 2761 4491 essentialiter
2795 4435 2862 4490 de
2901 4436 3081 4506 seipse
3108 4450 3274 4490 unum
3303 4434 3505 4490 Filium

296 4525 437 4581 Item
469 4525 529 4583 S.
567 4526 902 4598 Augustinus
930 4544 943 4580 :
988 4525 1144 4591 Quod
1181 4524 1412 4596 Spiritus
1447 4534 1662 4580 sanctus
1690 4540 1813 4596 pro—
1843 4543 1890 4602 ο
1916 4526 2133 4596 genuit,
2161 4533 2217 4579 et
2251 4540 2392 4580 unus
2421 4524 2613 4589 Filius,
2652 4524 2744 4594 qui
2775 4524 2842 4579 de
2888 4540 2997 4579 uno
3036 4523 3198 4579 Patre
3231 4523 3378 4579 solus
3420 4531 3508 4579 est

223 4616 381 4672 cedat
413 4634 445 4670 a
472 4614 634 4671 Patre
656 4626 703 4672 et
730 4614 894 4682 Filio,
925 4617 976 4671 in
1016 4616 1153 4671 libro
1187 4617 1423 4671 secundo
1448 4618 1576 4688 (ima
1601 4615 1694 4669 lib.
1726 4630 1811 4681 ιιι,

225 4724 349 4779 cap.
381 4706 492 4777 i7),
538 4723 699 4780 quem
737 4707 957 4779 scripsit
998 4717 1188 4764 contra
1217 4706 1567 4762 Maximinum
1597 4706 1816 4762 haereti-

223 4817 380 4866 eum,
407 4801 488 4857 sic
515 4802 594 4856 ait
623 4820 636 4856 :
677 4819 696 4855 ι
728 4801 976 4873 Magnum
1013 4802 1213 4872 aliquid
1249 4817 1379 4856 sane
1405 4802 1497 4857 tibi
1524 4802 1709 4857 dicere
1734 4802 1815 4856 vi-

226 4893 401 4959 deris,
431 4894 556 4963 quia
588 4894 724 4949 dicis
747 4935 761 4959 ,
793 4894 963 4949 Filius
994 4903 1110 4948 erat
1137 4894 1190 4948 in
1229 4895 1493 4965 principio
1521 4905 1814 4964 antequam

226 4984 436 5055 aliquid
465 4995 632 5051 esset,
682 4984 846 5040 Pater
879 5001 1011 5039 vero
1044 4995 1170 5041 ante
1203 4987 1543 5056 principium.
1594 4985 1697 5041 Ubi
1739 4984 1815 5041 le-

224 5077 358 5150 gisti
388 5084 448 5132 ut
474 5078 577 5133 hoc
601 5079 889 5134 crederes?
912 5077 1066 5132 Unde
1093 5077 1482 5148 prmsumpsisti
1515 5085 1575 5131 ut
1603 5077 1705 5132 hoc
1732 5076 1815 5133 di-

224 5183 407 5233 ceres,
442 5168 534 5223 ubi
567 5183 669 5224 nec
710 5168 1009 5223 auctoritas
1055 5168 1162 5223 ulla
1209 5184 1310 5223 nec
1362 5167 1499 5222 ratio
1529 5168 1648 5222 est?
1676 5168 1816 5234 Quid

224 5270 315 5315 est
360 5260 508 5315 enim
546 5270 673 5315 ante
701 5260 1049 5333 principium,
1095 5259 1529 5331 quandoquidem
1557 5258 1819 5330 quidquid

304 5424 333 5453 ιι
361 5410 430 5466 In
455 5411 590 5467 libro
625 5413 689 5467 de
730 5411 1123 5467 Incamatione.
1154 5410 1366 5465 Nullum
1394 5426 1539 5466 nunc
1570 5411 1821 5467 novimus

226 5482 523 5549 Augustini
549 5491 839 5538 tractatum
863 5483 927 5537 de
956 5483 1357 5547 lncarnatione;
1385 5496 1506 5535 nam
1529 5495 1623 5536 eos
1653 5481 1820 5538 libros
1850 5530 1873 5546 .

229 5556 299 5609 de
329 5552 734 5617 lncarnatione,
776 5553 867 5623 qui
910 5554 1051 5608 inter
1077 5551 1252 5622 Opera
1285 5552 1342 5609 S.
1376 5552 1661 5622 Augustini
1688 5552 1820 5608 editi

229 5634 383 5687 sunt,
408 5624 545 5678 satis
568 5633 785 5679 constat
811 5623 1034 5679 alterius
1055 5624 1334 5692 cujusdam
1368 5637 1486 5693 esse
1516 5623 1819 5693 scriptoris.

228 5694 288 5750 in
313 5695 512 5762 quibus
536 5709 663 5749 eum
690 5710 794 5749 non
822 5696 1121 5764 reperiatur
1146 5695 1245 5747 hoc
1272 5692 1585 5764 capitulum,
1620 5692 1823 5764 nemini

232 5766 461 5820 dubium
502 5779 622 5820 esse
645 5764 807 5821 debet
836 5763 963 5833 quin
992 5769 1351 5837 fragmentum
1394 5763 1465 5818 sit
1494 5763 1676 5833 operis
1722 5778 1822 5817 cu-

1915 4614 2278 4671 essentialiter
2323 4624 2515 4680 natus;
2564 4623 2622 4669 et
2665 4630 2806 4669 unus
2850 4613 3086 4683 Spiritus
3123 4622 3367 4674 sanctus.
3410 4613 3507 4684 qui

1917 4705 2065 4761 solus
2100 4705 2463 4760 essentialiter
2501 4705 2569 4761 de
2597 4704 2761 4760 Patre
2802 4705 3048 4775 Filioque
3088 4705 3352 4776 procedit.
3391 4704 3509 4762 Hoc

1918 4803 2097 4850 autem
2128 4803 2299 4850 totum
2331 4810 2436 4850 una
2478 4810 2710 4865 persona
2745 4810 2851 4850 non
2883 4805 3095 4865 posset,
3133 4796 3186 4851 id
3212 4805 3301 4852 est
3338 4805 3395 4853 et
3420 4799 3508 4869 gi-

1916 4901 2081 4957 gnere
2125 4901 2203 4952 se,
2233 4895 2288 4941 et
2334 4887 2485 4942 nasci
2517 4888 2583 4943 de
2623 4901 2713 4953 se,
2744 4894 2801 4941 et
2835 4888 3128 4956 procedere
3157 4888 3224 4943 de
3251 4902 3330 4943 se.
3368 4888 3507 4956 Quia

1918 4976 2083 5047 igitur
2108 4975 2253 5030 aliud
2277 4984 2361 5030 est
2388 4977 2641 5046 genuisse
2662 4991 2825 5048 quam
2851 4984 3038 5030 uatum
3066 4992 3219 5039 esse.
3252 4977 3509 5049 aliudque

1922 5066 2214 5138 procedere
2247 5083 2409 5137 quam
2452 5069 2702 5139 genuisse
2748 5067 2832 5123 vel
2876 5076 3060 5122 natum
3100 5082 3250 5136 esse,
3279 5066 3533 5124 manife?

1923 5171 2067 5217 stum
2095 5171 2210 5228 est,
2234 5162 2489 5234 quoniam
2524 5162 2662 5217 alius
2696 5170 2779 5218 est
2818 5160 3005 5229 Pater,
3041 5161 3180 5219 alius
3200 5170 3285 5218 est
3316 5162 3505 5231 Filius,

1925 5252 2064 5309 alius
2092 5263 2176 5309 est
2210 5253 2443 5325 Spiritus
2471 5262 2710 5310 sanctus.
2742 5273 2761 5308 ι

1920 5408 2138 5481 jusilam
2165 5409 2448 5481 deperditi.

1999 5482 2027 5521 δ
2061 5479 2287 5555 Inlibro
2327 5480 2688 5555 expositionis.
2723 5479 2881 5555 Nune
2920 5496 3110 5555 omnes
3151 5491 3351 5538 norunt
3392 5483 3508 5555 ejus

1926 5551 2282 5623 expositionis
2311 5550 2634 5623 scriptorem
2663 5550 2832 5623 fuisse
2859 5568 2965 5608 non
2998 5554 3381 5623 Augustinum.
3411 5550 3510 5607 sed

1927 5619 2292 5745 Fulgesnotizum,
2318 5619 2475 5690 cujus
2503 5622 2649 5677 inter
2685 5622 2861 5695 Opera
2885 5623 3030 5679 edita
3058 5619 3145 5680 est
3172 5638 3314 5679 anno
3348 5624 3510 5691 1684,

1929 5708 2051 5745 nae.
2194 5730 2208 5745 .

1928 5709 2051 5765 pag.
2082 5709 2208 5745 oux.
