4000 6352
500 308 506 316 ’
603 288 697 343 ἸΙΙ

1250 393 1378 451 Cn.
1418 393 1525 450 LII.

670 513 803 569 Item
836 512 974 567 idem
1002 511 1056 566 in
1080 511 1266 566 eodem
1297 526 1461 581 opere
1484 518 1622 581 (cap.
1645 511 1702 581 2)
1734 526 1749 566 :
1779 530 1798 563 ‹
1827 511 2012 583 Neque
2037 513 2183 568 enim

544 594 548 598 Δ
602 605 658 660 in
693 603 784 658 illa
814 603 1077 658 Triuitate
1119 597 1394 673 proprium
1435 612 1578 658 esset
1619 604 1785 658 solius
1812 603 2007 670 Patris,
2041 603 2183 674 quod

602 713 710 752 non
738 705 822 755 est
850 705 1007 749 natus
1036 710 1174 765 ipse,
1208 696 1301 750 sed
1332 712 1496 750 unum
1543 695 1735 750 Filium
1760 697 1973 768 genuit;
2009 712 2185 766 neque

600 788 742 841 enim
775 786 1049 856 proprium
1089 786 1257 841 solius
1287 786 1428 850 Filii,
1460 788 1602 855 quod
1652 803 1757 840 non
1809 788 1994 858 genuit
2034 788 2181 858 ipse.

600 879 694 933 sed
728 876 904 931 Patris
929 880 1165 933 essentia
1194 890 1352 932 natus
1377 890 1501 934 cst:
1532 895 1705 949 neque
1731 881 1874 934 enim
1906 883 2181 950 proprium

600 966 837 1037 Spiritus
865 970 1059 1031 sancti,
1097 968 1237 1036 quod
1262 984 1362 1024 nec
1391 980 1550 1024 natus
1575 970 1688 1039 ipse
1718 986 1818 1024 nec
1850 972 2054 1039 genuit,
2088 973 2181 1027 sed

597 1057 746 1112 solus
790 1058 856 1111 de
902 1056 1066 1113 Patre
1116 1057 1360 1127 Filioque
1407 1058 1831 1114 incommutabili
1879 1061 2181 1115 aiternitate

595 1148 859 1220 procedit.
893 1167 913 1201 ι

1246 1217 1374 1275 CAP.
1415 1217 1542 1274 LIII.

662 1332 795 1386 Item
827 1331 967 1385 idem
1013 1331 1065 1385 in
1108 1332 1224 1402 ipso
1268 1346 1433 1401 opere
1478 1340 1601 1403 post
1644 1347 1814 1402 pauca
1863 1334 2002 1403 (cap.
2039 1331 2126 1403 Il)
2160 1352 2174 1388 :

598 1441 619 1475 ι
645 1422 979 1477 Firmissime
999 1432 1056 1476 et
1077 1422 1386 1487 nullatenus
1412 1422 1627 1478 dubites
1645 1424 1892 1478 eumdem
1918 1422 2177 1493 Spiritum

591 1523 840 1568 sanctum
883 1514 974 1583 qui
1012 1514 1192 1570 Patris
1233 1524 1289 1569 et
1334 1514 1455 1569 Filii
1489 1530 1627 1571 unus
1672 1515 1908 1586 Spiritus
1947 1526 2065 1583 est,
2112 1519 2178 1574 de

588 1603 751 1658 Patre
779 1613 834 1658 et
882 1602 1020 1662 Filio
1067 1606 1397 1674 procedere,
1427 1613 1558 1671 etc.,
1602 1622 1763 1677 usque
1806 1606 1907 1675 ad,
1956 1609 2085 1680 quia
2112 1610 2177 1664 de

586 1691 704 1762 ejus
724 1708 819 1749 ore
842 1695 1101 1764 procedit.
1133 1713 1152 1747 ι
1288 1728 1289 1731 η
1777 1712 1781 1716 λ

1223 1803 1353 1860 Car.
1394 1805 1527 1861 LIV.

655 1915 972 1971 Hormisdas
993 1932 1126 1986 papa
1148 1916 1404 1973 Romana:
1430 1916 1686 1973 Ecclesia:
1709 1932 1725 1971 :
1757 1917 1912 1983 Quod
1940 1917 2169 1989 Spiritus

585 2019 798 2063 sanctus
827 2028 858 2063 a
893 2007 1052 2063 Patre
1073 2009 1316 2082 F.Iioque
1333 2012 1589 2083 procedit,
1616 2013 1694 2067 sic.
1716 2013 1850 2068 dicit
1872 2014 1922 2068 in
1944 2014 2169 2085 epistola

583 2113 746 2167 quam
777 2098 843 2151 ad
872 2096 1143 2153 Justintttn
1174 2101 1556 2168 imperatorem
1592 2101 1740 2155 misit
1769 2102 2030 2159 adversus
2065 2103 2169 2159 Ne-

583 2188 738 2243 storii
790 2196 846 2242 et
892 2189 1205 2260 Eutychetis
1256 2189 1619 2258 blasphemias
1674 2190 1875 2260 (Epist.
1907 2193 2106 2264 LXXVI)
2149 2210 2163 2247 :

586 2299 604 2329 ς
642 2280 949 2334 Atlorcmus
978 2279 1195 2334 Patrem
1218 2289 1274 2335 ct
1301 2279 1495 2335 Filium
1527 2291 1583 2336 et
1602 2279 1863 2352 Spiritum
1891 2295 2164 2351 sanctum,

579 2367 951 2422 iudistiuctam
995 2368 1274 2433 distincte,
1305 2370 1906 2440 incompreheusibilem
1941 2383 1998 2429 et
2045 2372 2163 2429 ine-

580 2458 907 2513 narrabilem
938 2459 1295 2514 substantiam
1327 2459 1611 2516 Trinitatis
1643 2481 1655 2516 :
1694 2463 1784 2517 tibi
1813 2464 1913 2519 etsi
1965 2466 2160 2520 admit-

578 2557 656 2603 tat
686 2566 967 2605 numermn
1014 2552 1151 2604 ratio
1193 2567 1566 2621 personarum,
1599 2554 1781 2609 unitas
1829 2562 2008 2611 tamen
2051 2571 2161 2612 non

577 2638 861 2693 admittite
885 2640 1135 2695 οεεεηιίω
1161 2642 1581 2711 separationem.
1609 2644 1687 2699 Ita
1719 2653 1897 2700 tamen
1935 2655 1995 2700 ut
2044 2660 2161 2701 ser-

575 2746 766 2787 vemus
812 2733 1008 2787 divina:
1058 2734 1274 2804 propria
1322 2735 1618 2806 unicuique
1665 2750 1931 2807 personae,
1979 2746 2039 2792 ut
2091 2753 2162 2794 ne

574 2823 823 2894 personis
862 2824 1164 2879 divinitatis
1217 2824 1571 2896 singularitas
1616 2828 1932 2899 denegetur,
1959 2844 2061 2885 nec
2088 2830 2158 2885 ad
2228 2864 2235 2873 η

572 2914 863 2968 essentiam
894 2914 997 2969 hoc
1021 2915 1164 2984 quod
1188 2924 1273 2970 est
1301 2917 1578 2986 proprium
1615 2919 1891 2973 nominum
1921 2917 2156 2974 transfe-

574 3012 747 3058 ratur.
783 3003 1031 3075 Magnum
1080 3016 1194 3070 est,
1224 3017 1469 3061 sanetum
1519 3017 1575 3063 et
1613 3008 2157 3081 incomprehensibile

573 3094 887 3164 mysterium
921 3094 1226 3160 Trinitatis,
1259 3096 1397 3152 Deus
1424 3096 1606 3164 Pater,
1636 3099 1780 3155 Deus
1810 3099 2155 3166 Filius,Deus

572 3153 809 3255 Spiritus
837 3195 1076 3251 sanctus,
1109 3187 1351 3243 Trinitas
1387 3190 1647 3257 indivisa;
1680 3198 1735 3246 et
1765 3199 1942 3246 tamen
1966 3202 2154 3248 notum
2183 3153 2228 3220 Ο

569 3286 656 3330 est
682 3275 805 3343 quia
834 3277 1110 3346 proprium
1149 3285 1235 3332 est
1279 3276 1456 3333 Patris
1488 3293 1749 3348 generare
1790 3280 2006 3348 Filium,
2031 3297 2155 3354 pro-
2225 3310 2230 3314 -

569 3366 748 3436 prium
777 3365 896 3421 Filii
932 3366 1045 3433 Dei,
1074 3376 1131 3422 ut
1161 3383 1225 3423 ex
1257 3369 1418 3424 Patre
1444 3369 1595 3424 Patri
1620 3380 1940 3427 nasceretur
1964 3388 2151 3443 aequa-

566 3456 657 3522 lis,
695 3458 972 3528 prOprium
1006 3458 1243 3530 Spiritus
1277 3461 1451 3516 sancti
1485 3471 1546 3516 ut
1593 3461 1660 3517 de
1702 3462 1866 3518 Patre
1912 3473 1968 3519 et
2011 3464 2151 3520 Filio

564 3551 885 3621 procederet
928 3553 1030 3608 sub
1083 3568 1188 3608 una
1231 3554 1532 3609 substantia
1561 3555 1799 3613 deitatis.
1836 3576 1859 3611 ι

1218 3667 1346 3722 (Συ).
1376 3666 1486 3723 LV.

636 3778 764 3845 Leo,
792 3794 932 3850 papa
968 3779 1225 3836 Romanae
1252 3779 1543 3836 Ecclesiae:
1574 3780 1728 3848 Quod
1759 3779 1990 3853 Spiritus
2021 3799 2149 3838 eau-

563 3880 677 3925 ctue
700 3887 734 3925 a
768 3868 932 3926 Patre
960 3869 1205 3942 Filioque
1230 3873 1499 3942 procedat,
1523 3873 1604 3928 sic
1649 3874 1782 3929 dicit
1824 3874 1878 3928 in
1916 3874 2144 3945 epistola

561 3976 725 4030 quam
769 3962 918 4016 misit
951 3963 1019 4017 ad
1050 3962 1330 4019 Turibium
1383 3964 1787 4021 Asturicensem
1833 3968 2143 4037 episcopum

561 4052 733 4122 (epist.
768 4051 856 4115 93,
895 4067 945 4106 c.
982 4052 1034 4125 I)
1067 4072 1080 4108 ε
1124 4072 1145 4105 ‹
1189 4054 1371 4109 Primo
1421 4054 1604 4125 itaque
1649 4059 1881 4127 capitulo
1921 4060 2144 4114 demon-

560 4148 963 4211 stratur,quam
988 4143 1151 4215 impie
1180 4144 1247 4199 de
1276 4144 1545 4200 Trinitate
1571 4146 1752 4202 divina
1777 4149 2144 4219 sentiant,qui

557 4229 736 4286 Patris
757 4241 814 4285 et
842 4230 964 4287 Filii
1002 4244 1056 4288 et
1085 4233 1321 4304 Spiritus
1357 4234 1530 4289 sancti
1570 4250 1732 4290 unam
1777 4244 1941 4294 atoue
1985 4253 2139 4295 eam-

556 4321 679 4377 dem
708 4332 961 4379 asserunt
988 4340 1112 4380 esse
1143 4339 1451 4394 personam,
1503 4334 1757 4397 tanquam
1806 4329 1947 4384 idem
1996 4346 2140 4386 nunc

554 4411 737 4479 Pater,
768 4429 911 4470 nunc
930 4413 1124 4481 Filius,
1143 4432 1284 4471 nunc
1304 4415 1539 4485 Spiritus
1558 4428 1778 4474 sanctus
1792 4420 2131 4487 nominetur;

2169 1793 2175 1806 ’
2200 1793 2251 1853 Β

3225 144 3297 229 \

1699 286 1934 342 ΕΝΕΑΞ
1979 288 2398 344 PARISIENSIS
2440 291 2741 348 EPISCOPI
3706 315 3781 374 τίς

2210 416 2260 473 Α
2288 399 2395 470 ligo
2443 416 2580 487 cum.
2612 403 2755 459 inter
2806 406 3057 461 scandala
3102 422 3498 478 persecutorem
3534 422 3781 500 mitto,qm

2286 504 2373 544 me
2394 491 2660 547 charitate
2685 494 2846 550 Pater
2872 497 3065 569 diligit,
3094 514 3254 569 quem
3288 506 3469 562 venire
3511 511 3571 565 ad
3609 491 3781 578 tolerari.

2285 583 2381 636 das
2402 585 2683 653 passiones
2714 587 2863 643 fecit.
2892 589 3153 657 Quamvis
3195 596 3334 650 mitti
3372 601 3524 656 etiam
3557 606 3683 675 juxta
3712 630 3781 669 ua-

2287 680 2459 727 turam
2512 676 2811 733 divinitatis
2858 682 3031 749 possit
3076 684 3324 757 intelligi.
3375 690 3445 744 Eo
3487 696 3615 749 enim
3657 700 3779 768 ipsoa

2284 763 2442 820 Patre
2461 767 2631 824 Filius
2657 772 2796 825 mitti
2844 774 3064 840 dicitur,
3105 794 3215 847 quo
3265 797 3295 835 a
3346 781 3500 839 Patre
3538 763 3778 858 generatur.

2284 857 2416 912 Nam
2461 871 2708 916 sanctum
2747 855 2961 937 quoque
2992 868 3394 944 Spiritumqui,
3424 855 3623 935 cum'sit
3649 900 3783 955 mqua-

2284 951 2350 1007 IIS
2377 952 2525 1009 Patri
2562 964 2618 1010 ct
2645 956 2813 1022 Filio,
2853 976 2958 1016 non
2993 970 3170 1019 tamen
3200 965 3503 1024 incarnatus
3529 982 3618 1037 est,
3640 951 3781 1034 iisdem

2282 1061 2341 1100 se
2368 1045 2535 1102 Filius
2563 1049 2777 1106 mittere
2801 1054 3053 1122 perhibet
3091 1064 3145 1111 et
3193 1058 3380 1114 «licens
3423 1080 3436 1115 :
3481 1061 3601 1118 Cum
3640 1071 3782 1123 venerit

2281 1138 2591 1196 Paracletus
2626 1160 2775 1213 quem
2803 1163 2896 1216 ego
2937 1148 3087 1204 mitto
3117 1151 3260 1206 vobis
3289 1169 3323 1206 a
3354 1151 3509 1210 Patre
3533 1156 3686 1226 (Joan.
3715 1178 3782 1228 xv.

2278 1230 2393 1302 26),
2422 1241 2551 1298 etc.,
2585 1250 2747 1306 usque
2778 1238 2871 1304 ad,
2899 1237 3095 1295 debeat
3116 1243 3182 1297 ad
3208 1259 3449 1307 amorem
3476 1248 3706 1305 Domini.»

2891 1350 3021 1411 CAP.
3075 1353 3232 1410 LVII.

2346 1455 2477 1550 Item
2511 1460 2652 1517 idem
2690 1463 2745 1518 in
2777 1464 2916 1521 libro
2945 1466 3224 1525 Moralium
3256 1474 3493 1532 secundo
3533 1477 3654 1547 (cap.
3676 1478 3780 1550 27):

2282 1565 2303 1599 ι
2340 1547 2396 1604 Si
2428 1553 2727 1622 prophetiae
2759 1554 2996 1627 Spiritus
3039 1563 3318 1632 proiibetis
3360 1580 3566 1638 semper
3603 1547 3781 1637 adesset,

2276 1638 2442 1696 David
2475 1644 2587 1713 regi
2620 1646 2687 1698 de
2717 1646 2900 1717 templi
2922 1650 3353 1711 constructione
3398 1658 3693 1726 consulenti,
3716 1677 3784 1717 ne-

2276 1742 2547 1800 quaquam
2595 1733 2808 1791 Nathan
2853 1741 3115 1809 propheta
3159 1746 3500 1813 concederet,
3549 1752 3670 1820 quod
3699 1763 3784 1823 post

2277 1827 2552 1897 paululum
2582 1845 2824 1902 negaret.
2850 1835 3000 1891 Unde
3027 1838 3163 1894 bene
3188 1841 3240 1894 in
3277 1841 3561 1913 Evangelio
3583 1848 3784 1916 scriptum

2272 1933 2395 1979 est:
2439 1925 2613 1998 Super
2634 1947 2786 2001 quem
2818 1933 3006 1988 uideris
3060 1935 3322 2006 Spiritum
3366 1940 3713 1996 descendentem
3749 1953 3783 1996 et

2269 2028 2562 2072 manentem
2585 2037 2739 2091 super
2758 2039 2899 2087 eum,
2915 2025 2997 2077 hic
3018 2035 3092 2079 est
3115 2026 3205 2097 qui
3230 2028 3462 2098 baptizat
3485 2030 3646 2102 (Joau.
3660 2033 3781 2102 L53).

2270 2106 2326 2161 In
2357 2119 2581 2165 cunctos
2607 2128 2839 2183 namque
2871 2115 3054 2171 ﬁdeles
3081 2115 3321 2186 Spiritus
3347 2122 3508 2185 venit,
3530 2123 3615 2177 sed
3639 2123 3681 2177 in
3699 2123 3780 2178 solo

2267 2201 2567 2259 mediatore
2597 2205 2943 2277 singulariter
2967 2221 3285 2279 permanet;
3338 2214 3461 2282 quia
3512 2215 3617 2284 ejus
3641 2215 3781 2269 huma-

2264 2292 2490 2348 nitatem
2520 2311 2790 2366 rmnqnam
2821 2300 3079 2366 deseruit,
3103 2316 3168 2356 cx
3198 2303 3356 2372 cujus
3387 2304 3652 2362 Divinitate
3682 2320 3773 2377 pro-

2265 2388 2428 2442 cedit.
2461 2388 2518 2443 In
2552 2390 2640 2444 illo
2664 2392 2828 2463 igitur
2875 2406 3081 2461 manet,
3129 2399 3222 2468 qui
3277 2400 3429 2457 solus
3472 2411 3524 2456 ct
3559 2402 3711 2457 omnia
3744 2409 3783 2455 et

2264 2490 2480 2548 semper
2511 2490 2708 2550 potest.
2747 2502 2767 2535 ι

2885 2599 3015 2654 CAP.
3055 2600 3227 2657 LVIII.

2335 2705 2467 2761 Item
2499 2706 2640 2762 idem
2669 2708 2725 2765 in
2769 2711 2959 2767 eodem
2992 2714 3131 2770 libro
3161 2724 3284 2785 post
3324 2733 3492 2788 pauca
3536 2717 3657 2789 (cap.
3677 2715 3777 2785 28):

2264 2813 2286 2847 ι
2328 2795 2387 2850 In
2417 2797 2503 2852 bis
2530 2798 2692 2868 igitur
2726 2801 2882 2858 donis
2908 2804 3026 2859 sine
3046 2807 3244 2875 quibus
3274 2809 3348 2863 ad
3378 2810 3538 2864 vitam
3566 2810 3779 2879 perveniri

2259 2902 2368 2943 non
2396 2898 2598 2960 potest,
2631 2890 2868 2962 Spiritus
2891 2905 3113 2952 sanctus
3141 2898 3254 2954 sive
3299 2900 3357 2954 in
3405 2901 3779 2972 przcdicatoriblu

2257 2979 2398 3045 suis,
2436 2994 2532 3035 seu
2576 2981 2630 3036 in
2667 2983 2860 3039 electis
2901 2987 3155 3043 omnibus
3202 3003 3423 3060 semper
3466 3003 3648 3058 manet,
3679 3002 3779 3055 etc.,

2257 3084 2422 3142 usque
2465 3070 2556 3138 ad,
2593 3082 2781 3129 manet
2809 3076 2876 3130 ad
2912 3087 3124 3133 cuncta.
3164 3099 3184 3133 ι

2891 3185 3021 3243 ΕΜ».
3069 3186 3206 3243 LIX.

2327 3292 2461 3349 Item
2486 3294 2629 3352 idem
2657 3297 2713 3352 in
2743 3297 2884 3354 libro
2906 3302 3096 3370 quinto
3123 3302 3262 3374 (cap.
3281 3303 3381 3377 26)
3427 3322 3442 3359 :
3483 3303 3623 3372 Quod
3651 3302 3778 3372 Spiri-

2253 3395 2339 3442 tus
2364 3398 2581 3444 sanctus
2611 3392 2678 3445 de
2717 3389 2880 3448 Patre
2911 3395 3190 3464 procedat,
3215 3408 3263 3450 et
3284 3398 3355 3451 de
3373 3414 3434 3453 eo
3455 3399 3665 3469 quodest
3681 3393 3778 3449 Filii

2251 3478 2496 3549 accipiat,
2522 3481 2612 3534 ubi
2638 3481 2947 3553 intelligitur
2972 3495 3021 3538 et
3045 3485 3109 3539 ab
3128 3502 3188 3539 eo
3207 3488 3507 3557 procedere.
3534 3506 3551 3538 ι
3571 3487 3631 3542 Et
3651 3500 3777 3541 vocent

2248 3570 2399 3638 quasi
2420 3586 2567 3626 aura:
2579 3570 2711 3627 lenis
2730 3574 2908 3628 audivi
2934 3574 3056 3646 (Job
3082 3593 3157 3642 tv,
3176 3578 3286 3648 Ili).
3309 3579 3451 3646 Quid
3463 3580 3596 3634 enim
3616 3593 3696 3649 per
3709 3591 3779 3631 vo-

2245 3673 2366 3714 cem
2387 3676 2533 3716 aurre
2551 3662 2713 3730 lenis,
2730 3664 2835 3721 nisi
2859 3667 3104 3737 cognitio
3123 3668 3366 3739 Spiritus
3386 3670 3555 3726 sancti
3579 3669 3778 3738 designa-

2251 3749 2375 3803 tur?
2408 3751 2502 3821 qui
2535 3752 2605 3809 de
2633 3752 2797 3810 Patre
2825 3758 3141 3826 procedens,
3173 3768 3230 3814 et
3252 3760 3327 3817 de
3354 3776 3420 3816 eo
3438 3762 3574 3832 quod
3599 3768 3670 3816 est
3685 3756 3776 3813 Filii

2248 3840 2543 3912 accipiens,
2576 3853 2778 3900 nostra
2805 3846 3040 3902 tenuiter
3059 3850 3267 3904 notitiae
3288 3851 3613 3906 inﬁrmitatis
3637 3848 3776 3906 iniun-

2246 3930 2411 3998 ditur,
2444 3941 2579 4001 etc.,
2604 3950 2767 4006 usque
2804 3936 2897 4005 ad,
2936 3937 3290 3996 illuminanda
3330 3943 3620 4013 perturbat.
3648 3960 3666 3994 ι

2899 4050 3028 4108 CAP.
3061 4052 3171 4109 LX.

2311 4154 2630 4227 Fulgentius
2651 4159 2718 4215 ιιι
2749 4134 2904 4227 Quod
2940 4163 3084 4219 solus
3124 4163 3290 4221 Pater
3330 4171 3560 4239 genuerit
3592 4166 3769 4231 Filium,

2241 4246 2383 4302 solue
2406 4247 2579 4305 Filius
2602 4268 2636 4305 a
2658 4250 2822 4307 Patre
2848 4256 3052 4325 genitus
3076 4257 3164 4323 sit,
3191 4259 3339 4315 solus
3364 4261 3585 4330 Spiritus
3603 4269 3769 4316 canem

2240 4355 2272 4392 a
2299 4335 2461 4394 Patre
2497 4339 2743 4414 Filioque
2770 4348 3037 4415 procedat,
3056 4348 3109 4402 in
3141 4348 3280 4405 libro
3311 4354 3472 4407 tertio
3495 4368 3638 4423 quem
3660 4348 3767 4405 scri-

2238 4429 2349 4499 psit
2369 4440 2559 4486 contra
2589 4432 2912 4502 Fabianum,
2934 4438 3015 4493 sic
3049 4439 3181 4495 dicit
3210 4458 3224 4494 :
3264 4460 3285 4493 ί
3316 4441 3589 4499 Veraciter
3612 4442 3767 4513 quippe

551 4522 655 4563 nec
676 4507 818 4563 alius
843 4508 916 4564 sit
949 4510 1042 4580 qui
1068 4512 1275 4582 genuit,
1306 4512 1445 4567 alius
1465 4513 1559 4582 qui
1589 4514 1804 4585 genitus
1850 4523 1955 4581 est,
1989 4516 2129 4573 alius
2160 4518 2209 4577 D
2232 4519 2557 4590 proﬁtemur
2589 4526 2765 4580 solum
2790 4525 3007 4585 Patrem
3033 4532 3309 4610 genuisse.
3333 4534 3504 4590 solum
3531 4507 3765 4590 Filiuuide

551 4599 646 4669 qui
672 4599 739 4655 de
769 4607 1002 4670 utroque
1040 4603 1301 4671 procedit,
1333 4611 1391 4658 et
1423 4604 1713 4674 singularis
1738 4605 1917 4661 unitas
1951 4606 2006 4661 in
2037 4607 2135 4661 tri-

548 4689 654 4746 bus
670 4690 891 4759 quidem
905 4691 1199 4756 vocabulis,
1213 4692 1308 4747 scd
1325 4708 1430 4748 non
1456 4693 1509 4747 iu
1535 4693 1708 4749 tribus
1730 4694 1800 4749 sit
1817 4695 2129 4765 accipienda

547 4782 812 4850 personis.
841 4779 998 4848 Quod
1023 4781 1370 4854 blasphemiae
1415 4798 1587 4853 genus
1627 4784 1695 4840 de
1739 4783 1961 4841 Sabellii
2005 4786 2128 4857 opi-

546 4870 709 4925 nione
737 4883 1105 4942 sumpserunt.
1143 4893 1162 4926 ι

1179 4974 1327 5040 Clin.~
1343 4982 1477 5039 LVI.
1493 4980 1503 4987 ’

614 5092 928 5164 Gregorius,
951 5111 1091 5167 papa
1111 5095 1365 5151 Romanae
1390 5096 1645 5153 Ecclesiae
1668 5117 1681 5153 :
1711 5098 1865 5166 Quod
1890 5100 2121 5173 Spiritus

543 5194 757 5239 sanctus
791 5204 823 5239 a
852 5183 1012 5241 Patre
1036 5186 1277 5259 Filioque
1303 5188 1569 5259 procedat,
1598 5190 1653 5243 in
1682 5192 1904 5247 humilia
1933 5192 2003 5247 26
2043 5195 2121 5249 sic

542 5274 676 5329 dicit
707 5291 720 5327 :
755 5292 774 5326 ι
813 5274 999 5345 Itaque
1034 5278 1234 5331 dicitur
1266 5296 1277 5331 :
1315 5278 1464 5332 Sicut
1488 5279 1625 5332 misit
1641 5297 1722 5333 me
1748 5280 1929 5347 Pater,
1948 5294 1995 5336 et
2024 5301 2119 5355 ego

542 5367 690 5419 mitto
710 5382 803 5432 vos,
829 5366 1010 5439 (Joau.
1044 5385 1138 5437 xx,
1160 5370 1276 5440 2|),
1303 5371 1356 5426 id
1382 5380 1466 5426 est
1493 5387 1556 5427 ea
1582 5372 1852 5430 charitate
1895 5391 1989 5432 vos
2037 5378 2110 5433 di-

609 5536 640 5567 ι
666 5523 923 5605 Euenrite
949 5528 1350 5605 reparationem.
1389 5529 1480 5584 Sic
1503 5530 1791 5588 maluimus
1818 5549 1886 5590 ex
1927 5535 2107 5605 editis,

541 5609 721 5667 quam_
722 5598 867 5665 quod
897 5607 1058 5652 antea
1089 5598 1383 5667 legebatur,
1416 5605 1711 5658 essemiam.

607 5665 638 5709 ιι
673 5664 1005 5739 Futgentius.
1026 5664 1170 5724 Nihil
1196 5686 1262 5727 ev
1294 5673 1412 5729 istis
1438 5672 1703 5746 Fulgentii
1730 5678 1884 5738 libris
1904 5694 2081 5745 exstat
2110 5688 2139 5701 ”

2234 4609 2397 4666 Patre
2422 4622 2610 4670 natum
2636 4631 2757 4673 esse
2790 4636 2804 4674 :
2847 4621 3116 4677 veraciter
3157 4632 3325 4680 etiam
3369 4627 3591 4684 dicimus
3628 4625 3765 4681 solum

2234 4699 2500 4771 Spiritum
2520 4716 2773 4763 sanctum
2812 4709 2880 4766 de
2912 4709 3074 4768 Patre
3101 4712 3351 4787 Filioque
3374 4723 3668 4788 procedere.
3690 4734 3705 4766 ο

2867 4823 2996 4881 Car.
3038 4825 3174 4884 LXI.

2302 4930 2432 4986 Item
2461 4933 2603 4990 idem
2639 4937 2693 4991 in
2726 4938 2866 4998 libro
2896 4945 3086 5014 quinto
3121 4957 3311 5006 contra
3340 4951 3581 5007 eumdem
3602 4947 3765 5004 Γαδία-⁸

2232 5038 2403 5078 num:
2436 5045 2455 5077 ί
2498 5028 2639 5085 Ecce
2683 5032 3003 5103 inquantum
3045 5041 3217 5108 potui,
3246 5042 3371 5097 licet
3398 5044 3641 5109 breviter,
3660 5040 3758 5095 red-

2230 5115 2341 5172 didi
2370 5121 2655 5190 rationem,
2687 5140 2793 5197 qua
2821 5144 2987 5185 unum
3017 5133 3185 5189 Deum
3211 5136 3454 5195 dicamus
3495 5138 3685 5193 Patrem
3714 5141 3755 5188 ει

2228 5209 2426 5268 Filium
2457 5226 2511 5271 et
2533 5216 2793 5286 Spiritum
2814 5232 3085 5293 sanctum,
3116 5236 3172 5283 et
3198 5229 3253 5284 in
3281 5231 3395 5300 ipsa
3432 5231 3648 5303 imagine
3681 5225 3753 5283 Du"

2227 5309 2438 5363 ostendi
2468 5313 2736 5379 quoddam
2767 5316 2966 5373 divina:
2993 5322 3283 5390 agnitionis
3313 5326 3580 5381 indicium.
3600 5324 3649 5379 In
3668 5335 3749 5392 qua

2226 5401 2443 5470 quidem
2473 5404 2726 5478 imagine,
2758 5412 3049 5480 memoria,
3077 5413 3427 5489 intelligentia
3458 5426 3511 5472 et
3544 5404 3756 5472 voluntati

2215 5564 2613 5645 prieterlrrecee
2646 5566 2966 5645 fragm_enta,
2993 5589 3113 5644 qua:
3140 5574 3468 5636 'lheodull'us
3498 5578 3644 5636 etiam
3668 5588 3753 5630 exs

2215 5636 2432 5703 scripsit
2462 5636 2514 5690 in
2542 5636 2681 5694 libro
2709 5636 2775 5696 de
2798 5636 3241 5713 Spiritu‘sancto.
