4000 6352
697 224 769 311 l

142 410 264 468 715

1302 399 1506 459 LIBER
1544 397 1916 455 ADVERSUS
1956 397 2276 458 GRIECOS.

3325 400 3429 461 7H

140 535 264 577 non
288 518 490 575 habent
537 515 774 588 singulas
828 515 1183 587 propriasque
1225 527 1505 584 personas.
1553 510 1735 582 Imago
1766 517 1816 576 Α
1840 510 2030 566 turalis
2056 520 2372 583 agnoscunt.
2408 512 2535 569 Haec
2562 522 2645 569 est
2671 529 2774 570 vox
2805 513 2948 579 Filii,
2979 516 3096 572 haec
3119 524 3204 572 est
3225 515 3431 573 locutio

143 610 359 680 quippe
388 618 472 664 est
499 608 602 663 ista
630 623 734 662 non
760 616 906 669 nata,
939 606 1033 661 sed
1069 604 1240 671 facta;
1285 619 1390 658 non
1415 603 1620 675 genita,
1645 601 1740 656 scd

143 708 366 755 creata.
396 698 478 753 Ad
506 698 609 752 hoc
637 698 842 768 utique,
875 705 933 750 ut
963 697 1103 750 sicut
1129 689 1182 749 in
1212 697 1315 750 ista
1358 712 1463 749 una
1509 693 1741 764 imagine

145 791 436 845 invenitur
488 790 734 859 quaedam
791 788 1048 843 discretio
1099 786 1508 849 vocabulorum,
1566 784 1645 839 sic
1688 784 1740 838 in

145 879 249 938 illa
274 896 381 936 una
403 880 685 936 divinitate
700 888 1058 952 cognoscatur
1072 878 1328 934 discretio
1353 891 1739 947 personarum;

145 980 212 1027 et
232 971 501 1027 naturalis
524 972 703 1027 unitas
743 971 994 1027 osrendat
1042 986 1209 1025 unum
1262 969 1431 1024 Deum
1476 983 1598 1025 esse
1644 965 1745 1021 Pa.

145 1073 301 1120 trem
324 1072 380 1120 et
417 1063 636 1131 Filium,
667 1074 723 1120 et
761 1063 1023 1136 Spiritum
1068 1063 1349 1130 s‘anctum;
1389 1077 1744 1135 personarum

144 1172 292 1214 vero
347 1159 654 1229 proprietas
712 1158 1047 1214 demonstret
1106 1158 1272 1214 alium
1322 1172 1443 1214 esse
1494 1157 1742 1222 Patrem,

146 1248 326 1305 alium
351 1250 569 1317 Filium,
589 1246 751 1305 alium
776 1250 1037 1322 Spiritum
1066 1261 1333 1307 sanctum.
1364 1251 1540 1306 Alium
1564 1261 1743 1305 autem

145 1340 400 1409 Patrem,
429 1359 536 1399 non
558 1359 623 1399 eo
648 1344 791 1414 quod
817 1344 960 1400 Deus
990 1353 1094 1410 est,
1139 1345 1233 1400 sed
1279 1360 1345 1401 eo
1392 1344 1535 1414 quod
1586 1342 1746 1399 Pater

148 1444 273 1498 est;
330 1444 386 1490 et
408 1434 573 1489 alium
600 1432 817 1499 Filium,
849 1450 956 1489 non
983 1450 1049 1490 eo
1083 1435 1225 1504 quod
1257 1434 1399 1489 Deus
1427 1444 1531 1498 est,
1554 1434 1648 1489 sed
1680 1447 1746 1488 eo

149 1524 306 1593 quod
340 1523 512 1579 Filius
537 1532 660 1591 est;
692 1524 858 1579 alium
902 1539 1117 1595 quoque
1169 1523 1429 1594 Spiritum
1474 1534 1744 1590 sanctum,

148 1632 269 1674 non
293 1626 361 1672 eo
391 1617 534 1687 quod
560 1616 705 1672 Deus
731 1624 834 1681 est,
864 1617 958 1671 sed
982 1632 1046 1671 eo
1072 1618 1216 1686 quod
1242 1623 1299 1670 et
1323 1615 1499 1671 Patris
1533 1623 1589 1669 et
1623 1613 1744 1669 Filii

153 1708 402 1780 Spiritus
419 1718 523 1765 est.
547 1710 725 1765 Alium
752 1724 883 1781 ergo
915 1708 1297 1780 Patrem,quia
1328 1709 1546 1781 genuit;
1579 1708 1745 1764 alium

152 1800 383 1868 Filium,
416 1803 543 1874 quia
566 1802 632 1858 de
652 1801 816 1857 Patre
838 1809 997 1857 natus
1018 1810 1133 1868 est;
1161 1811 1218 1856 et
1242 1802 1407 1857 alium
1458 1800 1741 1873 Spiritum,

1847 601 2081 673 Spiritus
2104 604 2299 668 sancti,
2324 604 2449 674 quia
2474 604 2541 659 de
2562 614 2751 660 natura
2776 605 3219 662 Patrisnatusest
3238 605 3430 672 Filius.

1845 705 1900 750 et
1946 696 2142 751 eximie
2191 699 2435 767 procedit
2484 698 2719 769 Spiritus
2755 710 2993 755 sanctus.
3036 699 3148 771 Hoc
3191 702 3355 757 etiam
3399 717 3433 758 a

1846 783 2009 841 Patre
2036 795 2088 840 et
2127 786 2264 843 Filio
2305 787 2539 859 Spiritus
2569 799 2787 845 sanctus
2816 791 2985 857 audit,
3019 791 3146 860 quia
3174 791 3241 847 de
3271 791 3432 849 Patre

1846 886 1900 932 et
1947 877 2087 933 Filio
2133 880 2435 934 communis
2480 880 2778 937 divinitatis
2823 883 3130 953 aequalitate
3162 885 3430 954 procedit.

1846 969 1963 1026 Non
1994 986 2123 1042 ergo
2170 972 2406 1043 Spiritus
2449 983 2669 1030 sanctus
2712 973 2950 1042 loquitur
2994 992 3023 1029 a
3064 978 3261 1046 seipso,
3306 976 3432 1047 quia

1847 1080 1955 1121 non
1982 1074 2069 1122 est
2092 1081 2124 1120 a
2154 1066 2353 1137 seipso,
2385 1067 2481 1121 sed
2509 1067 2576 1122 de
2600 1066 2761 1122 Patre
2784 1078 2839 1122 et
2859 1066 2998 1123 Filio
3022 1068 3188 1125 habet
3213 1078 3435 1125 natura-

1848 1159 1954 1215 lem
2000 1160 2347 1226 locntionem,
2378 1161 2520 1215 unde
2566 1161 2884 1217 naturaliter
2932 1163 3233 1233 procedens
3273 1163 3438 1220 habet

1848 1251 2077 1321 originis
2105 1252 2409 1307 veritatem.
2436 1252 2517 1307 Ad
2548 1252 2651 1308 hoc
2676 1254 2860 1323 utique
2884 1255 3118 1325 pertinet
3143 1256 3287 1326 quod
3311 1256 3388 1310 ait
3418 1275 3430 1311 :

1849 1340 1951 1397 Ille
1980 1358 2061 1397 me
2101 1328 2432 1411 clariﬁcabit,
2478 1344 2602 1413 quia
2632 1344 2695 1398 de
2733 1360 2847 1398 meo
2879 1346 3117 1415 accipiet,
3148 1356 3197 1401 et
3224 1363 3434 1401 annun-

1850 1435 1997 1489 tiabit
2026 1435 2183 1489 vobis.
2212 1432 2404 1490 Omnia
2430 1452 2547 1507 qum
2579 1437 2730 1490 liabet
2764 1435 2926 1491 Pater
2961 1453 3077 1492 mea
3113 1446 3234 1492 sunt
3259 1454 3281 1493 :
3311 1455 3437 1509 pro-

1848 1538 2023 1599 pterea
2050 1527 2179 1592 dicti,
2205 1530 2329 1600 quia
2354 1528 2419 1582 de
2449 1545 2563 1582 meo
2594 1530 2832 1598 accipiet.
2862 1527 3036 1596 Quam
3064 1530 3201 1585 bene
3238 1531 3438 1586 verita-

1854 1623 1959 1671 tem
1985 1616 2243 1672 doctrinte
2274 1632 2385 1672 suae
2413 1619 2613 1673 veritas
2645 1618 2758 1687 ipsa
2783 1620 3052 1674 servavit!
3081 1618 3136 1675 Si
3166 1621 3310 1676 enim
3334 1619 3439 1677 hoc

1852 1724 1959 1763 non
2011 1708 2266 1774 dixisset;
2319 1710 2476 1780 quasi
2526 1725 2681 1765 suum
2737 1725 2858 1767 esse
2909 1719 3116 1766 tantum
3174 1710 3437 1783 Spiritum

1853 1802 2209 1868 ostendisset;
2259 1803 2353 1858 sed
2400 1803 2621 1859 dicens:
2670 1803 2862 1859 Omnia
2904 1821 3022 1875 qua:
3065 1805 3216 1860 habet
3275 1803 3441 1861 Pater

153 1892 290 1961 quia
322 1893 387 1947 de
413 1892 574 1947 Patre
620 1891 866 1963 Filioque
910 1894 1175 1963 procedit.
1222 1891 1339 1948 Non
1368 1901 1548 1948 tamen
1581 1891 1747 1947 alium
1774 1888 1824 1951 B
1852 1912 1966 1950 mea
1988 1905 2109 1950 sunt
2132 1914 2150 1951 :
2173 1904 2445 1968 propterea
2465 1896 2598 1962 dixi,
2621 1900 2746 1969 quia
2768 1898 2834 1953 de
2854 1916 2967 1953 meo
2992 1900 3238 1969 accipiet,
3264 1899 3438 1969 ipsum

153 1982 336 2039 Deum
372 1982 614 2049 Patrem,
666 1992 723 2039 et
775 1982 940 2037 alium
994 1984 1161 2039 Deum
1205 1983 1435 2050 Filium,
1482 1992 1536 2039 et
1582 1982 1747 2038 alium

153 2074 336 2132 Deum
359 2075 621 2147 Spiritum
646 2085 928 2142 sanctum;
977 2077 1072 2131 sed
1106 2092 1271 2131 unum
1303 2075 1473 2131 Deum
1505 2074 1746 2143 Patrem,

154 2176 221 2223 et
247 2166 471 2234 Filium,
495 2176 551 2223 et
578 2166 839 2240 Spiritum
868 2177 1135 2225 sanctum.
1169 2167 1286 2224 Non
1324 2169 1473 2224 enim
1523 2167 1749 2225 confun-

157 2256 244 2312 dit
259 2257 442 2312 unitas
465 2258 810 2325 Trinitatem,
827 2274 926 2315 nec
948 2259 1189 2316 Trinitas
1209 2270 1425 2331 separat
1448 2261 1744 2329 unitatem;

155 2347 292 2418 quia
320 2349 463 2420 quod
491 2349 546 2405 in
594 2365 951 2421 personarum
1000 2352 1334 2422 proprietate
1385 2351 1749 2419 discernitur,

157 2440 270 2497 hoc
298 2457 462 2496 unum
506 2442 828 2499 naturaliter
874 2444 1128 2500 essentia:
1169 2445 1331 2501 unius
1371 2446 1753 2502 communione

156 2545 519 2593 monstratur.
560 2556 581 2593 ι

800 2651 928 2709 Car.
961 2650 1119 2707 LXII.

236 2766 375 2822 ltem
420 2765 564 2823 idem
610 2765 667 2823 in
711 2765 852 2823 libro
893 2782 969 2822 vn
1016 2766 1255 2837 ejusdem
1305 2764 1487 2838 operis
1523 2780 1540 2821 :
1575 2783 1595 2820 ι
1629 2766 1755 2822 Νοη

159 2860 307 2915 enim
354 2858 596 2931 loquetur
635 2876 669 2914 a
707 2859 1013 2931 semetipso;
1058 2861 1149 2914 sed
1197 2876 1519 2931 qua'cunque
1576 2860 1755 2913 audiet

161 2952 436 3023 loquetur,
461 2961 649 3024 etquae
677 2961 896 3008 ventura
933 2961 1055 3008 sunt
1084 2952 1416 3007 annuntiabit
1457 2950 1620 3006 vobis.
1656 2950 1756 3006 Ille

159 3061 251 3100 me
279 3045 613 3114 clariﬁcabit,
641 3046 765 3115 quia
802 3045 867 3098 de
909 3061 1022 3099 meo
1060 3044 1307 3114 accipiet,
1347 3052 1396 3097 et
1425 3042 1757 3098 annuntiabit

160 3137 311 3192 nobis
336 3137 520 3208 (Joan.
544 3152 659 3203 ενι,
687 3136 797 3209 15).
821 3138 959 3193 Ecce
985 3138 1220 3208 primum
1240 3137 1480 3191 ostendit
1506 3153 1613 3191 non
1637 3150 1757 3192 esse

161 3227 275 3283 alia
308 3227 544 3300 Spiritus
574 3230 771 3295 sancti,
805 3244 967 3299 quam
997 3245 1118 3301 quise
1143 3240 1271 3283 sunt
1290 3227 1432 3283 Filii.
1465 3227 1670 3284 Deinde
1700 3239 1759 3283 ut

160 3322 485 3378 ostenderet
512 3321 694 3377 omnia
721 3335 822 3377 sua
846 3336 967 3377 esse
997 3336 1117 3391 qua:
1144 3320 1321 3376 Patris
1342 3328 1490 3385 sunt,
1513 3318 1709 3389 adjecit
1737 3338 1751 3374 :

165 3411 368 3469 Omnia
394 3429 718 3485 quiscunque
746 3411 899 3467 habet
928 3410 1112 3477 Pater,
1148 3429 1263 3467 mea
1288 3421 1410 3467 sunt
1442 3425 1460 3464 :
1485 3421 1759 3482 propterea

163 3505 309 3569 dixi;
341 3504 462 3575 quia
490 3503 555 3559 de
584 3520 698 3560 meo
726 3504 967 3575 accipiet,
996 3514 1045 3558 et
1076 3503 1409 3559 annuntiabit
1434 3502 1598 3558 vobis.
1626 3502 1759 3559 Illud

162 3597 340 3669 igitur
368 3596 622 3668 primitus
662 3596 1007 3652 attendamus
1033 3595 1178 3667 quod
1215 3596 1292 3651 ait
1320 3613 1333 3649 :
1364 3594 1488 3649 Non
1513 3594 1652 3650 enim
1677 3594 1757 3647 lo—

163 3700 363 3760 quetur
391 3705 424 3741 a
456 3688 754 3758 semetipso,
799 3687 890 3741 sed
934 3703 1257 3759 qurecunque
1286 3686 1463 3740 audiet
1498 3686 1755 3757 loquetur.

164 3780 307 3849 Quis
336 3791 518 3835 autem
542 3779 969 3852 comprehendat
1009 3777 1184 3848 qualis
1221 3777 1293 3832 sit
1327 3777 1471 3832 illius
1498 3775 1760 3847 simplicis

165 3882 385 3929 natura:
414 3871 634 3938 locutio,
666 3871 752 3925 vel
773 3869 951 3942 qualis
979 3869 1202 3935 auditio,
1234 3868 1324 3924 ubi
1362 3884 1467 3924 non
1507 3867 1762 3924 estaliud

166 3963 368 4020 audire
411 3978 573 4034 quam
623 3961 777 4018 esse?
821 3960 988 4016 Audit
1033 3960 1216 4031 itaque
1262 3957 1496 4029 Spiritus
1539 3966 1762 4014 sanctus

165 4071 512 4128 quacunque
535 4054 701 4110 Pater
737 4062 794 4110 et
830 4053 1001 4109 Filius
1034 4052 1199 4119 dicit,
1230 4058 1286 4107 et
1312 4052 1431 4106 haec
1463 4051 1652 4106 eadem
1684 4051 1760 4105 si-

164 4149 376 4207 militer
403 4146 552 4203 facit.
590 4146 647 4201 In
692 4145 786 4201 illa
813 4145 960 4201 enim
995 4152 1209 4209 natura,
1239 4143 1331 4198 ubi
1360 4151 1443 4198 est
1467 4157 1676 4198 summa
1707 4149 1762 4197 et

164 4256 301 4297 vera
330 4239 673 4311 simplicitas,
699 4238 755 4294 in
784 4251 851 4293 eo
876 4236 1047 4292 Filius
1076 4236 1225 4292 videt
1248 4235 1392 4307 quod
1420 4233 1584 4290 Pater
1608 4233 1761 4301 facit,

167 4334 415 4407 Spiritus
444 4341 668 4390 sanctus
694 4332 862 4397 ,audit
894 4331 1037 4403 quod
1076 4347 1200 4388 cum
1227 4329 1392 4387 Patre
1416 4329 1587 4385 Filius
1610 4329 1762 4398 dicit,

166 4428 302 4500 quia
344 4424 727 4481 communione
755 4422 1019 4479 naturalis
1060 4423 1346 4489 essentiae,
1392 4431 1449 4478 et
1490 4421 1661 4478 Filius
1698 4423 1767 4478 de

164 4518 340 4574 Patre
363 4523 525 4572 natus
547 4516 776 4576 exstitit,
805 4522 859 4570 et
884 4513 1121 4585 Spiritus
1150 4523 1374 4570 sanctus
1394 4512 1462 4569 de
1489 4511 1652 4569 Patre
1677 4512 1767 4569 Fi-

165 4608 361 4679 lioque
392 4608 656 4678 procedit.
689 4606 804 4661 IIoc
852 4606 1018 4677 igitur
1058 4614 1141 4659 est
1184 4604 1406 4673 Spiritui
1440 4613 1629 4661 sancto
1670 4619 1766 4659 au-

167 4700 314 4764 dire,
343 4698 487 4769 quod
515 4704 601 4754 est
626 4697 695 4752 de
721 4706 914 4752 natura
951 4694 1127 4750 Patris
1164 4694 1394 4765 Filiique
1423 4696 1718 4765 procedere
1748 4711 1761 4748 :

166 4800 229 4849 et
256 4792 366 4846 hoc
386 4798 471 4844 est
499 4789 669 4859 loqui,
696 4788 839 4860 quod
876 4797 963 4844 est
989 4803 1087 4858 per
1120 4788 1350 4859 gratiam
1399 4787 1605 4843 nostris
1640 4803 1765 4843 cor-

169 4882 335 4940 dibus
362 4880 708 4937 ineil'abiliter
736 4879 1011 4936 intimare.
1053 4899 1072 4932 ι
1505 4882 1517 4895 ‘

799 4994 929 5051 Cap.
962 4993 1143 5051 LXIII.

244 5111 386 5168 Item
412 5109 558 5168 idem
587 5110 642 5167 ln
669 5110 859 5167 eodem
881 5108 1057 5165 libro:
1085 5125 1104 5161 t
1134 5107 1205 5163 Et
1227 5124 1331 5164 non
1355 5108 1490 5180 rapit
1511 5126 1600 5165 eas
1623 5110 1772 5181 quis-

165 5220 337 5280 quam
363 5190 451 5259 de-
474 5218 638 5258 manu
680 5218 819 5258 mea.
850 5198 1017 5256 Pater
1057 5217 1205 5256 meus
1243 5201 1384 5273 quod
1427 5201 1571 5257 dedit
1618 5201 1767 5267 mihi,

170 5296 356 5368 majus
383 5294 623 5351 omnibus
667 5302 743 5349 est
773 5312 791 5351 :
823 5301 873 5346 et
900 5308 1052 5348 nemo
1096 5302 1261 5364 potest
1290 5309 1473 5365 rapere
1512 5293 1578 5347 de
1605 5310 1769 5348 manu

173 5387 365 5446 Patris
390 5387 512 5442 mei.
546 5383 661 5458 Ego
688 5393 738 5440 et
770 5384 933 5439 Pater
958 5400 1121 5439 unum
1150 5400 1331 5439 sumus
1358 5383 1540 5457 (Joan.
1572 5402 1627 5450 ι,
1652 5386 1767 5458 28).

171 5484 309 5541 Hau:
333 5489 424 5539 est
446 5495 579 5553 ergo
598 5490 702 5535 vox
731 5494 894 5549 quam
918 5493 1048 5534 oves
1069 5476 1188 5547 ejus
1220 5478 1445 5534 audiunt
1471 5497 1484 5532 :
1514 5494 1635 5550 quae
1663 5479 1769 5535 sci-

170 5579 309 5635 licet
348 5578 404 5632 in
445 5592 511 5633 eo
540 5575 683 5646 quod
727 5588 888 5629 nemo
936 5572 1077 5643 rapit
1103 5572 1171 5628 de
1208 5588 1370 5628 manu
1415 5573 1569 5639 Filii,
1596 5587 1772 5645 neque

173 5671 248 5729 de
277 5684 444 5726 manu
472 5667 670 5732 Patris,
700 5682 864 5721 unam
894 5666 1148 5721 virtutem
1177 5664 1299 5721 Filii
1324 5674 1377 5721 et
1403 5665 1581 5723 Patris
1610 5666 1771 5723 intel-

173 5763 388 5837 ligunt;
426 5769 482 5819 et
518 5760 799 5817 audientes
830 5760 898 5815 ab
933 5773 999 5815 eo
1030 5759 1156 5828 quia
1196 5760 1311 5831 ipse
1338 5771 1393 5815 et
1420 5759 1583 5816 Pater
1608 5776 1774 5816 unum

175 5864 333 5923 sunt,
363 5854 627 5911 unitatem
660 5866 847 5907 veram
878 5851 932 5906 in
962 5847 1121 5906 Patre
1148 5860 1202 5905 et
1236 5850 1374 5908 Filio
1399 5853 1648 5910 essentia:
1676 5868 1774 5908 na-

593 5945 874 6005 Pnnon.
910 5941 1148 6005 CXXI.

1856 1985 2120 2057 Spiritum
2169 1996 2415 2043 sanctum
2447 2004 2614 2043 unum
2655 2004 2776 2044 esse
2804 1990 3045 2045 ostendit
3082 1998 3138 2044 et
3182 1989 3359 2044 Patris
3386 1996 3472 2045 et'

1854 2094 2033 2133 suum.
2067 2076 2231 2147 Cujus
2258 2079 2610 2151 intelligentia
2654 2080 2879 2135 dicens:
2916 2078 3230 2135 Paracletus
3269 2088 3440 2134 autem

1856 2166 2082 2239 Spiritus
2106 2178 2343 2235 sanctus,
2379 2186 2530 2241 quem
2561 2166 2921 2223 mittet'Pater
2951 2170 3007 2223 in
3047 2170 3254 2224 nomine
3283 2185 3395 2223 meo
3425 2211 3440 2235 ,

1854 2254 1944 2310 ille
1968 2272 2055 2312 vos
2081 2256 2284 2312 docebit
2322 2259 2496 2312 omnia
2522 2274 2842 2329 quwcunque
2872 2259 3055 2313 dixero
3091 2258 3251 2316 vobis.
3284 2257 3447 2314 Pater

1855 2346 2041 2414 mittit,
2074 2346 2169 2402 sed
2194 2346 2251 2400 in
2283 2348 2501 2404 nomine
2532 2347 2653 2402 Filii
2682 2348 2850 2403 mittit
2881 2363 2895 2402 :
2927 2349 3163 2420 Spiritus
3184 2349 3385 2405 missus
3412 2363 3441 2403 a

1856 2438 2017 2496 Patre
2040 2440 2217 2506 docet,
2254 2440 2349 2496 sed
2373 2439 2543 2496 Filius
2574 2440 2728 2496 dicit.
2757 2440 2872 2497 Hoc
2900 2441 3067 2496 etiam
3098 2439 3190 2496 illo
3217 2442 3441 2498 demon-

1857 2538 2066 2587 stratur
2106 2530 2249 2597 loco,
2279 2530 2368 2585 ubi
2396 2529 2659 2587 Dominus
2685 2531 2817 2587 dicit
2849 2550 2862 2585 :
2895 2528 3028 2587 Cum
3053 2542 3227 2587 autem
3253 2533 3445 2589 venerit

1860 2620 2161 2678 Paraclitus
2186 2640 2339 2695 quem
2360 2641 2452 2695 ego
2485 2625 2689 2679 mittam
2714 2626 2771 2679 in
2800 2641 2888 2680 vos
2910 2642 2943 2679 a
2974 2624 3158 2691 Patre,
3190 2624 3447 2695 Spiritum

1860 2718 2114 2784 veritatis,
2143 2718 2291 2788 quia
2328 2715 2492 2773 Patre
2511 2718 2935 2789 procedit..Ecce
2982 2719 3071 2775 hic
3110 2717 3445 2789 paracletu'm

1860 2824 2021 2879 quem
2047 2810 2213 2865 mittit
2231 2808 2393 2872 Pater
2416 2809 2467 2865 in
2490 2810 2710 2866 nomine
2730 2808 2876 2877 Filii,
2900 2811 3073 2882 ipsum
3095 2809 3261 2865 mittit
3278 2808 3449 2865 Filius

1862 2912 1893 2952 a
1925 2898 2084 2954 Patre
2117 2917 2129 2953 :
2164 2899 2332 2954 mittit
2376 2908 2557 2955 autem
2598 2915 2628 2955 a
2677 2898 2838 2955 Patre
2885 2899 3146 2972 Spiritum
3178 2900 3445 2956 veritatis.

1861 2990 2025 3046 Mittit
2057 3005 2187 3061 ergo
2213 3007 2243 3046 a
2266 2990 2429 3047 Patre
2456 2990 2719 3063 Spiritum
2739 3009 2917 3059 suum,
2944 2994 3068 3064 quia
3100 2993 3217 3065 ipse
3244 3000 3328 3051 est
3350 3005 3449 3047 ve-

1863 3083 2027 3149 ritas;
2061 3083 2227 3138 mittit
2256 3098 2381 3140 eum
2422 3082 2584 3139 Pater
2636 3083 2691 3139 in
2729 3085 2948 3141 nomine
2975 3084 3096 3141 Filii
3116 3127 3130 3152 ,
3156 3084 3282 3157 quia
3310 3100 3451 3142 unus

1866 3176 2099 3247 Spiritus
2124 3186 2208 3233 est
2229 3176 2406 3233 Patris
2430 3186 2485 3232 ct
2509 3178 2651 3233 Filii.
2683 3177 2846 3234 Mittit
2866 3194 2990 3235 eum
3019 3178 3189 3235 Filius
3208 3194 3239 3234 a
3264 3178 3450 3245 Patre,

1784 3256 1830 3319 C
1861 3268 1987 3338 quia
2035 3268 2115 3323 sic
2164 3270 2411 3338 procedit
2453 3284 2484 3324 a
2527 3268 2686 3334 Filio,
2727 3270 2869 3326 sicut
2911 3270 3157 3341 procedit
3192 3288 3222 3326 a
3264 3271 3449 3327 Patre.

1859 3357 2004 3415 Idem
2047 3374 2262 3431 quoque
2308 3360 2543 3432 Spiritus
2590 3359 2789 3427 Patris,
2831 3362 2923 3433 qui
2965 3360 3198 3432 Spiritus
3227 3374 3312 3417 εει
3354 3378 3450 3417 ve-

1861 3453 2057 3509 ritatis.
2091 3453 2163 3509 De
2200 3453 2338 3508 Filio
2378 3469 2509 3525 ergo
2541 3454 2770 3524 accepit,
2794 3438 2869 3509 et
2910 3454 3092 3509 omnia
3130 3468 3250 3525 qua:
3288 3453 3455 3508 habet

1860 3545 2043 3614 Pater,
2079 3546 2202 3601 Filii
2257 3555 2413 3613 sunt,
2462 3561 2582 3615 quae
2634 3545 2870 3616 Spiritus
2922 3555 3144 3602 sanctus
3194 3547 3450 3616 accepit:

1861 3635 1991 3706 quia
2025 3651 2133 3691 non
2193 3636 2260 3692 de
2309 3635 2425 3691 solo
2467 3634 2665 3699 Patre,
2716 3651 2817 3691 nec
2857 3637 2926 3691 de
2974 3636 3090 3692 solo
3135 3636 3308 3703 Filio,
3357 3637 3451 3692 sed

1862 3726 2023 3783 simul
2064 3727 2131 3782 de
2162 3736 2391 3797 utroque
2432 3727 2694 3798 procedit.
2744 3726 2859 3784 Hoc
2906 3735 3088 3785 autem
3133 3727 3452 3784 vocabulum

1862 3820 2227 3893 processionis
2270 3820 2335 3876 de
2374 3818 2535 3875 Patre
2567 3819 2701 3875 nulli
2744 3827 3011 3875 creaturae
3053 3814 3328 3875 invenitur
3372 3822 3455 3874 in-

1864 3911 2072 3968 dultum
2095 3952 2111 3977 ,
2153 3919 2213 3966 ut
2246 3910 2549 3982 pmprietas
2589 3910 2697 3966 ista
2731 3911 3098 3982 processionis
3137 3910 3304 3966 solius
3333 3924 3455 3967 esse

1865 4005 2268 4061 demonstretur
2335 4005 2588 4060 essentia:
2652 4006 2935 4062 naturalis.
2994 4005 3248 4079 Legimus
3306 4005 3454 4060 enim

1863 4096 2061 4155 Filium
2099 4098 2165 4152 de
2205 4096 2368 4152 Patre
2414 4096 2687 4169 genitum,
2734 4107 2789 4153 et
2828 4097 3079 4169 quamvis
3119 4098 3175 4153 in
3216 4111 3283 4154 eo
3313 4097 3459 4168 quod

1865 4190 2183 4262 unigenitus
2215 4190 2441 4256 dicitur,
2491 4192 2545 4246 in
2583 4191 2700 4248 solo
2744 4191 3008 4248 naturalis
3053 4191 3331 4265 generatio
3366 4192 3460 4248 de-

1868 4289 2222 4351 monstretur,
2260 4289 2441 4337 tamen
2479 4289 2702 4353 propter
2738 4282 2971 4353 gratiam
3010 4282 3316 4353 adoptionis
3362 4296 3461 4338 nos

1867 4388 2085 4445 quoque
2135 4374 2279 4429 Deus
2321 4372 2483 4429 Pater
2534 4374 2839 4431 voluntarie
2884 4376 3074 4445 genuit
3107 4375 3275 4430 verbo
3317 4374 3462 4429 veri-

1871 4465 2021 4521 tatis.
2070 4463 2394 4535 Unigenitus
2433 4464 2599 4536 igitur
2646 4481 2787 4521 unus
2822 4473 2880 4523 et
2925 4466 3075 4521 solus
3111 4473 3194 4520 est
3242 4465 3308 4520 de
3352 4463 3459 4519 Pa-

1872 4559 1973 4615 tris
1990 4558 2229 4614 essentia
2256 4557 2427 4613 Filius
2458 4567 2618 4613 natus
2652 4576 2667 4625 ;
2703 4540 2799 4615 sed
2837 4566 2894 4613 et
2936 4574 3036 4614 nos
3084 4573 3181 4629 per
3210 4557 3461 4628 adoptio-

1792 4630 1842 4691 Ῑ)
1869 4665 1993 4707 nem
2016 4657 2072 4705 et
2113 4650 2209 4707 ﬁlii
2242 4647 2336 4704 Dei
2365 4649 2613 4712 dicimur,
2640 4658 2695 4705 et
2715 4649 2780 4704 de
2802 4650 2912 4705 Deo
2940 4648 3074 4715 nati,
3099 4649 3259 4704 beato
3283 4647 3463 4703 Evan-

1872 4741 2061 4813 gelista
2091 4740 2305 4795 dicente
2336 4757 2347 4792 :
2381 4738 2645 4810 Quotquot
2672 4750 2845 4795 autem
2878 4750 3177 4813 receperunt
3201 4756 3340 4805 eum,
3372 4741 3465 4795 de-

1870 4834 1945 4889 dit
1967 4835 2041 4888 eis
2069 4841 2374 4904 potestatem
2416 4832 2556 4902 ﬁlios
2584 4832 2683 4887 Dei
2727 4833 2864 4902 ﬁeri,
2910 4834 2993 4887 his
3041 4833 3133 4904 qui
3158 4832 3378 4887 credunt
3408 4832 3465 4887 in

1872 4926 2080 4980 nomine
2100 4924 2234 4995 ejus,
2266 4926 2356 4996 qui
2382 4940 2485 4979 non
2507 4939 2572 4979 ea:
2592 4925 2958 4996 sanguinibus,
2997 4943 3161 4998 neque
3189 4941 3255 4981 ea:
3284 4926 3465 5007 volun-

1872 5026 1979 5072 tate
2004 5017 2121 5083 viri,
2144 5018 2234 5072 sed
2259 5032 2324 5071 ea:
2346 5016 2456 5072 Deo
2480 5017 2591 5071 nati
2616 5027 2736 5072 sunt
2760 5015 2943 5090 (Joan.
2970 5034 3013 5085 ι,
3038 5017 3149 5090 12).
3176 5016 3313 5073 Cum
3333 5033 3465 5090 ergo

1874 5118 2058 5167 nosset
2079 5110 2176 5166 Dei
2215 5108 2374 5176 filios,
2407 5119 2461 5165 et
2492 5112 2558 5165 de
2586 5109 2697 5165 Deo
2726 5111 2957 5182 genitos,
2983 5119 3039 5167 et
3069 5111 3136 5167 de
3162 5111 3274 5168 Deo
3306 5122 3466 5168 natos

1874 5203 2074 5259 divinis
2104 5203 2424 5259 ostendatur
2470 5202 2721 5273 eloquiis,
2767 5204 3132 5273 processionis
3178 5214 3363 5261 tamen
3399 5206 3467 5262 de

1826 5312 1830 5316 ·
1872 5296 1986 5353 1)εο
2012 5296 2329 5353 vocabulum
2372 5312 2531 5352 nemo
2577 5303 2756 5366 potest
2778 5305 3043 5353 creaturte
3067 5297 3322 5368 cuiquam
3363 5297 3467 5353 do-

1872 5404 1997 5445 cere
2049 5402 2387 5444 concessum.
2446 5386 2586 5454 Quid
2635 5387 2732 5453 ita,
2782 5386 2887 5443 nisi
2943 5387 3072 5459 quia
3126 5387 3466 5458 unigenitum

1872 5481 2068 5538 Filium
2088 5488 2273 5551 posset
2294 5478 2557 5535 naturalis
2578 5478 2838 5534 nativitas
2864 5492 3053 5535 verum
3081 5478 3250 5534 Deum
3280 5492 3465 5534 osten-

1876 5576 2025 5639 dere,
2057 5588 2291 5644 eumque
2320 5588 2427 5628 non
2460 5572 2793 5641 adoptivum,
2827 5586 2931 5627 nec
2974 5572 3203 5627 diversae
3232 5579 3460 5636 natum,

1877 5665 1972 5721 sed
1992 5663 2507 5720 consubstantialem
2559 5663 2710 5718 Patri
2753 5663 2874 5718 sine
2922 5661 3261 5719 dubitatione
3304 5674 3464 5715 mon-

1878 5767 2074 5814 strare.
2104 5756 2408 5814 Procedere
2435 5765 2616 5812 autem
2653 5757 2719 5812 de
2749 5756 2862 5812 Deo
2893 5756 3015 5813 ideo
3041 5753 3187 5809 nulla
3212 5760 3463 5809 creatura

1881 5852 2102 5921 dicitur,
2152 5860 2211 5907 ut
2236 5851 2325 5909 ille
2358 5851 2450 5923 qui
2496 5851 2745 5923 procedit
2776 5851 2844 5906 de
2888 5849 3050 5904 Patre
3097 5855 3152 5901 et
3195 5844 3352 5912 Filio,
3386 5846 3465 5902 sic

2947 5941 3028 6002 23
