4000 6352
521 395 625 453 IIS

1639 389 1875 446 ΔΞΝΕᾹΞ
1919 386 2345 445 PARISIENSIS
2385 384 2696 443 EPISCOPI

3714 373 3821 432 τες

519 527 645 571 esse
677 513 936 570 credatur
970 509 1137 577 Deus,
1165 508 1305 565 sicut
1332 518 1413 564 est
1442 509 1604 564 Pater
1622 520 1678 563 et
1701 507 1906 573 Filius;
1939 506 2108 560 solius
2134 509 2185 569 Α
2210 504 2480 569 essentiae,
2506 489 2856 572 ejusdemque
2902 501 3193 573 potestatis
3245 507 3302 556 et
3337 496 3823 571 sempiternitatis,

522 616 608 664 est
635 607 781 663 enim
822 604 1054 676 Spiritus
1085 602 1256 657 sancti
1292 602 1358 656 de
1402 603 1564 657 Patre
1611 611 1663 656 et
1695 600 1832 656 Filio
1858 600 2106 672 proprie-

525 713 609 769 tas
643 702 745 757 ista
795 699 1176 770 processionis,
1208 696 1363 765 cujus
1407 707 1493 752 est
1529 712 1650 751 cum
1696 695 1857 749 Patre
1887 702 1944 749 et
1972 692 2110 746 Filio

522 804 716 858 natura
758 791 1078 848 communis.
1110 790 1190 846 De
1216 790 1381 845 Patre
1409 789 1609 860 quippe
1638 803 1701 842 ac
1736 786 1872 841 Filio
1915 798 2111 855 proce—

521 887 619 948 dit,
653 884 747 941 sed
779 900 888 940 non
930 883 1175 948 recedit;
1218 898 1318 937 nec
1367 889 1451 936 est
1482 882 1532 935 in
1566 879 1746 949 aliquo
1794 877 1971 932 minor
2019 883 2112 929 aut

518 977 785 1041 subditus,
832 976 922 1045 qui
970 976 1036 1031 de
1086 973 1249 1029 Patre
1295 973 1579 1035 immenso,
1620 985 1683 1025 ac
1734 970 1800 1024 de
1846 969 2112 1022 immenso

517 1066 654 1122 Filio
702 1066 1138 1137 inseparabiliter
1173 1073 1229 1120 et
1264 1081 1404 1119 unus
1435 1062 1679 1134 procedit
1718 1070 1773 1115 et
1823 1068 1986 1113 totus.
2020 1056 2111 1112 Sic

518 1162 683 1231 igitur
721 1161 771 1215 ei
799 1177 904 1216 non
934 1168 1114 1232 potest
1154 1159 1412 1230 imperari
1442 1158 1584 1228 quod
1631 1154 1954 1211 mirabiliter
1980 1167 2111 1223 ope-

527 1261 703 1307 ratur.
729 1271 748 1304 ι

1136 1344 1264 1399 CAP.
1293 1342 1482 1398 LXIV.

584 1457 717 1511 Item
762 1455 904 1511 idem
936 1456 988 1510 in
1032 1456 1168 1512 libro
1196 1472 1292 1511 vttt
1325 1454 1564 1525 ejusdem
1617 1456 1799 1527 Operis
1830 1471 1843 1509 :
1883 1474 1901 1504 ‹
1938 1453 2111 1509 Filius

514 1560 599 1607 est
626 1550 792 1621 igitur
817 1565 847 1603 a
889 1548 1051 1605 Patre
1104 1549 1327 1616 missus,
1380 1565 1483 1604 non
1524 1549 1685 1604 Pater
1722 1566 1749 1603 a
1782 1548 1943 1614 Filio,
1983 1547 2111 1617 quia

513 1640 685 1695 Filius
728 1650 812 1695 est
840 1655 870 1694 a
912 1639 1073 1695 Patre
1124 1651 1303 1705 natus,
1343 1656 1447 1695 non
1494 1640 1657 1695 Pater
1697 1659 1727 1695 a
1759 1641 1917 1695 Filio.
1953 1640 2114 1695 Simi-

518 1733 643 1788 liter
682 1732 845 1787 etiam
890 1731 1127 1802 Spiritus
1167 1740 1388 1788 sanctus
1419 1748 1448 1785 a
1488 1731 1648 1787 Patre
1670 1738 1724 1786 et
1748 1731 1888 1786 Filio
1916 1731 2113 1802 legitur
2180 1752 2191 1757 υ

513 1825 735 1888 missus,
761 1824 888 1895 quia
915 1840 945 1878 a
976 1822 1138 1879 Patre
1161 1823 1404 1894 Filioque
1434 1824 1696 1893 procedit.
1724 1823 1830 1878 Sed
1853 1824 1978 1893 quia
2003 1839 2109 1877 non

513 1930 623 1968 uno
651 1913 810 1968 modo
841 1914 896 1967 in
946 1912 1248 1985 Scripturis
1290 1914 1494 1969 sanctis
1522 1914 1719 1969 dicitur
1750 1914 1957 1978 missio,
1988 1929 2114 1983 pro-

510 2013 700 2074 pterea
727 2005 781 2059 in
810 2011 1153 2060 sacramento
1182 2005 1571 2060 incarnationis
1609 2020 1715 2060 non
1743 2004 1919 2060 solum
1949 2022 1979 2059 a
2011 2004 2114 2059 Pa-

514 2107 621 2161 tre,
673 2111 860 2152 verum
907 2097 1069 2152 etiam
1106 2098 1172 2151 ab
1207 2097 1415 2166 Spiritu
1454 2105 1642 2152 sancto
1690 2096 1891 2152 missus
1915 2105 1999 2151 est
2027 2095 2114 2150 Fi-

518 2186 645 2253 lius,
672 2187 800 2256 quia
840 2186 1110 2241 mediator
1141 2186 1235 2240 Dei
1272 2195 1325 2241 et
1346 2186 1624 2241 hominum
1666 2188 1832 2242 homo
1858 2186 2113 2242 Christus

512 2275 671 2333 Jesus
692 2278 855 2334 totius
879 2285 963 2334 est
986 2276 1271 2333 Trinitatis
1302 2278 1616 2347 operatione
1638 2278 1958 2349 plasmattts.
1988 2278 2111 2333 Alio

515 2378 695 2425 autem
747 2371 908 2425 modo
958 2370 1191 2425 mittitur
1221 2386 1248 2423 a
1279 2370 1441 2425 Patre
1469 2381 1523 2426 et
1550 2369 1687 2427 Filio
1717 2371 1953 2443 Spiritus
1985 2390 2112 2428 san-

513 2470 652 2525 ctus,
684 2462 810 2530 quia
836 2461 1158 2516 naturaliter
1186 2478 1214 2515 a
1238 2461 1399 2518 Patre
1420 2462 1666 2533 Filioque
1693 2464 1958 2536 procedit.
1986 2464 2111 2517 Mit-

513 2551 649 2605 titur
677 2553 822 2607 enim
857 2568 886 2607 a
910 2553 1071 2607 Patre
1093 2561 1148 2607 et
1174 2552 1345 2609 Filius
1376 2564 1431 2609 et
1456 2554 1692 2625 Spiritus
1725 2565 1964 2621 sanctus,
1988 2572 2111 2613 cum

512 2642 582 2696 ab
617 2642 732 2712 ipsa
761 2641 1027 2698 Trinitate
1066 2658 1175 2698 uno
1204 2643 1314 2698 Deo
1340 2644 1528 2715 gratiae
1576 2646 1833 2718 spiritalis
1878 2647 2114 2703 donatur

514 2735 760 2791 clI‘ectus.
802 2755 820 2787 υ

1149 2830 1278 2885 CAP.
1312 2829 1474 2885 LXV.

582 2944 718 3001 Item
766 2944 907 3000 idem
949 2945 1001 3000 in
1044 2945 1183 3001 libro
1240 2962 1295 3000 ix
1342 2946 1586 3016 ejusdem
1625 2948 1854 3018 operis:
1891 2966 1909 2999 ‹
1942 2948 2113 3002 Deum

513 3042 697 3113 itaque
717 3041 932 3097 Patrem
958 3057 1066 3098 non
1102 3043 1267 3099 totius
1294 3042 1600 3108 Trinitatis,
1633 3043 1728 3099 sed
1752 3042 1875 3097 Filii
1911 3051 1966 3097 ct
1990 3041 2111 3113 Spi-

524 3135 659 3191 ritus
691 3136 864 3191 sancti
890 3134 1125 3192 fatemur
1146 3144 1463 3202 auctorem;
1487 3135 1555 3191 de
1585 3150 1693 3205 quo
1723 3135 1885 3191 habet
1917 3144 1974 3190 et
1999 3135 2113 3190 uni-

523 3209 744 3300 genitus
766 3229 933 3284 Filius
957 3239 1173 3285 aeternae
1197 3229 1519 3296 nativitatis,
1550 3238 1605 3285 et
1628 3228 1862 3301 Spiritus
1890 3239 2113 3286 sanctus
2140 3246 2187 3310 ο

513 3331 732 3376 aeternae
759 3320 1125 3392 processionis
1146 3321 1429 3391 originem.
1464 3320 1655 3376 Unitas
1675 3328 1858 3375 autem
1888 3329 2111 3375 natura-

514 3412 606 3478 lis,
636 3420 944 3466 creatorem
967 3409 1164 3466 Filium
1192 3411 1258 3465 de
1287 3420 1535 3466 creatore
1564 3411 1726 3465 Patre
1759 3410 1993 3465 naturali
2019 3425 2116 3463 na-

517 3501 729 3557 tivitate
784 3501 1025 3556 insinuat
1054 3501 1352 3568 exstitisse,
1408 3510 1463 3557 et
1511 3512 1814 3557 creatorem
1849 3501 2115 3577 Spiritum

464 3640 469 3645 .
516 3600 766 3651 sanctum
792 3594 858 3650 de
882 3592 1045 3649 Patre
1074 3593 1318 3665 Filioque
1338 3594 1654 3666 procedere.
1694 3614 1714 3648 ι

1147 3710 1277 3767 CAP.
1309 3710 1496 3767 LXVI.

588 3816 721 3879 Item
754 3822 897 3878 idem
935 3822 987 3876 in
1018 3821 1158 3877 libro
1204 3839 1237 3877 x
1277 3823 1519 3893 ejusdem
1548 3826 1729 3893 operis
1760 3841 1772 3876 :
1813 3842 1832 3874 ι
1881 3824 2109 3895 Expleta

518 3931 649 3972 vero
677 3912 1022 3971 confessione
1046 3930 1187 3969 verte
1214 3915 1544 3980 Divinitatis,
1571 3929 1822 3985 veraeque
1866 3916 2118 3970 humani-

518 4009 648 4063 tatis
693 4008 837 4062 unici
865 4005 988 4060 Filii
1020 4006 1137 4073 Dei,
1183 4009 1509 4062 conlitemur
1535 4024 1633 4061 nos
1659 4007 1885 4062 credere
1916 4007 1969 4060 in
1995 4006 2112 4077 Spi-

520 4103 686 4158 ritum
709 4108 979 4163 sanctum,
1004 4100 1096 4171 qui
1120 4108 1203 4155 est
1234 4116 1373 4155 unus
1402 4099 1641 4169 Spiritus
1674 4098 1852 4154 Patris
1879 4107 1935 4153 et
1968 4098 2111 4163 Filii,

520 4196 587 4250 de
608 4192 770 4248 Patre
794 4190 1039 4261 Filioque
1067 4191 1383 4263 procedens,
1415 4192 1469 4245 in
1502 4191 1661 4247 Patre
1683 4191 1933 4261 Filioque
1962 4200 2120 4245 natu-

520 4286 709 4342 raliter
734 4300 984 4351 manens,
1025 4286 1091 4341 de
1118 4284 1280 4339 Patre
1303 4300 1367 4339 ac
1393 4283 1529 4340 Filio
1561 4284 1722 4338 unius
1768 4284 1995 4339 Deitatis
2026 4284 2120 4338 ha-

519 4381 656 4435 bens
677 4377 997 4434 naturaliter
1020 4378 1332 4433 veritatem.
1374 4396 1393 4428 ι

1111 4490 1241 4547 ευ.
1276 4487 1479 4544 LXVII.

2217 614 2381 653 unum
2415 598 2582 651 Deum
2614 596 2971 661 invisibilem;
3000 596 3075 650 ita
3114 604 3172 649 ut
3195 592 3422 665 singulis
3448 607 3827 663 personarum

2214 691 2543 762 proprietate
2568 698 2808 755 servata,
2842 704 2943 744 nec
2983 687 3413 744 substantialiter
3441 685 3695 740 Trinitas
3744 684 3831 740 di-

2212 784 2342 848 vidi,
2373 798 2472 837 nec
2505 780 2867 852 personaliter
2897 780 3092 836 debeat
3120 780 3345 835 omnino
3382 777 3669 834 confundi.
3730 776 3831 830 Pa.

2215 884 2354 932 trem
2385 890 2603 945 quoque
2628 874 2880 929 conﬁteri
2924 874 3248 944 ingenitum,
3296 872 3489 927 Filium
3544 874 3829 943 genitum,

2217 970 2481 1042 Spiritum
2507 977 2687 1023 autem
2708 976 2956 1023 sanctum
2976 982 3076 1022 nec
3098 966 3342 1038 genitum
3360 981 3455 1020 nec
3483 965 3832 1036 ingenitum,

2216 1061 2309 1117 sed
2338 1076 2405 1116 ex
2434 1058 2596 1115 Patre
2624 1066 2680 1114 et
2725 1057 2866 1113 Filio
2896 1058 3315 1129 procedentem;
3347 1053 3540 1109 Filium
3572 1070 3603 1110 a
3656 1054 3835 1109 Patre

2214 1153 2489 1209 nascendo
2533 1152 2849 1223 procedere,
2883 1150 3147 1221 Spiritum
3175 1164 3307 1205 vero
3336 1159 3584 1205 sanctum
3613 1163 3833 1220 proce—

2216 1248 2393 1304 dendo
2415 1263 2522 1303 non
2550 1247 2720 1303 nasci.
2761 1266 2779 1297 ι

2851 1357 2979 1414 CAP.
3014 1356 3200 1412 LXIX.

2286 1476 2521 1531 isidorus
2539 1476 2592 1529 in
2614 1475 2752 1532 libro
2771 1475 3006 1545 septimo
3029 1474 3493 1545 Etymo.ogtarum
3524 1473 3677 1545 (cap.
3732 1472 3835 1541 '5):

2210 1552 2374 1633 'Quod
2400 1566 2636 1635 Spiritus
2672 1576 2888 1621 sanctus
2918 1584 2951 1619 a
2978 1564 3142 1620 Patre
3165 1563 3407 1635 Filioque
3435 1565 3725 1634 procedat,
3759 1566 3839 1620 sic

2217 1641 2347 1715 dicit
2378 1678 2391 1713 :
2431 1681 2448 1712 ι
2484 1661 2722 1732 Spiritus
2748 1661 3117 1716 sanctus'ideo
3138 1659 3463 1732 praedicatur
3491 1659 3663 1723 Deus,
3699 1660 3837 1728 quia

2217 1766 2285 1807 ex
2313 1752 2475 1809 Patre
2502 1752 2750 1825 Filioque
2776 1752 3045 1825 procedit,
3076 1762 3210 1819 etc.,
3240 1768 3403 1822 usque
3457 1752 3526 1805 ad
3573 1752 3671 1808 hic
3722 1766 3840 1808 non

2218 1854 2303 1901 est
2330 1846 2468 1918 ejus.
2512 1864 2532 1897 ι
2974 1884 2977 1885 γ

2849 1938 2978 1995 Car.
3012 1938 3176 1994 LXX.

2290 2051 2423 2107 Item
2454 2052 2596 2107 idem
2624 2054 2678 2108 in
2708 2053 2900 2108 eodem
2951 2067 3117 2123 opere
3166 2059 3289 2121 post
3330 2065 3501 2121 pauca
3536 2052 3692 2122 (cap.
3730 2050 3833 2120 1):

2223 2160 2240 2193 α
2275 2142 2439 2197 Pater
2464 2143 2629 2214 igitur
2653 2152 2709 2199 et
2736 2144 2904 2199 Filius
2931 2153 2987 2199 et
3021 2143 3261 2213 Spiritus
3302 2152 3521 2199 sanctus
3572 2142 3832 2197 Trinitas

2215 2242 2270 2289 et
2297 2236 2496 2289 unitas.
2525 2235 2672 2292 Idem
2703 2238 2904 2293 etenim
2932 2253 3120 2304 unum,
3151 2238 3293 2293 idem
3324 2245 3380 2293 et
3420 2238 3542 2292 tria.
3602 2237 3667 2292 In
3724 2253 3829 2292 na-

2216 2329 2360 2390 tura,
2389 2341 2577 2392 unum,
2616 2328 2668 2381 in
2714 2328 2960 2397 personis
3000 2328 3126 2382 tria.
3162 2327 3337 2383 Unum
3366 2338 3588 2400 propter
3611 2330 3831 2401 majes-

2217 2418 2343 2473 tatis
2385 2419 2843 2483 communionem,
2879 2420 2984 2473 tria
3031 2429 3252 2490 propter
3283 2430 3643 2490 personarum
3684 2437 3829 2491 pro-

2213 2510 2520 2580 prietatem.
2556 2509 2688 2564 Nam
2717 2511 2854 2567 alius
2879 2511 3062 2578 Pater,
3089 2513 3228 2568 alius
3253 2512 3442 2579 Filius,
3475 2514 3616 2569 alius
3640 2515 3827 2586 Spiri-

2216 2609 2301 2656 tus
2328 2612 2570 2668 sattctus,
2598 2604 2692 2659 sed
2715 2604 2876 2671 alius,
2912 2621 3019 2660 non
3044 2606 3260 2675 quidem
3288 2606 3432 2661 aliud
3456 2621 3471 2660 :
3503 2607 3632 2677 quia
3660 2608 3824 2676 pari-

2216 2700 2303 2747 ter
2340 2693 2593 2767 simplex,
2649 2695 2963 2765 pariterque
3023 2697 3472 2753 incommutabile
3502 2698 3724 2755 bonum
3766 2710 3825 2755 et

2216 2793 2567 2839 coaeternum.
2605 2786 2765 2842 Pater
2789 2788 2935 2843 solus
2979 2804 3083 2843 non
3114 2798 3197 2845 est
3222 2791 3288 2845 de
3318 2790 3457 2857 alio;
3503 2791 3630 2847 ideo
3663 2792 3827 2849 solus

2215 2877 2413 2932 dicitur
2442 2879 2732 2950 ingenitus.
2751 2879 2921 2935 Filius
2936 2882 3084 2936 solus
3105 2882 3169 2937 de
3193 2881 3355 2937 Patre
3376 2892 3461 2938 cst
3475 2893 3661 2950 natus,
3691 2884 3825 2941 ideo

2216 2968 2364 3023 solus
2403 2970 2703 3039 appellatur
2751 2972 2969 3043 genitus
3000 2991 3013 3027 :
3045 2972 3282 3044 Spiritus
3324 2983 3547 3031 sanctus
3573 2976 3729 3033 solus
3756 2978 3825 3035 de

2216 3058 2376 3115 Patre
2417 3071 2472 3117 et
2505 3061 2644 3119 Filio
2679 3066 2966 3135 procedit,
2999 3066 3122 3122 ideo
3164 3066 3313 3123 solus
3350 3065 3467 3137 jam
3503 3073 3822 3137 amborum

2214 3167 2555 3229 nuncupatus
2579 3159 2833 3231 Spiritus.

2837 3296 2970 3353 CAP.
3006 3246 3216 3353 LXXI:

2291 3405 2424 3459 Item
2453 3405 2596 3461 idem
2626 3407 2679 3462 in
2706 3408 2843 3463 libro
2871 3407 3310 3465 Dill‘erentiarum
3344 3409 3460 3481 (lib.
3494 3426 3558 3474 ti,
3588 3428 3708 3481 cap.
3741 3410 3819 3483 3):

2226 3515 2246 3549 ί
2284 3497 2431 3552 Inter
2454 3514 2743 3569 personam
2786 3500 2966 3557 Patris
3001 3510 3055 3557 et
3098 3500 3221 3556 Filii
3256 3511 3313 3556 et
3360 3499 3605 3572 Spiritus
3645 3502 3823 3558 sancti

2220 3591 2296 3645 ita
2328 3593 2656 3659 secernitur,
2680 3594 2822 3663 quod
2856 3592 3020 3648 Pater
3048 3610 3147 3650 nec
3173 3593 3348 3649 factus
3378 3609 3480 3649 nec
3504 3604 3667 3649 natus
3694 3606 3818 3662 est;

2219 3682 2391 3739 Filius
2428 3693 2589 3740 natus
2633 3700 2740 3741 non
2788 3684 2982 3751 Iactus,
3023 3684 3259 3756 Spiritus
3305 3702 3435 3742 vero
3462 3695 3689 3742 sanctus
3722 3702 3822 3742 nec

2219 3784 2382 3832 natus
2425 3793 2527 3833 nec
2572 3778 2781 3845 factus,
2824 3780 2918 3835 sed
2950 3794 3016 3834 ex
3060 3780 3221 3835 Patre
3258 3781 3588 3852 procedens,
3629 3801 3648 3834 ι
3684 3792 3819 3849 etc.,

2220 3882 2384 3937 usque
2405 3867 2474 3921 ad
2496 3868 2655 3937 ﬁnem
2684 3870 2890 3940 capitis.
3156 3878 3163 3881 ‘

2733 3999 2742 4007 ’
2826 4002 2955 4059 CAP.
2999 4002 3207 4058 LXXII.

2290 4114 2425 4169 Item
2452 4115 2595 4170 idem
2624 4115 2681 4169 in
2719 4115 2856 4172 libro
2880 4114 3291 4171 Sententiarum
3322 4115 3436 4187 (lib.
3467 4132 3508 4183 ι,
3540 4133 3663 4187 cap.
3688 4117 3816 4189 I7):

2227 4206 2493 4278 «Spiritus
2527 4217 2749 4263 sanctus
2771 4218 2986 4262 creator
2998 4217 3102 4274 est,
3128 4210 3267 4264 sicut
3288 4206 3450 4264 Pater
3473 4218 3531 4265 et
3557 4210 3815 4277 Verbum,

2221 4309 2453 4357 testante
2502 4301 2764 4371 propheta
2796 4319 2809 4355 :
2841 4299 3074 4373 Spiritus
3117 4304 3328 4363 Doinim'
3370 4302 3499 4372 fecit
3545 4321 3656 4371 me,
3687 4316 3736 4359 ct
3763 4307 3817 4359 iit

2219 4393 2542 4466 spiraculum
2576 4396 2946 4466 omnipotentis
2995 4395 3271 4465 viviﬁcavit
3303 4413 3384 4451 me
3429 4395 3559 4468 (Job
3624 4413 3819 4464 xum,

2221 4487 2299 4558 4).
2325 4486 2562 4559 Spiritus
2589 4496 2809 4544 sanctus
2830 4488 3011 4545 Patris
3036 4498 3094 4546 et
3122 4489 3246 4545 Filii
3269 4498 3387 4557 est;
3412 4499 3470 4546 et
3498 4490 3632 4547 inde
3657 4507 3819 4547 unum

588 4604 723 4660 Item
746 4604 911 4669 idem,
936 4620 995 4657 ut
1017 4601 1331 4658 ostenderet
1356 4598 1622 4686 Spiritum
1656 4607 1906 4655 sanctum
1935 4615 2119 4672 aaqua-
2145 4606 2200 4667 Ι)
2224 4580 2552 4686 Μυί-Ρξλιθν
2585 4580 2896 4686 ginnas;
2945 4582 3074 4685 quia
3111 4582 3247 4638 nihil
3297 4583 3464 4686 habet.
3487 4582 3660 4640 Ρθῑετ
3681 4585 3818 4656 (μιοά

520 4699 625 4761 lem
658 4698 803 4753 Patri
835 4706 890 4753 et
920 4695 1082 4762 Filio,
1130 4692 1380 4749 eumdem
1423 4691 1686 4763 Spiritum
1719 4703 1969 4750 sanctum
1993 4704 2047 4751 et
2086 4711 2118 4751 a

520 4789 681 4845 Patre
710 4798 766 4845 et
788 4804 821 4844 a
845 4787 1003 4854 Filio,
1036 4795 1091 4841 et
1112 4784 1310 4840 Filium
1341 4800 1373 4839 a
1405 4782 1571 4839 Patre
1608 4794 1663 4839 et
1688 4784 1895 4857 Spiritu
1927 4795 2120 4844 sancto

520 4883 748 4938 missum
779 4896 899 4937 esse
927 4888 1157 4936 testatur
1183 4878 1237 4933 in
1267 4877 1407 4934 libro
1433 4878 1676 4934 secundo
1699 4894 1863 4951 quem
1894 4881 2121 4951 scripsit

533 4971 1040 5032 lth-asemundum
1069 4987 1249 5044 regem
1276 4970 1419 5044 (Lib.
1452 4986 1493 5028 ll
1517 4971 1585 5025 ad
1604 4970 1922 5040 Monimum,
1954 4988 2005 5029 c.
2025 4972 2114 5046 6):

532 5085 552 5119 ι
594 5065 715 5122 Iam
756 5083 901 5123 nunc
932 5066 1099 5123 etiam
1146 5064 1234 5122 illa
1274 5065 1432 5121 nobis
1469 5075 1551 5121 est
1583 5064 1649 5120 de
1681 5062 1916 5135 Spiritus
1948 5065 2125 5121 sancti

531 5156 785 5216 missione
822 5159 1049 5229 quaestio
1101 5157 1448 5223 revolvenda,
1510 5164 1642 5224 etc.,
1694 5173 1859 5230 usque
1888 5157 1957 5213 ad
1986 5171 2125 5228 quo-

530 5262 691 5320 quam
716 5248 904 5307 localis
927 5251 1213 5307 adventus.
1250 5268 1269 5300 ι

1131 5361 1261 5417 Car.
1294 5358 1525 5414 LXVIII.

595 5476 852 5541 Isidorus,
906 5474 1189 5546 Spalensis
1240 5474 1547 5545 episcopus,
1608 5474 1663 5529 in
1705 5474 1845 5531 IIDI'O
1888 5475 2125 5535 secundo

527 5569 840 5631 Maiorum
882 5570 1019 5640 (cap.
1061 5566 1155 5638 25)
1188 5567 1331 5622 inter
1357 5577 1552 5624 caetera
1583 5568 1663 5625 sic
1704 5568 1874 5623 dicit:
1925 5586 1944 5619 ι
1998 5566 2125 5625 Ηωα

526 5674 614 5721 est
653 5671 838 5718 autem
876 5669 1001 5730 post
1054 5659 1410 5727 apostolicum
1457 5658 1772 5731 Symbolum
1816 5660 2125 5715 certissima

529 5756 686 5818 ﬁdes,
719 5767 883 5822 quam
914 5751 1165 5807 doctores
1186 5751 1357 5806 nostri
1387 5751 1740 5817 tradiderunt,
1777 5760 1836 5806 ut
1870 5752 2128 5821 proﬁtea-

532 5863 655 5904 mur
683 5847 895 5904 Patrem
934 5853 991 5901 et
1034 5844 1230 5900 Filium
1279 5853 1334 5900 et
1383 5844 1648 5914 Spiritum
1689 5854 1939 5901 sanctum
1965 5845 2127 5902 unius

2225 4689 2332 4729 non
2360 4672 2556 4727 habeat
2584 4671 2774 4729 Filius.
2802 4672 2918 4729 Non
2943 4676 3087 4729 enim
3102 4690 3193 4731 res
3214 4690 3320 4730 una
3345 4684 3403 4731 et
3432 4676 3671 4733 duorum
3691 4692 3815 4733 cono

2225 4764 2598 4821 substantialis
2636 4765 2839 4835 poterit
2879 4765 3043 4821 simul
3087 4766 3156 4820 ab
3195 4766 3276 4822 eis
3314 4766 3639 4837 procedere,
3673 4776 3727 4824 et
3752 4766 3819 4821 si-

2225 4857 2336 4913 mul
2370 4858 2570 4925 ineSSc,
2600 4859 2703 4914 nisi
2730 4873 2899 4913 unum
2932 4856 3135 4913 fuerint
3168 4873 3199 4913 a
3230 4857 3430 4929 quibus
3472 4859 3746 4930 procedit.
3792 4876 3813 4909 ι

2825 4989 2953 5046 CAP.
2980 4988 3211 5045 LXXIII.

2307 5103 2542 5173 Prosper
2562 5102 2617 5157 in
2646 5100 2785 5158 libro
2804 5102 2870 5158 de
2901 5102 3021 5157 Vita
3050 5102 3468 5173 contemplativa
3496 5098 3626 5175 (sive
3663 5101 3818 5158 lulia-

2235 5211 2332 5249 nus
2374 5194 2652 5249 Pomaria:
2679 5192 2770 5248 lib.
2803 5210 2844 5262 ι,
2890 5210 3004 5264 cap.
3034 5195 3100 5250 I8
3134 5204 3182 5250 et
3217 5193 3304 5268 I9)
3335 5213 3349 5249 :
3388 5194 3547 5261 Quod
3596 5197 3817 5266 Spiritu

2234 5295 2445 5342 sanctus
2486 5303 2517 5340 a
2560 5283 2743 5352 Patre,
2775 5294 2822 5341 et
2859 5284 3001 5341 Filio
3035 5287 3305 5358 procedat,
3358 5289 3438 5344 sic
3465 5289 3622 5345 docet
3656 5307 3669 5341 τ
3703 5309 3720 5341 ι
3751 5288 3813 5342 At

2236 5396 2357 5436 cum
2386 5394 2493 5435 non
2533 5380 2708 5436 solum
2744 5382 3038 5436 secundum
3085 5380 3403 5452 Apostolum
3434 5398 3535 5439 nos
3576 5392 3813 5458 oporteat

2236 5469 2466 5527 formam
2493 5471 2737 5542 praebere
2766 5471 3038 5539 ﬁdelibus,
3069 5473 3163 5528 sed
3202 5473 3366 5529 etiam
3394 5491 3491 5531 eos
3525 5476 3668 5547 ipsos
3699 5476 3811 5530 ﬁde

2233 5565 2311 5620 les
2333 5566 2422 5635 qui
2454 5566 2609 5622 nobis
2634 5564 2894 5622 divinitus
2918 5566 3238 5623 instituendi
3265 5569 3545 5625 commissi
3585 5579 3709 5625 sunt
3735 5567 3810 5622 in.

2234 5669 2444 5716 struere
2481 5661 2791 5725 debeamus,
2842 5661 2908 5715 de
2961 5658 3125 5717 Patre
3170 5662 3446 5732 quomodo
3499 5662 3642 5718 solus
3683 5659 3807 5715 acci-

2232 5752 2414 5823 piatur
2436 5751 2741 5823 ingenitus;
2771 5751 2838 5806 de
2862 5749 2999 5807 Filio
3022 5752 3293 5823 quomodo
3321 5753 3471 5809 solus
3500 5753 3706 5808 dicatur
3724 5764 3805 5821 ge-

2170 5914 2177 5920 ,
2234 5845 2408 5911 nitus;
2440 5853 2496 5901 et
2518 5845 2583 5900 de
2610 5843 2815 5916 Spiritu
2851 5856 3038 5902 sancto
3068 5847 3339 5919 quomodo
3369 5863 3438 5903 ex
3468 5846 3624 5903 Patre
3651 5854 3700 5900 et
3726 5841 3784 5899 Fi
