4000 6352
157 400 277 457 ’117

1324 386 1527 444 LIBER
1554 367 1926 441 ADVeusus
1949 378 2273 437 cumcos.

3264 444 3267 447 η
3338 377 3451 437 718

155 521 242 591 lio
264 517 584 591 procedens,
608 527 711 570 nec
742 512 1016 583 ingenitus
1044 507 1219 581 possit
1242 506 1348 562 dici
1375 519 1476 561 nec
1514 501 1745 575 genitus.
1780 506 1829 566 Α
1855 496 2045 562 sibilis,
2076 466 2497 568 corpus‘nostrae
2522 488 2827 568 fragili-tatis
2852 492 3145 566 assumpsit
3182 512 3194 547 :
3229 508 3334 549 non
3382 504 3444 555 ut

157 613 412 681 Qualiter
444 610 546 665 ista
587 608 688 661 tria
714 620 880 660 unum
912 604 1044 667 sint,
1086 611 1141 657 et
1169 602 1271 655 hoc
1294 614 1459 653 unum
1486 612 1592 651 non
1620 594 1755 649 divi—

158 709 350 772 datur,
364 702 459 760 sed
481 702 843 772 distinguatur
876 697 931 752 in
959 696 1082 762 tria,
1115 713 1135 747 ι
1184 702 1315 761 etc.,
1344 707 1504 763 usque
1531 688 1601 743 ad
1622 690 1758 743 bene

157 809 313 873 agat.

184 876 189 881 ’
754 882 885 939 CAP.
925 876 1160 936 LXXIV.
1184 894 1197 901 '
1730 946 1733 947 ν

171 1048 175 1055 ι
241 1005 495 1078 Vigilius,
534 1002 824 1058 Africanus
862 1000 1147 1071 episcopus
1194 995 1293 1069 [αι.
1321 1035 1336 1063 ,
1372 992 1599 1066 Vigilius
1644 989 1760 1046 sive

166 1098 366 1170 Virgil.
410 1095 655 1153 Trident.
701 1094 892 1164 episc.,
941 1092 978 1146 l.
1027 1090 1094 1164 t],
1139 1089 1401 1161 Spiritum
1445 1092 1691 1143 sanctum
1726 1097 1760 1138 a

162 1191 339 1245 Patre
377 1188 623 1258 Filioque
664 1184 959 1257 procedere
1001 1184 1086 1238 his
1112 1182 1293 1238 verbis
1330 1180 1665 1236 demonstrat
1703 1175 1761 1231 in

162 1283 330 1338 libris
369 1296 506 1352 quos
536 1279 756 1350 scripsit
788 1274 1253 1346 Constantinopoli
1290 1275 1345 1328 in
1391 1270 1761 1327 defensionem

160 1375 307 1431 Ionii
336 1373 534 1429 Leonis
553 1386 705 1444 papae
732 1378 919 1426 contra
942 1367 1412 1440 Eutychianistas:
1448 1383 1466 1416 ι
1499 1361 1762 1418 Similiter

162 1467 332 1522 nobis
361 1474 417 1521 et
453 1466 519 1520 de
558 1462 822 1519 Trinitate
852 1459 1207 1532 quaestionem
1236 1457 1471 1527 aliquam
1519 1461 1759 1519 movent,

165 1543 229 1613 ut
280 1555 411 1627 quia
463 1562 589 1610 sunt
619 1554 865 1624 quaedam
897 1551 1114 1623 propria
1162 1549 1362 1614 Patris,
1390 1563 1511 1619 quae
1549 1561 1651 1601 nec
1695 1543 1781 1600 ad-

161 1644 393 1714 Filium,
444 1662 544 1701 nec
591 1646 659 1701 ad
711 1644 973 1715 Spiritum
1020 1641 1267 1698 sanctum
1317 1640 1658 1710 pertineant;
1711 1643 1765 1691 et

162 1750 301 1797 sunt
325 1740 569 1810 quaedam
598 1737 817 1809 propria
849 1734 989 1797 Filii,
1037 1748 1157 1804 quae
1185 1747 1286 1787 nec
1315 1731 1381 1784 ad
1401 1730 1620 1784 Patrem
1664 1741 1765 1781 nec

161 1833 235 1889 ad
266 1831 530 1903 Spiritum
559 1838 807 1886 sanctum
840 1826 1167 1897 pertineant,
1198 1832 1251 1879 et
1280 1830 1404 1878 sunt
1432 1822 1596 1875 etiam
1642 1818 1765 1889 Spi-

162 1929 312 1984 ritus
335 1925 506 1982 sancti
547 1921 803 1979 nonnulla
830 1920 1071 1992 propria,
1121 1934 1241 1988 qua:
1290 1931 1390 1972 nec
1419 1916 1484 1970 ad
1522 1914 1759 1979 Patrem,

161 2036 270 2075 nec
316 2020 382 2074 ad
410 2017 604 2073 Filium
638 2015 913 2087 pertinere
959 2018 1354 2072 monstrantur,
1383 2016 1492 2063 tres
1522 2023 1551 2061 a
1601 2021 1659 2061 se
1683 2006 1766 2059 in-

160 2112 347 2167 vicem
413 2117 696 2179 separatos
749 2105 1110 2160 criminentur
1184 2100 1482 2157 catholicos
1539 2098 1764 2152 credere

163 2204 325 2259 deos.
358 2201 466 2256 Sed
500 2215 566 2257 ne
601 2198 829 2254 forsitan
857 2197 1133 2266 inopinata
1172 2194 1473 2265 qutestione
1506 2192 1759 2257 turberis,

162 2297 395 2351 adverte
425 2307 525 2365 per
539 2292 746 2363 singula
761 2289 997 2360 suscepti
1022 2287 1257 2343 hominis
1280 2286 1761 2357 dispensationem,

163 2403 271 2443 nec
298 2388 366 2441 ad
388 2385 605 2440 Patrem
630 2398 730 2437 nec
752 2383 818 2436 ad
852 2381 1137 2452 Spiritum,
1182 2378 1276 2435 sed
1303 2380 1369 2434 ad
1401 2378 1573 2433 solum
1600 2377 1766 2447 perti-

162 2494 305 2534 nere
349 2477 565 2532 Filium.
617 2475 840 2543 Proprie
887 2474 1032 2529 enim
1095 2470 1264 2526 Filius
1314 2486 1423 2526 non
1470 2468 1668 2533 Pater,
1701 2468 1767 2523 de

164 2570 402 2641 Virgine
421 2576 580 2622 natus
607 2576 708 2622 est.
748 2565 956 2620 Rursus
983 2563 1071 2617 illa
1097 2578 1214 2632 qua:
1244 2577 1405 2633 super
1431 2576 1554 2616 eum
1586 2560 1766 2615 audita

166 2668 258 2721 est
280 2679 411 2727 vox,
442 2661 544 2716 Hic
569 2671 641 2715 est
674 2657 845 2715 Filius
890 2675 1034 2712 meus
1062 2657 1305 2721 dilectus,
1334 2671 1432 2710 nec
1474 2655 1540 2708 ad
1568 2654 1765 2709 Filium

168 2772 279 2817 nec
332 2758 400 2814 ad
444 2756 707 2828 Spiritum
745 2763 1016 2820 sanetum,
1050 2753 1143 2808 sed
1193 2753 1256 2807 ad
1287 2752 1501 2806 Patrem
1534 2749 1770 2820 pertinet

173 2852 379 2908 solum.
413 2850 544 2905 Item
570 2849 833 2905 columba:
857 2848 1067 2921 species
1094 2859 1214 2914 qua:
1240 2844 1294 2897 in
1343 2841 1577 2897 Iordane
1608 2855 1771 2909 appa-

172 2945 316 3008 ruit,
348 2951 403 2997 et
431 2942 711 3014 ignearum
736 2940 1039 3007 linguarum
1072 2936 1422 3004 multipertita
1437 2933 1765 2996 distributio,

171 3034 405 3109 proprie
452 3033 518 3087 ad
543 3032 716 3087 sancti
747 3030 982 3101 Spiritus
1010 3044 1296 3099 personam
1326 3027 1595 3096 pertinere
1619 3040 1772 3079 mou-

172 3135 414 3184 etratur.
448 3124 555 3180 Sed
584 3139 651 3179 ne
677 3124 854 3178 adhuc
876 3123 942 3177 de
973 3122 1056 3175 his
1079 3118 1503 3191 proprietatibus
1533 3117 1768 3183 dubites,

174 3221 314 3277 audi
347 3217 708 3275 manifestius.
751 3215 1034 3284 Proprium
1084 3212 1260 3267 Patris
1289 3221 1371 3266 est
1399 3210 1668 3280 genuisse,
1716 3215 1772 3263 et
1796 3242 1843 3307 Ε

174 3312 465 3384 proprium
513 3308 634 3364 Filii
663 3315 745 3363 est
768 3315 952 3361 natum
986 3305 1187 3369 fuisse;
1221 3302 1499 3374 proprium
1525 3316 1653 3356 vero
1688 3308 1774 3354 est

172 3402 419 3477 Spiritui
467 3409 654 3457 sancto
697 3400 764 3455 de
812 3398 975 3453 Patre
1016 3397 1258 3467 Filioque
1300 3394 1616 3466 procedere.
1664 3391 1774 3449 Nec

174 3497 411 3553 omnino
452 3495 821 3565 reciprocatur
849 3492 902 3546 in
951 3490 1111 3545 aliam
1164 3504 1475 3559 personam,
1505 3487 1646 3558 quod
1691 3493 1777 3542 est

167 3589 485 3658 unicuique
508 3601 753 3657 personae
771 3584 1081 3655 specialiter
1104 3583 1405 3653 proprium.
1435 3580 1491 3637 Si
1532 3595 1662 3652 ergo
1693 3581 1776 3636 hae

179 3691 299 3738 tres
342 3695 589 3751 personae
639 3677 904 3733 habentes
944 3675 1167 3747 singulae
1218 3675 1576 3744 proprietates
1626 3687 1775 3738 suas,

177 3774 384 3845 quibus
427 3770 825 3841 signiﬁcantius
871 3764 1291 3841 distinguantur,
1319 3780 1425 3819 non
1467 3764 1663 3833 quibus
1692 3779 1777 3818 se-

168 3874 469 3938 parentur,
524 3876 665 3919 unus
714 3870 801 3917 est
855 3860 1043 3925 Deus,
1100 3858 1371 3928 quomodo
1418 3856 1589 3912 Filius
1629 3857 1777 3911 salva

179 3957 472 4025 utriusque
520 3962 729 4008 naturae
771 3951 1104 4022 preprietate
1150 3966 1257 4007 non
1299 3957 1384 4006 est
1428 3963 1565 4005 unus
1616 3947 1775 4005 Chri-

177 4049 346 4107 stus?
389 4067 409 4101 ι

174 4134 179 4137 ’
796 4138 923 4194 CAP.
961 4136 1174 4193 LXXV.

256 4255 504 4319 Proclus,
519 4251 1148 4322 Constantinopolitanus
1161 4250 1464 4320 episcopus,
1485 4248 1536 4303 in
1551 4247 1778 4319 epistola

177 4352 249 4408 ad
278 4350 571 4405 Armenios
599 4350 857 4404 adversus
890 4346 1173 4401 hmretieos
1203 4345 1469 4399 destinata
1514 4343 1778 4413 Spiritum

177 4449 435 4500 sanctum
485 4440 553 4494 ab
587 4438 823 4493 essentia
857 4437 1076 4491 deitatis
1123 4433 1555 4505 inseparabiliter
1590 4448 1780 4504 proce-

176 4536 318 4591 dere
346 4533 433 4588 his
460 4531 643 4586 verbis
671 4531 860 4585 edocet
891 4546 903 4581 :
941 4545 960 4577 ι
994 4526 1287 4597 Fugiamus
1330 4525 1511 4596 itaque
1548 4524 1777 4580 consilia

177 4626 539 4690 seductionis,
582 4623 780 4678 ﬂuenta
830 4620 1207 4675 haereticorum
1262 4618 1383 4673 dico
1425 4617 1728 4688 perniciosa
1754 4658 1769 4683 ,
1799 4614 1853 4675 Ι)

176 4721 405 4788 Deoque
444 4716 659 4770 inimica
689 4712 961 4782 contagia,
990 4710 1102 4763 Arii
1134 4710 1431 4772 vesaniam,
1468 4708 1559 4778 qui
1596 4704 1774 4762 Trini-

174 4821 351 4866 tatem
382 4806 797 4878 inseparabilem
848 4802 1168 4859 substantiis
1221 4801 1411 4855 dividit
1458 4818 1469 4853 :
1524 4798 1773 4854 Eunomii

176 4905 490 4967 audaciam,
540 4901 643 4972 qui
675 4907 926 4953 naturam
976 4890 1574 4964 incomprehensibilem
1613 4891 1774 4945 .infra

176 4999 467 5055 scientiam
497 4992 853 5049 humanitatis
884 4988 1112 5043 includit
1148 5001 1163 5040 :
1195 4985 1475 5040 Manichtei
1516 4994 1572 5038 et
1600 4983 1776 5038 Mace-

175 5092 330 5148 donii
379 5088 609 5152 rabiem,
662 5086 757 5156 qui
799 5088 1107 5153 sequestrat
1154 5080 1224 5134 ab
1266 5077 1502 5136 essentia
1551 5076 1778 5132 Deitatis

176 5187 452 5258 Sgiritum
493 5188 766 5244 sanctum,
808 5173 1267 5246 ntseparabiliter
1307 5172 1710 5245 procedentem.
1751 5189 1771 5223 ι

785 5288 913 5344 CAP.
952 5284 1187 5341 LXXVI.

252 5405 514 5479 Agnellus
562 5403 617 5457 in
654 5399 883 5472 epistola
935 5388 1020 5452 ad.
1054 5395 1313 5460 Menium,
1353 5394 1492 5465 quod
1543 5390 1775 5462 Spiritus

176 5512 396 5560 sanctus
449 5514 482 5551 a
513 5495 675 5550 Patre
700 5486 943 5565 procedat
990 5499 1037 5544 et
1085 5487 1225 5542 Filio
1252 5487 1332 5543 sic
1371 5487 1562 5542 docet:
1601 5503 1620 5537 σ
1651 5486 1775 5542 Ideo

178 5614 252 5654 ex
283 5596 445 5650 Patre
479 5590 669 5656 Filius,
717 5604 781 5643 ex
811 5586 973 5640 Patre
997 5594 1052 5640 et
1088 5582 1223 5637 Filio
1267 5580 1508 5652 procedit
1542 5579 1776 5649 Spiritus

180 5697 430 5744 sanctus.
464 5683 596 5748 Nec,
615 5689 674 5735 ut
701 5680 917 5749 quidam
947 5677 1151 5743 dicunt,
1179 5676 1312 5729 duos
1334 5674 1492 5728 habet
1521 5672 1661 5727 Deus
1681 5672 1771 5727 Fi-

174 5780 287 5835 iios
316 5776 593 5834 Christum
610 5781 666 5827 et
693 5770 952 5842 Spiritum
983 5776 1252 5832 sanctum,
1283 5765 1374 5821 sed
1394 5765 1555 5820 habet
1579 5762 1775 5819 Filium

183 5868 540 5930 invisibiiem,
572 5866 711 5923 sicut
733 5866 849 5933 ipse
876 5861 1160 5918 invisibilis
1188 5867 1303 5926 est;
1332 5858 1422 5931 qui
1447 5867 1506 5912 ut
1525 5863 1668 5912 esset
1696 5855 1775 5911 vi-

1863 589 2147 644 iuvisibilis
2174 604 2294 644 esse
2323 596 2578 653 cessaret,
2596 588 2688 643 sed
2718 596 2777 641 ut
2807 587 2860 642 in
2887 587 3003 658 ipso
3020 586 3236 642 Christo
3259 585 3449 640 invisi»

1859 679 1984 737 bilis
2010 678 2303 735 incredulis
2334 688 2693 748 permaneret.
2731 674 2889 744 Nam,
2922 694 3043 733 cum
3092 677 3260 732 dicit:
3291 675 3446 731 Beati

1861 767 2000 823 oculi
2021 770 2110 840 qui
2137 786 2273 823 nunc
2290 756 2457 823 vident
2476 785 2592 839 qua:
2617 786 2703 823 vos
2726 769 2905 823 videtis
2924 768 3073 838 (Luc.
3091 785 3144 834 κ,
3172 767 3263 839 25)
3282 787 3295 821 :
3313 783 3445 838 ergo

1859 860 2004 916 beati
2040 871 2195 915 erant
2222 859 2392 915 Judaei
2424 875 2633 926 omnes,
2666 869 2720 917 et
2750 860 2804 915 hi
2845 862 2936 931 qui
2989 878 3112 915 eum
3159 861 3444 919 eruciﬁxe~

1860 964 1987 1009 runt
2009 972 2024 1019 ;
2041 955 2107 1010 de
2129 955 2322 1025 quibus
2338 969 2435 1026 per
2446 946 2616 1009 David
2644 954 2804 1009 dicit:
2827 953 2937 1025 Ipsi
2959 972 3076 1009 vero
3090 956 3443 1010 considerare-

1862 1060 1980 1104 runt
1994 1058 2040 1102 et
2054 1025 2432 1119 conspexeruni
2443 1063 2523 1101 me
2538 1045 2708 1118 (Psal.
2727 1064 2839 1113 χχι,
2863 1048 2969 1117 l8).
2991 1046 3151 1102 Vides
3170 1063 3296 1120 ergo
3317 1049 3444 1120 quia

1861 1140 2145 1197 invisibilis
2157 1140 2320 1195 Pater
2337 1149 2668 1210 perseverat,
2689 1148 2743 1194 et
2762 1149 2940 1195 mente
2964 1140 3206 1211 cernitur
3229 1155 3363 1211 pura
3390 1153 3446 1200 et

1862 1235 2097 1291 credula.
2132 1235 2272 1306 Ergo
2300 1209 2582 1290 invisibilis
2602 1232 2786 1299 Pater,
2820 1209 3329 1303 invisibilis.Filius,
3363 1236 3446 1292 in-

1861 1325 2357 1397 visibilisSpiritus
2381 1334 2624 1382 sanctus.
2670 1326 2737 1381 Et
2779 1334 2838 1380 ut
2865 1327 2931 1381 ad
2964 1327 3066 1382 hoc
3091 1336 3142 1382 te
3169 1342 3442 1397 revocem,

1865 1417 2005 1471 unde
2028 1416 2232 1472 factum
2262 1426 2347 1473 est
2374 1427 2433 1473 ut
2468 1419 2571 1474 hoc
2596 1418 2662 1473 de
2692 1417 2869 1490 fragili
2893 1419 3111 1475 homine
3133 1419 3445 1488 doceamus,
3476 1410 3479 1417 ’

1866 1506 1967 1561 tria
1994 1508 2111 1562 haec
2139 1508 2446 1574 invisibilia,
2476 1520 2531 1564 et
2563 1510 2815 1576 indivisa,
2866 1521 2921 1566 et
2950 1511 3002 1565 in
3039 1528 3205 1567 unum
3229 1514 3451 1585 conglo-

1863 1607 2092 1665 merata,
2124 1600 2413 1656 etvirtutis
2436 1600 2671 1657 efﬁcacia
2701 1602 3084 1669 redundantia,
3124 1603 3177 1658 id
3216 1612 3298 1659 est
3349 1619 3452 1659 ’σο-

1865 1710 1982 1750 cem
2008 1696 2326 1765 genitricem
2350 1699 2520 1763 verbi,
2543 1714 2609 1753 ex
2635 1700 2799 1755 verbo
2823 1716 2950 1755 vero
2978 1701 3139 1756 simul
3167 1718 3290 1757 cum
3318 1716 3451 1759 voce

1865 1788 2191 1858 procedente
2214 1788 2529 1856 efﬁcaciam,
2560 1808 2681 1862 quae
2708 1791 2871 1848 faciat
2904 1793 3135 1849 alterum
3167 1795 3449 1851 consulem

1791 1879 1839 1941 Β
1869 1877 2009 1944 ﬁeri,
2033 1879 2263 1935 alterum
2299 1883 2555 1937 trucidari
2581 1900 2593 1935 :
2623 1883 2710 1939 dic
2741 1884 2895 1950 mihi,
2932 1885 3156 1950 Ariane,
3190 1885 3293 1940 ista
3343 1885 3450 1941 tria

1864 1984 2034 2043 unum
2061 1978 2185 2024 sunt
2212 1986 2279 2025 an
2310 1972 2461 2026 non?
2487 1971 2544 2027 Si
2568 1988 2733 2028 unum
2756 1990 2863 2029 non
2888 1985 3032 2040 sunt,
3062 1975 3240 2031 divide
3260 1990 3452 2033 vocem

1865 2078 1896 2117 a
1924 2063 2107 2124 verbo,
2133 2071 2187 2117 et
2216 2062 2509 2119 efﬁcaciam
2542 2081 2571 2118 a
2599 2080 2732 2121 voce
2792 2076 2848 2122 et
2875 2068 3060 2122 verbo.
3094 2066 3245 2133 Quod
3271 2068 3316 2123 si
3350 2068 3457 2123 hoc

1866 2154 1921 2210 in
1951 2153 2128 2223 fragili
2184 2156 2403 2211 homine
2435 2156 2509 2211 ita
2542 2172 2707 2211 unum
2758 2167 2883 2212 sunt
2928 2159 3053 2223 tria,
3093 2175 3222 2223 vox,
3254 2167 3308 2213 et
3333 2174 3458 2214 ver-

1863 2246 2013 2311 bum,
2038 2256 2093 2301 et
2112 2246 2368 2313 ellicaeia,
2400 2256 2460 2302 ut
2488 2259 2596 2303 tres
2644 2249 2861 2319 quidem
2913 2265 3160 2321 personm
3192 2251 3322 2316 sint,
3357 2251 3453 2305 sed

1863 2354 1972 2394 una
2025 2338 2350 2397 subsistendi
2383 2342 2621 2411 potentia
2670 2360 2682 2396 :
2731 2342 2784 2397 in
2821 2343 3039 2398 homine
3086 2343 3454 2415 fragilissimo,

1864 2439 1926 2486 ut
1958 2433 2214 2498 diximus,
2252 2433 2366 2489 haec
2396 2435 2467 2489 sit
2499 2442 2644 2489 tanta
2672 2437 2937 2505 potentia,
2968 2446 3173 2506 quanto
3204 2437 3374 2507 magis
3400 2436 3454 2490 in

1867 2525 2257 2594 omnipotentia
2307 2525 2401 2579 Dei
2446 2526 2520 2579 ita
2572 2533 2675 2589 est,
2718 2536 2776 2579 ut
2805 2526 2875 2580 sit
2920 2526 3083 2581 Pater
3112 2527 3460 2596 omnipotens

1868 2615 2080 2684 genitor
2105 2615 2247 2678 Filii,
2270 2624 2325 2669 et
2348 2630 2413 2670 ex
2445 2615 2605 2669 Patre
2653 2624 2708 2670 et
2739 2615 2877 2671 Filio
2907 2618 3208 2686 procedens
3260 2615 3458 2683 virtus,

1870 2705 1963 2775 qui
1993 2714 2077 2760 est
2104 2704 2340 2776 Spiritus
2367 2716 2605 2760 sanctus.
2642 2725 2660 2756 ι

2458 2814 2586 2871 CAP.
2629 2816 2889 2871 LXXVII.

1943 2929 2318 2995 Cassiodorus,
2343 2929 2395 2984 in
2418 2928 2757 3000 expositione
2772 2929 2971 2985 Psalmi
2997 2945 3050 2994 L,
3076 2929 3216 2994 quod
3231 2928 3463 3001 Spiritus

1872 3033 2152 3078 sanctus'a
2186 3022 2347 3077 Patre
2378 3022 2615 3093 Filioque
2642 3023 2886 3093 procedat
2917 3023 2994 3077 sic
3016 3023 3185 3077 dicit:
3234 3042 3252 3074 ‹
3284 3022 3464 3078 Redde

1873 3114 2002 3167 mihi
2036 3113 2274 3167 la’titiam
2315 3112 2566 3168 salutaris
2599 3114 2699 3178 tui,
2724 3123 2770 3166 et
2816 3111 3017 3183 Spiritu
3037 3111 3319 3183 principali
3340 3128 3467 3166 con-

1874 3203 2030 3274 ﬁrma
2050 3221 2130 3258 me
2159 3203 2330 3276 (Psal.
2363 3220 2416 3269 ι,
2449 3202 2560 3275 14).
2592 3202 2702 3259 Nec
2732 3204 3001 3259 incassum
3036 3212 3294 3273 putemus
3315 3205 3462 3274 quod

1875 3296 1959 3350 vir
1982 3304 2201 3351 sanctus
2246 3304 2300 3351 et
2345 3295 2527 3351 cordis
2569 3295 2963 3351 illuminatione
3009 3296 3251 3351 radiatus
3301 3295 3465 3352 tertio

1877 3386 2141 3457 Spiritum
2185 3388 2509 3455 nominavit,
2563 3388 2666 3443 nisi
2695 3388 2821 3459 quia
2867 3388 3161 3443 individuaa
3211 3387 3468 3444 Trinitati

1877 3480 2123 3545 devotus,
2156 3479 2383 3536 concedi
2427 3480 2530 3535 sibi
2559 3479 2628 3534 ab
2656 3495 2719 3534 ea
2746 3480 2958 3533 veniam
2993 3479 3308 3549 postulavit.
3341 3478 3465 3549 Spi-

1878 3570 2016 3624 ritus
2043 3570 2186 3623 enim
2218 3578 2481 3641 quantum
2509 3571 2575 3624 ad
2610 3570 2902 3625 essentiam
2933 3570 3260 3635 divinitatis,
3286 3579 3341 3625 et
3364 3569 3469 3624 Pa-

1879 3670 1962 3717 ter
1989 3670 2045 3717 et
2072 3661 2241 3715 Filius
2267 3671 2322 3716 et
2350 3659 2585 3731 Spiritus
2622 3670 2842 3717 sanctus
2890 3669 3036 3716 recte
3078 3678 3220 3717 unus
3259 3662 3462 3717 dicitur

1876 3755 2040 3819 Deus,
2073 3752 2166 3809 sed
2204 3768 2303 3824 pro
2352 3753 2699 3809 distinctione
2760 3769 3137 3824 personarum,
3183 3754 3465 3824 proprium

1879 3854 1962 3899 est
1990 3843 2138 3897 Patri
2165 3844 2309 3912 quod
2350 3842 2670 3898 naturaliter
2721 3843 2837 3898 sine
2884 3843 3039 3899 initio
3095 3853 3221 3898 ante
3266 3843 3466 3899 saecula

1880 3936 2064 4008 genuit
2086 3934 2322 4000 Filium;
2354 3934 2632 4005 proprium
2660 3943 2743 3989 est
2780 3934 2920 3989 Filio
2972 3937 3115 4005 quod
3140 3934 3469 3990 naturaliter

1881 4046 1909 4084 a
1942 4028 2102 4084 Patre
2142 4036 2431 4100 generatus
2478 4036 2562 4084 est
2590 4045 2604 4095 ;
2638 4030 2918 4100 proprium
2952 4039 3034 4085 est
3082 4028 3309 4099 Spiritui
3339 4045 3468 4087 san.

1882 4131 1971 4178 cto
1999 4122 2144 4191 quod
2173 4137 2203 4175 a
2243 4119 2402 4175 Patre
2452 4129 2509 4175 et
2550 4119 2687 4175 Filio
2730 4121 2995 4191 procedit,
3044 4121 3171 4191 quia
3208 4118 3468 4177 ineffabili

1881 4216 2152 4272 charitate
2174 4224 2340 4285 atque
2368 4200 2751 4286 cooperatione
2776 4231 2965 4272 eorum
2988 4216 3470 4275 consubstantialis

1880 4307 2156 4363 aeternitas
2185 4315 2240 4363 et
2277 4313 2514 4377 potestas
2541 4305 2722 4361 omnia
2775 4304 2906 4361 facit
2948 4322 3068 4377 quae
3093 4307 3213 4361 vult
3239 4306 3294 4361 in
3327 4305 3468 4362 caelo

1878 4408 1937 4456 et
1967 4400 2024 4455 in
2063 4408 2227 4466 terra,
2260 4417 2279 4449 ι
2314 4406 2443 4466 etc.,
2485 4414 2647 4469 usque
2674 4398 2742 4453 ad
2771 4398 3012 4454 breviter
3060 4399 3128 4453 de
3166 4398 3473 4455 aeternitate

1881 4492 2158 4549 disseruit.

2464 4581 2593 4637 CAP.
2617 4578 2875 4637 LXXVIII

1948 4696 2083 4752 Item
2110 4696 2253 4751 idem
2278 4695 2332 4749 in
2349 4693 2556 4765 psalmo
2579 4691 2917 4763 sexagesimo
2939 4690 3117 4761 primo
3144 4708 3156 4744 :
3188 4708 3208 4742 ι
3239 4690 3318 4744 Ab
3347 4691 3460 4761 ipso

1877 4793 2020 4847 enim
2043 4789 2278 4846 salutare
2302 4804 2494 4852 meum,
2543 4787 2597 4842 id
2648 4793 2735 4841 est
2780 4784 3090 4856 unigenitus
3134 4782 3334 4849 Filius,
3373 4783 3466 4853 qui

1882 4890 2030 4937 recte
2054 4879 2402 4936 credentibus
2426 4877 2679 4932 salutaris
2698 4876 2904 4931 existit.
2928 4875 3009 4929 Ab
3032 4875 3149 4944 ipso
3170 4877 3313 4928 enim
3343 4889 3466 4929 eum

1884 4975 2102 5040 dicitur,
2131 4973 2305 5028 Filius
2329 4970 2690 5043 signiﬁcatur.
2721 4968 2849 5025 Haec
2878 4968 3022 5022 enim
3051 4967 3289 5038 pmpria,
3328 4981 3472 5021 unus

1885 5068 2027 5122 Deus
2063 5072 2253 5121 sancta
2278 5062 2520 5118 Trinitas
2562 5060 2748 5126 habet,
2790 5059 2940 5132 quod
2982 5057 3142 5113 Pater
3176 5059 3469 5130 ingenitus,

1880 5160 2053 5217 Filius
2078 5159 2310 5232 genitus,
2337 5157 2572 5229 Spiritus
2591 5166 2812 5212 sanctus
2843 5172 2873 5211 a
2900 5154 3064 5211 Patre
3093 5164 3150 5211 et
3178 5154 3315 5210 Filio
3344 5170 3464 5224 pro-

1880 5256 2046 5321 cedit,
2078 5274 2097 5307 ι
2142 5262 2274 5318 etc.,
2303 5267 2466 5324 usque
2494 5251 2563 5306 ad
2587 5249 2821 5305 mirabili
2845 5250 3078 5307 veritate
3118 5249 3467 5305 monstravit.

2491 5361 2619 5418 CAP.
2644 5359 2879 5417 LXXIX.

1953 5481 2212 5538 Alcuinus
2241 5479 2295 5534 in
2317 5478 2454 5534 libro
2475 5479 2650 5549 primo
2674 5477 2740 5532 de
2782 5476 2913 5532 Fide
2956 5484 3158 5532 sanctae
3182 5474 3471 5532 Trinitatis

1884 5576 2020 5647 (cap.
2047 5573 2099 5645 6)
2125 5589 2139 5627 :
2171 5572 2324 5639 Quod
2347 5570 2575 5643 Spiritus
2608 5581 2822 5624 sanctus
2861 5570 3149 5625 communis
3179 5580 3253 5624 est
3287 5566 3469 5623 Patris

1882 5678 1928 5723 et
1956 5666 2083 5721 Filii
2109 5665 2338 5736 Spiritus
2366 5682 2378 5718 :
2411 5685 2428 5716 t
2464 5662 2604 5736 Ergo
2642 5663 2745 5717 huc
2774 5662 2972 5717 donum
2998 5662 3114 5727 Dei,
3148 5661 3197 5714 τά
3231 5669 3314 5715 est
3347 5658 3470 5729 Spi-

1881 5762 2018 5817 ritus
2053 5768 2271 5815 sanctus
2306 5758 2398 5829 qui
2426 5758 2492 5812 de
2521 5757 2681 5811 Patre
2708 5765 2760 5811 et
2780 5755 2921 5809 Filio
2967 5754 3248 5824 :rqualiter
3276 5766 3467 5822 proce-

1884 5856 1980 5925 dit,
2010 5848 2294 5912 inefl‘ahilis
2314 5854 2561 5925 quaedam
2589 5852 2762 5906 Patris
2780 5850 3008 5921 Filiique
3034 5848 3342 5904 eonnnuuio
3363 5854 3465 5912 est.
