4000 6352
610 374 718 432 ’119

1714 366 1946 424 musa:
1981 363 2412 422 PARISIENSIS
2450 356 2762 422 EPISCOPI
3704 375 3776 434 τη

605 501 678 557 Et
699 501 818 557 ideo
844 499 1074 557 fortasse
1122 500 1201 555 sic
1250 496 1571 568 appellatur,
1623 496 1750 567 quia
1762 496 1943 568 ,Patri
1975 504 2031 549 et
2055 493 2192 548 Filio
2220 498 2268 558 Α
2297 510 2419 551 cum
2448 494 2611 552 Patre
2640 502 2694 553 et
2727 494 2868 553 Filio
2891 495 3161 562 consistit,
3192 512 3210 549 ι
3248 504 3378 565 etc.,
3404 514 3547 571 usque
3584 504 3642 559 ad
3661 507 3774 576 pm

606 602 789 669 potest
811 595 996 648 eadem
1020 592 1307 662 appellatio
1324 590 1631 645 convenire.
1660 576 1792 644 Naiu
1816 590 1919 644 hoc
1942 589 2055 658 ipse
2072 603 2198 658 pro-

608 686 729 758 prie
749 683 968 750 dicitur,
992 683 1133 753 quod
1166 682 1239 736 illi
1269 682 1634 737 communiter
1661 680 1937 736 dicuntur.
1968 678 2104 747 Quia
2140 685 2198 735 et

608 778 771 835 Pater
801 761 1054 847 spiritus,
1088 784 1144 830 et
1170 774 1340 830 Filius
1371 774 1605 844 Spiritus
1630 791 1645 841 ;
1680 782 1731 828 et
1756 772 1921 827 Pater
1947 780 2194 837 sanctus,

609 878 669 926 et
697 869 867 924 Filius
916 877 1136 923 sanctus
1171 875 1317 921 recte
1356 867 1570 921 dicitur.
1606 865 1750 937 Ergo
1786 873 1846 920 ut
1890 863 2197 920 nominibus

602 958 834 1029 junctis,
883 973 1003 1027 quae
1045 956 1335 1026 separatim
1381 956 1662 1024 utriusque
1712 968 1957 1024 persona:
2004 966 2199 1009 conve-

612 1049 793 1114 niunt,
822 1048 1105 1118 utriusque
1140 1048 1449 1103 couunuuio
1477 1047 1695 1117 proprie
1721 1046 2077 1116 signiﬁcetur,
2108 1058 2200 1099 vo-

612 1152 770 1198 catur
794 1150 1014 1197 sanctus
1037 1140 1293 1212 Spiritus,
1317 1142 1407 1211 qui
1433 1149 1516 1195 est
1543 1140 1700 1193 tertia
1729 1138 1782 1192 in
1813 1147 2001 1213 sanqta
2026 1135 2201 1191 Trini-

607 1240 720 1289 tate
747 1248 994 1303 persona,
1038 1231 1181 1285 Patri
1213 1240 1267 1285 et
1305 1230 1438 1284 Filio
1483 1246 1579 1300 per
1602 1230 1783 1283 omnia
1813 1228 2060 1298 :equalis,
2093 1242 2191 1284 co-

611 1332 848 1378 :eteruus
878 1333 932 1377 et
964 1321 1458 1376 consubstantialis.
1518 1321 1582 1375 Et
1632 1321 1746 1375 haec
1785 1320 2021 1374 Trinitas
2060 1334 2198 1374 unus

615 1422 699 1469 est
722 1413 882 1477 Deus,
900 1412 1045 1467 solus
1065 1414 1259 1476 bonus,
1290 1427 1536 1483 magnus,
1562 1410 2195 1480 :eternus,omnipotens.

608 1502 730 1581 Ipse
762 1503 862 1557 sibi
894 1503 1094 1565 unitas,
1143 1502 1338 1565 dcitas,
1373 1500 1705 1571 magnitudo,
1758 1500 1993 1563 bonitas,
2025 1498 2200 1553 omni-

614 1594 878 1665 patentia,’
912 1603 966 1648 et
991 1594 1248 1663 quidquid
1297 1594 1362 1649 ad
1413 1609 1471 1648 se
1501 1592 1929 1649 substantialiter
1977 1593 2195 1647 dicitur.

550 1697 557 1711 '
614 1684 734 1741 Non
762 1687 834 1740 ita
866 1686 917 1740 in
948 1686 1191 1741 relativis
1224 1686 1501 1741 vocabulis
1554 1685 1963 1755 intelligendum
1995 1695 2079 1740 est
2113 1684 2197 1739 vel

614 1778 939 1843 dicendum;
975 1780 1101 1847 quia
1133 1779 1238 1833 dici
1286 1794 1390 1833 non
1446 1786 1641 1848 potest,
1687 1777 1847 1831 Pater
1875 1776 1978 1833 sibi
2014 1777 2194 1843 Pater,

2298 586 2506 658 capitis.
3146 654 3147 657 η

2312 672 2319 679 ’
2802 680 2803 683 “
2868 679 2995 737 CAP.
3026 678 3310 739 LXXXVI.

2368 791 2501 848 Item
2527 791 2671 848 idem
2700 791 2753 848 in
2779 795 2966 849 eodem
2998 798 3136 865 (cap.
3159 795 3250 865 2|)
3275 814 3287 851 :
3318 796 3422 852 Cur
3444 798 3568 854 idem
3611 801 3775 874 Spiritu

2299 893 2513 938 sanctus
2553 883 2631 938 bis
2660 902 2692 939 a
2738 884 2847 939 Deo
2874 884 3081 941 Christo
3107 888 3264 943 datus
3289 889 3373 943 sit.
3427 908 3445 941 ‹
3472 890 3655 962 Absque
3676 897 3783 953 dubio

2302 977 2504 1033 tatione
2530 977 2653 1032 ideo
2689 976 2924 1049 Spiritus
2971 988 3194 1036 sanctus
3222 981 3305 1036 bis
3328 982 3479 1038 datus
3501 992 3590 1051 est,
3616 994 3663 1041 ut
3684 1003 3785 1045 eom-

2300 1072 2694 1128 mendareutur
2720 1073 2826 1129 duo
2858 1084 3127 1147 praecepta
3156 1076 3457 1147 cliaritatis,
3484 1098 3502 1133 ι
3546 1089 3656 1149 etc.,
3676 1100 3787 1156 usqu

2299 1162 2371 1216 ad
2394 1162 2551 1232 ﬁnem
2579 1166 2786 1232 capitis.

2870 1255 2997 1315 CAP.
3028 1256 3332 1316 LXXXVII.

2372 1371 2503 1427 Item
2529 1373 2697 1443 'idem
2752 1373 2805 1429 in
2834 1372 2974 1430 libro
3001 1390 3117 1430 1112·
3154 1376 3426 1442 Quomodo
3472 1380 3628 1434 missio
3668 1386 3787 1438 sancti

2303 1461 2533 1535 Spiritus
2571 1467 2637 1519 sit
2666 1466 3025 1537 intelligenda.
3063 1487 3080 1520 ι
3114 1467 3268 1523 Sicut
3297 1471 3437 1525 enim
3484 1487 3511 1525 a
3539 1470 3673 1529 Patre
3708 1473 3789 1546 Spi-

2301 1554 2440 1609 ritus
2469 1565 2687 1613 sanctus
2712 1558 2969 1626 mittitur,
2993 1559 3068 1614 ita
3096 1568 3151 1617 et
3179 1577 3208 1615 a
3239 1560 3395 1627 Filio,
3423 1582 3442 1617 ι
3471 1571 3589 1632 etc.,
3609 1567 3788 1639 usququ

2301 1646 2459 1716 ﬁnem
2487 1650 2693 1721 capitis.

2850 1742 2975 1799 CAP.
3007 1744 3199 1800 LXXX
3209 1745 3335 1803 VIII.

609 1870 696 1924 vel
721 1866 891 1925 Filius
921 1870 1021 1925 sibi
1046 1870 1242 1936 Filius,
1266 1871 1349 1925 vel
1389 1870 1625 1940 Spiritus
1669 1877 1890 1925 sanctus
1920 1869 2021 1924 sibi
2069 1867 2196 1938 Spi-
2227 1859 2276 1921 B
2332 1849 2505 1940 (Item
2540 1852 2592 1908 in
2615 1852 2744 1909 Fide
2769 1855 2936 1925 ipsius
2963 1856 3212 1913 Alcuini:
3250 1878 3270 1910 ι
3308 1858 3575 1917 Credimus
3604 1871 3782 1918 sanctam

611 1961 751 2015 ritus
801 1970 1039 2026 sanctus,
1074 1962 1168 2016 sed
1213 1962 1330 2016 hiec
1374 1960 1602 2015 relativa
1651 1958 1915 2014 voeabula
1937 1958 2007 2014 ad
2036 1958 2197 2014 aliam

611 2051 804 2123 procul
834 2052 997 2107 dubio
1036 2067 1322 2123 personam
1364 2050 1552 2106 referri
1584 2052 1835 2107 debent.»

1259 2166 1387 2221 CAP.
1411 2164 1627 2220 LXXX.

686 2280 817 2335 Item
856 2280 999 2335 idem
1028 2279 1084 2335 in
1111 2280 1299 2335 eodem
1330 2286 1468 2349 (cap.
1496 2278 1583 2349 12)
1613 2294 1626 2331 :
1661 2297 1679 2330 ι
1717 2278 1956 2348 Spiritus
1985 2287 2204 2335 sanctus

613 2374 805 2443 itaque
844 2373 948 2427 hoc
975 2373 1137 2427 habet
1174 2373 1450 2442 proprium
1480 2371 1622 2439 quod
1648 2385 1715 2426 ex
1756 2370 1920 2426 Patre
1967 2380 2023 2426 et
2068 2369 2205 2426 Filio

610 2462 893 2534 aequaliter
915 2462 1189 2531 procedit,
1226 2480 1244 2514 ι
1276 2468 1409 2527 etc.,
1439 2477 1600 2529 usque
1634 2460 1703 2513 ad
1735 2459 2125 2530 omnipotentia
2150 2466 2208 2514 et

615 2554 939 2610 aeternitate.

1213 2622 1341 2678 CAP.
1380 2621 1618 2677 LXXXI.

502 2765 507 2769 -
590 2795 595 2800 Α
676 2735 811 2790 Item
834 2735 973 2791 idem
1000 2735 1051 2789 in
1081 2734 1270 2791 eodem
1301 2734 1440 2806 (cap.
1468 2734 1556 2809 15)
1586 2753 1598 2788 :
1629 2752 1647 2786 ι
1672 2732 1909 2803 Spiritus
1932 2732 2200 2804 siquidem

610 2838 833 2884 sanctus
862 2843 963 2883 nec
1002 2828 1293 2898 ingenitus,
1325 2843 1426 2883 nec
1463 2829 1677 2898 genitus
1709 2827 1903 2884 alicubi
1928 2828 2145 2894 dicitur,
2175 2847 2195 2881 ι

612 2925 747 2984 etc.,
776 2934 941 2989 usque
974 2918 1065 2983 ad,
1090 2917 1349 2989 procedat
1377 2916 1614 2988 Spiritus
1640 2927 1880 2974 sanctus.

1202 3029 1334 3100 cii»,
1362 3028 1620 3085 Lxxxu.

2307 1939 2645 2007 Trinitatem,
2701 1944 2753 1999 id
2806 1955 2909 2010 est,
2948 1944 3262 2004 Patrem‘et
3307 1948 3494 2005 Filium
3520 1959 3570 2007 et
3599 1950 3788 2023 Spiritum

2303 2043 2571 2101 sanctum,
2606 2052 2770 2092 unum
2793 2038 2963 2095 Deum
2988 2042 3440 2113 omnipotentem,
3458 2045 3601 2101 unius
3616 2047 3792 2102 substan-

2303 2125 2412 2191 tiae,
2463 2127 2623 2183 unius
2671 2132 2944 2197 essentiae,
2995 2134 3155 2189 unius
3202 2137 3521 2203 potestatis;
3560 2137 3792 2194 Creatorem

2303 2218 2544 2273 omnium
2575 2232 2964 2280 creaturarum.
3000 2224 3044 2278 A
3069 2241 3179 2296 quo
3216 2228 3419 2293 oumia,
3463 2244 3551 2299 per
3566 2245 3696 2301 quem
3718 2246 3792 2285 om-

2305 2310 2414 2374 nia,
2447 2310 2500 2365 in
2527 2328 2634 2383 quo
2673 2316 2875 2371 omnia.
2920 2316 3136 2373 Patrem
3167 2335 3198 2375 a
3254 2335 3314 2376 se
3366 2322 3480 2392 ipso
3506 2339 3599 2379 non
3640 2323 3692 2377 ab
3708 2322 3792 2389 alio,

2304 2403 2501 2460 Filium
2527 2422 2556 2460 a
2583 2406 2746 2463 Patre
2771 2412 3035 2483 genitum,
3072 2413 3241 2468 Deum
3271 2430 3458 2471 verum
3481 2417 3543 2472 de
3578 2417 3670 2472 Deo
3693 2432 3794 2483 vero.

2304 2492 2486 2551 lumen
2513 2512 2702 2553 verum
2727 2500 2793 2556 de
2830 2500 3033 2558 lumine
3060 2519 3211 2569 vero,
3256 2520 3365 2561 non
3394 2515 3561 2562 tamen
3585 2507 3671 2563 duo
3691 2506 3795 2562 lumi-

2304 2601 2396 2651 na,
2426 2590 2520 2642 sed
2544 2605 2711 2645 unum
2759 2591 2938 2649 lumen
2972 2590 3235 2664 Spiritum
3268 2605 3509 2667 sanctum
3550 2613 3577 2653 a
3615 2597 3737 2653 Patre
3760 2607 3796 2653 et

2304 2678 2443 2735 Filio
2499 2683 2781 2753 aequaliter
2842 2686 3224 2756 procedentem
3252 2727 3269 2754 ,
3334 2688 3793 2755 consubstantialem,

2305 2781 2634 2830 coaeternum
2660 2774 2811 2832 Patri
2837 2786 2894 2834 et
2914 2777 3069 2835 Filio.
3098 2799 3116 2831 ι

2869 2887 2997 2944 CAP.
3026 2888 3317 2947 LXXXIX.

2375 2980 2510 3035 Item
2538 2980 2678 3037 idem
2696 2981 2956 3039 Alcuinus
2982 2984 3035 3039 in
3075 2987 3373 3056 propositis
3392 2986 3728 3058 quaestionibus
3748 2986 3793 3040 tle

2304 3080 2493 3127 sancta
2534 3072 2799 3130 Trinitate
2821 3074 2977 3146 (resp.
3011 3077 3081 3130 ad
3120 3078 3375 3149 interrog.
3407 3079 3495 3151 2):
3528 3097 3545 3131 ι
3583 3077 3793 3148 Proprium

685 3141 817 3243 Item
866 3142 1031 3243 idem.
1048 3141 1102 3195 in
1132 3140 1271 3243 libro
1296 3140 1539 3243 secttttdo
1567 3139 1705 3243 (ειξρ-
1725 3137 1784 3211 9)
1811 3158 1825 3194 τ
1908 3139 2047 3243 sit!“
2082 3141 2199 3243 him?
2226 3219 2269 3243 η
2304 3173 2391 3220 est
2415 3163 2613 3231 Patris,
2640 3167 2781 3238 quod
2812 3137 2959 3223 solus
2982 3177 3068 3224 est
3088 3168 3272 3233 Pater,
3300 3137 3359 3226 ei.
3380 3137 3516 3243 qdod
3537 3172 3598 3227 ab
3615 3137 3702 3226 alii)
3720 3184 3790 3223 non

615 3234 718 3289 tria
745 3233 1073 3288 aeternaliter
1116 3234 1238 3286 tria.
1291 3231 1445 3299 Quod
1477 3232 1775 3302 ingenitum
1800 3242 1885 3287 est
1925 3232 2087 3288 Pater
2115 3240 2198 3288 est
2224 3219 2272 3284 C

604 3326 776 3391 solus,
808 3325 897 3395 qui
930 3341 958 3378 a
991 3324 1134 3379 nullo
1166 3338 1285 3379 esse
1316 3323 1479 3379 habet
1501 3323 1643 3393 quod
1675 3332 1758 3378 est
1794 3322 1898 3378 nisi
1927 3339 1956 3377 a
1991 3323 2190 3393 seipso.

610 3418 766 3486 Quod
795 3418 1032 3488 genitum
1083 3425 1166 3470 est
1217 3415 1385 3470 Filius
1433 3424 1537 3480 est,
1572 3416 1657 3470 cui
1689 3432 1718 3470 a
1749 3413 1910 3469 Patre
1947 3425 2032 3470 est
2077 3430 2197 3472 esse

609 3510 884 3580 quodest.
918 3507 1071 3575 Quod
1102 3522 1232 3562 vero
1280 3523 1380 3563 nec
1430 3507 1725 3580 ingenitum
1777 3516 1881 3575 est,
1913 3522 2013 3564 nec
2042 3508 2194 3578 geni-

618 3597 1019 3669 tum,Spiritus
1056 3606 1279 3653 sanctus
1321 3606 1422 3661 est,
1469 3599 1557 3654 cui
1598 3608 1682 3654 est
1726 3614 1845 3654 esse
1896 3615 1925 3653 a
1956 3598 2116 3654 Patre
2141 3608 2200 3655 et

599 3694 742 3752 Filio
771 3693 1081 3764 procedere.
1111 3692 1180 3747 Et
1229 3693 1342 3747 11ωο
1371 3692 1469 3746 tria
1503 3692 1742 3748 Trinitas
1769 3700 1855 3749 est
1879 3707 2030 3759 vera,
2061 3706 2193 3748 con-

602 3784 980 3843 substantialis
1006 3793 1062 3840 et
1087 3786 1377 3839 coaeterna.
1403 3803 1423 3837 ι

1170 3899 1298 3955 CAP.
1337 3898 1622 3954 LXXXIII.

669 4011 803 4066 Item
825 4010 966 4067 idem
990 4011 1045 4065 in
1072 4010 1214 4065 libro
1237 4012 1473 4066 secundo
1503 4011 1642 4079 (cap.
1666 4010 1755 4081 Il)
1784 4027 1798 4064 :
1830 4029 1849 4062 ‹
1881 4010 1941 4066 In
1970 4010 2192 4068 Christo

605 4109 790 4157 autem
816 4100 1109 4156 secundum
1142 4100 1422 4155 catholicae
1470 4100 1592 4156 tidei
1623 4084 1933 4167 veritatem,
1981 4102 2035 4156 in
2079 4102 2197 4157 uni-

597 4202 715 4248 tate
745 4208 990 4262 personae
1015 4193 1175 4247 simul
1197 4201 1253 4249 et
1298 4194 1557 4249 deitatem
1585 4192 1841 4261 fatemur,
1871 4205 1921 4250 et
1953 4198 2193 4253 animam

597 4285 922 4341 rationalem
948 4296 1002 4341 et
1031 4301 1272 4340 carnem.
1301 4286 1360 4342 In
1389 4303 1494 4357 quo
1518 4296 1699 4343 tamen
1732 4290 1904 4346 deitas
1928 4289 2193 4361 Spiritum

595 4378 848 4449 accipere
874 4394 978 4432 nou
1007 4379 1201 4448 potuit,
1250 4378 1378 4450 quia
1407 4380 1705 4435 secundum
1733 4380 1994 4437 deitatem
2023 4382 2189 4438 Pater

600 4480 657 4527 et
680 4470 852 4526 Filius
877 4480 931 4525 et
956 4470 1196 4541 Spiritus
1218 4481 1438 4529 sanctus
1460 4489 1599 4528 unus
1619 4483 1702 4528 est
1725 4474 1888 4529 Deus.
1918 4473 2035 4529 Non
2058 4466 2191 4546 ergo

597 4564 775 4637 potuit
795 4562 1056 4633 Spiritum
1078 4572 1323 4619 sanctum
1348 4565 1599 4620 divinitas
1619 4565 1743 4619 Filii
1764 4565 2032 4634 accipere,
2059 4581 2181 4621 cum
2213 4585 2267 4648 ι)

594 4653 716 4725 ipse
764 4653 1002 4724 Spiritus
1047 4668 1266 4709 sanctus
1317 4654 1397 4710 sic
1448 4656 1703 4724 procedat
1744 4670 1776 4709 a
1823 4654 1987 4721 Filio,
2044 4654 2189 4710 sicut

591 4747 890 4818 procedita
916 4745 1098 4815 Patre,
1121 4757 1176 4803 et
1204 4748 1284 4804 sic
1311 4748 1469 4804 detur
1509 4763 1539 4802 a
1591 4747 1729 4804 Filio
1784 4749 1924 4804 sicut
1969 4750 2130 4824 datur
2153 4763 2187 4804 a

591 4838 776 4897 Patre.
817 4859 837 4893 ι

1153 4911 1282 4968 CAP.
1324 4911 1612 4968 LXXXIV.

663 5018 797 5073 Item
823 5019 969 5075 idem
1023 5023 1078 5076 in
1108 5023 1246 5079 libro
1280 5026 1516 5079 secundo
1547 5025 1687 5097 (cap.
1716 5024 1807 5093 I9)
1836 5042 1850 5079 :
1883 5023 1960 5080 De
1980 5026 2184 5082 unitate

591 5110 825 5181 Spiritus
852 5114 1021 5167 sancti
1045 5131 1162 5168 cum
1190 5113 1355 5169 Patre
1380 5127 1430 5170 et
1464 5115 1605 5171 Filio
1627 5133 1646 5171 :
1684 5136 1702 5168 ι
1737 5115 1973 5187 Spiritus
1999 5118 2184 5188 itaque

591 5211 817 5261 sanctus
848 5203 988 5259 sicut
1017 5204 1179 5261 Pater
1208 5216 1262 5261 et
1288 5207 1456 5263 Filius
1484 5210 1675 5278 plenus
1698 5219 1781 5265 est
1807 5209 1950 5266 Deus
1972 5219 2028 5267 et
2056 5227 2182 5281 per-

588 5293 789 5357 fectus,
816 5295 925 5350 imo
951 5312 1091 5351 unus
1126 5296 1268 5353 Deus
1289 5314 1413 5354 cum
1437 5299 1600 5355 Patre
1621 5308 1677 5355 et
1700 5300 1840 5355 Filio
1869 5311 2035 5371 atque
2074 5319 2181 5359 una

586 5385 912 5449 substantia,
932 5386 1245 5460 sicutsupra
1263 5391 1704 5456 memoravimus,
1726 5409 1746 5445 ι
1764 5399 1897 5459 etc.,
1929 5409 2091 5459 usque
2111 5395 2182 5449 ad

585 5473 679 5530 ubi
711 5474 825 5530 vult
854 5476 1045 5546 spirat.

1085 5648 1111 5671 ο
1180 5588 1308 5645 σιν.
1336 5588 1596 5646 LXXXV.

661 5699 794 5756 Item
820 5701 965 5755 idem
1009 5702 1059 5756 in
1108 5702 1249 5755 libro
1296 5704 1531 5759 secundo
1560 5702 1700 5774 (cap.
1724 5705 1815 5775 20)
1845 5726 1857 5761 :
1890 5726 1909 5759 ‹
1947 5706 2183 5779 Spiritus

590 5801 813 5860 sanctus
839 5792 893 5846 in
929 5794 1118 5849 eadem
1171 5794 1378 5851 unitate
1409 5796 1725 5854 substantia:
1760 5809 1815 5855 et
1869 5801 2180 5877 aequalitate

2305 3266 2391 3313 est
2428 3256 2535 3312 nisi
2562 3273 2592 3313 a
2619 3274 2697 3313 se.
2728 3257 3012 3331 Proprium
3042 3270 3126 3316 est
3144 3260 3296 3328 Filii,
3325 3262 3466 3334 quod
3495 3261 3679 3324 aPatre
3692 3258 3798 3332 geni.

2303 3358 2392 3405 tus
2428 3357 2536 3415 est,
2582 3350 2728 3406 solus
2762 3366 2793 3405 a
2837 3351 2954 3407 solo
2979 3359 3288 3409 coaeternus
3321 3363 3378 3410 et
3409 3349 3797 3411 consubstantialit

2301 3441 2535 3513 genitus.
2568 3441 2855 3517 Proprium
2879 3452 2965 3500 est
2988 3443 3230 3515 Spiritus
3265 3446 3467 3515 sancti,
3498 3445 3625 3517 quod
3646 3458 3723 3501 nec
3740 3442 3797 3498 in-

2301 3534 2516 3604 genitus
2552 3546 2660 3603 est,
2704 3536 2802 3593 sed
2837 3552 2868 3592 a
2908 3536 3074 3595 Patre
3102 3545 3159 3594 et
3186 3537 3331 3597 Filio
3371 3539 3634 3612 aqualiter
3662 3548 3798 3610 proce-

2301 3626 2456 3684 dens.
2503 3646 2525 3681 ο

2950 3720 3082 3779 CAP.
3127 3720 3241 3780 XC.

2369 3829 2699 3890 Prudentius
2725 3833 2780 3889 in
2801 3834 2940 3891 libro
2968 3844 3155 3892 contra
3188 3835 3535 3895 Marcionitas
3561 3842 3711 3893 metro
3728 3829 3798 3887 lio-

2299 3922 2452 3978 roico
2480 3923 2559 3995 (in
2587 3935 2816 3994 perorat.
2849 3925 3318 4000 Hamartiqenia):

2407 4032 2455 4089 Ο
2479 4035 2588 4091 Dee
2609 4041 2983 4108 cunctipotens
3006 4048 3203 4097 animae
3244 4051 3425 4109 dator,
3451 4056 3484 4099 o
3508 4040 3607 4097 Dee
3626 4036 3798 4098 Christe.

2403 4124 2572 4196 Cujus
2594 4128 2662 4183 ab
2691 4144 2788 4185 ore
2818 4129 2960 4186 Deus
2987 4130 3229 4215 substitit
3271 4132 3506 4205 Spiritus
3535 4145 3674 4188 unus.

2940 4241 3071 4298 CAP.
3105 4242 3245 4300 XCI.

2369 4350 2505 4406 Item
2555 4351 2696 4408 idem
2751 4353 2807 4409 in
2848 4353 2987 4411 libro
3031 4342 3381 4429 Hymnorum'
3414 4364 3578 4414 metro
3625 4346 3798 4412 iambico

2294 4440 2501 4515 (hymn.
2539 4455 2661 4500 ante
2686 4447 2975 4519 somnum):

2660 4560 2705 4618 Ο
2729 4560 3011 4619 Trinitatis
3034 4562 3213 4635 hujus,

2657 4652 2753 4709 Vis
2773 4668 2881 4709 una
2911 4654 3090 4710 lumen
3128 4671 3317 4720 unum,

2658 4743 2803 4798 Deus
2829 4757 2896 4799 ex
2919 4744 3030 4799 Deo
3056 4745 3330 4815 perennis,

2654 4830 2798 4890 Deus
2821 4848 2894 4899 ex
2916 4843 3147 4905 utroque
3175 4835 3393 4892 missus.

2932 4945 3060 5002 CAP.
3091 4944 3249 5003 XCII.

2367 5050 2501 5107 Item
2527 5051 2671 5109 idem
2700 5053 2757 5109 in
2795 5053 2935 5111 libro
2963 5053 3301 5128 Hymnorum
3331 5065 3503 5115 metro
3541 5042 3799 5113 choriambi-

2288 5155 2375 5207 co,
2407 5145 2552 5213 quod
2578 5145 2988 5218 Asclepiadeum
3016 5148 3328 5205 nominatur
3347 5149 3559 5222 (Hymn.
3580 5145 3641 5201 ad
3668 5144 3798 5198 inca-

2288 5248 2407 5288 sum
2435 5236 2574 5289 cerei
2613 5233 2948 5311 Paschalis):

2431 5344 2687 5403 Inventor
2713 5348 2855 5405 rutili
2884 5351 2990 5406 dux
3012 5352 3154 5409 bone
3179 5353 3416 5421 luminis,

2437 5435 2542 5504 Qui
2567 5440 2733 5495 certis
2755 5441 2969 5497 vicibus
2998 5452 3242 5515 tempora
3269 5447 3485 5512 divitiis,

2443 5527 2623 5586 Merso
2649 5531 2762 5587 sole
2799 5532 2966 5590 chaos
3017 5535 3225 5607 ingruit
3255 5538 3546 5601 horridum.

2438 5620 2646 5678 Lumen
2668 5624 2835 5681 redde
2856 5628 2982 5694 tuis,
3012 5626 3255 5696 Christe,
3282 5629 3543 5686 ﬁdelibus.

2510 5711 2616 5767 Per
2639 5713 2917 5799 Christum
2960 5720 3221 5791 genitum,
3261 5736 3471 5778 summe
3487 5720 3645 5787 Pater,
3670 5718 3794 5767 ιιιιιη·

2441 5801 2499 5858 1η
2529 5814 2637 5885 quo
2658 5804 2949 5893 invisibilis
2981 5820 3090 5871 stat
3116 5812 3211 5869 tibi
3242 5813 3433 5883 gloria.
