4000 6352
238 343 340 404 ’121

377 470 482 542 Qui
503 481 688 531 noster
724 468 1005 541 Dominus,
1037 472 1130 543 qui
1158 480 1282 529 tuus
1304 473 1494 530 unicus

378 564 562 638 Spirat
582 566 648 622 de
675 566 854 639 patrio
876 567 1039 624 corde
1066 565 1424 625 Paracletum.

443 655 550 713 Per
569 672 729 731 quem
762 657 1033 730 splendor,
1062 660 1255 725 honor,
1287 659 1425 728 laus,
1451 662 1738 733 sapientia,

307 790 313 796 .
378 746 650 820 Maiestas,
685 748 926 815 bonitas,
956 758 1011 805 et
1039 752 1213 821 pietas
1241 759 1352 818 tua,

373 842 619 913 Regnum
649 843 935 899 continuat
956 845 1174 899 nomine
1201 844 1403 916 triplici

372 933 588 991 Texens
610 936 884 1006 perpetuis
910 936 1107 993 saecula
1128 937 1361 993 saeculis.

853 1049 983 1106 Car.
1011 1028 1192 1108 XCIII.

296 1160 431 1216 Item
452 1161 504 1216 in
527 1160 663 1218 Fide
690 1161 978 1226 catholica,
1006 1177 1170 1231 quam
1201 1160 1287 1216 die
1308 1159 1578 1217 dominica
1606 1161 1806 1219 decan-

218 1263 306 1308 tat
350 1255 416 1310 ad
456 1255 676 1311 missam
711 1255 1034 1312 universalis
1077 1254 1373 1310 Galliarum
1422 1253 1680 1322 Ecclesia,
1728 1255 1808 1313 sic

219 1346 445 1401 canitur
468 1349 611 1403 inter
634 1357 869 1404 caetera:
909 1368 928 1401 ι
974 1348 1148 1403 Credo
1174 1349 1311 1404 etin
1350 1348 1611 1419 Spiritum
1644 1364 1803 1406 sanc-

217 1445 341 1492 tum
374 1439 657 1494 Dominum
683 1448 737 1496 et
776 1441 1163 1507 viviﬁcantem,
1192 1441 1284 1512 qui
1327 1456 1394 1496 ex
1425 1440 1588 1497 Patre
1634 1441 1802 1499 Filio-

215 1550 332 1604 que
365 1537 628 1605 procedit,
658 1537 898 1607 quicum
920 1536 1085 1593 Patre
1121 1548 1173 1593 et
1197 1537 1335 1592 Filio
1357 1537 1516 1591 simul
1540 1537 1805 1593 aduratur

214 1636 275 1683 et
310 1628 766 1701 conglorilleatur,
800 1630 893 1701 qui
925 1630 1139 1687 locutus
1168 1639 1253 1687 est
1276 1645 1374 1702 per
1397 1631 1691 1701 prophetas
1736 1649 1754 1683 ι

833 1760 962 1818 Cn.
1003 1761 1185 1819 XCIV.

291 1874 428 1933 Item
467 1874 709 1932 Isidorus
754 1875 808 1931 in
845 1876 980 1933 Fide
1013 1878 1280 1935 catholica
1316 1878 1459 1934 inter
1487 1886 1684 1935 caetera
1722 1878 1802 1934 sic

214 1964 358 2020 dicit
384 1964 522 2037 (Lib.
551 1966 845 2021 de‘Ordine
874 1966 1276 2033 Creaturarum,
1306 1985 1427 2040 cap.
1454 1970 1508 2041 I)
1540 1990 1551 2023 :
1591 1989 1609 2023 ι
1653 1972 1801 2028 Dens

214 2070 365 2112 unus
388 2058 754 2129 omnipotens,
782 2067 968 2114 sancta
1009 2058 1249 2115 Trinitas
1275 2060 1436 2117 Pater
1458 2071 1513 2117 et
1536 2060 1705 2117 Filius
1745 2069 1800 2117 et

214 2146 460 2218 Spiritus
486 2157 740 2230 sanctus.
791 2149 953 2205 Pater
987 2166 1116 2222 ergo
1166 2153 1509 2223 omnipotens
1550 2169 1617 2209 ex
1653 2153 1800 2209 nullo

214 2242 487 2314 originem
530 2243 700 2308 ducit,
734 2250 789 2297 et
824 2243 937 2313 ipse
974 2244 1127 2315 origo
1160 2244 1455 2299 divinitatis
1490 2253 1590 2307 est,
1640 2260 1670 2299 a
1692 2260 1799 2315 quo

211 2331 393 2390 Filius
440 2333 581 2389 Deus
619 2338 962 2405 omnipotens
999 2336 1211 2407 genitus
1251 2336 1368 2391 sine
1412 2344 1653 2406 tempore
1692 2346 1794 2404 εει,

211 2439 329 2480 non
357 2424 557 2495 quippe
577 2418 805 2481 creatus
824 2437 928 2490 est,
973 2427 1099 2495 quia
1132 2427 1268 2482 Deus
1290 2436 1393 2481 est.
1444 2427 1563 2493 Cui,
1604 2437 1799 2498 praeter

174 2513 181 2521 ’
210 2516 363 2585 quod
416 2514 585 2572 Filius
625 2525 729 2580 est,
782 2516 836 2571 in
870 2517 1150 2573 divinitate
1189 2527 1359 2573 totum
1394 2528 1478 2575 est
1513 2534 1798 2575 commune

207 2606 397 2664 Patris
422 2608 476 2663 in
506 2608 831 2673 aeternitate,
861 2608 914 2664 in
967 2610 1263 2675 voluntate,
1308 2611 1362 2665 in
1404 2619 1691 2680 potestate,
1738 2612 1793 2667 in

207 2699 505 2769 sapientia.
539 2698 632 2755 Sic
666 2709 720 2753 et
748 2699 921 2765 Patri,
966 2711 1166 2771 praeter
1203 2703 1345 2771 quod
1372 2701 1533 2758 Pater
1558 2714 1661 2769 est,
1717 2713 1796 2760 to-

210 2799 335 2845 tum
380 2798 465 2845 est
506 2806 790 2847 commune
830 2791 972 2847 Filii.
1019 2793 1254 2862 Spiritus
1279 2804 1499 2850 sanctus
1544 2805 1626 2850 est
1654 2795 1794 2851 Deus

208 2881 582 2952 omnipotens,
644 2898 745 2938 nec
775 2885 991 2954 genitus
1035 2898 1139 2951 est,
1170 2887 1293 2954 quia
1325 2902 1430 2941 non
1479 2896 1562 2941 est
1603 2885 1792 2955 Filius,

208 2985 323 3026 nec
362 2980 603 3037 creatus,
645 2974 769 3042 quia
818 2990 926 3029 non
974 2985 1056 3030 est
1090 2986 1361 3037 creatura,
1408 2977 1500 3031 sed
1543 2995 1608 3032 ex
1637 2978 1795 3034 Patre

208 3060 468 3133 procedit
498 3071 553 3118 et
585 3061 745 3120 Filio.
775 3065 893 3130 Cui,
917 3076 1116 3137 praiter
1137 3069 1279 3138 quod
1305 3066 1539 3136 Spiritus
1578 3079 1795 3125 sanctus

202 3161 318 3217 est,
365 3164 533 3210 totum
581 3172 868 3213 commune
915 3169 996 3214 est
1041 3157 1219 3215 Patris
1265 3169 1319 3215 et
1348 3159 1500 3223 Filii;
1534 3162 1657 3231 quia
1686 3179 1791 3219 non

207 3246 309 3316 qui
331 3245 497 3302 Pater
524 3255 628 3313 est,
657 3248 825 3303 Filius
856 3260 945 3304 aut
975 3250 1206 3321 Spiritus
1232 3263 1451 3307 sanctus
1479 3255 1530 3307 in
1561 3270 1790 3323 persona

207 3337 305 3392 hic
334 3347 439 3403 est,
463 3353 565 3395 nec
589 3340 679 3410 qui
704 3339 873 3396 Filius
899 3350 999 3404 est,
1046 3341 1208 3397 Pater
1235 3352 1328 3396 aut
1356 3342 1591 3414 Spiritus
1637 3361 1795 3402 sanc-

209 3437 307 3486 tus
340 3431 425 3487 hic
458 3440 564 3497 est,
590 3446 689 3488 nec
718 3434 807 3505 qui
835 3431 1069 3503 Spiritus
1093 3443 1314 3490 sanctus
1345 3446 1449 3500 est,
1498 3435 1661 3491 Pater
1702 3447 1793 3492 aut

202 3522 387 3579 Filius
442 3524 530 3580 hic
577 3534 683 3591 est,
713 3525 805 3581 sed
834 3526 887 3581 in
931 3527 1166 3583 essentia
1210 3529 1350 3598 quod
1392 3526 1555 3585 Pater
1581 3538 1688 3596 est,
1740 3540 1796 3586 et

204 3614 419 3683 Filius,
449 3623 506 3670 et
532 3615 765 3686 Spiritus
803 3625 1024 3673 sanctus
1051 3619 1153 3672 hoc
1197 3634 1362 3673 unum
1393 3628 1497 3674 est.
1543 3619 1607 3675 Et
1648 3620 1795 3691 quod

205 3706 388 3763 Filius
435 3717 537 3773 est,
581 3708 745 3764 Pater
794 3718 848 3764 et
879 3708 1114 3779 Spiritus
1161 3719 1379 3766 sanctus
1426 3711 1530 3768 hoc
1583 3721 1686 3768 est.
1728 3713 1796 3767 Et

164 3796 358 3867 -quod
398 3795 632 3868 Spiritus
667 3807 889 3854 sanctus
926 3807 1031 3861 est,
1074 3798 1236 3854 Pater
1257 3808 1308 3854 et
1330 3798 1497 3856 Filius
1540 3801 1643 3855 hoc
1689 3810 1791 3867 est,

160 3930 165 3937 .
204 3888 310 3944 sed
357 3902 464 3942 non
508 3888 701 3959 triplex
749 3890 806 3946 in
834 3890 921 3944 illa
974 3888 1238 3946 Trinitate
1277 3891 1500 3945 deorum
1537 3906 1796 3949 numerus

203 3988 320 4036 est.
355 3978 515 4037 Salva
542 3981 685 4037 enim
711 3981 1057 4053 separatione
1076 3997 1431 4054 personarum
1456 3991 1627 4041 totum
1647 4000 1797 4043 com-

202 4088 375 4130 mune
401 4073 700 4131 divinitatis
736 4084 837 4132 est.
878 4095 897 4127 ι

846 4206 975 4262 CAP.
1004 4206 1163 4264 XCV.

206 4314 533 4373 Testimonia
566 4327 864 4372 sanctorum
902 4317 1119 4374 Patrum
1145 4328 1324 4374 contra
1352 4337 1439 4375 eos
1460 4321 1551 4392 qui
1566 4321 1795 4392 profana

278 4407 565 4462 intentione
623 4407 937 4463 munditiam
988 4411 1350 4465 ministrorum
1382 4408 1580 4466 Christi
1630 4430 1797 4483 oppu-

278 4514 445 4569 gnare
470 4499 810 4565 contendunt,
840 4517 994 4571 quam
1013 4500 1232 4571 pulchra
1262 4503 1403 4573 virgo
1435 4513 1484 4558 et
1526 4520 1648 4560 vera
1680 4522 1795 4560 rna-

1409 350 1610 407 LIBER
1646 349 2015 410 ADVERSUS
2052 350 2372 411 GRAECOS.

3399 367 3500 421 722

1839 481 1893 541 Α
1917 473 2141 528 Domino
2164 482 2217 526 ut
2238 474 2337 527 sim
2359 472 2550 542 fidelis.
2585 472 2845 532 Existimo
2876 494 2997 550 ergo
3027 480 3123 535 hoc
3147 482 3337 555 bonum
3382 503 3495 543 esse

1872 622 1879 627 .
1915 575 2123 641 propter
2168 568 2448 623 instantem
2480 573 2856 639 necessitatem,
2889 576 3140 644 quoniam
3186 575 3376 633 bonum
3418 591 3497 637 est

1915 658 2112 712 homini
2138 660 2213 731 sic
2259 677 2369 715 esse
2410 661 2592 733 (Ibid.,
2625 663 2740 738 25).
2782 664 3129 735 Subauditur,
3156 730 3159 735 ι
3184 678 3243 726 ut
3288 672 3361 727 ita
3426 674 3498 729 sit

1914 748 2199 804 continens
2237 750 2378 805 sicut
2402 767 2522 821 ego.
2566 752 2632 809 Et
2672 754 2800 810 item
2842 766 2964 826 post
3005 774 3210 829 pauca:
3249 759 3375 817 Volo
3395 782 3495 818 au-

1913 850 2013 895 tent
2057 859 2142 896 vos
2191 843 2302 897 sine
2347 845 2699 901 sollicitudine
2740 866 2868 905 esse.
2922 851 3027 917 Qui
3053 853 3167 909 sine
3197 872 3359 912 uxore
3393 840 3493 926 est,

1911 932 2164 988 sollicitus
2198 945 2271 989 est
2296 953 2413 1006 qua:
2437 936 2651 993 Domini
2672 950 2816 1006 sunt,
2842 945 3105 1013 quomodo
3131 946 3334 1017 placeat
3358 948 3489 1007 Deo.

1913 1022 2017 1089 Qui
2039 1034 2214 1079 autem
2243 1043 2362 1081 cum
2387 1044 2549 1083 uxore
2577 1040 2669 1094 est,
2692 1031 2946 1089 sollicitus
2970 1022 3045 1089 est
3070 1039 3331 1108 quomodo
3371 1040 3496 1111 pla-

1911 1124 2022 1169 ceat
2049 1118 2222 1170 uxori.
2257 1116 2315 1173 Si
2363 1128 2544 1175 autem
2594 1122 2733 1179 hanc
2758 1126 3128 1182 castimoniam
3159 1129 3313 1187 laicis
3340 1133 3489 1189 .hor-

1911 1205 2073 1260 tando
2095 1208 2305 1271 suadet,
2347 1210 2515 1266 multo
2549 1212 2719 1283 magis
2760 1214 3023 1270 ministris
3051 1216 3307 1275 Ecclesiae
3336 1222 3486 1277 eam-

1909 1296 2030 1350 dem
2064 1297 2240 1353 inesse
2291 1300 2584 1356 desiderat.
2632 1303 2764 1358 Item
2799 1306 3089 1379 Apostolus
3131 1309 3197 1363 ad
3233 1309 3487 1369 Galatas:

1909 1383 2107 1456 Spiritu
2136 1389 2422 1455 ambulate,
2453 1401 2499 1445 et
2535 1393 2798 1449 desideria
2827 1398 3001 1451 carnis
3039 1415 3141 1453 non
3171 1402 3475 1470 perﬁcietis.

1908 1477 2045 1534 Caro
2072 1483 2207 1535 enim
2236 1486 2549 1554 concupiscit
2578 1487 2825 1542 adversus
2854 1490 3118 1559 spiritum,
3145 1494 3358 1562 spiritus
3386 1512 3484 1550 au-

1905 1581 2007 1626 tem
2038 1575 2290 1629 adversus
2327 1593 2558 1632 carnem.
2588 1578 2719 1633 Han:
2748 1581 2884 1634 enim
2915 1582 3132 1637 invicem
3162 1585 3480 1655 sibiadver-

1903 1672 2108 1728 santur,
2138 1674 2324 1719 utnon
2363 1684 2684 1739 qua’cunque
2711 1671 2865 1725 vultis
2910 1671 3004 1726 illa
3046 1674 3289 1742 faciatis;
3330 1676 3472 1745 quod

1902 1755 1947 1807 si
1982 1755 2170 1825 spiritu
2208 1757 2483 1825 ducimini,
2523 1776 2625 1813 non
2668 1762 2790 1815 estis
2825 1762 2922 1816 sub
2958 1761 3067 1833 lege
3090 1761 3231 1835 (Cal.
3281 1781 3333 1829 ν,
3354 1764 3479 1835 ¹16).

1832 1837 1878 1897 Β
1905 1843 1973 1899 Ει
1999 1848 2161 1901 item:
2202 1845 2433 1903 Fructus
2463 1860 2636 1904 autem
2681 1850 2911 1921 Spiritus
2945 1865 3020 1908 est
3067 1854 3316 1919 charitas,
3347 1872 3484 1922 gau-

1900 1936 2070 2002 dium,
2108 1954 2232 2007 pax,
2255 1940 2529 2008 patientia,
2554 1941 2946 2011 longanimitas,
2998 1944 3221 2010 bonitas,
3253 1945 3484 2003 benigni-

1899 2038 1996 2094 tas,
2028 2028 2178 2097 ﬁdes,
2224 2030 2498 2095 modestia,
2547 2030 2754 2097 lenitas,
2809 2035 3151 2099 continentia,
3212 2034 3427 2088 castitas
3463 2050 3484 2088 :

1899 2121 2147 2175 adversus
2193 2120 2497 2191 hujusmodi
2546 2140 2649 2177 non
2704 2134 2778 2178 est
2831 2123 2914 2178 lea:
2965 2124 3172 2195 (Ibid.,
3221 2124 3361 2193 22).
3416 2125 3485 2180 Et

1916 2213 2079 2266 item:
2108 2210 2165 2266 Si
2194 2211 2380 2281 spiritu
2398 2214 2637 2277 vivimus,
2661 2216 2847 2285 spiritu
2869 2224 2917 2268 et
2940 2215 3263 2270 ambulemus
3288 2214 3481 2286 (Iloid..

1870 2312 2030 2360 'vers.
2063 2304 2176 2374 25).
2224 2304 2357 2360 Cum
2390 2314 2568 2361 autem
2618 2308 2684 2362 de
2714 2322 2913 2378 magno
2959 2308 3213 2378 pontiﬁce
3263 2307 3484 2362 Christo

1899 2400 1964 2453 ad
1989 2397 2242 2453 Hebraeos
2265 2398 2519 2453 dixisset:
2549 2398 2690 2454 Talis
2712 2402 2846 2453 enim
2873 2401 3083 2454 decebat
3104 2408 3160 2452 ut
3184 2400 3331 2453 nobis
3348 2406 3483 2452 esset

1896 2490 2131 2560 pontifex
2175 2499 2411 2554 sanctus,
2443 2490 2709 2553 innocens,
2739 2493 3068 2560 impollutus,
3112 2500 3409 2560 segregatus
3447 2505 3483 2542 a

1895 2582 2250 2650 peccatoribus
2282 2592 2329 2635 et
2363 2580 2616 2637 excelsior
2640 2583 2777 2636 cretis
2806 2582 2975 2650 factus
2998 2580 3182 2651 (Hebr.
3220 2597 3318 2646 vtt,
3340 2580 3433 2652 26)
3462 2598 3478 2636 :

1897 2672 2040 2727 hanc
2090 2673 2355 2727 castitatis
2404 2673 2721 2727 munditiam
2773 2674 2983 2751 cunctis
3007 2672 3379 2728 sacerdotibus
3420 2681 3480 2727 et

1898 2763 2161 2819 ministris
2192 2764 2447 2818 Ecclesia:
2474 2765 2791 2818 servandam
2821 2764 3116 2834 proposuit.
3146 2763 3213 2817 Et
3250 2763 3294 2816 si
3344 2762 3476 2818 talia

1898 2854 1951 2908 in
1982 2854 2327 2921 saecularibus
2343 2855 2651 2917 laudantur,
2678 2855 3040 2908 abundantius
3065 2854 3118 2907 in
3138 2852 3470 2908 ecclesiasti-

1898 2947 1978 3002 cis
2005 2947 2311 3001 honestiora
2333 2961 2452 3002 esse
2471 2947 2739 3000 videntur.
2773 2946 2902 3001 Item
2947 2946 3146 3000 Paulus
3173 2945 3241 3000 ad
3285 2944 3475 3001 Colos-

1897 3053 2115 3093 senses:
2146 3036 2477 3107 Mortiﬁcate,
2509 3039 2701 3107 inquit,
2739 3037 2967 3092 membra
3007 3047 3174 3091 vestra
3206 3054 3323 3109 quat
3350 3042 3477 3091 sunt

1898 3145 2053 3200 super
2100 3139 2313 3195 terram,
2371 3128 2789 3198 fornicationem,
2846 3128 3255 3191 immunditiam,
3302 3125 3481 3180 libidi-

1821 3209 1865 3272 C
1898 3238 2034 3286 nem,
2084 3205 2555 3290 concupiscentiam
2608 3220 2801 3274 malam
2828 3205 3049 3291 (Coloss'.
3079 3235 3158 3282 ιιι,
3210 3220 3283 3289 5).
3315 3219 3483 3273 Addit

1897 3313 2092 3367 etiam:
2127 3309 2350 3380 PrOpter
2390 3326 2508 3381 qua:
2538 3312 2671 3365 venit
2702 3313 2783 3364 ira
2814 3311 2907 3364 Dei
2938 3327 3094 3382 super
3130 3310 3268 3379 ftlios
3308 3310 3478 3365 incre-

1897 3405 2154 3460 dulitatis.
2185 3405 2252 3459 In
2279 3406 2464 3476 quibus
2492 3415 2538 3460 et
2563 3422 2652 3460 vos
2684 3407 2859 3475 fuistis
2884 3407 3170 3477 aliquando
3192 3423 3309 3461 cum
3338 3407 3476 3459 vive-

1870 3498 2025 3551 'retis
2085 3498 2141 3551 in
2199 3497 2326 3551 illis.
2374 3496 2530 3552 Nunc
2570 3506 2739 3551 autem
2774 3498 3013 3568 deponite
3055 3507 3103 3553 et
3150 3515 3235 3553 vos
3278 3498 3477 3562 omnia,

1895 3592 2055 3656 iram,
2086 3589 2519 3659 indignationem,
2541 3588 2817 3652 malitiam,
2849 3588 3241 3653 blasphemiam,
3268 3596 3473 3655 turpem

1876 3698 2184 3747 .sermonem
2230 3681 2294 3735 de
2318 3696 2407 3734 ore
2432 3690 2618 3735 vestro.
2666 3682 2747 3735 Ad
2790 3681 2905 3735 lucc
2944 3679 3340 3761 augmentanda
3380 3678 3480 3734 Dei

1866 3770 2066 3826 'Filius
2107 3771 2437 3826 concludens
2483 3771 2741 3840 imperat:
2792 3769 2909 3825 Sint
2950 3770 3111 3824 lumbi
3150 3768 3302 3823 vestri
3341 3784 3480 3838 prte-

1897 3863 2073 3926 cincti,
2104 3871 2151 3915 et
2201 3862 2426 3915 lucerna:
2463 3861 2702 3915 ardentes
2745 3862 2799 3915 in
2843 3861 3082 3914 manibus
3110 3860 3290 3914 vestris
3319 3857 3473 3929 (Luc.

1896 3970 1995 4019 xu,
2033 3952 2145 4025 55).
2175 3952 2243 4007 Et
2280 3951 2509 4007 Paulus:
2533 3951 2740 4007 Bonum
2787 3963 2861 4006 est
2893 3951 3160 4006 mulierem
3206 3968 3308 4005 non
3351 3960 3473 4005 tan-

1872 4063 2014 4119 gere
2043 4045 2092 4117 (1
2116 4044 2237 4100 Cor.
2277 4061 2372 4112 vn,
2419 4045 2493 4117 l),
2541 4046 2793 4102 videlicet
2832 4045 2985 4117 quasi
3016 4046 3069 4099 in
3112 4053 3254 4101 tactu
3287 4043 3473 4099 statim

1895 4138 2190 4212 periculum
2232 4153 2330 4209 pro
2364 4138 2571 4194 foribus
2614 4138 2847 4194 adesset.
2888 4138 2945 4192 Si
2989 4136 3296 4193 carnalibus
3334 4143 3417 4191 est
3445 4151 3480 4191 ιι

1897 4238 2041 4285 tactu
2070 4230 2476 4300 temperandum
2509 4240 2564 4284 et
2591 4231 2914 4294 cavendum,
2946 4228 3233 4284 instantius
3263 4226 3479 4298 spirita-

1868 4312 2035 4377 libus
2058 4322 2124 4376 ab
2151 4321 2398 4392 amplexu
2427 4323 2614 4378 illicito
2654 4322 3042 4393 perpetualiter
3074 4320 3474 4377 abstinendum.

1864 4403 2025 4469 'Ilem
2049 4414 2276 4469 Paulus:
2312 4412 2617 4469 Fornicatio
2657 4425 2831 4469 autem
2854 4424 2902 4468 et
2933 4413 3098 4469 omnis
3142 4411 3479 4466 immunditia

1895 4514 1985 4558 aut
2011 4506 2259 4571 avaritia,
2288 4522 2380 4559 nec
2408 4494 2772 4559 nomineturin
2798 4505 2962 4570 vobis,
2992 4506 3127 4558 sicut
3150 4506 3289 4557 decet
3316 4516 3474 4555 sanc—

279 4598 363 4644 ter
404 4588 640 4645 Ecclesia
681 4607 786 4645 non
816 4591 1008 4646 habens
1033 4592 1295 4647 maculam
1333 4604 1422 4647 aut
1475 4611 1677 4665 rugam,
1709 4594 1787 4650 vel
1816 4602 1864 4661 ι)
1892 4605 1970 4651 tos
1989 4614 2009 4661 ;
2042 4607 2131 4649 aut
2165 4596 2457 4666 turpitudo,
2489 4605 2578 4649 aut
2604 4596 3012 4667 stultiloquium,
3039 4605 3129 4649 aut
3170 4592 3467 4650 scurrilitas

280 4680 485 4753 aliquid
510 4682 834 4753 hujusmodi,
865 4677 1066 4754 sempei'
1102 4684 1201 4739 sibi
1233 4684 1442 4756 obsequi
1478 4684 1676 4741 illibate
1701 4685 1793 4739 de-

280 4773 426 4844 legit.
656 4790 673 4829 ᾳ

280 4863 402 4919 Vox
425 4863 646 4920 tonitrui
682 4864 884 4921 Paulus
910 4866 986 4921 ita
1022 4866 1088 4922 de
1121 4866 1380 4922 munditia
1423 4869 1788 4938 prosequitur,

202 4971 337 5011 cum
377 4955 690 5027 vulgaribus
729 4956 1037 5028 conjugium
1071 4957 1442 5028 permitteret:
1494 4957 1791 5029 Unusquis-

201 5063 310 5119 que
336 5064 488 5102 suam
512 5065 728 5103 uzorem
754 5049 961 5115 habeat,
989 5059 1037 5103 et
1075 5065 1396 5120 unaquaaque
1433 5067 1587 5105 suum
1622 5052 1790 5104 virum

200 5144 417 5199 habeat.
450 5143 587 5210 Hoc,
609 5146 799 5215 inquit,
824 5146 942 5200 dico
963 5145 1247 5201 secundum
1264 5143 1661 5215 indulgentiam,
1687 5157 1792 5196 non

201 5238 497 5299 secundum
526 5240 821 5310 imperium.
868 5237 993 5293 Volo
1024 5247 1200 5292 autem
1221 5252 1399 5291 omnes
1420 5234 1654 5289 homines
1679 5249 1790 5288 esse

202 5332 346 5385 sicut
372 5332 647 5401 meipsum,
686 5330 777 5386 sed
808 5330 1159 5402 unusquisque
1189 5329 1458 5400 proprium
1496 5327 1651 5381 habet
1694 5326 1789 5380 do-

206 5434 335 5473 num
356 5434 422 5473 ea:
448 5417 576 5473 Deo.
603 5418 748 5473 Alius
768 5420 976 5489 quidem
997 5419 1092 5483 sic,
1114 5417 1251 5472 alius
1277 5434 1395 5472 vero
1416 5416 1511 5471 sic.
1536 5415 1668 5471 Dico
1696 5432 1791 5471 au-

203 5518 313 5565 tem
343 5527 446 5565 non
473 5513 645 5582 nuptis
692 5520 739 5565 et
776 5511 966 5575 viduis,
996 5510 1187 5564 bonum
1217 5519 1289 5563 est
1317 5507 1424 5563 illis
1458 5509 1502 5562 si
1537 5508 1612 5563 sic
1634 5524 1786 5563 man-

160 5602 169 5608 '
203 5600 371 5653 serint
415 5605 546 5653 sicut
587 5611 633 5654 et
672 5617 763 5670 ego
807 5599 856 5671 (l
889 5599 1010 5654 Cor.
1044 5615 1137 5661 vn,
1184 5598 1242 5663 2,
1272 5599 1347 5663 6).
1376 5598 1443 5653 Et
1484 5599 1628 5654 idem
1663 5607 1787 5670 post

203 5706 382 5764 pauca
408 5694 459 5747 in
484 5695 670 5749 eadem
703 5694 940 5763 Epistula
970 5696 1037 5748 ad
1068 5695 1375 5749 (‘orinthios
1409 5696 1621 5767 prima:
1648 5695 1789 5752 Coa-

164 5784 175 5789 ’
206 5782 388 5838 silium
412 5796 584 5841 autem
611 5786 678 5841 do
699 5797 942 5857 tanquam
977 5786 1388 5841 misericordiam
1419 5798 1724 5842 ronsrrntus
1753 5802 1786 5842 ti

851 5922 880 5942 ο

1895 4704 2013 4758 qum
2039 4687 2108 4740 ad
2140 4703 2245 4740 rem
2266 4686 2504 4756 pertinet,
2537 4691 2624 4740 sed
2657 4687 2823 4756 magis
2852 4687 3145 4757 gratiarum
3172 4684 3328 4739 actio.
3357 4682 3405 4736 Η
3414 4701 3473 4736 cc

1895 4781 2030 4833 enim
2062 4778 2241 4833 scitote
2285 4776 2647 4849 intelligentes,
2676 4778 2815 4849 quod
2865 4778 3031 4831 omnis
3062 4776 3353 4845 fornicator
3381 4782 3473 4827 aut

1893 4870 2218 4933 immundus,
2251 4878 2343 4922 aut
2381 4885 2593 4931 avarus,
2626 4869 2765 4939 quod
2811 4879 2883 4923 est
2926 4866 3187 4922 idolorum
3229 4866 3471 4926 servitus,

1895 4978 1997 5015 non
2020 4961 2170 5015 habet
2194 4960 2550 5015 ha'reditatem
2574 4962 2625 5015 in
2652 4978 2807 5032 regno
2834 4961 3029 5014 Christi
3058 4970 3103 5014 et
3132 4959 3228 5012 Dei
3250 4957 3468 5029 (Ep/tes.

1893 5067 1944 5118 v,
1976 5051 2053 5123 ὅ).
2087 5051 2152 5105 Ει
2182 5050 2341 5121 paulo
2360 5059 2513 5121 post:
2542 5051 2719 5105 Eratis
2750 5054 2885 5105 enim
2907 5051 3190 5122 aliquando
3218 5051 3468 5116 tenebra’,

1892 5130 2030 5199 nunc
2076 5152 2251 5197 autem
2280 5141 2373 5196 lux
2413 5142 2467 5196 in
2517 5142 2776 5206 Domino;
2807 5155 2859 5196 ut
2884 5143 2981 5211 ﬁlii
3012 5143 3142 5197 lucis
3180 5144 3465 5199 ambulate.

1895 5230 2122 5309 It‘ructus
2156 5232 2296 5286 enim
2325 5229 2457 5285 lucis
2496 5241 2568 5286 est
2604 5233 2656 5287 in
2684 5234 2824 5288 omni
2850 5233 3076 5288 bonitate
3109 5244 3157 5288 et
3179 5235 3392 5305 justitia
3423 5245 3471 5289 et

1890 5323 2103 5376 veritate
2147 5321 2335 5393 (Ibid.,
2372 5322 2448 5393 8).
2496 5321 2590 5376 llis
2640 5331 2695 5376 et
2752 5323 2871 5377 aliis
2911 5323 3323 5393 quamplurimis
3375 5341 3472 5380 au-

1889 5413 2234 5469 ctoritatibus
2281 5412 2541 5481 pudicitia
2585 5414 2782 5469 mentis
2813 5423 2867 5493 et
2915 5416 3156 5486 castoris
3184 5430 3357 5485 usque
3400 5413 3471 5469 ad

1894 5504 2058 5562 ctelos
2081 5504 2376 5561 extollitur.

2517 5576 2645 5633 CAP.
2678 5575 2857 5635 XCVI.

1961 5695 2018 5751 In
2062 5694 2279 5752 Nicamo
2321 5694 2581 5757 Concilio,
2627 5694 2691 5749 de
2718 5674 3127 5749 subintrtiductis
3156 5691 3466 5748 mulieribus

1892 5789 2033 5860 (can.
2063 5789 2115 5855 5,
2149 5803 2211 5843 ex
2247 5787 2418 5858 prima
2440 5786 2595 5859 edit.)
2624 5805 2636 5840 :
2666 5806 2684 5839 ι
2721 5786 3000 5841 lnterdisit
3024 5800 3121 5855 per
3140 5785 3321 5841 omnia
3344 5799 3467 5840 ma-
