4000 6352
554 287 657 344 725

1667 289 1899 346 IENEE
1949 289 2371 348 PARISIENSIS
2419 292 2720 351 EPISCOPI

3737 295 3837 354 ’ω

550 416 656 472 gna
701 404 958 476 synodus,
1014 418 1120 458 non
1169 404 1438 473 episcopo,
1468 418 1573 458 non
1622 405 1963 476 presbytero.
2021 420 2127 460 non
2158 411 2204 469 Α
2233 424 2366 477 quas
2397 419 2619 479 propter
2671 409 2815 464 solas
2843 410 3301 465 necessitudinum
3355 426 3554 468 causas
3583 410 3841 471 habitare

552 491 813 560 Diacono,
848 509 945 550 nec
970 494 1127 549 alicui
1160 494 1383 549 omnino
1423 495 1514 563 qui
1555 495 1607 548 in
1637 493 1783 550 clero
1826 504 1928 560 est,
1977 495 2140 551 licere

551 585 1017 641 subintroductam
1070 586 1272 641 habere
1319 584 1621 651 mulierem,
1679 585 1783 640 nisi
1835 586 1973 641 forte
2027 601 2139 640 ma-

552 684 711 742 trem,
768 685 863 729 aut
898 690 1161 740 sororem,
1218 684 1311 730 aut
1363 675 1604 740 amitam,
1661 676 1746 730 vel
1793 690 1889 731 eas
1926 685 2137 731 tantum

548 778 813 836 personas
836 779 955 834 quae
980 765 1315 835 suspiciones
1356 765 1638 838 ell'ugiunt.
1684 765 1799 821 Hoc
1827 777 2006 822 autem
2040 765 2136 822 Ni-

549 869 758 910 caanum
789 855 1077 910 concilium
1109 857 1299 912 beatus
1339 856 1657 913 Ambrosius
1681 858 1734 912 in
1762 858 1899 913 libro
1923 859 1989 914 de
2013 859 2135 914 Tri-

546 948 720 1002 nitate
752 947 841 1018 (In
874 948 980 1019 ﬁne
1006 950 1245 1020 prooemii
1280 950 1319 1005 ι.
1362 967 1381 1005 ι
1419 950 1485 1007 de
1524 951 1631 1018 ﬁde
1655 953 1724 1005 ad
1751 949 2020 1023 Gratian.)
2054 952 2139 1010 his

547 1040 733 1096 verbis
758 1040 813 1096 in
840 1041 1164 1119 immensum
1189 1042 1385 1099 eli'ert:
1424 1045 1499 1100 De
1528 1045 1772 1100 conciliis
1821 1045 1874 1099 id
1915 1045 2135 1116 potissi-

547 1148 697 1188 mum
733 1149 954 1204 sequar,
988 1136 1132 1207 quod
1161 1138 1387 1192 trecenti
1411 1138 1595 1193 decem
1624 1147 1679 1193 et
1726 1147 1851 1194 octo
1886 1141 2137 1195 sacerdo-

547 1231 649 1289 tes,
702 1232 958 1294 tanquam
1006 1226 1238 1283 Abraha:
1283 1228 1409 1284 lecti
1452 1229 1676 1300 judicio,
1716 1245 1953 1285 consona
2011 1230 2135 1287 fidei

544 1315 1027 1385 virtute-victores,
1074 1320 1220 1376 velut
1276 1329 1534 1393 tropreum
1578 1330 1693 1377 toto
1739 1323 1871 1379 orbe
1899 1324 2137 1380 subactis
2200 1380 2213 1385 μ

542 1408 769 1477 perfidis
794 1411 1141 1467 extulerunt:
1172 1421 1231 1467 ut
1257 1415 1389 1469 mihi
1414 1414 1662 1470 videatur
1685 1416 1788 1471 hoc
1836 1430 1956 1471 esse
1999 1416 2138 1471 divi-

544 1514 697 1563 num,
734 1502 881 1570 quod
929 1503 1121 1557 eodem
1168 1519 1394 1559 numero
1446 1505 1499 1559 in
1530 1504 1790 1561 Conciliis
1838 1506 2137 1563 habeamus

545 1592 848 1660 oraculum,
882 1609 989 1665 quo
1023 1595 1079 1649 in
1100 1596 1325 1650 lnstoria
1355 1596 1571 1667 pietatis
1593 1597 1918 1668 exemplum.
1944 1618 1963 1652 ι

1147 1708 1278 1764 CAP.
1323 1708 1524 1766 XCVII.

616 1820 672 1876 In
706 1821 1067 1880 decretalibus
1101 1823 1281 1881 Siricii
1338 1842 1509 1897 papa},
1565 1827 1628 1882 de
1656 1826 1862 1884 clericis
1904 1830 2133 1884 inconti-

546 1913 807 1978 nentibus,
837 1930 955 1984 cap.
987 1915 1016 1968 7
1042 1915 1214 1987 (epist.
1239 1923 1356 1984 l,c.
1388 1918 1472 1988 7):
1508 1938 1525 1969 (
1562 1915 1857 1975 Veniamus
1881 1937 2025 1976 nunc
2062 1921 2132 1977 ad

550 2008 953 2063 sacratissimos
973 2011 1193 2065 ordines
1232 2010 1579 2078 clericorum,
1609 2027 1745 2081 quos
1773 2013 1827 2067 in
1870 2029 2136 2070 veneran-

546 2098 629 2153 dae
674 2099 952 2169 religionis
998 2101 1253 2169 injuriam
1300 2103 1373 2158 ita
1422 2118 1519 2173 per
1569 2112 1779 2160 vestras
1821 2106 2132 2175 provincias

548 2189 786 2243 calculos
816 2200 978 2259 atque
1034 2192 1306 2256 confusos,
1368 2193 1639 2253 charitate
1683 2203 1772 2248 tua
1823 2195 2132 2250 insinuante

544 2283 867 2350 reperimus,
905 2291 963 2337 ut
1022 2282 1271 2340 Jercmiae
1319 2287 1475 2343 nobis
1524 2304 1654 2343 voce
1700 2289 1982 2344 dicendum
2013 2290 2129 2345 sit:

543 2370 674 2437 Quis
703 2374 848 2428 dabit
879 2377 1037 2445 capiti
1072 2383 1186 2431 meo
1212 2396 1424 2446 aquam,
1454 2390 1545 2434 aut
1590 2380 1757 2435 oculis
1786 2383 1910 2436 meis
1933 2383 2130 2451 fontem

540 2464 943 2534 lacrymarum;
984 2478 1031 2521 et
1081 2469 1512 2540 ﬂebo'populum
1544 2472 1683 2526 hunc
1735 2474 1819 2527 die
1868 2491 1930 2528 ac
1984 2485 2131 2530 nocte

542 2552 675 2621 (Jer.
703 2553 802 2623 ix).
830 2557 885 2609 Si
913 2573 1042 2628 ergo
1068 2559 1257 2614 beatus
1284 2563 1547 2630 propheta
1581 2563 1648 2617 ad
1695 2563 1923 2634 lugenda
1946 2565 2130 2636 populi

541 2658 764 2712 peccata
795 2664 899 2702 non
925 2650 1027 2703 sibi
1051 2649 1126 2705 ait
1147 2650 1420 2722 lacrymas
1448 2668 1607 2723 posse
1633 2655 1902 2722 suflicere,
1927 2666 2129 2727 quanto

541 2752 638 2791 nos
660 2754 946 2808 possumus
969 2740 1154 2799 dolore
1179 2745 1422 2813 percelli,
1456 2762 1577 2800 cum
1600 2762 1788 2802 eorum
1816 2748 1906 2817 qui
1947 2750 2000 2803 in
2028 2765 2128 2806 no-

536 2837 650 2882 stro
676 2841 802 2886 sunt
822 2847 1070 2903 corpore,
1114 2838 1490 2907 compellimur
1512 2839 1756 2896 facinora
1798 2826 2081 2911 deplorare
2104 2840 2130 2893 7

2240 516 2360 554 cum
2388 501 2575 556 iisdem
2612 502 2849 572 synodus
2883 500 3097 557 Nicaena
3122 502 3387 575 permisit.
3416 524 3436 557 ι

2904 637 3057 693 CAP.
3096 638 3156 694 C.

2310 751 2655 807 Innocentius
2682 768 2820 824 papa
2846 755 2899 809 in
2922 754 3318 820 Decretalibus,
3346 754 3420 809 De
3444 757 3845 813 incontinentis

2237 846 2567 898 sacerdotum
2618 844 2695 899 vel
2738 846 3036 911 levitarum,
3089 863 3209 917 cap.
3258 848 3353 912 2i,
3390 850 3457 902 ad
3495 849 3845 919 Exuperium

2238 934 2547 1004 episcopum
2587 934 2912 989 Tolosanum
2942 936 3115 1005 (epist.
3152 937 3207 1001 ὅ,
3234 954 3280 991 c.
3310 937 3398 1007 I):
3437 956 3457 988 ι
3489 938 3847 1008 Proposuisti

2237 1027 2364 1096 quid
2415 1030 2480 1081 de
2526 1027 2609 1081 his
2634 1027 2912 1081 observari
2942 1028 3159 1092 debeat,
3195 1043 3331 1098 quos
3376 1029 3428 1082 in
3456 1028 3711 1083 diaconii
3746 1030 3848 1083 mi-

2238 1117 2484 1181 nisterio,
2519 1118 2691 1172 autin
2736 1118 2912 1173 oﬂicio
2948 1119 3271 1190 presbyterii
3322 1121 3546 1188 positos,
3598 1121 3851 1175 inconti-

2238 1220 2430 1265 nentes
2457 1227 2598 1274 esse,
2655 1220 2747 1265 aut
2797 1212 2982 1277 fuisse,
3024 1213 3265 1284 generati
3305 1212 3397 1267 filii
3447 1214 3845 1284 prodiderunt.

2239 1306 2315 1360 De
2342 1306 2427 1359 bis
2472 1314 2527 1360 et
2568 1305 2874 1359 divinarum
2906 1306 3081 1376 legum
3111 1317 3195 1361 est
3226 1307 3529 1375 disciplina,
3563 1316 3618 1361 et
3662 1309 3849 1362 beata:

2240 1397 2636 1452 recordationis
2688 1397 2788 1451 viri
2829 1396 3010 1452 Siricii
3042 1398 3280 1467 episcopi
3320 1399 3519 1453 monita
3550 1400 3849 1453 evidentia

2239 1499 2635 1555 commearunt,
2677 1497 2737 1543 ut
2774 1490 3173 1545 incontinentes
3203 1490 3256 1545 in
3282 1490 3470 1546 officiis
3500 1492 3719 1546 talibus
3748 1508 3850 1562 po-

2238 1580 2327 1638 siti
2364 1581 2511 1635 omni
2555 1581 2761 1636 honore
2790 1582 3161 1638 ecclesiastico
3198 1583 3567 1653 privarentur,
3594 1599 3717 1638 nec
3750 1584 3851 1637 ad-

2239 1674 2524 1728 mittantur
2555 1676 2620 1727 ad
2644 1673 2749 1729 tale
2779 1674 3157 1740 ministerium,
3188 1676 3328 1746 quod
3352 1676 3461 1731 sola
3489 1677 3849 1731 continentia

2161 1777 2209 1836 B
2236 1775 2448 1835 Oportet
2480 1766 2710 1838 impleri,
2746 1786 2765 1819 ι
2794 1776 2923 1832 etc.,
2947 1783 3110 1838 usque
3138 1768 3208 1822 ad
3237 1768 3486 1824 arbitrari
3508 1779 3639 1824 sunt
3679 1769 3846 1824 volu-

2235 1868 2458 1929 ptatem.

2901 1972 3030 2029 Car.
3071 1973 3154 2029 CI.

2304 2087 2435 2143 Item
2466 2102 2603 2157 papa
2645 2086 3013 2152 Innocentius,
3042 2088 3197 2154 Quod
3233 2089 3286 2143 hi
3309 2089 3398 2160 qui
3425 2090 3478 2143 in
3497 2089 3841 2160 presbyterio

2233 2176 2372 2248 ﬁlios
2398 2177 2692 2246 genuerint,
2722 2177 2971 2230 removeri
2998 2178 3063 2231 ab
3102 2178 3267 2248 ofﬁcio
3303 2178 3547 2244 debeant,
3596 2194 3736 2249 cap.
3768 2178 3841 2233 ὕ

2235 2272 2406 2342 (epist.
2452 2270 2503 2335 5,
2537 2270 2636 2323 sub
2671 2269 2813 2339 init.)
2846 2289 2857 2323 :
2897 2290 2914 2321 ι
2953 2270 3054 2337 Qui
3106 2271 3221 2325 zelo
3252 2271 3373 2325 ﬁdei
3418 2286 3482 2326 ac
3518 2270 3840 2342 disciplina

2234 2366 2428 2420 ductus
2478 2378 2584 2417 non
2644 2362 2848 2432 patitur
2894 2363 3189 2417 Ecclesiam
3240 2362 3401 2433 pollui
3455 2364 3523 2417 ab
3580 2365 3837 2434 indignis

2231 2457 2580 2529 presbyteris,
2636 2469 2771 2524 quos
2827 2455 2881 2508 in
2928 2455 3263 2525 presbyterio
3298 2454 3434 2509 ﬁlios
3458 2452 3663 2509 asserit
3696 2469 3833 2519 pro-

2231 2569 2466 2611 creassc.
2511 2551 2664 2620 Quod
2718 2567 2824 2606 non
2879 2551 3043 2606 licere
3083 2566 3433 2621 exponerem,
3472 2551 3574 2605 nisi
3600 2566 3832 2606 nossem

2229 2660 2464 2704 vestram
2494 2647 2836 2717 prudentiam
2871 2646 3002 2717 legis
3029 2646 3191 2701 totius
3220 2645 3420 2700 habere
3453 2645 3741 2699 notitiam.
3768 2643 3835 2700 Et

2229 2741 2372 2805 ideo,
2415 2738 2611 2807 fratres
2642 2739 2972 2805 charissimi,
3006 2738 3170 2793 libelli
3193 2740 3285 2809 qui
3316 2738 3593 2808 subjectus
3620 2748 3716 2793 est
3752 2747 3833 2794 te-

2229 2850 2360 2889 nore
2414 2843 2716 2904 perspecto,
2763 2848 2857 2887 eos
2887 2832 2978 2903 qui
3021 2832 3144 2886 talia
3182 2840 3521 2901 perpetrasse
3561 2831 3832 2886 dicuntur

537 2921 744 2989 Quibus
785 2927 1074 2995 prwcipue,
1125 2931 1418 2985 secundum
1466 2932 1682 2988 beatum
1737 2934 1986 3001 paulum,
2040 2937 2125 2990 in-
2221 2925 2407 2997 juhcte
2440 2925 2493 2978 in
2523 2924 2703 2978 medio
2728 2924 3005 2988 collocari,
3026 2924 3390 2992 discussisque
3422 2921 3830 2989 objectionibus

539 3014 734 3065 stantia
757 3015 1090 3082 quotidiana,
1119 3026 1168 3070 et
1188 3018 1489 3074 sollicitudo
1513 3025 1746 3076 omnium
1771 3023 2127 3079 Ecclesiarum

2227 3034 2348 3089 qua:
2378 3017 2510 3088 ipsis
2552 3012 2887 3088 presbyteris
2918 3016 3307 3086 impinguntur,
3347 3016 3391 3068 si
3435 3014 3691 3068 convinci
3728 3028 3828 3083 po-

536 3104 890 3159 indesinenter
942 3108 1215 3163 incumbit.
1253 3110 1382 3176 Quis
1433 3114 1571 3167 enim
1602 3115 1926 3184 inﬁrmatur,
1958 3126 2007 3171 ει
2033 3134 2126 3188 ego
2154 3143 2200 3207 ϐ
2232 3112 2456 3176 tuerint,
2495 3127 2523 3164 a
2553 3109 2872 3164 sacerdotali
2916 3118 3299 3164 removeantur
3333 3106 3538 3170 oliieio;
3570 3108 3704 3176 quia
3734 3108 3826 3177 qui

538 3212 643 3250 non
682 3194 971 3266 infirmor?
1001 3202 1134 3266 Quis
1178 3204 1591 3267 scandalizatur,
1622 3217 1668 3260 et
1693 3224 1786 3279 ego
1820 3227 1924 3264 non
1951 3210 2122 3265 uror?

537 3286 621 3358 (II
654 3286 778 3343 Cor.
804 3292 906 3363 χι.)
940 3292 1208 3349 Plurimos
1228 3295 1373 3351 enim
1396 3298 1707 3353 sacerdotes
1735 3298 1936 3355 Christi
1957 3310 2119 3371 atque

535 3377 730 3434 levitas
761 3389 881 3449 post
910 3381 1068 3454 longa
1099 3386 1526 3441 consecrationis
1553 3402 1663 3443 stite
1714 3397 1976 3460 tempora,
2008 3401 2119 3447 tam

516 3470 602 3539 (de
625 3470 888 3543 coniugiis
913 3475 1172 3544 propriis,
1197 3491 1361 3545 quam
1390 3477 1556 3534 etiam
1587 3479 1654 3533 de
1682 3481 1825 3551 turpi
1865 3482 2008 3537 coitu
2032 3498 2120 3541 so-

486 3552 495 3558 ’
535 3566 715 3621 holem
738 3567 1026 3626 didicimus
1074 3586 1415 3641 proel-casse,
1466 3584 1520 3630 et
1550 3568 1785 3632 crimen
1814 3594 1969 3632 suum
2018 3580 2119 3635 hac

535 3660 944 3730 priescriptione
997 3662 1310 3733 defendere,
1364 3667 1490 3736 quia
1549 3666 1733 3723 Veteri
1773 3669 2119 3727 Testamento

535 3754 909 3811 sacerdotibus
940 3771 1006 3813 ac
1037 3758 1305 3814 ministris
1331 3760 1625 3831 generandi
1670 3759 1900 3817 facultas
1922 3762 2119 3835 legitur

535 3846 818 3914 attributa,
840 3866 858 3899 ι
885 3856 1017 3917 etc.,
1046 3867 1209 3921 usque
1240 3852 1311 3906 ad
1333 3854 1605 3909 senserint
1630 3855 1972 3911 medicinam.

1133 3964 1262 4021 CAP.
1299 3966 1522 4023 XCVIII.

609 4080 668 4134 In
700 4081 922 4147 eisdem,
968 4082 1045 4137 De
1094 4081 1417 4140 Clericorum
1464 4089 1819 4157 conversione,
1870 4105 1991 4160 cap.
2039 4091 2111 4147 9:

542 4191 559 4221 ι
604 4170 921 4243 Quicunque
966 4174 1147 4245 itaque
1203 4191 1261 4232 se
1316 4177 1570 4233 Ecclesire
1612 4181 1759 4235 vovit
1803 4181 2113 4254 obsequiis,

537 4281 567 4319 a
595 4280 689 4320 sua
717 4264 942 4320 infantia
966 4277 1091 4323 ante
1115 4269 1415 4337 pubertatis
1437 4287 1607 4329 annos
1640 4273 1929 4345 baptizari,
1963 4284 2017 4331 et
2043 4275 2117 4332 le-

537 4365 747 4411 ctorum
777 4356 935 4411 debet
961 4357 1263 4415 ministerio
1286 4360 1481 4416 sociari
1506 4380 1518 4416 :
1548 4362 1641 4433 qui
1673 4379 1894 4421 accessu
1938 4367 2117 4424 adole-

536 4449 759 4504 scentis:
786 4464 955 4522 usque
977 4451 1044 4506 ad
1067 4451 1398 4508 tricesimum
1425 4455 1601 4511 aetatis
1627 4471 1826 4512 annum
1852 4459 1896 4513 si
1925 4461 2117 4528 proba-

532 4537 717 4593 biliter
740 4538 956 4607 vixerit,
1009 4555 1117 4595 una
1170 4550 1400 4609 tantum,
1429 4552 1483 4599 et
1508 4558 1593 4612 ea,
1640 4562 1801 4617 quam
1854 4548 2119 4620 virginem

534 4631 805 4686 communi
845 4648 944 4703 per
989 4634 1327 4692 sacerdotem
1382 4636 1753 4694 benedictione
1790 4643 2116 4713 perceperit,

535 4742 703 4783 uxore
762 4737 1049 4784 contentus
1083 4772 1097 4801 ,
1160 4730 1440 4802 acolythus
1488 4741 1545 4788 et
1582 4733 1944 4791 subdiaconus
2000 4752 2124 4792 esse

534 4820 769 4876 debebit.
788 4818 914 4878 Post
935 4837 1055 4893 quae
1076 4822 1144 4878 ad
1170 4823 1405 4879 diaconii
1430 4825 1678 4896 gradum,
1710 4827 1754 4881 si
1779 4844 1838 4882 se
1863 4828 1976 4898 ipse
2010 4829 2121 4900 pri-

538 4914 703 4967 mitus
735 4915 1066 4969 continentia
1116 4923 1393 4986 prteeunte
1424 4915 1642 4986 dignum
1673 4918 1935 4987 probarit,
1966 4934 2120 4976 acce-

538 5004 651 5057 dat.
673 5003 771 5059 Ubi
795 5006 837 5061 si
862 5006 1002 5061 ultra
1025 5007 1264 5079 quinque
1288 5022 1459 5063 annos
1482 5007 1824 5064 laudabiliter
1846 5010 2120 5067 ministra-

511 5087 514 5091 ’
541 5102 634 5168 rit,
658 5118 890 5173 congrue
917 5105 1311 5175 presbyterium
1339 5114 1714 5175 consequetur.
1768 5104 1972 5160 Exinde
2002 5113 2123 5176 post

540 5195 858 5250 decennium
882 5195 1237 5265 episcopalem
1276 5195 1589 5251 cathedram
1631 5196 1830 5266 poterit
1869 5195 2115 5265 adipisci,

539 5287 582 5340 si
610 5297 787 5341 tamen
814 5301 912 5356 per
956 5288 1069 5343 haec
1098 5298 1337 5358 tempora
1381 5288 1661 5360 integritas
1708 5289 1829 5344 vitae
1872 5304 1938 5344 ac
1992 5286 2118 5345 ﬁdei

541 5381 657 5450 ejus
685 5380 844 5436 fuerit
870 5381 1183 5463 approbata.
1209 5402 1226 5434 ι

1161 5486 1286 5542 CAP.
1331 5485 1517 5543 XCIX.

608 5580 740 5635 Item
784 5581 833 5634 in
876 5580 1078 5636 eisdem
1124 5580 1513 5645 Dec-retalibus,
1563 5579 1694 5645 Qua:
1740 5580 1949 5649 femina:
2000 5595 2119 5633 cum

534 5672 734 5726 clericis
763 5667 1035 5735 lmbitent,’
1064 5686 1181 5738 cap.
1215 5671 1281 5724 -I‘2
1308 5689 1319 5723 :
1354 5691 1371 5721 ι
1410 5671 1662 5726 Feminas
1690 5688 1821 5727 vero
1844 5688 1947 5727 non
1986 5672 2119 5729 alias

535 5779 655 5824 esse
685 5763 920 5839 patimur
952 5765 1004 5819 in
1028 5762 1277 5819 domibus
1307 5762 1626 5837 clericorum
1652 5765 1751 5818 nisi
1785 5784 1878 5819 cm:
1912 5777 2113 5822 itidlilli

2232 3204 2405 3259 sancti
2431 3219 2537 3258 non
2569 3212 2717 3269 sunt,
2766 3214 2956 3258 sancta
3001 3211 3211 3257 tentare
3239 3217 3344 3256 non
3381 3208 3632 3271 possunt,
3659 3210 3827 3269 atque

2229 3298 2393 3353 alieni
2423 3295 2727 3352 efficiuntur
2769 3312 2800 3350 a
2837 3295 3160 3360 ministerio,
3189 3293 3331 3364 quod
3374 3292 3608 3347 vivendo
3632 3290 3825 3347 illicite

2227 3392 2558 3464 polluerunt.
2594 3390 2854 3444 Miramur
2878 3398 3055 3445 autem
3099 3389 3214 3444 hate
3241 3404 3431 3443 eorum
3468 3387 3825 3443 dissimulare

2229 3484 2534 3554 episcopos,
2566 3490 2626 3537 ut
2652 3490 2746 3537 aut
2770 3481 3082 3546 connivere,
3118 3490 3209 3535 aut
3236 3481 3449 3536 nescire
3472 3494 3598 3535 esse
3624 3479 3825 3535 illicita

2222 3577 2551 3649 judicentur.
2596 3596 2614 3628 ι

2869 3689 3021 3747 CAP.
3063 3689 3169 3746 CII.

2298 3811 2533 3865 Sanctus
2565 3807 2789 3864 Siricius
2816 3823 2955 3880 papa
2984 3809 3037 3863 in
3061 3808 3303 3864 Ecclesra
3330 3807 3475 3862 oeati
3504 3805 3656 3862 Petri
3695 3823 3820 3879 apo-

2227 3902 2488 3958 stolorum
2513 3901 2776 3973 principis
2816 3903 2867 3957 in
2907 3902 3137 3958 concilio
3166 3902 3425 3965 residens,
3467 3911 3523 3956 et
3554 3900 3819 3956 fratribus

2224 4007 2282 4053 et
2309 3996 2645 4067 coepiscopis
2674 4011 2772 4066 per
2792 3994 3031 4049 Africam
3069 3993 3435 4049 ecclesiastica
3469 3995 3596 4061 jura
3622 3993 3818 4048 descri-

2224 4089 2382 4151 bens,
2412 4089 2555 4143 inter
2582 4096 2778 4141 emttcra
2819 4087 2934 4142 hzec
2966 4088 3029 4144 de
3052 4087 3310 4157 pudicitia
3344 4085 3526 4140 intulit
3557 4088 3739 4157 (epist.
3762 4086 3813 4151 ι,

2226 4195 2278 4234 n.
2304 4179 2397 4246 9):
2438 4198 2455 4231 ι
2489 4178 2782 4244 Praeterea,
2822 4178 2965 4248 quod
3001 4178 3221 4250 dignum
3248 4188 3303 4232 et
3344 4179 3602 4248 pudicum
3628 4188 3685 4233 et
3728 4181 3817 4234 ho-

2225 4280 2439 4328 nestum
2493 4279 2600 4337 est,
2647 4271 2942 4327 suademus
2996 4271 3306 4326 sacerdotes
3355 4280 3407 4326 et
3466 4271 3651 4327 levita:
3693 4288 3812 4327 cum

2166 4384 2177 4389 τ
2224 4363 2486 4419 uxoribus
2538 4363 2653 4418 suis
2703 4376 2811 4417 non
2858 4371 3075 4429 coeant,
3133 4363 3259 4433 quia
3289 4363 3340 4417 in
3372 4363 3682 4418 ministerio
3719 4365 3816 4419 mi-

2224 4459 2382 4514 nistri
2413 4458 2742 4529 quotidianis
2770 4458 3185 4513 necessitatibus
3207 4467 3567 4528 occupantur.
3600 4458 3681 4511 Ad
3708 4456 3813 4513 Co-

2226 4553 2461 4608 rinthios
2506 4567 2740 4621 namque
2786 4550 2985 4606 Paulus
3030 4551 3108 4605 sic
3135 4550 3379 4605 scribens
3402 4550 3480 4604 ait
3508 4568 3520 4604 :
3547 4552 3812 4605 Aestimate

2225 4663 2311 4701 vos
2355 4656 2409 4699 ut
2455 4645 2644 4699 vacetis
2695 4644 2924 4698 orationi
2975 4641 3026 4715 (Ι
3059 4643 3180 4698 Cor.
3221 4644 3343 4714 vti).
3390 4642 3627 4716 Si‘ergo
3666 4643 3812 4699 laici:

2224 4738 2549 4796 abstinentia
2583 4738 2900 4807 imperatur,
2926 4744 2985 4790 ut
3006 4735 3590 4807 possintdeprecantes
3618 4736 3810 4801 audiri,

2225 4840 2427 4903 quanto
2472 4832 2647 4900 magis
2675 4832 2929 4886 sacerdos
2969 4829 3157 4899 utique
3176 4829 3324 4884 onmi
3357 4838 3641 4885 momento
3662 4843 3814 4900 para-

2226 4936 2313 4981 tus
2338 4941 2458 4982 esse
2494 4926 2673 4989 debet,
2731 4923 3005 4978 munditire
3048 4924 3267 4993 puritati
3316 4939 3564 4990 securus,
3620 4939 3691 4978 ne
3722 4930 3814 4980 aut

2228 5019 2558 5077 sacrificium
2608 5017 2819 5082 oﬂ‘erat,
2879 5026 2973 5073 aut
3014 5018 3289 5087 baptizare
3337 5026 3583 5087 cogatur.
3625 5016 3727 5084 Qui
3765 5013 3809 5071 si

2227 5113 2629 5168 contaminatus
2658 5110 2819 5166 fuerit
2841 5108 3045 5165 carnali
3073 5110 3538 5180 concupiscentia,
3570 5111 3699 5182 quid
3736 5109 3810 5165 fa-

2225 5206 2364 5261 ciet?
2395 5204 2641 5273 Qualitcr
2667 5221 2726 5261 se
2751 5204 3071 5260 excusabit?
3099 5204 3217 5272 Quo
3242 5203 3467 5275 pudore,
3504 5222 3611 5275 qua
3635 5214 3807 5260 mente

2225 5298 2540 5369 usurpabit?
2572 5298 2687 5365 Qua
2712 5297 3071 5361 conscientia,
3097 5311 3203 5366 quo
3232 5298 3427 5350 merito
3453 5311 3511 5350 se
3538 5296 3629 5349 hic
3649 5309 3807 5349 exau-

2224 5391 2326 5445 diri
2359 5389 2553 5456 credit,
2588 5404 2709 5443 cum
2741 5387 2942 5442 dictum
2976 5387 3044 5441 sit
3077 5406 3088 5442 :
3122 5385 3313 5441 Omnia
3345 5388 3542 5441 munda
3574 5386 3801 5451 mundis,

2223 5483 2573 5553 coinquinatis
2598 5490 2773 5535 autem
2797 5490 2843 5535 et
2860 5479 3159 5549 inﬁdelibus
3176 5480 3307 5534 nihil
3323 5482 3575 5535 mundum
3594 5480 3721 5549 (Tit.
3742 5479 3800 5549 I).

2223 5580 2338 5646 Qua
2368 5578 2433 5632 de
2470 5592 2530 5631 re
2560 5576 2768 5641 hortor,
2805 5591 3022 5638 moneo,
3047 5590 3198 5647 rogo,
3228 5575 3453 5631 tollatur
3484 5576 3585 5630 hoc
3612 5590 3802 5646 opproo

2220 5673 2419 5737 brium,
2452 5670 2595 5741 quod
2642 5677 2820 5739 potest
2856 5670 2979 5739 jure
3012 5670 3173 5723 etiam
3208 5668 3485 5739 gentilitas
3524 5683 3799 5725 accusare.

2221 5765 2384 5820 Forte
2412 5764 2515 5820 hoc
2545 5761 2805 5829 creditur,
2838 5759 2965 5833 quia
2995 5760 3254 5839 scriptum
3283 5768 3367 5818 est
3386 5777 3429 5835 _:
3476 5756 3643 5821 Unius
3669 5775 3799 5817 uos
