4000 6352
223 339 335 396 7‘25

1368 335 1568 392 LIBER
1619 331 1992 390 ADVERSUS
2029 334 2352 390 GRAECOS.

3395 331 3504 391 7%

221 463 300 518 ris
327 459 493 518 virum
519 457 572 536 (I
617 457 752 514 Tim.
797 457 902 529 tu).
935 456 1050 512 Non
1091 465 1499 528 permanentem
1533 455 1585 508 in
1612 468 1810 508 concu-
1839 450 1885 508 Α
1916 467 2037 504 cum
2061 453 2125 504 ad
2156 452 2442 520 przcdictos
2465 450 2813 521 pervenerint
2844 449 3068 521 gradus,
3097 449 3262 518 cmpit
3288 449 3368 504 eis
3396 464 3504 503 non

219 552 493 626 piscentia
524 551 818 621 generandi
851 549 1008 614 dixit,
1049 549 1142 603 sed
1172 557 1393 619 propter
1418 545 1808 602 continentiam

219 644 482 702 futuram.
510 643 692 714 Neque
721 643 866 698 enim
905 642 1145 713 integros
1177 656 1285 696 non
1321 640 1539 695 admisit
1562 639 1653 708 qui
1687 639 1761 692 ait
1794 655 1808 692 :

227 737 330 792 Vel
359 749 530 792 autem
580 754 756 792 omnes
784 738 1018 791 homines
1065 737 1140 790 sic
1170 753 1300 801 esse,
1343 737 1498 790 sicuti
1542 746 1591 792 et
1625 753 1718 806 ego
1758 733 1812 802 (I

199 829 352 908 _Cor.
384 829 500 900 vn).
522 829 585 882 El
612 829 852 900 apertius
879 828 1122 884 declarat
1149 829 1339 884 dicens
1373 843 1386 881 :
1423 827 1528 892 Qui
1557 837 1732 881 autent
1757 827 1814 880 in

198 921 385 990 Lcarne
414 929 555 982 sunt,
593 919 700 974 Deo
731 919 935 990 placere
966 938 1069 974 non
1104 929 1340 990 possunt.
1373 913 1479 973 Vos
1505 929 1679 972 autem
1704 919 1814 982 iam

194 975 333 1062 lnon
359 1011 482 1062 estis
531 1009 584 1062 in
623 1025 798 1072 carne,
836 1009 927 1063 sed
972 1010 1027 1062 in
1069 1011 1258 1075 spiritu
1305 1007 1478 1078 (Rom.
1510 1005 1650 1078 vtu).
1691 1006 1816 1062 llaec

217 1099 430 1168 itaque,
473 1098 695 1165 fratres,
743 1099 788 1154 si
839 1099 995 1170 plena
1037 1100 1311 1172 vigilantia
1350 1098 1550 1153 fuerint
1599 1098 1666 1150 ab
1692 1113 1813 1150 oin-

217 1193 386 1248 nibus
423 1193 728 1256 observata,
781 1195 1018 1249 cessabit
1063 1194 1307 1258 ambitio,
1363 1191 1629 1248 dissensio
1681 1207 1812 1246 con-

213 1285 492 1354 quiescet,
524 1287 761 1342 barreses
807 1297 858 1342 et
909 1287 1201 1342 schismata
1254 1303 1359 1340 non
1403 1293 1700 1356 emergent,
1738 1283 1816 1338 lo-

215 1391 348 1430 cum
378 1391 482 1431 non
514 1377 745 1448 accipiet
763 1377 1008 1434 diabolus
1040 1377 1326 1444 saeviendi;
1356 1377 1596 1432 manebit
1619 1373 1813 1429 unani-

215 1469 406 1534 mitas,
457 1470 715 1540 iniquitas
754 1480 1003 1542 superata
1052 1471 1353 1527 calcabitur
1384 1489 1396 1525 :
1429 1470 1668 1526 charitas
1699 1467 1810 1538 spi-

214 1557 366 1614 ritali
417 1558 628 1616 fervore
674 1559 952 1634 flagrabit,
995 1579 1099 1632 pax
1145 1563 1438 1634 prtedicata
1485 1560 1642 1616 labiis
1687 1574 1814 1613 cum

213 1651 500 1706 voluntate
531 1653 916 1718 concordabit;
945 1670 1049 1724 pax
1078 1654 1264 1724 utique
1294 1653 1388 1707 Dei
1420 1653 1590 1707 nostri
1627 1651 1815 1706 Salva-

216 1743 376 1802 toris.
410 1760 570 1814 quam
599 1747 880 1816 proximus
909 1747 1145 1816 passioni
1183 1747 1505 1800 servandam
1531 1763 1653 1801 esse
1679 1762 1813 1815 pra:-

213 1833 398 1903 ccpit,
429 1843 482 1888 et
512 1833 911 1890 hzereditariam
941 1837 1094 1891 nobis
1116 1837 1238 1902 jure
1271 1837 1556 1906 dereliquit
1584 1837 1768 1890 dicens
1797 1855 1808 1890 :
1844 1825 1890 1886 Β

211 1918 419 1976 Pacem
464 1941 632 1978 nteant
668 1925 748 1996 (lo.
778 1927 937 1989 vobis,
981 1945 1158 1996 parem
1205 1945 1372 1982 meum
1411 1927 1645 1998 rrl’nquo
1672 1928 1812 1982 vobis

211 2012 407 2086 (Jonn.
441 2017 573 2084 xw).
609 2017 675 2071 Et
700 2018 899 2071 dictum
924 2017 1160 2088 Apostoli
1189 2033 1202 2072 :
1231 2016 1296 2072 Ut
1329 2021 1604 2073 unanimes
1650 2035 1812 2074 unum

211 2105 501 2159 sentientes
525 2122 924 2176 permaneamus
959 2109 1012 2162 in
1051 2107 1294 2174 Christo;
1320 2109 1452 2164 nihil
1482 2127 1572 2180 per
1599 2122 1814 2166 conten-

211 2197 413 2252 tionem
441 2198 612 2264 nobis,
645 2217 808 2272 neque
834 2219 925 2270 per
961 2203 1168 2257 inanem
1199 2202 1421 2271 gloriam
1457 2205 1811 2269 vindicantes;

210 2305 314 2343 nec
350 2290 680 2356 hominibus,
716 2294 806 2348 sed
841 2293 952 2348 Deo
997 2306 1173 2350 nostro
1203 2293 1471 2351 Salvatori
1511 2296 1812 2367 placeamus

211 2382 445 2453 (Philip.
471 2387 555 2454 ιι).
585 2386 679 2440 llis
701 2389 986 2458 praaceptis
1011 2390 1262 2445 omnibus
1291 2391 1337 2444 si
1370 2389 1603 2444 fideliter
1627 2391 1813 2446 volue-

210 2474 395 2529 rimus
419 2475 656 2540 obedire,
689 2480 960 2534 custodiet
989 2481 1247 2535 Dominus
1278 2497 1508 2552 corpora
1541 2492 1726 2538 nostra
1759 2493 1813 2539 et

211 2569 438 2624 animas
468 2575 695 2626 nostras'
715 2572 770 2626 in
797 2573 885 2628 die
921 2589 1024 2642 qua
1057 2575 1368 2630 redditurus
1395 2584 1477 2632 est
1520 2577 1813 2647 unicuique

208 2659 518 2716 secundum
567 2676 734 2732 opera
781 2679 898 2719 sua.
945 2665 1002 2720 Si
1044 2666 1165 2736 quis
1211 2681 1342 2722 sane
1389 2666 1604 2722 inﬂatus
1629 2679 1811 2724 mente

209 2752 402 2808 carnis
429 2768 542 2808 suae
565 2755 633 2810 ab
665 2756 766 2812 hac
791 2759 1018 2814 canonis
1052 2760 1263 2816 ratione
1288 2759 1520 2815 voluerit
1557 2761 1809 2833 evagari,

210 2843 362 2899 sciat
406 2859 468 2900 se
511 2854 564 2902 et
596 2861 627 2901 a
657 2857 843 2904 nostra
872 2851 1254 2907 communione
1299 2851 1600 2916 seclusum,
1634 2861 1690 2907 et
1714 2868 1808 2923 ge-

210 2936 416 2991 hennae
437 2952 624 3006 ptenas
646 2937 988 2995 habiturum.
1005 2941 1275 2998 Praeterea
1301 2944 1670 2999 misericordia
1687 2961 1811 3000 cum

206 3029 423 3102 judicio
450 3047 572 3088 esse
597 3034 777 3090 debet.
809 3035 1030 3094 Talibus
1060 3038 1204 3093 enim
1245 3047 1462 3108 oportet
1504 3038 1810 3093 labentibus

211 3137 444 3176 manum
471 3125 768 3196 porrigere,
793 3141 912 3197 qua?
942 3127 1019 3182 sic
1051 3136 1358 3183 currentem
1396 3143 1501 3183 non
1529 3129 1810 3198 pertrabat

1914 541 2080 598 licere
2109 544 2251 612 quod
2290 543 2460 598 licuit.
2494 543 2646 599 Unde
2677 551 2736 597 ut
2775 542 2842 597 de
2879 541 3084 597 carnali
3133 540 3226 595 fiat
3263 539 3506 610 spiritale

1914 630 2244 701 conjugium,
2261 641 2473 703 oportet
2493 647 2588 688 eos
2613 649 2714 688 nec
2735 632 3007 687 dimittere
3030 646 3246 696 uxores,
3272 639 3326 684 et
3349 630 3502 698 quasi

1913 738 2020 777 non
2054 723 2285 778 habeant
2325 726 2403 780 sic
2446 725 2674 791 habere;
2716 740 2824 795 quo
2853 734 2908 780 et
2947 724 3095 779 salva
3144 725 3214 778 sit
3262 723 3505 779 Charitas

1915 816 2326 884 connubiorum,
2358 826 2410 872 et
2437 827 2614 873 cesset
2640 819 2883 887 operatio
2912 817 3245 887 nuptiarum.
3287 836 3304 867 ι

2563 952 2691 1007 Car.
2733 951 2844 1007 CV.

1989 1062 2121 1117 item
2151 1061 2260 1119 Leo
2287 1081 2423 1136 papa
2463 1065 2514 1118 in
2555 1065 2780 1135 cpistola
2829 1081 2926 1119 sua
2972 1079 3132 1140 quam
3177 1063 3242 1117 ad
3289 1061 3507 1117 Mauros

1916 1152 2197 1224 episcopos
2244 1155 2474 1220 direxit,
2517 1156 2658 1208 inter
2688 1164 2883 1210 caetera
2928 1155 3008 1209 sic
3049 1154 3176 1208 dicit
3227 1153 3303 1223 (in
3351 1152 3502 1218 edit.,

1916 1246 2065 1315 epist.
2089 1246 2153 1300 87
2183 1247 2251 1300 ad
2291 1249 2448 1316 episc.
2482 1246 2760 1316 Africanos
2803 1263 2894 1318 per
2926 1246 3308 1300 Mauritaniam
3328 1286 3342 1311 ,
3375 1251 3507 1310 εις..

1917 1353 2034 1408 cap.
2081 1339 2132 1410 l)
2168 1358 2180 1393 :
2219 1361 2235 1391 ί
2274 1339 2462 1395 Totius
2504 1339 2725 1394 familia:
2771 1348 2945 1395 status
2992 1339 3125 1394 ordo
3177 1338 3417 1404 nutabit,
3463 1337 3510 1394 si

1917 1431 2059 1499 quod
2113 1433 2410 1501 requiritur
2455 1433 2507 1486 in
2556 1446 2782 1502 corpore
2825 1445 2931 1485 non
2983 1429 3290 1484 inveniatur
3325 1428 3380 1483 in
3421 1443 3513 1483 ca-

1917 1521 2048 1591 pite,
2075 1542 2092 1574 ›
2120 1532 2250 1587 etc.,
2279 1523 2518 1594 usquead
2533 1531 2813 1592 argentum
2831 1537 3022 1592 purum
3039 1535 3158 1576 esse
3174 1502 3508 1575 meruerunt.

2572 1654 2701 1710 CAP.
2741 1653 2871 1710 CVI.

1985 1767 2046 1822 In
2103 1768 2403 1822 canonibus
2460 1779 2770 1821 sanctorum
2829 1765 3242 1836 apostolorum,
3305 1781 3426 1834 cap.
3478 1763 3510 1818 ’7

1921 1858 2059 1926 (can.
2086 1859 2146 1921 7,
2171 1858 2241 1911 al.
2269 1859 2332 1922 6,
2365 1857 2541 1927 (li/fert
2583 1857 2646 1909 ab
2687 1857 2879 1926 edit.):
2919 1877 2934 1908 ι
2979 1855 3050 1911 Ut
3095 1856 3408 1911 sacerdotes
3457 1861 3515 1909 et

1919 1951 2155 2005 ministri
2188 1951 2372 2005 altaris
2413 1951 2765 2004 saecularibus
2817 1951 2962 2005 euris
3009 1937 3356 2004 abstineant:
3389 1947 3508 2017 epi-

1917 2059 2112 2113 scopus
2157 2053 2334 2097 autem
2387 2044 2668 2115 presbyter
2715 2053 2809 2096 aut
2853 2043 3110 2098 diaconus
3161 2055 3506 2112 nequaquam

1917 2137 2206 2191 saeculares
2229 2151 2388 2190 curas
2409 2143 2680 2202 assumat;
2712 2134 2794 2189 sin
2824 2133 2982 2188 aliter
3028 2130 3333 2186 deiiciatur.
3365 2149 3383 2182 ι

2552 2266 2680 2322 CAP.
2721 2264 2876 2321 CVII.

1989 2381 2120 2436 Item
2171 2381 2224 2435 in
2259 2381 2462 2436 eisdem
2490 2421 2505 2448 ,
2546 2379 2700 2446 Quod
2743 2380 2972 2434 ministri
3017 2379 3205 2433 altaris
3251 2377 3514 2433 oblatione

1914 2473 2172 2528 celebrata
2194 2472 2411 2526 debeant
2431 2473 2839 2535 communicare,
2865 2486 2982 2540 cap.
3001 2470 3034 2526 9
3055 2477 3196 2542 (can.
3215 2469 3269 2536 9,
3286 2486 3351 2524 ea:
3371 2485 3508 2524 vers.
3571 2531 3578 2536 ,

1913 2564 2155 2635 Dionysii
2186 2561 2404 2634 Exigui)
2436 2581 2448 2616 :
2489 2581 2504 2614 t
2543 2563 2599 2617 Si
2641 2562 2763 2632 quis
2799 2561 3118 2632 episc0pus,
3146 2569 3241 2614 aut
3281 2561 3511 2632 presby-

1915 2669 2019 2724 ter,
2049 2668 2141 2714 aut
2173 2660 2462 2721 diaconus,
2492 2639 2845 2726 vel'quilibet
2889 2671 2955 2710 ex
3007 2655 3329 2709 sacerdotali
3372 2662 3520 2708 cata-
3567 2673 3588 2690 ι

1914 2751 2056 2822 logo,
2097 2752 2237 2806 facta
2263 2750 2538 2805 oblatione
2575 2763 2681 2802 non
2709 2746 3229 2810 communicaverit,
3264 2753 3358 2800 aut
3385 2759 3517 2800 eau-

1916 2859 2036 2898 sam
2065 2843 2248 2905 dicat,
2283 2855 2344 2896 ut
2383 2842 2427 2896 si
2467 2839 2810 2895 rationabilis
2841 2837 3038 2903 fuerit,
3072 2837 3283 2892 veniam
3323 2851 3515 2892 conse-

1917 2943 2158 3004 quatur:
2199 2942 2290 2987 aut
2336 2933 2380 2988 si
2427 2948 2534 2986 non
2565 2931 2798 2995 dixerit,
2845 2929 3226 3000 communione
3271 2927 3516 2998 privetur

1917 3033 2178 3093 tanquam
2205 3023 2297 3094 qui
2328 3019 2525 3094 populo
2560 3037 2724 3077 causa
2765 3019 3020 3104 laesionis-
3039 3019 3307 3075 exstiterit
3335 3060 3350 3084 ,
3376 3019 3514 3074 dans

1917 3116 2284 3185 suspicionem
2322 3115 2389 3170 de
2417 3130 2482 3170 eo
2509 3114 2600 3186 qui
2634 3112 2965 3170 sacriﬁcavit
2987 3153 3004 3179 ,
3033 3113 3177 3182 quod
3217 3121 3363 3168 recte
3407 3127 3515 3167 non

210 3215 270 3269 in
320 3214 554 3272 ruinam.
601 3217 794 3274 Datum
826 3217 1012 3289 ﬂorum
1061 3221 1113 3274 in
1155 3219 1383 3276 concilio
1431 3221 1808 3290 episcoporum

1929 3207 2192 3262 abtulcrit.
2237 3225 2256 3259 ι

209 3309 497 3380 octoginta
519 3311 618 3366 sub
639 3311 725 3367 die
745 3328 840 3368 vm
868 3311 991 3368 ldus
1011 3310 1299 3368 Ianuarias
1319 3321 1442 3384 post
1465 3311 1810 3368 consulatum

210 3399 440 3457 Arcadii
465 3401 693 3476 Augusti
715 3412 770 3459 et
793 3402 1051 3460 Bautonis
1081 3420 1166 3460 vv.
1199 3420 1284 3460 cc.
1308 3421 1491 3461 conus.
1525 3426 1543 3458 ι

863 3515 991 3572 CAP.
1035 3515 1164 3570 Clll.

289 3627 352 3683 In
387 3628 754 3687 decretalibus
800 3646 949 3702 papas
987 3631 1186 3687 Leonis
1222 3650 1234 3686 :
1277 3632 1433 3698 Quod
1477 3633 1813 3689 subdiaconis

215 3719 442 3776 carnale
467 3722 784 3778 eonnubium
805 3724 1104 3795 denegetur,
1127 3739 1242 3794 cap.
1262 3723 1332 3779 54
1350 3724 1517 3796 (epist.
1536 3725 1624 3785 84,
1650 3740 1700 3779 c.
1718 3725 1810 3796 ηε

220 3830 241 3864 ε
277 3809 418 3866 Nam
467 3826 592 3868 cum
637 3821 792 3869 extra
837 3809 1164 3870 clericorum
1205 3815 1452 3870 ordinem
1502 3815 1815 3872 constitutis

216 3905 540 3978 nuptiarum
569 3907 842 3975 societati,
865 3916 922 3962 et
948 3907 1308 3978 procreationi
1338 3907 1571 3968 ﬁliorum
1595 3909 1816 3964 studere

215 3997 294 4053 sit
339 3996 568 4053 liberum
611 3999 929 4066 arbitrium;
961 3999 1028 4054 ad
1066 4001 1427 4057 exhibendam
1471 4009 1651 4057 tamen
1694 4017 1816 4072 per-

213 4087 382 4145 fecta:
405 4091 755 4147 continentia:
778 4095 1068 4162 puritatem
1093 4109 1199 4150 non
1223 4092 1572 4148 subdiaconis
1597 4093 1815 4162 quidem

179 4243 196 4250 ,
221 4184 560 4242 connubium
584 4185 804 4241 carnale
830 4186 1175 4252 conceditur;
1202 4195 1256 4240 ut
1292 4196 1339 4240 et
1369 4187 1458 4256 qui
1487 4185 1678 4240 habent
1715 4185 1817 4240 sint

217 4288 480 4350 tanquam
523 4294 626 4332 non
664 4278 908 4334 habentes
950 4278 1002 4350 (1
1043 4275 1167 4333 Cor.
1199 4294 1273 4333 vn
1296 4319 1310 4343 ,
1337 4276 1461 4348 29);
1489 4286 1542 4332 et
1570 4277 1662 4347 qui
1708 4292 1816 4332 non

217 4369 462 4437 habent,
489 4379 843 4440 permaneant
874 4369 1196 4442 singulares.
1225 4367 1382 4436 Quod
1417 4368 1465 4424 si
1500 4369 1553 4424 in
1583 4369 1687 4424 hoc
1728 4384 1820 4424 or-

218 4463 354 4520 dine
378 4463 470 4532 qui
495 4471 721 4532 quartus
752 4471 836 4518 est
865 4477 896 4517 a
932 4462 1128 4534 capite,
1165 4459 1386 4533 dignum
1415 4471 1502 4518 est
1537 4459 1817 4528 custodiri,

2543 3294 2672 3352 CAP.
2713 3293 2890 3352 CVlll.

1987 3421 2119 3475 Item
2150 3419 2204 3473 in
2232 3417 2436 3473 eisdem
2458 3458 2472 3481 ,
2503 3416 2607 3484 Qui
2638 3416 2814 3471 clerici
2841 3413 3063 3469 debeant
3087 3413 3402 3484 conjugibus
3425 3427 3514 3464 co-

1914 3510 2113 3581 pulari,
2141 3525 2260 3579 cap.
2289 3509 2358 3563 27
2391 3509 2532 3579 (can.
2571 3507 2658 3573 18,
2682 3522 2747 3560 ea:
2775 3504 2958 3560 eadem
2986 3503 3146 3572 vers.)
3174 3520 3187 3556 :
3220 3521 3238 3553 ι
3270 3500 3518 3571 lnnuptis

1918 3612 2099 3658 autem
2128 3601 2219 3671 qui
2251 3601 2318 3654 ad
2355 3601 2558 3656 clerum
2587 3597 2828 3668 provecti
2853 3603 3009 3660 sunt,
3044 3593 3422 3664 prazcipimus,
3455 3600 3522 3646 ut

1920 3695 1964 3749 si
1990 3693 2258 3749 voluerint
2285 3706 2488 3748 uxores
2519 3690 2820 3759 accipiant,
2854 3687 2948 3742 sed
2975 3685 3210 3741 lectores
3236 3691 3520 3739 cantores-

1920 3801 2026 3856 que
2053 3786 2452 3842 tantummodo.
2488 3804 2506 3836 ι

2557 3897 2684 3952 CAP.
2729 3895 2864 3952 CIX.

1995 4013 2054 4068 In
2085 4011 2320 4068 concilio
2349 4009 2790 4082 Carthaginiensi,
2823 4024 2942 4079 cap.
2972 4008 3038 4063 16
3062 4009 3230 4078 (conc.
3264 4005 3520 4076 Carthag.

1919 4121 2005 4173 ιιι,
2028 4121 2078 4162 c.
2110 4104 2198 4170 l7,
2220 4121 2284 4159 ex
2309 4105 2480 4176 prima
2502 4102 2653 4174 edit.)
2681 4121 2693 4156 :
2726 4121 2744 4154 ι
2778 4101 2848 4158 Ut
2877 4117 3000 4157 cum
3027 4099 3280 4156 omnibus
3300 4097 3523 4154 omnino

1920 4193 2137 4254 clericis
2163 4205 2438 4250 extraneae
2467 4192 2683 4249 femina:
2725 4210 2834 4248 non
2873 4191 3220 4254 cobabitent,
3266 4189 3359 4244 sed
3391 4187 3519 4243 sola:

1920 4289 2329 4355 matres,°avize,
2360 4296 2692 4354 materterze,
2717 4287 2921 4353 amitae,
2947 4300 3163 4341 sorores
3182 4291 3236 4339 et
3263 4281 3384 4337 illim
3409 4279 3523 4335 fra-

1921 4391 2065 4439 trum
2095 4390 2189 4436 aut
2216 4396 2499 4446 sororum,
2527 4390 2582 4436 et
2609 4393 2950 4450 quaecunque
2981 4393 3048 4434 ex
3081 4375 3286 4431 familia
3327 4387 3520 4429 neces-

1922 4467 2085 4527 sitate
2111 4471 2430 4537 domestica,
2459 4470 2625 4526 etiam
2655 4478 2944 4539 antequam
2972 4466 3380 4529 ordinarentur,
3402 4461 3518 4531 jam

218 4566 430 4630 quanto
457 4558 629 4629 magis
655 4555 710 4612 in
741 4556 918 4629 primo
945 4557 1032 4611 vel
1070 4541 1308 4612 secundo
1339 4555 1566 4612 tertiove
1594 4571 1820 4610 servans
1843 4569 1900 4630 Β
1924 4577 2048 4618 cum
2082 4562 2162 4616 eis
2197 4562 2549 4626 habitabant,
2574 4559 2661 4615 vel
2687 4560 2732 4615 si
2762 4559 2857 4614 lilii
2890 4573 3078 4614 eorum
3106 4555 3219 4626 jam
3249 4552 3522 4610 ordinatis

219 4653 354 4708 dum
384 4659 490 4717 est,
524 4666 591 4706 ne
621 4659 716 4707 aut
744 4650 962 4706 levitico
983 4691 998 4716 ,
1043 4658 1138 4705 aut
1175 4649 1533 4722 presbyterali
1565 4650 1772 4705 honore
1795 4689 1809 4716 ,

218 4752 315 4799 aut
346 4743 637 4816 episCOpali
666 4742 988 4800 excellentia
1009 4743 1299 4814 quisquam
1326 4741 1552 4798 idoneus
1580 4741 1814 4798 aestime-

219 4844 339 4900 tur,
370 4834 464 4904 qui
495 4849 554 4890 se
581 4849 611 4889 a
641 4833 916 4905 voluptate
956 4834 1145 4890 uxoris
1179 4833 1409 4888 necdum
1447 4831 1692 4888 frenasse
1723 4831 1816 4887 de-

221 4927 447 5000 tegitur.
479 4945 498 4980 ι

869 5018 999 5076 CAP.
1039 5016 1170 5073 CIV.

299 5135 413 5194 Ῑιεο
448 5151 587 5208 papa
617 5135 683 5191 ad
731 5134 1018 5191 Rusticum
1065 5133 1380 5204 episcopum
1409 5129 1823 5188 Narbonensem

225 5229 516 5302 epistolam
545 5230 846 5300 porrigens,
880 5235 936 5284 et
963 5227 1030 5282 ad
1056 5227 1301 5297 ejusdem
1329 5223 1577 5281 consulta
1605 5240 1825 5297 respon-

225 5325 368 5379 dens
395 5323 536 5377 inter
563 5329 756 5376 caetera
777 5321 929 5386 dicit,
953 5335 1074 5390 cap.
1098 5319 1132 5374 5
1159 5319 1334 5392 (epist.
1358 5317 1451 5383 92,
1476 5317 1720 5388 inquisit.
1741 5317 1818 5391 3):

231 5435 252 5468 ι
294 5415 371 5471 De
423 5416 510 5471 his
556 5416 648 5486 qui
681 5414 836 5470 altari
897 5415 1241 5478 ministrant,
1295 5421 1350 5469 et
1399 5409 1654 5482 coniuges
1720 5412 1820 5466 ha-

225 5511 390 5574 bent,
431 5517 611 5564 utrum
657 5509 736 5564 eis
766 5507 915 5562 licito
938 5508 1288 5563 misceantur.
1319 5498 1430 5560 Lex
1473 5506 1821 5562 continentiae

226 5605 422 5661 eadem
468 5612 552 5659 est
597 5602 787 5658 altaris
832 5603 1130 5668 ministris,
1185 5617 1304 5671 qua:
1345 5599 1613 5670 episcopis
1659 5609 1822 5670 atque

225 5693 585 5770 presbyteris.
616 5693 718 5762 Qui
743 5709 870 5749 cum
890 5702 1073 5750 essent
1101 5693 1222 5748 laici
1249 5693 1363 5747 sive
1387 5691 1641 5755 lectores,
1675 5689 1819 5744 licite

229 5798 290 5854 et
313 5803 514 5849 uxores
537 5788 759 5860 dueere,
782 5798 842 5850 et
861 5789 1002 5848 filios
1029 5804 1322 5869 procreare
1355 5795 1651 5863 potuerunt
1674 5803 1686 5840 :
1723 5785 1818 5841 sed

1917 4653 2238 4726 parentibus
2263 4669 2464 4708 uxores
2489 4651 2824 4722 acceperint,
2855 4659 2950 4704 aut
2979 4636 3154 4706 servis
3177 4663 3285 4704 non
3311 4645 3519 4702 haben-

1919 4744 2066 4800 tibus
2097 4743 2150 4798 in
2171 4742 2334 4800 domo
2361 4757 2501 4814 quas
2531 4742 2765 4808 ducant,
2790 4738 3010 4795 aliunde
3047 4737 3249 4794 ducere
3278 4735 3520 4795 necessi-

1920 4845 2006 4892 tas
2039 4835 2223 4892 fuerit.
2263 4856 2282 4889 ι

2587 4926 2718 4984 Cn.
2757 4925 2872 4982 CX.

1993 5042 2129 5099 Item
2159 5042 2214 5098 in
2244 5037 2456 5108 eodem,
2489 5057 2610 5114 cap.
2632 5039 2706 5097 24
2737 5039 2916 5113 (ibid.,
2937 5053 3061 5110 cap.
3085 5037 3178 5110 25)
3205 5055 3218 5093 :
3249 5053 3269 5089 ι
3304 5035 3375 5094 Ut
3408 5031 3518 5092 cle-

1925 5137 2026 5194 rici
2061 5137 2146 5193 vel
2179 5136 2557 5202 continentes,
2589 5135 2658 5191 ad
2690 5133 2882 5190 viduas
2912 5133 2992 5190 vel
3020 5131 3284 5202 virgines,
3319 5127 3420 5186 nisi
3448 5143 3517 5185 ex

1921 5229 2073 5301 jussu
2102 5228 2188 5286 vel
2227 5228 2496 5299 permissu
2534 5227 2913 5298 episcoporum
2947 5233 3042 5280 aut
3071 5223 3518 5295 presbyterorum

1927 5338 2035 5378 non
2063 5321 2346 5385 accedant,
2377 5328 2433 5374 et
2461 5319 2566 5376 hoc
2591 5336 2698 5375 non
2733 5318 2831 5374 soli
2861 5317 3097 5383 faciant,
3125 5315 3222 5372 sed
3251 5331 3377 5372 cum
3402 5313 3516 5371 cle-

1929 5416 2079 5478 ricis,
2111 5424 2204 5469 aut
2233 5429 2356 5470 cum
2386 5414 2471 5468 his
2495 5429 2620 5469 cum
2651 5413 2847 5482 quibus
2873 5413 3162 5482 episcopus
3181 5418 3275 5466 aut
3295 5408 3523 5482 presby-

1925 5517 2010 5564 ter
2056 5507 2297 5578 jusserit.
2336 5505 2447 5560 Nec
2487 5505 2589 5576 ipsi
2636 5503 2876 5576 episcopi
2921 5512 3016 5559 aut
3066 5501 3371 5574 presbyteri
3416 5496 3522 5557 soli

1923 5601 2163 5656 habeant
2191 5600 2501 5655 accessum'
2519 5599 2587 5654 ad
2637 5597 2943 5668 huiusmodi
2997 5595 3258 5660 feminas,
3299 5592 3393 5650 sed
3425 5599 3524 5648 aut

1924 5695 2014 5749 ubi
2052 5692 2237 5748 clerici
2278 5698 2578 5763 przesentes
2617 5698 2767 5765 sunt,
2809 5697 2904 5745 aut
2927 5693 3123 5762 graves
3163 5685 3330 5758 aliqui
3356 5683 3524 5742 Chri-

1924 5787 2108 5844 stiani.
2147 5805 2165 5839 ο
