4000 6352
482 337 584 392 727

1121 445 1247 501 CAP.
1286 445 1419 502 CXI.

553 560 614 616 In
649 573 855 616 canone
882 560 1178 629 Anquirani
1231 561 1481 625 concilii,
1519 576 1639 632 cap.
1690 562 1756 617 10
1795 564 1935 631 (can.
1976 563 2061 619 I0.

487 640 672 724 Di/fert
709 655 819 707 haec
851 655 1014 707 versio
1058 672 1088 706 a
1133 654 1253 707 trib.
1301 654 1492 721 cdit.):
1537 674 1555 706 ‹
1593 656 1812 710 Diaconi
1852 672 2065 726 quoque

483 762 606 802 cum
620 748 959 812 ordinantur,
983 749 1025 801 si
1053 748 1102 802 in
1121 749 1228 817 ipsa
1253 749 1594 804 ordinatione
1615 752 1896 820 protestati
1916 761 2062 817 sunt,

482 838 726 892 dicentes
749 837 884 892 velle
912 852 971 893 se
995 838 1196 899 habere
1220 855 1437 904 uxores,
1471 856 1646 909 neque
1666 857 1824 910 posse
1856 858 1913 896 se
1937 857 2067 896 con-

483 927 680 991 tinere,
707 927 758 980 hi
786 937 996 998 postea,
1021 929 1064 984 si
1088 931 1152 982 ad
1178 930 1393 999 nuptias
1415 933 1788 997 convenerint,
1812 941 2067 987 maneant

480 1019 534 1074 in
566 1019 710 1075 clero
740 1030 969 1084 tantum,
997 1031 1051 1076 et
1078 1037 1109 1075 a
1133 1023 1434 1078 ministerio
1457 1023 1798 1093 abjiciantur.
1823 1023 2065 1092 Quicun-

479 1127 586 1182 que
606 1127 736 1167 sane
761 1121 1068 1179 tacuerunt,
1095 1125 1148 1168 et
1177 1125 1530 1184 susceperunt
1550 1131 1741 1170 manus
1762 1116 2066 1185 impositio-

479 1216 641 1266 nem,
688 1202 914 1271 professi
948 1205 1370 1269 continentiam,
1416 1217 1472 1260 et
1522 1215 1705 1275 postea
1748 1207 1813 1259 ad
1851 1205 2065 1276 nuptias

479 1303 867 1358 convenerunt,
895 1310 922 1348 a
948 1295 1249 1350 ministerio
1275 1296 1355 1349 vel
1378 1296 1520 1350 clero
1541 1312 1754 1351 cessare
1770 1296 2062 1363 debebunt,

477 1383 673 1440 laicam
700 1394 909 1441 tantum
941 1388 1377 1443 communionem
1408 1388 1748 1458 recipientes.
1791 1408 1809 1440 ι

1113 1500 1239 1555 CAP.
1281 1500 1437 1556 CXII.

548 1609 606 1662 ιιι
633 1609 865 1664 concilio
887 1609 1231 1675 Laodicensi,
1277 1610 1354 1664 De
1377 1611 1501 1664 viris
1529 1628 1646 1664 cum
1668 1610 1970 1664 mulieribus
1991 1609 2068 1664 la-

477 1716 633 1754 vacra
657 1699 1066 1765 celebrantibus,
1099 1717 1220 1771 cap.
1248 1701 1318 1755 50
1343 1703 1478 1771 (cap.
1509 1701 1594 1762 50,
1623 1718 1686 1755 ea:
1720 1704 1903 1771 interp.
1941 1701 2069 1754 Dio-

1589 337 1821 396 ᾹΞΝΕΑΞ
1865 340 2294 400 PARISIENSIS
2336 343 2644 402 EPISCOPI

2091 456 2380 516 Aordinis
2431 459 2785 517 ecclesiastici
2831 460 3079 519 homines
3127 480 3298 536 usque
3346 467 3413 521 ad
3450 468 3753 532 ministros,

3646 351 3755 408 τις

2169 556 2261 601 aut
2295 548 2546 614 lectores,
2587 561 2681 605 aut
2723 553 2948 621 psaltes,
2981 563 3073 608 aut
3111 555 3432 622 exorcistas,
3463 569 3557 612 aut
3579 559 3760 614 ostia-

2169 641 2299 705 rios,
2347 643 2437 711 qui
2484 644 2539 698 in
2584 646 2860 714 proposito
2898 647 3248 702 continentia:
3298 658 3444 716 sunt,
3490 651 3761 706 tabernas

2168 734 2390 790 intrare.
2429 754 2447 788 ι

2745 831 2896 887 CAP.
2937 833 3161 890 CXVIII.

2239 940 2295 994 In
2327 941 2560 998 concilio
2597 941 3032 1014 Carthaginensi,
3066 945 3142 1000 De
3175 947 3511 1011 continentia,
3555 962 3692 1016 cap.
3732 949 3766 1002 ’5

2168 1030 2440 1104 (Cart/mg.
2458 1051 2603 1090 conc.
2630 1051 2690 1099 ιι,
2707 1051 2828 1104 cap.
2843 1036 2899 1107 2)
2922 1055 2933 1090 :
2957 1056 2974 1088 ι
2995 1037 3249 1092 Aurelius
3268 1039 3547 1110 episcOpus
3571 1039 3762 1092 dixit:

2167 1123 2300 1179 Cum
2333 1129 2609 1197 praeterito
2649 1129 2880 1184 concilio
2911 1129 2978 1184 de
3013 1130 3359 1185 continentiae
3389 1140 3441 1185 et
3474 1131 3768 1185 castitatis

2168 1219 2532 1275 moderamine
2561 1229 2907 1286 tractaretur,
2927 1223 3125 1294 gradus
3147 1223 3237 1278 isti
3255 1233 3365 1278 tres
3385 1223 3472 1294 qui
3491 1223 3767 1279 conscri-

2169 1309 2355 1377 ptione
2381 1308 2615 1378 quadam
2647 1313 2914 1367 castitatis
2947 1329 3044 1384 per
3080 1314 3510 1369 consecratioues
3542 1310 3770 1366 annexi

2169 1407 2314 1464 sunt,
2357 1401 2663 1470 episcopos,
2715 1403 2956 1473 inquam,
3015 1406 3361 1476 presbyteros
3403 1414 3456 1460 et
3483 1406 3771 1460 diaconos

2169 1488 2243 1542 ita
2271 1489 2493 1558 placuit,
2528 1499 2586 1544 ut
2613 1492 2875 1548 condecet
2902 1510 3088 1550 sacros
3114 1496 3405 1560 antistites,
3436 1510 3498 1550 ac
3526 1494 3621 1550 Dei
3659 1510 3769 1549 sa-

2168 1582 2438 1648 cerdotes,
2470 1598 2568 1638 nec
2594 1600 2699 1639 non
2728 1595 2783 1640 et
2819 1586 3032 1654 levitas,
3062 1587 3144 1642 vel
3169 1588 3258 1657 qui
3283 1589 3639 1643 sacramentis
3675 1588 3772 1642 di-

2169 1676 2307 1730 vinis
2345 1677 2670 1742 inserviunt,
2705 1680 3049 1735 continentes
3085 1696 3204 1736 esse
3242 1681 3295 1735 in
3330 1681 3598 1745 omnibus,
3636 1694 3771 1750 quo

478 1791 614 1859 nysii
642 1790 858 1861 Exigui)
888 1811 899 1846 :
924 1811 941 1843 ‹
967 1791 1121 1860 Quod
1143 1769 1246 1846 non
1265 1769 1700 1862 oporteatsacris
1714 1769 2060 1845 oliiciisdedi-

2172 1769 2382 1838 possint
2407 1769 2728 1840 simpliciter
2753 1771 2894 1840 quod
2926 1787 2954 1824 a
2985 1772 3096 1825 Deo
3126 1772 3400 1842 postulant
3421 1771 3769 1842 impetrare;

477 1875 595 1948 tos,
616 1893 707 1938 aut
737 1885 988 1952 clericos,
1013 1894 1106 1940 aut
1134 1886 1492 1949 continentes,
1515 1883 1597 1937 vel
1621 1899 1837 1938 onmem
1865 1883 2062 1937 laicnm

475 1973 865 2041 Christianum,
886 1975 1102 2032 lavacra
1130 1992 1250 2031 cum
1281 1975 1594 2030 mulieribus
1620 1973 1916 2056 celebrare,
1935 1972 2062 2044 quia

476 2065 593 2121 hzec
617 2065 758 2136 apud
787 2066 1014 2137 gentiles
1044 2067 1395 2138 reprehensio
1427 2066 1601 2137 prima
1631 2073 1735 2120 est.
1769 2084 1786 2117 ι

1094 2178 1222 2234 CAP.
1265 2178 1444 2234 CXIII.

546 2292 604 2346 In
631 2292 845 2357 eodem,
897 2291 1020 2347 Non
1065 2291 1218 2346 licere
1257 2291 1459 2346 clericis
1495 2291 1712 2346 ludicris
1753 2290 2060 2362 spectaculis

473 2385 755 2451 interesse,
785 2400 906 2454 cap.
945 2385 1053 2439 54:
1090 2404 1107 2436 ι
1146 2385 1259 2441 Non
1302 2394 1514 2455 oportet
1556 2385 1834 2440 ministros
1873 2385 2062 2439 altaris

473 2475 557 2530 vel
589 2476 857 2546 quoslibet
883 2477 1131 2541 clericos,
1159 2477 1481 2548 spectaculis
1508 2477 1796 2547 aliquibus,
1827 2492 1944 2545 qua:
1971 2489 2064 2530 aut

474 2567 526 2622 in
552 2568 755 2638 nuptiis
779 2578 871 2622 aut
902 2569 953 2622 in
980 2569 1154 2624 caenis
1183 2569 1508 2623 exhibentur
1539 2570 1821 2633 interesse,
1852 2569 1943 2623 sed
1968 2584 2064 2621 an-

474 2668 693 2730 tequam
731 2660 1006 2732 thymelici
1039 2661 1435 2732 ingrediantur,
1462 2676 1684 2733 surgere
1704 2675 1797 2718 eos
1828 2670 1884 2716 et
1913 2661 2063 2716 abire

473 2751 670 2808 debere
695 2753 762 2808 de
788 2753 1056 2809 convivio.
1095 2773 1114 2804 ι

1089 2866 1217 2922 CAP.
1259 2865 1440 2922 CXIV.

542 2977 599 3030 lu
641 2978 846 3048 synodo
872 2952 1322 3041 Neocaesariensi,
1357 2992 1476 3047 cap.
1505 2978 1529 3032 I
1567 2977 1705 3048 (cap.
1732 2977 1784 3041 1,
1811 2993 1875 3031 ea:
1901 2977 2062 3030 inter-

473 3080 603 3126 vret.
631 3069 855 3125 Gerardi
880 3069 1124 3139 Mercat.)
1150 3088 1161 3123 :
1186 3088 1205 3121 ι
1227 3069 1517 3140 Presbyter
1537 3070 1626 3139 qui
1645 3084 1866 3124 uxorem
1892 3070 2059 3123 (luxe-

474 3160 569 3224 rit,
603 3161 667 3215 ab
693 3160 881 3215 ordine
911 3175 1011 3215 suo
1037 3160 1186 3215 illum
1218 3161 1410 3230 deponi
1445 3161 1660 3216 debere.
1698 3162 1850 3228 Quod
1875 3163 1919 3217 si
1943 3163 2056 3217 l'or-
2086 3176 2133 3240 ο

475 3251 688 3306 nicatus
743 3250 940 3316 fuerit,
997 3250 1078 3306 vel
1135 3251 1457 3307 adulterinum
1507 3253 1861 3317 commiserit,
1901 3261 2058 3308 extra

475 3343 776 3400 Ecclesiam
820 3343 1130 3415 abjiciatur,
1180 3354 1236 3400 et
1282 3346 1660 3416 pmuitentiam
1705 3345 1846 3402 inter
1891 3346 2060 3403 laicos

476 3439 730 3492 redactus
755 3447 896 3509 agat.
926 3458 944 3491 ι

1091 3552 1243 3610 CAP.
1283 3552 1446 3609 CXV.

541 3665 673 3721 Ite‘m
718 3665 1062 3722 Innocentius
1107 3659 1248 3737 papa
1296 3660 1368 3722 ad
1397 3665 1712 3722 Victricium
1742 3666 2058 3738 episcopum

472 3747 984 3830 Rothomagensem,
1013 3775 1132 3830 cap.
1158 3759 1223 3813 10
1263 3757 1456 3830 (Epist.
1487 3760 1542 3824 2,
1574 3776 1692 3831 cap.
1728 3761 1783 3831 9)
1811 3779 1824 3815 :
1864 3780 1882 3813 ι
1920 3760 2060 3818 Prte-

473 3856 621 3902 terea
655 3850 798 3919 quod
843 3850 1086 3919 dignum,
1138 3860 1193 3906 et
1219 3851 1494 3921 pudicum,
1537 3862 1590 3906 et
1627 3853 1913 3908 honestum
1950 3861 2055 3918 est,

473 3945 660 3993 tenere
704 3939 944 3994 Ecclesia
988 3941 1300 3996 omnimodo
1331 3941 1510 4007 debet,
1556 3951 1614 3997 ut
1661 3945 1973 3999 sacerdotes
2001 3953 2059 4000 et

475 4029 647 4084 levitae
673 4044 795 4084 cum
828 4033 1084 4087 uxoribus
1110 4033 1222 4087 suis
1267 4050 1372 4088 non
1402 4043 1616 4097 coeant,
1643 4035 1768 4105 quia
1814 4035 2057 4091 ministe-

475 4119 540 4173 rii
584 4120 882 4189 quotidiani
928 4122 1342 4178 necessitatibus
1370 4135 1724 4192 occupantur.
1774 4124 2055 4196 Scriptum

474 4218 556 4264 est
589 4210 732 4264 enim
756 4223 771 4263 :
798 4209 982 4266 Sancti
1007 4215 1446 4284 estote,quoniam
1467 4225 1513 4268 et
1539 4232 1631 4285 ego
1661 4213 1888 4269 Sanctus
1912 4233 2054 4283 sum,

473 4297 599 4358 dicit
631 4303 885 4359 Dominus
907 4305 1046 4360 Deus
1078 4316 1241 4361 vester
1269 4307 1454 4376 (Leuit.
1488 4325 1568 4373 χι,
1601 4307 1670 4361 44
1697 4318 1751 4362 ct
1771 4307 1887 4379 20).
1918 4307 2055 4364 Nam

472 4395 666 4466 priscis
699 4396 1030 4465 temporibus
1073 4398 1138 4452 de
1185 4399 1386 4469 templo
1441 4399 1534 4454 Dei
1572 4400 1880 4456 sacerdotes
1910 4416 2054 4455 anno

475 4487 606 4542 vicis
633 4503 745 4543 sua:
774 4502 882 4542 non
931 4487 1298 4556 discedebant,
1337 4491 1482 4546 sicut
1514 4491 1582 4546 de
1620 4491 1884 4546 Zacharia
1919 4491 2053 4563 legi-

474 4593 611 4642 mus,
654 4592 755 4634 nec
802 4579 1021 4636 domum
1071 4595 1224 4635 suam
1271 4582 1492 4638 omnino
1534 4583 1842 4652 tangebant,
1877 4602 1896 4636 ι
1921 4590 2054 4652 etc.,

473 4686 634 4741 usque
659 4671 728 4726 ad
755 4671 912 4740 ﬁnem
941 4671 1144 4727 canitis.

1075 4785 1228 4842 CAP.
1267 4785 1449 4842 CXVI.

545 4899 674 4953 Item
701 4899 842 4954 idem
873 4898 940 4953 ad
969 4898 1240 4964 eumdem,
1276 4915 1396 4969 cap.
1429 4899 1496 4952 12
1529 4899 1666 4969 (cap.
1695 4899 1783 4964 I0,
1807 4902 1862 4954 in
1891 4901 2050 4972 ﬁne):

551 5007 569 5038 ι
615 4988 745 5054 Qua:
775 4986 946 5042 forma
982 4996 1231 5042 servatur
1261 4989 1314 5041 in
1365 4986 1600 5052 clericis,
1649 4989 1883 5043 maxime
1927 5005 2054 5044 cum

476 5089 630 5133 vetus
657 5079 834 5151 regula
859 5082 961 5136 hoc
986 5081 1208 5146 habeat,
1231 5089 1290 5134 ut
1312 5081 1540 5150 quisque
1567 5089 1847 5137 correctus
1878 5083 2054 5151 bapti-

477 5179 634 5226 zatus
662 5171 892 5226 clericus
939 5186 1060 5228 esse
1087 5172 1366 5238 voluisset,
1405 5172 1695 5242 sponderet
1738 5187 1796 5228 se
1827 5186 2055 5228 uxorem

475 5262 697 5318 omnino
728 5277 836 5317 non
864 5262 1079 5318 ducere.
1105 5284 1124 5317 ο

1073 5374 1220 5432 CAP.
1261 5375 1466 5432 CXVII.

493 5517 498 5528 ι
548 5487 604 5542 ln
641 5488 868 5545 concilio
913 5488 1229 5545 Laodicensi
1283 5509 1295 5544 :
1347 5487 1416 5544 Ut
1466 5491 1555 5562 qui
1598 5490 1826 5545 ministri
1866 5490 2053 5546 altaris

476 5589 593 5633 sunt
615 5580 855 5635 tabernas
883 5599 984 5635 non
1007 5583 1220 5646 intrent,
1243 5597 1361 5651 cap.
1377 5583 1449 5637 ‘29
1470 5583 1608 5652 (c'ap.
1630 5582 1721 5648 24,
1746 5600 1810 5636 ex
1830 5584 2049 5652 interpr.

478 5670 808 5743 Mercatoris)
837 5688 848 5731 :
881 5692 898 5724 ι
955 5673 1219 5739 Quoniam
1263 5689 1368 5727 non
1412 5684 1623 5742 oportet
1663 5675 1818 5729 altari
1863 5675 2051 5728 deser-

477 5764 682 5821 vicntes
712 5781 742 5820 a
773 5766 1104 5831 presbyteris
1129 5779 1299 5830 usque
1327 5767 1391 5819 ad
1417 5767 1690 5832 diaconos,
1720 5779 1768 5822 et
1796 5770 2050 5838 deinceps

2171 1869 2230 1914 ut
2271 1861 2414 1929 quod
2463 1861 2690 1931 apostoli
2729 1862 3050 1927 docuerunt,
3095 1873 3150 1916 et
3178 1863 3291 1933 ipsa
3337 1864 3571 1918 servavit
3601 1863 3773 1918 anti-

2167 1952 2367 2022 quitas,
2402 1967 2503 2008 nos
2531 1968 2748 2022 quoque
2775 1954 3166 2011 custodiamus.
3208 1974 3226 2006 ι

2762 2065 2912 2121 CAP.
2954 2066 3140 2122 CXIX.

2236 2182 2370 2237 Item
2419 2182 2472 2235 in
2517 2182 2702 2237 eodem
2745 2181 2993 2246 concilio,
3036 2181 3114 2235 De
3135 2182 3350 2236 diversis
3378 2181 3657 2236 ordinibus
3696 2181 3770 2235 ab

2165 2277 2415 2329 uxoribus
2439 2275 2782 2339 abstinendis,
2805 2291 2923 2344 cap.
2942 2275 2975 2328 4
3005 2276 3140 2343 (cap.
3163 2274 3252 2339 I4,
3283 2292 3346 2328 ex
3369 2274 3530 2329 altera
3557 2275 3768 2345 (del):

2173 2388 2191 2422 ι
2228 2370 2520 2424 Faustinus
2548 2371 2832 2440 epiSCOpus
2861 2369 3116 2424 Ecclesiae
3159 2369 3476 2431 Potentiam,
3518 2370 3769 2438 provin-

2167 2464 2263 2517 ciae
2292 2463 2498 2526 Piceni,
2523 2463 2731 2534 legatus
2773 2463 3030 2517 Romana:
3058 2461 3333 2526 Ecclesia},
3358 2462 3490 2516 dixit
3517 2477 3529 2512 :
3561 2459 3772 2514 Placet

2168 2564 2225 2610 ut
2254 2556 2512 2627 episcopi,
2538 2555 2835 2626 presbyteri
2863 2564 2917 2610 et
2937 2554 3171 2619 diaconi,
3190 2553 3272 2607 vel
3289 2553 3380 2623 qui
3403 2563 3771 2608 sacramenta

2167 2657 2532 2713 contrectant,
2554 2648 2825 2718 pudicitiae
2853 2648 3127 2711 custodes,
3161 2647 3228 2700 ab
3260 2645 3517 2700 uxoribus
3557 2658 3615 2696 se
3645 2643 3766 2698 ab-

2167 2740 2422 2795 stineant.
2467 2740 2548 2795 Ab
2596 2740 2862 2795 universis
2904 2737 3169 2809 episcopis
3191 2737 3393 2791 dictum
3432 2743 3530 2789 est.
3561 2732 3769 2790 Placet

2167 2840 2226 2885 ut
2255 2831 2308 2885 in
2335 2832 2589 2887 omnibus
2622 2839 2676 2887 et
2716 2833 2783 2886 ab
2811 2831 3062 2887 omnibus
3093 2829 3351 2900 pudicitia
3384 2827 3767 2893 custodiatur,

2166 2924 2257 2993 qui
2291 2923 2452 2979 altari
2477 2923 2804 2980 inserviunt.
2838 2942 2855 2975 ι

2778 3007 3149 3090 CAP.cxxJ

2234 3149 2290 3204 ln
2325 3148 2553 3204 concilio
2595 3147 2851 3202 Africano
2878 3187 2892 3213 ,
2928 3147 3030 3213 Qui
3071 3146 3247 3201 clerici
3275 3145 3340 3200 ab
3372 3145 3624 3199 uxoribus
3650 3144 3763 3198 de-

2167 3244 2317 3298 beant
2341 3242 2616 3303 abstinere,
2643 3257 2756 3310 cap.
2803 3240 2870 3294 57
2903 3239 3040 3311 (cap.
3074 3240 3126 3305 7,
3157 3249 3204 3293 et
3233 3238 3484 3308 Carthag.
3519 3254 3666 3290 conc.
3699 3253 3764 3301 γ,

2152 3351 2214 3418 ,0.
2238 3334 2331 3406 5);
2374 3354 2390 3384 σ
2428 3334 2720 3398 Prmterea,
2759 3350 2879 3388 cum
2910 3333 2974 3388 de
3019 3333 3377 3404 quorumdam
3402 3331 3760 3393 clericorum,

2165 3425 2412 3496 quamvis
2441 3440 2568 3495 erga
2598 3440 2793 3479 uxores
2826 3424 3095 3496 proprias,
3141 3424 3534 3480 incontinentia
3580 3421 3762 3480 reler-

2166 3525 2316 3572 retur
2345 3537 2358 3570 :
2393 3516 2594 3586 placuit
2629 3516 2937 3586 episcopos,
2969 3525 3025 3571 et
3053 3518 3427 3588 presbyteros,
3473 3525 3528 3572 et
3558 3518 3758 3572 diaco-

2165 3625 2264 3666 nos
2312 3609 2607 3664 secundum
2666 3610 2845 3679 priora
2887 3619 3111 3677 statuta,
3151 3613 3314 3666 etiam
3357 3613 3425 3666 ab
3489 3611 3759 3666 uxoribus

2165 3700 2462 3757 continere.
2519 3700 2674 3768 Quod
2718 3702 2820 3757 uisi
2872 3702 3118 3768 fecerint,
3147 3704 3216 3758 ab
3250 3703 3627 3759 ecclesiastico
3655 3718 3756 3758 re-

2163 3802 2484 3848 moveantur
2505 3792 2702 3848 olIicio.
2743 3792 2980 3850 Caeteros
3029 3803 3208 3850 autem
3255 3795 3484 3850 clericos
3528 3797 3594 3849 ad
3644 3796 3756 3852 hoc

2163 3900 2271 3941 non
2321 3886 2478 3955 cogi,
2527 3884 2618 3941 sed
2668 3887 2962 3942 secundum
3015 3888 3438 3959 uniuscujusque
3485 3887 3756 3944 Ecclesia:

2161 3978 2602 4035 consuetudinem
2631 3979 2907 4035 observari
2934 3979 3146 4036 debere.
3184 3998 3204 4031 ι

2156 4119 2169 4166 ζ
2767 4091 2896 4148 CAP.
2937 4091 3123 4147 CXXI.
3217 4127 3220 4130 η

2232 4207 2290 4262 In
2336 4207 2554 4279 Synodo
2604 4207 2690 4263 cui
2741 4207 2993 4279 praesedit
3036 4206 3220 4262 Romae
3259 4207 3450 4261 beatus
3483 4204 3753 4261 Silvester

2159 4316 2296 4372 papa
2332 4317 2454 4356 cum
2486 4301 2750 4372 episcopis
2777 4301 3020 4355 ducentis
3049 4299 3319 4370 octoginta
3356 4307 3622 4368 quatuor,
3655 4297 3749 4353 ubi

2161 4392 2398 4447 damnati
2430 4401 2556 4448 sunt
2585 4391 2894 4447 Victorinus
2918 4391 3230 4462 episcopus,
3256 4388 3512 4454 Calistus,
3549 4388 3752 4459 Hippo-

2160 4484 2303 4557 lytus
2333 4484 2612 4549 diaconus,
2652 4483 2954 4538 astantibus
2998 4479 3261 4551 episcopis
3295 4487 3346 4534 et
3385 4480 3746 4549 presbyteris,

2161 4585 2216 4632 et
2236 4576 2448 4632 clericis
2477 4575 2785 4631 Graecorum
2805 4614 2820 4638 ,
2850 4573 2921 4626 ita
2949 4572 3088 4626 inter
3115 4579 3314 4625 caetera
3345 4569 3541 4640 legitur
3570 4570 3742 4640 (conc.

2164 4685 2224 4734 ιι,
2257 4668 2361 4733 19;
2393 4667 2566 4736 di/fert
2597 4667 2660 4719 ab
2683 4665 2832 4734 edit.)
2861 4683 2872 4717 :
2905 4683 2922 4716 ‹
2953 4663 3118 4718 Nemo
3156 4662 3438 4733 presbyter
3465 4677 3495 4714 a
3526 4661 3613 4715 die
3642 4662 3739 4715 ho-

2161 4761 2312 4816 noris
2357 4757 2676 4829 presbyterii
2719 4765 2899 4810 sumat
2943 4754 3271 4824 conjuglum.
3323 4752 3476 4819 Quod
3526 4754 3571 4808 si
3622 4754 3744 4822 quis

2075 4859 2078 4864 '
2163 4855 2266 4909 hoc
2294 4853 2536 4923 neglecto
2565 4851 2721 4904 aliter
2748 4850 2936 4920 egerit,
2968 4847 3246 4902 duodecim
3277 4845 3437 4900 annis
3461 4861 3584 4900 eum
3614 4844 3742 4898 dici-

2162 4959 2283 4999 mus
2311 4942 2508 5012 privari
2541 4942 2761 4995 honore.
2817 4939 2968 5005 Quod
3003 4937 3045 4992 si
3075 4936 3198 5006 quis
3227 4943 3416 4989 contra
3468 4936 3568 4989 hoc
3621 4934 3738 4988 chi-

2162 5041 2485 5108 rographum
2527 5049 2763 5106 praesens
2800 5039 2856 5086 et
2894 5029 3104 5102 publice
3141 5028 3345 5084 dictum
3383 5028 3577 5098 egerit,
3615 5043 3738 5082 con-

2163 5128 2508 5184 demnabitur
2536 5127 2588 5182 in
2621 5133 2960 5202 perpetuum.
2992 5143 3011 5176 ι

2759 5238 2887 5293 CAP.
2929 5236 3132 5292 CXXlI.

2236 5358 2552 5415 Ambrosius
2581 5357 2634 5411 in
2667 5353 2899 5426 Epistula
2930 5352 2994 5405 al
3025 5350 3202 5403 'l‘itum
3249 5348 3390 5403 inter
3429 5360 3619 5405 caetera
3656 5346 3732 5400 sic

2164 5452 2242 5506 ait
2271 5454 2347 5520 (in
2379 5467 2492 5520 cap.
2528 5448 2587 5518 ιι)
2615 5465 2629 5502 :
2667 5465 2686 5498 ι
2711 5445 2963 5502 Iuniores
2981 5443 3252 5511 similiter,
3281 5464 3298 5498 ι
3330 5453 3465 5510 etc.,
3493 5439 3728 5513 usquead

2160 5546 2311 5600 verba
2339 5544 2532 5612 probat
2560 5541 2734 5597 factis.

2750 5655 2880 5712 CAP.
2918 5655 3148 5713 CXXIII.

2233 5771 2362 5823 Item
2392 5770 2442 5822 in
2475 5769 2706 5838 Epistola
2755 5769 2820 5823 ad
2871 5767 3210 5826 Timotheum
3241 5787 3254 5822 :
3295 5785 3312 5818 ι
3346 5765 3514 5821 Unius
3559 5763 3723 5817 uxoris
