4000 6352
205 291 314 349 729

1346 284 1545 345 LIBER
1593 282 1966 345 ADVERSUS
2004 286 2329 346 GIUECOS.

3371 239 3487 341 πθ,

201 409 377 463 virum
436 401 490 477 (I
547 400 684 458 Tim.
735 402 843 475 ιιι).
912 401 1173 471 Quamvis
1223 404 1511 460 secundam
1561 382 1789 457 numero
1814 410 1868 469 Α
1895 407 2156 470 tempora,
2186 400 2384 470 quibus
2419 399 2488 454 ab
2526 396 2758 454 ecclesia
2793 410 2986 461 vacas,
3017 393 3234 452 lectioni
3264 397 3472 467 impen-

201 509 432 551 uxorem
470 508 577 549 non
621 492 694 549 sit
733 492 921 549 haberi
964 493 1317 563 prohibitum,
1355 500 1417 549 ut
1454 508 1634 548 tamen
1669 493 1791 563 quis

201 586 399 657 dignus
423 585 489 641 ad
515 584 882 655 eoisc0patum
911 584 1002 649 sit,
1027 585 1193 640 etiam
1217 583 1422 639 licitum
1453 583 1612 639 debet
1640 598 1793 654 sper-

200 696 340 738 nere
368 687 592 752 propter
620 677 1004 733 sublimitatem
1034 678 1203 749 ipsius
1237 676 1463 741 ordinis,
1508 675 1635 745 quia
1681 689 1788 729 cae-

201 772 341 828 teris
389 771 578 826 melior
607 770 766 825 debet
792 785 912 825 esse
947 770 1041 840 qui
1070 769 1295 839 cupidus
1315 777 1401 824 est
1426 766 1569 824 sedis
1599 765 1741 821 illius
1770 782 1785 819 :

197 864 458 928 sobrium,
482 861 753 931 pudicum,
782 860 1110 931 hospitalem,
1143 858 1438 925 docibilem,
1486 875 1589 914 non
1629 857 1791 912 obno-

193 956 352 1010 xium
396 955 538 1018 vino,
590 970 695 1007 non
744 953 1140 1017 verberatorem,
1188 952 1279 1006 sed
1324 950 1654 1013 modestum;
1684 964 1790 1004 non

195 1046 512 1118 litigiosum,
536 1062 641 1100 non
664 1062 926 1115 asperum,
950 1046 1162 1099 domum
1180 1061 1332 1099 suam
1355 1044 1480 1099 bene
1506 1052 1787 1114 regentem,

192 1137 339 1208 ﬁlios
369 1135 640 1191 habentem
667 1136 902 1209 subditos
936 1152 1053 1190 cum
1089 1137 1231 1191 omni
1278 1135 1535 1190 charitate
1572 1132 1786 1206 (lbid.).

192 1231 388 1289 Talem
423 1232 697 1287 hominem
737 1232 827 1302 qui
862 1232 975 1287 haec
1021 1230 1289 1286 custodiat
1336 1245 1455 1300 quae
1503 1232 1789 1283 enumerat

189 1322 363 1389 bona,
392 1322 567 1379 creari
603 1321 800 1377 debere
839 1322 970 1377 dicit
1000 1322 1331 1392 episcopum.
1379 1319 1505 1375 Haec
1532 1318 1675 1374 enim
1707 1317 1785 1372 si-

187 1434 303 1491 gna
327 1427 451 1474 sunt
488 1417 765 1488 dignitatis
807 1416 1149 1486 episcopalis.
1192 1414 1250 1470 Si
1293 1414 1414 1485 quis
1463 1422 1643 1469 autem
1691 1427 1787 1483 po-

190 1514 338 1588 tiora
364 1519 621 1577 sectatus,
657 1517 712 1566 et
740 1525 934 1579 corpus
961 1519 1018 1567 et
1041 1509 1276 1565 animam
1318 1524 1470 1565 suam
1500 1507 1611 1563 Deo
1640 1505 1786 1561 dica—

184 1604 355 1672 verit,
382 1618 451 1659 ne
477 1619 537 1660 se
563 1602 777 1673 copulet
798 1602 1160 1666 matrimonio,
1196 1611 1347 1657 tanto
1374 1600 1547 1671 magis
1573 1598 1786 1669 dignior

185 1696 319 1763 ﬁet;
372 1697 495 1753 ideo
541 1696 686 1753 enim
725 1695 1039 1752 inferiorem
1090 1696 1312 1766 posuit,
1361 1703 1421 1751 ut
1472 1694 1539 1750 de
1574 1693 1784 1765 potiore

183 1805 355 1847 nemo
392 1791 682 1848 dubitaret.
721 1810 741 1845 ι

811 1886 941 1943 Car.
972 1885 1207 1943 CXXIV.

255 1981 395 2036 Item
419 1980 559 2038 idem
590 1980 646 2036 in
677 1982 887 2044 eadem,
923 1989 1048 2052 post
1072 1994 1242 2051 pauca
1270 1996 1283 2033 :
1322 1995 1342 2030 ι
1369 1977 1635 2032 Diaconos
1664 1975 1783 2047 pari

178 2073 345 2130 modo
370 2075 609 2145 pudicos,
643 2091 748 2129 non
782 2073 1057 2144 bilingues.
1083 2090 1186 2128 non
1213 2074 1335 2127 vino
1365 2070 1530 2125 multo
1555 2070 1779 2134 deditos,

180 2185 293 2223 non
320 2168 556 2240 turpibus
584 2168 746 2223 lucris
772 2177 1035 2232 vacantes,
1063 2167 1307 2222 habentes
1335 2163 1636 2236 mysterium
1658 2161 1782 2231 ﬁdei

178 2258 237 2313 in
264 2259 585 2313 conscientia
610 2276 764 2329 pura.
809 2258 874 2313 Et
904 2258 959 2313 hi
989 2266 1169 2313 autem
1198 2255 1496 2328 probentur
1520 2254 1778 2326 primum,

177 2355 238 2404 et
276 2348 362 2403 sic
402 2348 712 2403 ministrent
742 2348 859 2403 sine
885 2347 1131 2403 crimine.
1180 2345 1281 2414 Qui
1310 2354 1457 2400 tanta
1497 2359 1623 2399 cura
1661 2342 1777 2397 dia-

178 2428 355 2494 conos
404 2437 681 2509 eligendos
726 2438 993 2509 praecipit,
1045 2451 1182 2506 quos
1231 2444 1447 2490 constat
1500 2433 1779 2488 ministros

177 2541 307 2584 esse
349 2530 713 2593 sacerdotum,
769 2528 959 2598 quales
1006 2528 1121 2582 vult
1168 2541 1290 2584 esse
1334 2526 1638 2596 episcopos,
1675 2522 1778 2579 nisi

176 2621 326 2676 sicut
368 2620 483 2690 ipse
513 2620 620 2685 ait,
648 2618 1124 2691 irreprehensibiles
1148 2619 1174 2674 Ρ
1221 2617 1447 2690 Negotia
1474 2625 1652 2672 tamen
1674 2631 1776 2686 pu-

174 2711 351 2777 blica,
387 2712 585 2783 turpia,
624 2712 750 2767 vilia
800 2728 903 2767 non
950 2711 1231 2768 habentes.
1269 2710 1387 2765 Scit
1423 2710 1568 2764 enim
1611 2722 1778 2780 nego—

176 2804 332 2870 tiari,
374 2812 435 2858 ut
468 2804 737 2875 accipiant
768 2803 940 2869 lucra,
980 2818 1081 2860 nec
1119 2801 1266 2858 aliud
1300 2801 1583 2873 proﬁtetur
1615 2814 1778 2870 quam

176 2895 349 2967 gerit.
412 2893 613 2965 Turpia
664 2902 843 2950 autem
881 2893 1028 2950 lucra
1068 2894 1184 2949 haec
1222 2892 1352 2948 dicit
1389 2906 1509 2948 esse
1533 2931 1549 2957 ,
1590 2891 1637 2946 si
1676 2891 1778 2946 sub

174 2987 270 3057 pia
311 2985 647 3057 professione
682 2987 980 3056 quaastibus
1014 2987 1317 3041 studeatur.
1380 2983 1579 3054 Turpis
1630 2982 1778 3038 enim

175 3077 610 3149 deprehenditur
643 3093 765 3134 cum
817 3092 877 3133 se
922 3092 1119 3147 purum
1164 3084 1422 3132 ostentat.
1480 3074 1609 3129 Post
1656 3073 1772 3143 epi-

176 3187 412 3243 scopum
460 3179 642 3227 tamen
693 3172 1012 3228 diaconatus
1057 3170 1450 3226 ordinationem
1496 3166 1712 3237 subiicit
1757 3169 1848 3234 :C

175 3264 402 3336 quare?
440 3263 543 3320 nisi
582 3264 710 3334 quia
748 3263 988 3334 episcopi
1028 3272 1084 3317 et
1120 3261 1431 3333 presbyteri
1464 3274 1570 3315 una
1627 3259 1773 3314 ordi-

176 3356 334 3413 natio
369 3364 491 3421 est,
529 3364 758 3426 uterque
794 3356 941 3411 enim
976 3356 1231 3412 sacerdos
1267 3362 1392 3421 est;
1433 3353 1525 3409 sed
1563 3352 1774 3423 episco-

174 3462 285 3519 pus
323 3447 533 3519 primus
570 3455 692 3513 est,
732 3457 795 3502 ut
826 3447 1006 3509 omnis
1043 3446 1326 3518 episcopus
1362 3445 1643 3517 presbyter
1678 3444 1769 3510 sit,

174 3555 292 3596 non
333 3548 512 3594 tamen
561 3538 740 3594 omnis
788 3538 1073 3609 presbyter
1120 3537 1435 3609 episcopus;
1490 3537 1580 3592 hic
1625 3536 1772 3591 enim

174 3631 469 3702 episcopus
515 3637 638 3695 est,
689 3629 779 3699 qui
833 3629 976 3685 inter
1029 3630 1375 3700 presbyteros
1420 3630 1627 3698 primus
1666 3638 1768 3684 est.

178 3721 429 3792 Denique
469 3720 811 3777 Timotheum
843 3720 1218 3795 presbyterum
1256 3715 1562 3775 ordinatum
1602 3718 1771 3789 signi-

176 3813 341 3878 ﬁcat;
397 3813 489 3869 sed
540 3813 665 3884 quia
702 3821 828 3868 ante
867 3829 927 3869 se
965 3811 1192 3866 alterum
1232 3827 1338 3867 non
1380 3811 1631 3875 habebat,
1667 3809 1777 3880 epi-

176 3921 384 3978 scopus
438 3915 576 3962 erat.
642 3905 794 3963 Unde
850 3915 906 3962 et
956 3905 1410 3976 quemadmodum
1459 3904 1773 3975 episcopum

176 4001 422 4066 ordinet,
461 3999 734 4066 ostendit;
774 4014 950 4070 neque
986 3999 1132 4055 enim
1172 3998 1252 4054 las
1299 4006 1419 4053 erat
1450 4008 1544 4053 aut
1579 3996 1778 4053 licebat

179 4103 240 4148 ut
277 4091 505 4149 inferior
537 4093 815 4150 ordinaret
850 4092 1112 4164 majorem
1155 4109 1169 4146 :
1209 4106 1370 4148 nemo
1403 4091 1547 4147 enim
1586 4088 1777 4146 tribuit

178 4187 331 4259 quod
368 4201 478 4242 non
515 4185 742 4256 accepit.
779 4205 798 4239 ι

793 4293 921 4350 οη».
958 4258 1167 4352 cxxv.

248 4403 391 4460 ltem
430 4403 484 4459 in
506 4403 718 4469 eadem,
746 4414 868 4475 post
899 4417 1069 4475 pauca
1097 4422 1111 4459 :
1147 4423 1167 4458 ι
1198 4403 1464 4459 Diacones
1490 4402 1600 4459 sint
1615 4402 1775 4462 unius

178 4498 374 4555 uxoris
411 4496 538 4565 viri,
575 4505 707 4564 etc.,
747 4513 909 4568 usque
946 4496 1038 4564 ad,
1077 4506 1291 4554 actores
1329 4496 1426 4554 Dei
1461 4505 1611 4554 sunt.
1640 4516 1661 4551 ι

776 4634 905 4692 CAP.
946 4634 1178 4691 CXXVI.

250 4748 391 4806 Item
421 4749 740 4806 Ambrosius
777 4749 829 4805 in
876 4749 1014 4806 libro
1048 4750 1226 4821 primo
1263 4751 1331 4807 de
1369 4751 1570 4808 OlIiciis
1608 4750 1771 4807 mini-

180 4852 423 4900 strorum
465 4844 583 4915 (hoc
620 4844 908 4915 capitulum
948 4861 1051 4899 non
1089 4845 1317 4900 occurrit
1352 4844 1407 4900 in
1441 4844 1532 4898 lib.
1566 4861 1584 4899 ι
1620 4844 1767 4919 Οθῑε.

180 4934 239 4992 S.
274 4935 559 5006 Ambrosii)
594 4953 607 4991 :
637 4954 656 4987 ι
687 4933 979 4992 Viduarum
1011 4952 1074 4992 ac
1104 4936 1367 5008 virginum
1403 4936 1624 5000 domos,
1667 4934 1772 4990 nisi

177 5025 438 5082 visitandi
475 5028 646 5098 gratia
677 5028 924 5099 juniores
964 5028 1115 5084 adire
1140 5044 1246 5084 non
1274 5045 1408 5100 Opus
1434 5037 1517 5084 est
1543 5046 1554 5082 :
1587 5028 1771 5084 ethoc

180 5135 307 5175 cum
324 5121 649 5189 senioribus,
673 5122 775 5178 hoc
797 5131 901 5188 est,
921 5122 1005 5177 vel
1027 5138 1149 5178 cum
1167 5123 1442 5193 episcopo,
1467 5121 1569 5187 vel,
1588 5122 1634 5177 si
1654 5137 1772 5192 gra-

181 5212 307 5267 vior
350 5221 662 5277 estcausa,
702 5229 821 5268 cum
862 5212 1211 5285 presbyteris.
1254 5210 1390 5280 Quit
1432 5227 1652 5267 necesse
1687 5221 1770 5269 est

182 5311 245 5359 ut
271 5302 464 5358 demus
492 5304 841 5361 saecularibus
869 5304 1204 5360 obtrectandi
1234 5303 1449 5361 locum?
1470 5304 1608 5372 Quid
1634 5320 1770 5375 opus

182 5404 270 5450 est
298 5404 358 5449 ut
389 5394 491 5449 illae
514 5411 728 5465 quoque
767 5397 1103 5452 visitationes
1129 5397 1334 5452 crebrae
1376 5396 1644 5468 accipiant
1674 5413 1771 5451 au-

184 5488 534 5543 ctoritatem?
576 5487 714 5556 Quid
765 5490 812 5544 si
862 5490 1040 5559 aliqua
1082 5489 1293 5544 illarum
1340 5488 1477 5544 forte
1522 5489 1771 5545 labatur?

184 5578 298 5632 Cur
324 5578 486 5633 alieni
530 5579 712 5649 lapsus
737 5580 1021 5635 subeamus
1053 5580 1345 5635 invidiam?
1372 5581 1542 5647 Quam
1573 5580 1770 5636 multos

185 5670 354 5725 etiam
387 5668 557 5724 fortes
587 5662 840 5726 illeCebra
868 5673 1116 5741 decepit?
1145 5675 1328 5742 quanti
1357 5688 1458 5727 non
1507 5674 1771 5728 dederunt

185 5762 362 5817 errori
406 5761 580 5817 locum
602 5803 618 5829 ,
647 5772 702 5819 et
729 5764 991 5821 dederunt
1034 5765 1362 5836 suspicioni?
1402 5765 1511 5822 Cur
1542 5782 1645 5823 non
1679 5767 1767 5823 illa

1893 489 2031 544 das?
2049 487 2158 544 Cur
2182 503 2289 553 non
2313 487 2590 543 Christum
2616 487 2841 551 revisas,
2861 484 3137 559 Christum
3157 484 3472 557 alloquaris,

1891 578 2166 636 Christum
2217 579 2438 635 audias?
2484 578 2635 633 Illum
2683 578 3006 648 alloquimur
3051 592 3173 633 cum
3218 592 3471 646 oramus,

1892 669 2042 724 illum
2093 669 2341 725 audimus
2383 676 2507 725 cum
2554 668 2733 724 divina
2784 668 3013 739 legimus
3056 666 3296 723 oracula.
3333 667 3475 736 Quid

1892 762 2048 817 nobis
2073 776 2195 817 cum
2219 761 2411 817 alienis
2436 761 2713 817 domibus?
2736 759 2851 817 Una
2880 768 2963 817 est
2992 759 3183 815 domus
3207 774 3328 830 qua:
3354 773 3473 815 om-

1891 869 1989 909 nes
2017 854 2191 925 capit;
2223 854 2294 908 illi
2323 854 2501 925 potius
2534 854 2600 908 ad
2628 869 2729 909 nos
2755 853 3112 918 conveniant,
3140 852 3229 923 qui
3261 866 3358 907 nos
3388 866 3475 908 re-

1890 946 2131 1017 quirunt.
2170 945 2309 1013 Quid
2341 945 2495 1001 nobis
2524 960 2647 1001 cum
2690 944 2919 1001 fabulis?
2944 942 3303 1000 Ministerium
3332 942 3473 998 alta-

1890 1039 2040 1094 ribus
2064 1039 2290 1105 Christi,
2313 1055 2419 1094 non
2445 1039 2762 1110 obsequium
2794 1037 3104 1094 hominibus
3124 1036 3473 1093 deferendum

1890 1131 2210 1201 recepimus.
2257 1130 2501 1187 Humiles
2540 1130 2697 1187 decet
2732 1145 2882 1195 esse,
2930 1129 3109 1195 mites,
3138 1136 3471 1193 mansuetos,

1890 1236 2105 1292 graves,
2121 1222 2420 1292 patientes:
2450 1222 2667 1277 modum
2695 1237 2793 1277 nos
2824 1228 3008 1276 tenere
3033 1221 3089 1275 in
3112 1220 3364 1276 omnibus
3387 1216 3474 1274 vel

1890 1312 2088 1369 tacitus
2118 1311 2318 1379 vultus,
2355 1311 2442 1368 vel
2468 1327 2649 1368 sermo
2674 1311 2977 1367 annuntiet.
3010 1328 3030 1362 ι

2475 1424 2602 1481 αλιι).
2631 1422 2886 1480 CXXVII.

1958 1536 2089 1592 Item
2130 1537 2271 1593 idem
2322 1539 2378 1593 in
2423 1539 2611 1594 eodem
2661 1524 2801 1592 libro
2845 1537 2982 1607 (cap.
3022 1534 3125 1601 50,
3156 1535 3255 1591 sub
3281 1532 3469 1607 init.):

1892 1646 1912 1682 ι
1943 1630 2020 1684 De
2045 1630 2365 1685 castimonia
2392 1639 2570 1685 autem
2598 1629 2727 1701 quid
2750 1628 2959 1699 loquar,
2987 1627 3202 1698 quando
3223 1642 3328 1683 una
3354 1634 3473 1682 tan-

1886 1730 2000 1776 tmn
2039 1738 2139 1779 nec
2182 1725 2407 1795 repetita
2439 1722 2774 1793 permittitur
2802 1720 3023 1792 copula,
3052 1730 3181 1787 etc.,
3212 1735 3375 1792 usque
3401 1717 3471 1772 ad

1810 1796 1860 1857 Β
1885 1816 2041 1870 verba
2067 1816 2211 1885 quod
2237 1825 2322 1871 est
2355 1814 2744 1887 temperantiae.
2784 1833 2803 1866 ι

2457 1923 2584 1980 CAP.
2614 1923 2890 1981 CXXVIII.

1958 2014 2322 2086 Hieronymus
2354 2015 2406 2070 in
2436 2015 2673 2086 Epistula
2703 2017 2770 2070 ad
2795 2014 2976 2070 Titum
3014 2014 3104 2086 (ad
3137 2031 3255 2085 cup.
3294 2011 3365 2080 ι),
3393 2012 3475 2070 sic

1884 2106 1951 2162 de
1976 2107 2235 2178 pudicitia
2259 2107 2391 2163 dicit
2419 2107 2562 2163 inter
2582 2118 2776 2162 caetera
2800 2126 2813 2161 :
2838 2126 2857 2160 ι
2885 2106 3098 2178 Oportet
3126 2118 3298 2161 autem
3320 2104 3473 2160 illum

1883 2206 1932 2250 et
1959 2196 2315 2250 testimonium
2340 2197 2530 2252 habere
2559 2200 2750 2252 bonum
2777 2198 2841 2251 ab
2864 2198 2946 2251 Itis
2968 2198 3057 2269 qui
3085 2196 3217 2267 foris
3247 2195 3391 2263 sunt,
3415 2204 3473 2250 ut

1884 2303 1986 2341 non
2015 2287 2071 2340 in
2097 2287 2432 2357 opprobrium
2458 2287 2674 2350 incidat,
2701 2297 2748 2342 et
2772 2286 3017 2359 laqueum
3038 2287 3234 2342 diaboli
3255 2286 3308 2357 (Ι
3333 2285 3467 2340 Tim.

1881 2378 1984 2447 ιιι).
2015 2377 2169 2444 Quod
2209 2386 2387 2432 autem
2411 2377 2507 2443 ait,
2538 2380 2694 2432 unius
2723 2379 2901 2433 uxoris
2930 2380 3007 2432 vir
3037 2376 3249 2447 (Ibid.),
3282 2377 3362 2431 sic
3385 2375 3470 2430 in-

1881 2468 2123 2538 telligere
2152 2469 2441 2536 debemus,
2472 2477 2532 2523 ut
2572 2484 2681 2524 non
2715 2484 2933 2525 omnem
2980 2483 3358 2559 mqnoganmm
3393 2467 3474 2522 di-

1882 2574 2041 2632 gamo
2080 2569 2333 2631 putemus
2358 2575 2480 2617 esse
2522 2560 2821 2623 meliorem,
2860 2560 2954 2616 sed
2983 2557 3092 2630 quo
3122 2559 3169 2615 is
3202 2557 3372 2628 possit
3401 2558 3471 2614 ad

1882 2651 2276 2721 monogamiam
2328 2660 2382 2706 et
2430 2650 2816 2706 continentiam
2863 2649 3107 2705 subditos
3159 2645 3468 2712 cohortari,

1880 2744 1973 2815 qui
2001 2744 2085 2798 sui
2125 2744 2434 2815 exemplum
2470 2742 2722 2816 prmferat
2765 2745 2815 2797 in
2851 2743 3113 2809 docendo,
3145 2748 3278 2808 etc.,
3309 2755 3472 2811 usque

1879 2836 1974 2904 ad,
2004 2836 2316 2893 necessitati
2343 2836 2525 2893 carnis
2544 2836 2841 2909 indulgeat.
2875 2855 2895 2888 ι

2472 2944 2602 3000 CAP.
2632 2943 2870 3001 CXXIX.

1947 3038 2080 3094 Item
2112 3037 2252 3093 idem
2283 3037 2337 3091 in
2365 3036 2582 3102 eadem,
2601 3045 2723 3108 post
2752 3051 2924 3106 pauca
2950 3052 2966 3091 :
2999 3054 3019 3090 ι
3053 3033 3138 3092 Sit
3162 3043 3341 3092 autem
3358 3035 3473 3108 cpi-

1880 3146 2075 3202 scopus
2104 3140 2161 3186 et
2197 3130 2446 3200 pudicus,
2490 3145 2652 3201 quem
2687 3128 2862 3185 Graeci
2899 3132 3133 3205 σώφρονα
3160 3138 3386 3195 vocant,
3415 3136 3474 3185 et

1877 3225 2102 3281 Latinus
2148 3226 2439 3296 interpres,
2461 3225 2610 3280 verbi
2661 3225 3011 3297 ambiguitate
3053 3226 3331 3297 deceptus,
3371 3240 3472 3297 pro

1876 3317 2073 3396 pudico
2107 3316 2427 3387 prudentem
2458 3315 2753 3372 transtulit.
2784 3315 2841 3372 Si
2870 3326 3049 3372 autem
3096 3316 3251 3373 laicis
3292 3318 3470 3388 impe-

1876 3413 2030 3459 ratur
2050 3416 2108 3461 ut
2133 3416 2354 3478 propter
2382 3407 2682 3462 orationem
2713 3407 3024 3463 abstineant
3053 3422 3113 3463 se
3133 3408 3204 3462 ab
3234 3423 3467 3463 uxorum

1876 3493 2043 3559 coitu,
2077 3494 2205 3564 quid
2230 3495 2297 3549 de
2327 3494 2582 3566 episcopo
2609 3495 2951 3551 sentiendum
2980 3505 3084 3573 est,
3112 3497 3201 3566 qui
3230 3498 3471 3568 quotidie

1873 3602 1973 3657 pro
2000 3589 2112 3644 suis
2141 3588 2429 3660 populique
2457 3589 2737 3661 peccatis?
2761 3599 2892 3656 etc.,
2924 3606 3088 3661 usque
3126 3591 3218 3658 ad,
3235 3590 3346 3646 sint
3377 3605 3467 3645 re-

1875 3679 2000 3750 gula
2030 3679 2292 3736 veritatis.
2335 3699 2355 3733 ι

2474 3772 2603 3827 CAP.
2636 3771 2851 3828 CXXX.

1948 3860 2079 3917 Item
2104 3861 2245 3917 idem
2277 3863 2331 3918 in
2359 3863 2573 3929 eadem,
2596 3873 2719 3933 post
2750 3878 2922 3935 pauca
2947 3863 3040 3935 (ad
3064 3881 3181 3935 cap.
3210 3864 3273 3936 ιι)
3299 3882 3312 3919 :
3344 3884 3362 3917 ι
3399 3863 3469 3920 1‘s

1877 3951 2079 4022 ipsum,
2124 3953 2329 4023 inquit,
2368 3953 2593 4023 formam
2641 3953 2875 4025 prwbeus
2929 3954 3182 4009 bonorum
3229 3972 3465 4027 operum.

1878 4039 2022 4096 Nihil
2054 4042 2273 4112 prodest
2308 4042 2541 4114 aliquem
2568 4044 2927 4100 exercitatum
2953 4058 3074 4100 esse
3116 4046 3171 4100 in
3214 4046 3464 4114 dicendo,

1774 4135 1777 4205 ξ
1876 4143 1933 4190 ει
1960 4136 2027 4191 ad
2056 4135 2383 4206 loquendum
2425 4137 2643 4193 trivisse
2689 4137 2962 4209 linguam,
2994 4138 3097 4193 nisi
3128 4138 3250 4211 plus
3278 4155 3467 4195 exem-

1875 4226 1967 4298 plo
1988 4227 2233 4284 docuerit
2254 4244 2416 4299 quam
2439 4230 2625 4285 verbo.
2645 4228 2889 4300 Denique
2910 4229 3001 4301 qui
3030 4230 3331 4303 impudicus
3355 4243 3463 4299 est,

1876 4320 2124 4390 quamvis
2154 4320 2387 4376 disertus
2416 4321 2507 4388 sit,
2538 4320 2585 4376 si
2615 4321 2681 4375 ad
2709 4322 3019 4378 castitatem
3059 4323 3342 4379 audientes
3369 4337 3463 4377 co-

1878 4415 2143 4480 hortetnr,
2176 4429 2358 4470 sermo
2382 4414 2502 4485 ejus
2545 4413 2794 4470 inﬁrmus
2836 4423 2952 4481 est,
2983 4422 3040 4469 et
3079 4415 3462 4471 auctoritatem

1796 4535 1853 4597 Β
1878 4509 2178 4597 nonbabet
2218 4507 2558 4597 cohortandi.
2591 4506 2663 4597 Et
2704 4522 2737 4561 ε
2777 4505 3055 4597 contrario
3098 4504 3348 4597 quamvis
3391 4504 3465 4597 sit

1877 4596 2186 4651 rusticanus
2211 4606 2267 4651 et
2300 4596 2487 4651 tardus
2514 4596 2580 4651 ad
2610 4595 2960 4666 loquendum,
2991 4595 3038 4649 si
3065 4603 3248 4650 castus
3272 4593 3459 4661 fuerit,

1877 4686 2125 4757 exemplo
2164 4702 2262 4743 suo
2308 4686 2555 4742 homines
2591 4695 2769 4755 potest
2805 4687 2873 4741 ad
2901 4685 3029 4741 vitae
3053 4685 3460 4745 similitudinem

1875 4776 2220 4848 compellere,
2246 4786 2377 4844 etc.,
2394 4793 2557 4850 usque
2583 4776 2677 4844 ad,
2698 4775 3173 4849 inincorruptione
3199 4785 3256 4833 et
3278 4778 3332 4833 in
3361 4792 3461 4851 pu-

1875 4867 2080 4924 dicitia.
2116 4887 2134 4920 ι

2471 4936 2598 4993 CAP.
2626 4937 2861 4995 CXXXI.

1947 5032 2306 5103 Hieronymus
2328 5030 2381 5085 in
2405 5030 2754 5103 Apologetico
2775 5031 2842 5085 ad
2862 5029 3292 5096 Pammachium,
3317 5029 3460 5087 inter

1874 5133 2065 5181 cetera
2091 5123 2164 5179 ita
2190 5123 2258 5179 de
2279 5123 2535 5193 pudicitia
2558 5124 2795 5194 disputat
2821 5121 2993 5193 (epist.
3019 5121 3111 5188 50,
3137 5131 3264 5178 ante
3287 5122 3458 5192 med.,

1875 5228 2006 5273 tom.
2055 5216 2134 5283 ll,
2160 5233 2213 5287 p.
2258 5215 2403 5285 155).
2440 5234 2460 5269 σ
2495 5215 2553 5271 ιιι
2589 5216 2693 5271 line
2729 5200 2965 5287 quoque
2991 5216 3457 5286 comparationem

1873 5311 2184 5381 nuptiarum
2213 5316 2269 5363 et
2298 5309 2587 5379 virginum,
2619 5306 3036 5378 disputationem
3076 5317 3318 5364 nostram
3352 5309 3459 5365 hoc

1877 5418 2125 5459 sermone
2146 5402 2510 5457 conclustmus
2543 5418 2555 5454 :
2588 5399 2689 5456 Ubi
2719 5400 2916 5454 bonum
2948 5409 3003 5455 et
3022 5399 3216 5456 melius
3240 5409 3353 5466 est,
3382 5399 3458 5455 ibi

1878 5496 2003 5550 boui
2036 5503 2091 5549 et
2124 5494 2363 5549 melioris
2407 5508 2513 5548 non
2557 5507 2719 5547 unum
2764 5503 2849 5548 est
2898 5494 3210 5563 praemium;
3238 5503 3319 5555 et,
3364 5490 3456 5548 ubi

1879 5602 1985 5640 non
2016 5601 2180 5640 unum
2213 5588 2513 5655 praemium,
2540 5585 2611 5639 ibi
2656 5586 2841 5657 utique
2879 5587 3017 5641 dona
3046 5586 3279 5641 diversa.
3313 5583 3458 5639 Tan—

1881 5686 1990 5734 tum
2016 5689 2097 5733 est
2124 5680 2286 5749 igitur
2311 5679 2449 5732 inter
2471 5680 2684 5748 nuptias
2704 5689 2758 5733 et
2782 5679 3168 5750 virginitatem,
3195 5687 3456 5748 quantum

1878 5772 2020 5827 inter
2056 5787 2160 5826 non
2194 5786 2420 5841 peccare
2458 5780 2513 5827 et
2554 5770 2902 5838 benefacere;
2946 5772 3054 5827 imo
3086 5779 3143 5824 ut
3174 5770 3344 5826 levius
3373 5769 3460 5829 dl-
