4000 6352
514 260 614 319 751

1629 259 1860 317 ΑΞΝΕᾹΞ
1901 258 2331 316 PARISIENSIS
2367 260 2675 319 EPISCOPI

3687 270 3794 326 73!

505 387 649 438 eam,
676 382 937 443 quantum
981 373 1122 430 inter
1169 386 1367 429 bonum
1406 383 1462 429 et
1506 373 1730 439 melius,
1763 385 1895 452 εις..
1927 390 2087 445 usque
2115 378 2163 441 Α
2193 374 2282 428 lite
2304 377 2421 443 ﬁeri
2447 379 2580 432 servi
2616 378 2886 432 hominum
2915 377 3101 449 (Ibid.,
3155 378 3271 449 25),
3308 387 3441 443 etc.,
3504 398 3675 454 usque
3728 387 3796 440 ad

508 465 600 534 ad,
631 466 1001 538 unusquisque
1031 465 1172 521 ferre
1199 475 1393 536 potest.
1429 488 1447 518 ι

1092 599 1218 657 CAP.
1250 599 1507 656 CXXXII.
1559 604 1567 613 "

575 711 705 768 Item
730 710 1088 783 Hieronymus
1110 712 1165 767 in
1185 714 1374 769 eodem
1390 713 1738 786 Apologetico
1752 722 1872 784 post
1893 731 2086 786 pauca:

512 823 530 856 ι
567 804 708 859 Νιιυί
736 806 957 861 dubium
983 814 1087 873 est,
1112 807 1425 863 sacerdotes
1453 808 1519 862 de
1548 808 1730 863 Aaron
1758 816 1814 863 et
1841 809 2087 877 Eleazar,

504 907 557 953 et
585 896 816 954 Phinees
853 899 1024 969 stirpe
1054 907 1361 970 generatos,
1398 902 1490 971 qui
1521 917 1642 957 cum
1670 910 1727 956 et
1761 901 1860 971 ipsi
1894 916 2092 958 uxores

503 988 824 1058 habuerint,
878 999 1026 1046 recte
1089 992 1246 1048 nobis
1308 1003 1747 1063 opponerentur,
1801 994 1847 1049 si
1905 1009 2092 1051 errore

501 1076 902 1160 fincratitarum
965 1082 1419 1139 contenderemus
1491 1085 1838 1140 matrimonia
1901 1101 2091 1157 repro-

501 1168 696 1239 banda,
727 1192 748 1225 ι
774 1181 907 1241 etc.,
934 1190 1100 1245 usque
1128 1175 1218 1243 ad,
1249 1176 1301 1229 in
1330 1177 1498 1246 gradu
1527 1178 1686 1233 tertio
1712 1192 1992 1248 ponerem.

1064 1286 1191 1343 CAP.
1235 1288 1515 1345 CXXXIII.

567 1394 700 1451 Item
727 1395 868 1453 idem
896 1397 949 1452 in
978 1399 1193 1466 eodem,
1216 1412 1338 1470 post
1362 1418 1531 1472 pauca
1561 1420 1575 1457 :
1605 1421 1625 1454 ι
1651 1402 1949 1473 Nuncvero
1965 1421 2088 1460 eum

501 1494 769 1558 interpres
796 1491 967 1561 magis
1007 1491 1250 1562 Apostoli
1281 1493 1478 1550 fuerim
1511 1512 1673 1566 quam
1713 1498 2004 1568 dogmatis,
2035 1507 2090 1552 et

497 1581 943 1636 commentatoris
970 1582 1070 1638 sim
1106 1599 1236 1639 usus
1268 1583 1461 1650 ofﬁcio,
1490 1587 1751 1657 quidquid
1787 1589 1980 1643 durum
2008 1589 2089 1642 vi-

500 1668 682 1737 detur,
713 1672 764 1726 ei
794 1673 967 1743 magis
1005 1676 1286 1746 magisque
1318 1678 1612 1749 imputetur
1651 1696 1810 1750 quem
1837 1684 2088 1752 exposui-

501 1773 643 1825 mus,
677 1775 837 1830 quam
868 1763 1024 1817 nobis
1067 1765 1158 1833 qui
1199 1769 1566 1835 exposuimus,
1593 1790 1612 1822 ι
1641 1782 1771 1837 etc.,
1805 1788 1966 1843 usque
1989 1774 2080 1842 ad,
2117 1757 2164 1818 Β

497 1849 679 1917 potius
703 1866 864 1922 quam
894 1852 1123 1909 aliorum
1152 1855 1442 1912 obscuram
1470 1860 1825 1933 diligentiam.

1073 1965 1201 2022 CAP.
1234 1968 1517 2026 CXXXIV.

569 2072 649 2130 De
689 2074 1012 2145 virginibus,
1041 2081 1255 2151 nuptis,
1289 2081 1500 2149 viduis,
1531 2085 1899 2154 monogamis,
1932 2086 2087 2156 biga-

500 2163 628 2229 mis,
659 2164 1068 2237 trigamis,etc.,
1097 2170 1151 2224 in
1174 2172 1384 2235 eodem,
1417 2184 1539 2243 post
1564 2190 1736 2244 pauca
1762 2194 1775 2228 :
1809 2194 1828 2228 ι
1853 2177 2086 2232 Tument

500 2264 690 2325 contra
716 2274 805 2314 me
826 2260 1007 2316 mariti
1042 2278 1211 2331 quare
1237 2265 1468 2320 dixerim
1494 2282 1507 2320 :
1539 2267 1648 2323 Oro
1671 2277 1744 2333 te,
1768 2270 1926 2340 quale
1956 2271 2084 2325 illud

498 2346 700 2402 bonum
723 2357 824 2415 est,
849 2352 990 2421 quod
1013 2368 1173 2408 orare
1197 2356 1469 2425 prohibet,
1496 2360 1637 2427 quod
1660 2374 1856 2431 corpus
1880 2361 2085 2417 Christi

498 2440 746 2523 accipere
784 2456 893 2497 non
882 2445 1224 2533 .permittit?
1252 2446 1480 2514 Quando
1517 2450 1714 2522 impleo
1758 2453 1936 2506 mariti
1966 2451 2085 2508 olli-

497 2530 678 2598 cium,
699 2548 806 2589 non
834 2530 1034 2604 impleo
1068 2539 1416 2608 continentis,
1450 2562 1468 2595 ι
1496 2551 1627 2609 etc.,
1660 2560 1823 2616 usque
1854 2547 1952 2613 ad,
1984 2561 2087 2605 nec

498 2634 736 2688 sensum,
774 2638 875 2680 nec
898 2626 1064 2681 verba
1092 2629 1321 2685 mutavi.

1081 2742 1208 2799 CAP.
1243 2745 1505 2803 CXXXV.

570 2852 703 2909 Item
746 2854 911 2923 idem,
945 2856 999 2911 in
1042 2855 1149 2913 line
1175 2859 1292 2929 ejus
1320 2861 1651 2933 Apologetici
1688 2881 1701 2917 :
1739 2884 1757 2915 ί
1787 2864 1955 2936 Igitur
1988 2867 2090 2924 hoc

497 2952 741 3000 extrema
785 2961 920 3003 voce
948 2957 1242 3018 protestor,
1277 2968 1364 3008 me
1410 2967 1510 3008 nec
1540 2955 1826 3011 damnasse
1873 2960 2088 3029 nuptias

496 3040 597 3088 nec
622 3034 903 3102 damnare,
947 3042 1294 3108 respondisse
1324 3042 1658 3110 adversario,
1698 3061 1804 3102 non
1841 3063 2087 3104 meorum

498 3125 722 3182 insidias
766 3126 1108 3186 formidasse.
1140 3130 1519 3203 Virginitatem
1568 3144 1746 3192 autem
1791 3140 1844 3194 in
1884 3142 2082 3196 coelum
2113 3128 2160 3191 C

498 3215 645 3282 fero,
680 3234 787 3273 non
827 3221 954 3291 quia
986 3222 1193 3292 habeo,
1226 3226 1319 3280 sed
1351 3226 1477 3296 quia
1521 3229 1694 3300 magis
1737 3231 1909 3288 miror
1940 3233 2087 3303 quod

498 3321 606 3368 non
636 3308 833 3366 habeo.
860 3311 1097 3384 Ingenua
1120 3323 1176 3370 et
1199 3319 1502 3372 verecunda
1532 3320 1803 3377 confessio
1831 3332 1934 3390 est,
1978 3340 2087 3397 quo

497 3397 614 3468 ipse
643 3414 865 3469 careas,
903 3401 958 3458 id
1001 3403 1057 3458 in
1101 3404 1221 3462 aliis
1248 3407 1578 3479 pradicare,
1612 3430 1630 3464 ι
1666 3420 1795 3482 etc.,
1824 3431 1987 3486 usque
2016 3416 2087 3470 ad

497 3490 654 3559 ﬁnem
684 3493 970 3567 Apologia.
1516 3508 1528 3518 ·

1071 3612 1197 3671 CAP.
1228 3615 1510 3675 CXXXVI.

568 3725 698 3781 Item
746 3725 1108 3801 Hieronymus
1149 3730 1203 3786 in
1233 3731 1420 3803 librot
1477 3745 1663 3791 contra
1706 3735 2081 3809 Iovinianum,

497 3822 639 3887 inter
667 3832 865 3885 caetera
889 3826 970 3881 sic
997 3826 1165 3885 dicit:
1199 3848 1217 3880 ι
1252 3828 1346 3885 Vis
1368 3833 1511 3888 scire
1535 3834 1664 3902 quid
1698 3834 1825 3890 velit
1849 3835 2083 3907 Aposto-

496 3913 611 3969 lus?
650 3914 824 3987 Junge
870 3919 1011 3988 quod
1056 3922 1303 3991 sequitur
1345 3942 1357 3976 :
1407 3922 1531 3978 Volo
1574 3936 1750 3992 autem
1789 3944 1964 3983 omnes
1990 3930 2085 3983 lto-

498 4005 660 4079 rnines
706 4024 818 4063 esse
858 4019 916 4063 ut
964 4014 1218 4081 meipsum
1269 4013 1333 4085 (I
1362 4015 1485 4069 Cor.
1509 4033 1620 4084 vn,
1652 4018 1727 4090 7).
1768 4020 1964 4075 Beatus
1992 4020 2083 4089 qui

478 4095 650 4152 Pauli
678 4097 875 4156 similis
900 4100 1093 4171 fuerit;
1124 4104 1249 4160 felix
1278 4107 1368 4176 qui
1396 4109 1870 4179 auditApostolum
1896 4113 2085 4181 praci-

496 4191 766 4263 pientem,
816 4210 924 4252 non
966 4198 1356 4270 ignoscentem.
1401 4203 1537 4269 Hoc,
1568 4205 1767 4276 inquit,
1808 4207 1954 4271 volo,
1984 4208 2084 4262 hoc

494 4287 735 4344 desidero
782 4298 838 4346 ιιι
884 4293 1172 4348 imitatores
1215 4297 1316 4349 mei
1343 4297 1480 4362 sitis,
1508 4297 1642 4351 sicut
1678 4311 1725 4352 et
1765 4315 1858 4369 ego
1887 4296 2083 4353 Christi

497 4379 546 4452 (Ι
574 4378 697 4437 Cor.
730 4382 818 4456 tv},
846 4383 960 4454 16).
984 4384 1075 4438 Ille
1104 4385 1258 4455 virgo
1293 4387 1361 4442 de
1399 4389 1608 4459 virgine
1630 4430 1644 4455 ,
1677 4392 1743 4446 de
1770 4390 2081 4462 incorrupta

2195 465 2488 524 instantem
2514 470 2916 526 necessitatem.
2955 490 2973 521 ι

2741 584 2871 640 CAP.
2905 584 3235 641 CXXXVIII.

2263 693 2393 750 Item
2425 696 2564 752 idem
2590 697 2642 752 in
2666 698 2852 752 eodem
2882 708 3001 769 post
3029 716 3195 769 pauca
3228 718 3240 753 :
3280 720 3297 751 ι
3330 701 3454 756 Ideo
3483 701 3604 773 plus
3640 712 3801 758 amat

2193 785 2431 855 virgines
2459 787 2739 855 Christus,
2781 790 2906 861 quia
2957 798 3147 859 Sponte
3197 792 3439 847 tribuunt
3481 795 3632 863 quod
3692 794 3800 849 sibi

2193 894 2300 933 non
2332 877 2509 934 fuerat
2536 881 2881 950 imperatum,
2910 882 3239 953 majorisque
3266 885 3452 953 gratize
3478 894 3561 938 est
3586 884 3805 940 offerre

2194 975 2336 1043 quod
2362 991 2468 1030 non
2500 976 2715 1043 debeas,
2745 995 2907 1050 quam
2937 980 3161 1035 reddere
3189 982 3330 1049 quod
3357 983 3611 1054 exigaris.
3650 984 3808 1054 Apo-

2194 1063 2339 1129 stoli,
2370 1066 2556 1121 uxoris
2574 1084 2741 1123 onere
2763 1069 3128 1141 contemplato
3149 1089 3161 1123 :
3180 1069 3241 1123 Si
3266 1071 3384 1125 talis
3400 1082 3491 1135 est,
3511 1073 3805 1144 inquiunt,

2195 1175 2355 1212 causa
2380 1161 2607 1214 hominis
2634 1178 2750 1214 cum
2782 1179 2964 1227 uxore,
2996 1164 3327 1232 non-expedit
3351 1165 3535 1218 nubere
3558 1162 3805 1234 (Matth.

2194 1265 2316 1314 xxx,
2357 1249 2468 1321 10).
2526 1250 2767 1318 Quorum
2814 1254 3073 1307 Dominus
3121 1254 3442 1307 sententiam
3485 1254 3748 1324 probans
3790 1272 3805 1308 :

2193 1340 2360 1396 Recte
2384 1342 2623 1411 quidem,
2666 1344 2772 1409 ait,
2805 1344 3038 1406 sentitis,
3076 1344 3217 1414 quod
3253 1360 3357 1397 non
3402 1346 3661 1415 expediat
3698 1346 3809 1399 bo-

2192 1433 2324 1486 mini
2354 1433 2420 1486 ad
2451 1433 2709 1488 cmlorum
2757 1451 2921 1505 regna
2968 1435 3210 1490 tendenti
3242 1433 3485 1504 accipere
3514 1450 3807 1501 uxorem;

2194 1524 2287 1578 sed
2318 1522 2550 1580 difficilis
2593 1541 2681 1581 res
2710 1534 2815 1591 est,
2853 1534 2908 1580 et
2947 1543 3049 1581 non
3097 1543 3272 1581 omnes
3318 1526 3523 1596 capiunt
3564 1527 3809 1581 verbis:

2194 1615 2352 1682 istud,
2382 1633 2560 1670 verum
2587 1616 2771 1687 quibus
2799 1616 2982 1670 datum
3012 1626 3084 1671 est
3114 1615 3257 1685 (Ibid
3285 1654 3305 1684 ,
3350 1616 3457 1687 il).
3487 1636 3506 1669 ι

2751 1726 2879 1783 CAP.
2945 1726 3235 1782 CXXXIX.

2256 1842 2385 1898 Item
2401 1843 2543 1897 idem
2561 1844 2611 1897 in
2630 1844 2841 1909 eodem,
2859 1851 3160 1914 postpauca
3180 1858 3193 1897 :
3217 1861 3234 1893 ι
3260 1841 3536 1912 Simulque
3551 1851 3812 1897 tractan-

2188 1936 2256 1991 da
2281 1936 2550 1990 sententia
2577 1944 2661 1990 est
2692 1934 2830 2001 :Qui
2853 1952 2926 2000 se,
2960 1934 3154 2005 inquit,
3188 1944 3542 1988 castraverunt
3575 1943 3814 2003 propter

2188 2047 2404 2100 regnum
2435 2029 2681 2084 caelorum
2715 2028 2935 2097 (Matth.
2963 2046 3078 2094 nx,
3112 2027 3222 2098 l2).
3244 2027 3300 2081 Si
3326 2025 3545 2081 castrati
3571 2041 3810 2081 merce-

2189 2121 2310 2176 dem
2339 2121 2541 2175 habent
2566 2137 2729 2191 regna
2756 2121 3040 2185 oculorum,
3074 2134 3204 2190 ergo
3237 2119 3329 2190 qui
3358 2134 3415 2173 se
3443 2133 3548 2172 non
3579 2127 3812 2173 castra-

2187 2220 2415 2279 verunt,
2464 2213 2639 2268 locum
2684 2228 2790 2268 non
2837 2221 3065 2283 possunt
3113 2211 3361 2282 accipere
3400 2219 3807 2265 castratoruu.

2191 2302 2295 2369 Qui
2324 2313 2513 2373 potest,
2537 2303 2729 2373 inquit,
2758 2320 2942 2374 capere
2970 2303 3140 2372 capiat
3168 2298 3638 2373 (lbid.).Grandis
3676 2300 3808 2356 ﬁdei

2189 2403 2293 2461 est,
2328 2396 2659 2466 grandisque
2688 2394 2925 2459 virtutis,
2958 2393 3051 2448 Dei
3089 2391 3346 2462 templum
3391 2405 3511 2446 esse
3560 2390 3811 2461 purissi-

2188 2504 2359 2553 mum,
2380 2497 2549 2543 totum
2574 2502 2631 2544 se
2652 2488 3029 2545 holocaustum
3055 2485 3253 2541 offerre
3283 2486 3528 2549 Domino,
3554 2493 3607 2539 et
3626 2484 3807 2555 juxta

2189 2579 2439 2634 eumdem
2468 2579 2784 2649 Apostolum
2813 2593 2933 2634 esse
2962 2584 3210 2633 sanctum
3240 2584 3296 2629 et
3331 2590 3561 2644 corpore
3597 2582 3664 2628 et
3696 2574 3809 2646 spi-

2189 2669 2319 2737 ritu,
2346 2679 2477 2738 etc.,
2509 2688 2672 2742 usque
2695 2670 2764 2723 ad
2794 2669 2929 2724 liber
2957 2670 3025 2725 ad
3057 2679 3360 2724 extremum
3387 2666 3614 2722 solutus.
3656 2684 3686 2719 ι

2818 2780 2950 2840 CAP.
2991 2779 3128 2836 CXL

2260 2894 2395 2950 Item
2436 2893 2578 2948 idem
2619 2892 2671 2946 in
2721 2893 2934 2957 eodem,
2986 2900 3106 2961 post
3153 2905 3366 2962 pauca:
3402 2888 3527 2945 «Ad
3558 2888 3806 2945 maritos

2189 2987 2424 3043 veniam.
2477 2985 2700 3057 Tempus
2738 2985 2888 3040 breve
2922 2995 2995 3040 est
3033 2983 3087 3057 (Ι
3123 2984 3248 3039 Cor.
3296 2998 3394 3050 vn,
3432 2982 3549 3052 29),
3604 2983 3804 3038 Domi-

2192 3096 2293 3135 nus
2333 3094 2517 3150 prepe.
2574 3078 2800 3133 Etiamsi
2843 3079 3130 3150 nongentis
3177 3078 3479 3133 viveremus
3517 3076 3711 3142 annis,
3744 3087 3802 3132 ut

2190 3171 2397 3240 antiqui
2427 3170 2677 3226 homines
2701 3212 2715 3236 ,
2748 3181 2926 3225 tamen
2958 3172 3121 3226 breve
3148 3170 3447 3241 putandum
3473 3169 3802 3239 essetquod

2189 3262 2414 3317 haberet
2440 3259 2729 3330 aliquando
2753 3262 2932 3328 linem,
2959 3270 3014 3315 et
3034 3274 3157 3316 esse
3176 3268 3435 3317 cessaret.
3475 3252 3633 3314 Nunc
3657 3270 3801 3316 vero

2189 3371 2310 3411 cum
2341 3355 2522 3410 brevis
2550 3355 2619 3410 sit
2647 3369 2752 3410 non
2796 3364 2906 3409 tam
2944 3354 3150 3422 laetitia,
3182 3368 3344 3424 quam
3381 3351 3669 3409 tribulatio
3695 3370 3802 3408 iiu-

2186 3448 2448 3520 ptiarum,
2482 3446 2610 3517 quid
2649 3447 2944 3518 accipimus
2970 3461 3168 3502 uxores
3201 3460 3338 3517 quas
3375 3445 3483 3501 cito
3537 3447 3802 3515 cogimur

2188 3540 2483 3595 amittere?
2513 3558 2533 3592 ι
2579 3547 2710 3605 etc.,
2743 3556 2906 3610 usque
2956 3541 3045 3605 ad,
3098 3536 3519 3594 sollicitudinum
3574 3546 3798 3608 partes,

2186 3627 2641 3703 miseriarumque
2667 3631 2983 3688 distractus.

2804 3723 3151 3801 aufem.

2255 3858 2388 3914 Item
2413 3859 2555 3914 idem
2587 3858 2643 3913 in
2671 3859 2886 3926 eodem,
2914 3868 3040 3929 post
3060 3874 3231 3930 pauca
3266 3874 3280 3913 :
3312 3857 3581 3934 «‘Primus
3608 3856 3795 3914 Adam

2184 3968 2560 4033 monogamus,
2598 3956 2869 4011 secundus
2896 3969 3121 4026 agamus
3155 3974 3168 4010 :
3198 3957 3288 4025 qui
3326 3956 3619 4027 digamiam
3654 3971 3792 4026 pro-

2182 4048 2334 4113 bant,
2369 4047 2665 4103 exhibeant
2690 4048 2908 4103 tertium
2938 4047 3111 4102 Adam
3141 4047 3435 4117 digamum,
3483 4061 3648 4117 quem
3701 4062 3794 4103 se-

2184 4147 2439 4208 quantur.
2494 4137 2692 4193 Verum
2724 4138 2809 4193 fac
2836 4148 2894 4193 ut
2927 4140 3265 4195 concesserit
3292 4138 3491 4193 Paulus
3537 4139 3788 4194 secunda

2182 4231 2549 4287 matrimonia.
2599 4231 2667 4286 Et
2711 4232 2900 4286 eadem
2944 4231 3061 4302 lege
3114 4240 3168 4285 ct
3227 4231 3382 4285 tertia
3428 4230 3683 4285 concedit
3730 4238 3789 4283 et

2182 4334 2398 4395 quarta,
2432 4332 2486 4379 et
2514 4324 2945 4394 quotiescunque
2987 4325 3070 4380 vir
3113 4324 3360 4378 moritur.
3421 4322 3590 4376 Multa
3635 4337 3787 4377 como

2182 4417 2401 4487 pellitur
2426 4416 2713 4489 Apostolus
2738 4415 2876 4471 velle
2906 4432 3026 4485 quae
3056 4431 3163 4470 non
3192 4415 3325 4481 vult,
3343 4423 3478 4479 etc.,
3505 4430 3668 4485 usque
3687 4412 3781 4479 sd,

494 4474 871 4546 incorruptus;
894 4491 994 4532 nos
1015 4478 1142 4546 quia
1164 4480 1410 4535 homines
1431 4495 1639 4546 sumus,
1665 4491 1719 4537 et
1741 4484 2078 4541 nativitatem
2105 4492 2158 4555 Ι)
2176 4474 2329 4578 ium
2358 4474 2643 4578 imaginem
2676 4474 2951 4563 Creatori;
2977 4508 3082 4562 sui.
3111 4528 3132 4559 ,

496 4566 797 4626 Salvatoris
842 4585 948 4625 non
995 4585 1282 4640 possumus
1311 4573 1542 4638 imitari,
1582 4574 1856 4630 imitemur
1884 4576 2077 4633 saltem

496 4663 987 4732 conversationem,
1021 4674 1149 4730 etc.,
1181 4682 1342 4737 usque
1377 4667 1469 4734 ad,
1497 4667 1593 4723 sed
1628 4667 1858 4739 simplex
1892 4683 1991 4739 per
2018 4683 2081 4726 se

497 4755 695 4811 bonum
723 4755 870 4812 volo.
902 4774 929 4811 ι

1064 4873 1194 4928 CAP.
1224 4872 1529 4929 CXXXVII.

506 5024 523 5055 -_
569 4985 707 5041 Item
729 4983 873 5041 idem
893 4986 948 5042 in
970 4987 1183 5055 eodem,
1206 4998 1328 5060 post
1345 5004 1517 5061 pauca
1539 5006 1553 5043 :
1579 5007 1598 5039 ι
1622 4987 1833 5056 Quanta
1850 4987 2082 5044 felicitas

496 5091 605 5157 non
635 5077 822 5134 uxoris
850 5092 971 5135 esse
998 5095 1234 5147 servum,
1268 5081 1361 5135 sed
1382 5079 1614 5148 Christi;
1649 5095 1753 5134 non
1782 5079 1931 5134 carni
1961 5094 2079 5135 ser-

495 5170 635 5237 vire,
665 5170 763 5226 sed
795 5171 1028 5242 spiritui.
1057 5172 1161 5238 Qui
1200 5172 1345 5227 enim
1389 5172 1619 5227 adhwret
1655 5171 1905 5238 Domino,
1944 5187 2079 5226 unus

497 5263 729 5333 Spiritus
753 5274 827 5319 est
853 5263 906 5336 (Ι
930 5262 1050 5321 Cor.
1081 5281 1152 5332 vr,
1182 5265 1290 5335 17).
1317 5266 1396 5319 Ac
1422 5280 1488 5318 ne
1511 5263 1736 5318 forsitan
1764 5263 1816 5316 in
1845 5276 1911 5317 eo
1934 5261 2078 5331 quod

496 5373 661 5428 supra
691 5359 905 5415 dixerat
931 5373 947 5413 :
973 5357 1167 5414 Servus
1199 5368 1408 5414 vocatus
1443 5374 1516 5422 es,
1551 5373 1653 5411 non
1677 5356 1742 5410 sit
1777 5355 1872 5408 tibi
1912 5372 2077 5421 ουτω,

495 5448 586 5507 sed
611 5449 703 5504 etsi
730 5460 872 5521 potes
901 5450 1031 5505 liber
1055 5439 1196 5518 ﬁeri,
1218 5450 1384 5519 magis
1423 5458 1563 5501 utere
1606 5446 1655 5512 (1
1679 5444 1802 5500 Cor.
1835 5462 1938 5511 vn,
1966 5444 2079 5516 16),

497 5540 813 5611 suggillasse
839 5541 1228 5596 continentiam
1257 5522 1560 5603 videretur,
1594 5546 1648 5592 et
1678 5537 1730 5591 in
1761 5536 2078 5591 famulatum

496 5635 784 5691 tradidisse
812 5651 911 5690 nos
936 5635 1245 5705 coniugum,
1281 5633 1441 5687 infert
1466 5633 1787 5689 sententiam
1816 5648 1936 5703 quae
1962 5646 2079 5686 om-

494 5742 621 5793 neut
648 5729 1047 5790 cavillationem
1077 5736 1315 5793 atuputet
1343 5746 1355 5782 :
1386 5724 1565 5784 Pretio
1612 5728 1770 5800 empti
1808 5728 1954 5795 estis,
1983 5741 2079 5781 no-

2735 4629 2755 4689 »;
2785 4620 2859 4677 CA
2869 4638 2916 4675 ρ.
2968 4619 3172 4676 CXLII.

2252 4735 2385 4790 Item
2416 4733 2560 4789 idem
2585 4735 2641 4788 in
2671 4735 2885 4799 eodem,
2909 4744 3032 4805 post
3057 4749 3229 4805 pauca
3262 4752 3276 4787 :
3310 4753 3329 4787 ι
3361 4734 3481 4791 Non
3510 4736 3656 4791 enim
3677 4749 3775 4805 po—

2180 4836 2288 4882 test
2307 4825 2519 4881 Domini
2544 4827 2749 4882 servire
2769 4828 2973 4883 militiae
2994 4842 3183 4883 servus
3210 4828 3419 4893 uxoris,
3450 4837 3583 4895 etc.,
3607 4841 3767 4900 usqu

2190 4919 2282 4986 ad,
2308 4919 2363 4973 in
2395 4927 2593 4974 terram
2624 4919 3060 4990 repromissionis
3089 4919 3323 4975 induxit.
3350 4940 3372 4974 ι

2785 5029 2915 5086 CAP.
2954 5029 3178 5086 CXLIII.

2257 5144 2390 5200 Item
2439 5144 2578 5199 idem
2627 5144 2680 5198 in
2725 5144 2913 5199 eodem
2957 5150 3081 5216 post
3127 5161 3343 5215 pauca:
3385 5166 3405 5198 ί
3437 5144 3636 5201 Verum
3660 5134 3767 5218 jaui'

2186 5243 2397 5306 tempus
2424 5242 2507 5289 est
2538 5242 2595 5287 ut
2622 5234 2886 5288 castitatis
2910 5231 3038 5290 Jesu
3076 5235 3329 5290 vexillum
3354 5235 3613 5303 levemus,
3641 5247 3766 5304 etc.,

2185 5344 2347 5399 usque
2372 5326 2459 5393 ad,
2496 5324 2794 5379 Salvatoris
2822 5327 3022 5382 auxilio
3055 5305 3360 5397 coopertos.
3394 5347 3414 5381 ι

2773 5440 2901 5495 CAP.
2942 5439 3171 5495 CXLIV.

2254 5536 2385 5591 Item
2423 5537 2561 5592 idem
2584 5537 2635 5589 in
2661 5534 2871 5598 eodem,
2895 5543 3015 5605 post
3043 5550 3213 5604 pauca
3239 5550 3253 5588 :
3285 5554 3303 5587 ι
3332 5533 3573 5607 Cumque
3597 5538 3644 5590 in
3673 5549 3764 5588 se-

2182 5630 2452 5701 pulturam
2496 5628 2621 5685 Jesu
2660 5628 2796 5683 liber
2833 5628 2923 5699 qui
2974 5645 3039 5683 ex
3081 5630 3297 5685 nomine
3346 5628 3464 5698 ejus
3509 5626 3764 5698 apellatur

2182 5722 2429 5797 expletus
2455 5722 2556 5790 sit,
2589 5737 2806 5778 rursum
2836 5722 2888 5777 in
2916 5720 3165 5778 Judicum
3194 5722 3472 5778 volumine
3501 5719 3642 5794 quasi
3673 5718 3761 5772 vl-
