4000 6352
190 322 308 399 περ

192 533 438 586 mortem
465 523 654 594 incipit
677 519 948 579 coronari.
971 539 990 573 »

804 638 934 694 CAP.
976 634 1180 692 CXLV.

271 755 410 815 Item
437 755 581 811 idem
616 754 673 808 in
700 752 912 819 eodem,
951 759 1073 821 post
1106 764 1279 820 pauca
1311 765 1324 803 :
1356 765 1374 799 σ
1405 742 1661 827 Nunquid
1686 757 1788 796 non

188 851 452 909 habemus
475 856 778 919 potestatem
808 844 1162 900 manducandi
1187 853 1234 896 et
1257 840 1480 903 bibendi,
1516 846 1605 891 aut
1646 851 1792 890 soro-

184 961 286 1011 res
336 940 579 996 mulieres
620 936 1088 994 circumducendi?
1129 933 1233 991 Ubi
1273 934 1338 989 de
1371 928 1699 987 comedenda
1738 933 1793 980 et

197 1033 459 1095 bibendo,
484 1040 539 1087 et
566 1033 631 1085 de
663 1029 1062 1086 ministratione
1083 1036 1395 1096 sumptuum
1421 1020 1788 1095 praemittitur,

194 1133 258 1181 et
282 1125 351 1181 de
384 1122 700 1180 mulieribus
740 1121 1018 1178 sororibus
1057 1120 1137 1175 sic
1167 1117 1416 1180 infertur,
1449 1112 1792 1185 perspicuum

199 1225 288 1273 est
322 1230 429 1271 non
455 1229 654 1270 uxores
682 1201 907 1283 intelligi
940 1211 1157 1275 debere,
1180 1208 1273 1263 sed
1303 1221 1417 1269 eas,
1451 1212 1509 1258 ut
1535 1203 1790 1265 diximus,

200 1322 330 1378 quae
358 1307 423 1362 de
452 1321 547 1361 sua
577 1304 882 1360 substantia
919 1302 1321 1373 ministrabant,
1353 1307 1483 1363 etc.,
1514 1282 1686 1368 usque.
1701 1294 1791 1362 ad,

203 1395 344 1452 nihil
366 1395 471 1452 tale
501 1395 783 1467 Scriptura
805 1393 1094 1465 signiﬁcat.
1127 1412 1145 1445 ι

823 1504 952 1560 CAP.
989 1502 1218 1559 CXLVI.

268 1622 409 1679 Item
438 1623 581 1678 idem
612 1622 665 1677 in
695 1621 907 1685 eodem,
942 1626 1064 1689 post
1093 1631 1262 1688 pauca
1288 1634 1301 1669 :
1337 1634 1354 1666 ‹
1379 1614 1672 1669 Possumus
1702 1627 1798 1665 au-

200 1726 321 1773 tem
347 1719 413 1773 de
440 1716 605 1773 Petro
634 1714 837 1780 dicere,
867 1714 1009 1783 quod
1044 1711 1295 1767 habuerit
1321 1722 1535 1764 socrum
1567 1721 1631 1761 eo
1665 1713 1800 1759 tem-

202 1826 341 1881 pore
365 1825 472 1880 quo
488 1809 734 1873 credidit,
752 1816 805 1862 et
830 1821 1052 1861 uxorem
1069 1804 1181 1873 jam
1205 1820 1309 1858 non
1327 1801 1597 1863 habuerit,
1616 1820 1632 1850 »
1658 1807 1790 1863 etc.,
1826 1784 1874 1845 B

203 1920 375 1975 usque
398 1902 466 1956 ad
484 1942 499 1967 ,
540 1910 715 1957 mater
738 1899 903 1972 Virgo
930 1899 1124 1970 virgini
1156 1896 1419 1968 discipulo
1450 1892 1795 1949 commenda-

206 2003 316 2050 tur.
673 2005 685 2020 '

798 2080 927 2137 CAP.
969 2079 1220 2137 CXLVII.

278 2193 416 2252 Item
440 2193 581 2251 idem
608 2194 663 2249 in
693 2194 908 2259 eodem,
939 2201 1059 2265 post
1086 2207 1255 2263 pauca
1287 2209 1299 2244 :
1343 2210 1363 2241 ‹
1391 2188 1540 2246 Sicut
1572 2189 1627 2243 in
1661 2189 1801 2259 ligno

206 2287 427 2349 vermis,
475 2286 550 2339 ita
580 2286 748 2355 perdit
787 2286 953 2338 virum
986 2300 1139 2338 suum
1182 2298 1318 2338 uxor
1345 2281 1588 2350 male/ica
1620 2279 1799 2351 (Prov.

205 2376 366 2447 xxv).
398 2375 455 2432 Si
485 2386 667 2432 autem
697 2377 996 2431 asserueris
1032 2375 1135 2430 hoc
1163 2376 1228 2429 de
1260 2374 1416 2429 malis
1442 2373 1642 2427 dictum
1683 2386 1805 2427 esse

209 2468 573 2540 eonjugihus,
617 2476 670 2524 et
705 2483 804 2537 ego
845 2467 939 2523 tibi
986 2467 1226 2523 breviter
1271 2464 1626 2536 respondebo.
1678 2463 1808 2530 Quae

211 2565 361 2621 enim
411 2565 544 2620 mihi
589 2565 852 2620 incumbit
900 2563 1196 2620 necessitas
1241 2560 1427 2616 venire
1462 2560 1515 2614 in
1562 2557 1806 2625 dubium,

208 2665 398 2713 utrum
425 2657 565 2713 mala
595 2658 667 2712 sit
695 2672 762 2711 an
797 2657 931 2712 bona
966 2656 1145 2709 futura
1173 2668 1333 2724 quam
1366 2651 1638 2707 duxero?»
1673 2658 1808 2716 etc.,

215 2766 383 2819 usque
410 2750 502 2818 ad,
534 2750 602 2806 de
631 2750 835 2805 aedibus
861 2749 994 2815 suis,
1022 2749 1074 2802 id
1103 2754 1206 2813 est,
1239 2746 1307 2801 de
1336 2744 1597 2801 Ecclesia.

803 2859 929 2917 CAP.
974 2857 1243 2915 CXLVIII.

288 2975 424 3032 Item
455 2976 599 3032 idem
628 2975 684 3032 in
720 2974 935 3040 eodem,
975 2980 1099 3044 post
1128 2986 1299 3042 pauca
1331 2987 1344 3024 :
1384 2988 1403 3021 ί
1432 2966 1815 3039 Autpermitte

217 3066 600 3126 sacerdotibus
644 3081 903 3122 exercere
958 3080 1121 3136 Opera
1177 3062 1527 3133 nuptiarum,
1579 3067 1639 3114 ut
1672 3058 1813 3113 idem

1350 309 1554 366 LIBER
1596 297 1965 361 ADVERSUS
2006 293 2325 351 GRJECOS.

189 448 335 492 vene
361 445 755 501 resurgensque
788 424 1133 491 describitur,
1160 433 1294 489 etc.,
1334 440 1497 495 usque
1532 420 1621 485 ad,
1666 420 1789 488 post
1814 417 1862 477 Α

3375 274 3479 331 πει

2546 399 2674 454 CAP.
2714 395 2820 451 CLI

1961 523 2090 577 Item
2125 519 2265 574 idem
2297 517 2348 570 in
2381 515 2593 573 eodem,
2620 519 2739 582 post
2762 496 2935 579 pauca
2966 524 2979 561 :
3019 523 3040 558 ι
3069 504 3302 561 Εεῑίωο
3339 501 3484 573 quod

1891 613 1980 683 qui
2021 624 2243 666 uxorem
2284 607 2477 668 habet,
2510 601 2746 674 quandiu
2780 597 3074 654 revertitur
3102 595 3168 650 ad
3201 595 3255 650 id
3284 595 3484 664 ipsum,

1890 719 1958 759 ne
1988 712 2153 759 tentet
2184 715 2305 756 eum
2335 696 2587 760 Satanas,
2622 695 2672 747 in
2703 704 2866 747 carne
2895 690 3158 754 seminet,
3196 696 3251 742 et
3282 702 3389 742 non
3431 684 3488 740 in

1893 796 2152 866 spiritu,»
2189 802 2320 857 etc.,
2349 804 2509 859 usque
2540 786 2629 852 ad,
2664 784 2750 839 his
2780 781 3116 853 copulemur,
3149 780 3265 834 haec
3296 791 3489 847 sequa-

1894 906 2034 945 IIIUI'.

2533 953 2662 1008 Car.
2702 947 2855 1005 CLII.

1967 1075 2098 1129 Item
2144 1073 2283 1128 idem
2316 1072 2369 1126 in
2399 1070 2609 1133 eodem,
2651 1075 2772 1137 post
2803 1080 2975 1137 pauca
3014 1082 3028 1118 :
3078 1082 3096 1113 ι
3128 1061 3492 1116 Transeamus

1898 1169 1964 1224 ad
1994 1167 2250 1222 Iacobum
2280 1164 2369 1235 qui
2400 1163 2568 1217 frater
2598 1148 3145 1220 Domini‘dicehatur,
3180 1162 3342 1208 tantae
3372 1165 3494 1204 san-

1899 1260 2103 1313 ctitatis
2129 1299 2141 1323 ,
2185 1263 2457 1325 tantteque
2492 1253 2714 1321 justitiie
2750 1262 2805 1306 et
2847 1258 3118 1322 perpetem
3146 1243 3490 1315 virginitatis,

1898 1360 1959 1405 ut
1997 1349 2263 1419 Iosephus
2310 1360 2525 1418 quoque
2577 1344 2870 1400 historicus
2918 1341 3227 1396 Iudaeorum
3276 1342 3497 1407 propter

1898 1442 2060 1511 hujus
2086 1456 2273 1498 necem
2296 1441 2608 1495 subversam
2631 1434 3059 1505 Hierosolymam
3086 1430 3342 1497 referat,»
3361 1437 3494 1494 etc.,

1902 1553 2064 1607 usque
2093 1535 2182 1601 ad,
2215 1535 2268 1588 in
2301 1547 2357 1588 se
2385 1532 2591 1603 virgine
2622 1526 2972 1585 dedicaverit.

2531 1667 2661 1723 CAP.
2702 1663 2874 1721 CLIII.

1974 1786 2102 1840 Item
2126 1784 2266 1839 idem
2293 1783 2347 1837 in
2363 1783 2575 1846 eodem,
2593 1786 2715 1849 post
2732 1790 2902 1848 pauca
2932 1793 2976 1829 ti
2997 1770 3334 1834 Charissimi,
3360 1783 3498 1822 nunc

1900 1878 1999 1948 ﬁlii
2033 1877 2125 1930 Dei
2164 1892 2378 1939 sumus,
2404 1882 2451 1927 et
2498 1872 2715 1926 necdum
2756 1867 3000 1940 apparuit
3040 1863 3164 1928 quid
3209 1859 3379 1931 futuri
3418 1857 3498 1911 si-

1901 1988 2037 2024 mus.
2060 1969 2268 2025 Scimus
2295 1976 2468 2021 autem
2496 1964 2764 2035 quoniam,
2798 1960 2844 2014 si
2872 1956 3193 2028 apparuerit,
3225 1950 3424 2007 similes
3453 1947 3503 2004 ei

1903 2062 2128 2123 erimus,
2174 2058 2299 2128 quia
2340 2056 2626 2111 videbimus
2671 2068 2788 2105 eum
2827 2050 2961 2103 sicut
3002 2056 3077 2101 est
3118 2044 3169 2117 (I
3199 2042 3364 2097 Joan.
3394 2037 3500 2110 tu).

1906 2153 1976 2208 Et
1995 2153 2171 2206 omnis
2187 2152 2277 2221 qui
2301 2151 2441 2204 hanc
2465 2148 2627 2203 habet
2647 2158 2821 2216 spem,
2835 2142 3102 2199 castiﬁcat
3123 2136 3502 2206 semetipsum,

1904 2247 2045 2302 sicut
2076 2255 2130 2299 et
2162 2244 2250 2299 ille
2276 2252 2460 2298 castus
2489 2248 2591 2304 est,
2616 2258 2636 2292 »
2658 2247 2786 2301 etc.,
2806 2250 2967 2305 usque
2998 2232 3067 2287 ad
3093 2231 3206 2286 hac
3232 2227 3407 2293 verba,
3434 2222 3505 2280 ad

1875 2326 2388 2409 'comparationem,
2416 2334 2547 2399 etc.,
2581 2345 2700 2386 esse
2729 2328 2983 2400 pollutos.

2520 2464 2649 2521 CAP.
2708 2460 2886 2517 CLIV.

1984 2588 2115 2643 Item
2154 2584 2295 2638 idem
2318 2582 2372 2636 in
2399 2579 2615 2640 eodem,
2643 2585 2766 2645 post
2788 2584 2958 2643 pauca
2988 2586 3000 2622 :
3041 2526 3388 2620 (“Inﬁnitum
3420 2567 3506 2616 est

1913 2682 1981 2737 de
2006 2678 2299 2748 Evangelio
2325 2673 2596 2744 virginum
2622 2680 2894 2738 exponere
2915 2667 3317 2719 sacramentum
3346 2656 3506 2725 quin-

1914 2788 2021 2844 que
2046 2746 2334 2827 stultarum
2388 2773 2443 2820 et
2487 2760 2728 2833 quinque
2777 2755 3121 2827 sapientium.
3168 2749 3282 2805 Hoc
3334 2746 3508 2803 solum

1918 2840 2062 2920 nunc
2093 2862 2232 2926 dico,
2262 2856 2405 2929 quod
2452 2852 2722 2925 quomodo
2764 2850 2970 2917 absque
2999 2845 3211 2903 creteris
3253 2840 3510 2911 operibus

1916 2957 2202 3029 virginitas
2225 2952 2338 3009 sola
2378 2966 2486 3006 non
2516 2948 2710 3011 salvat,
2744 2946 2831 3001 sic
2878 2942 3058 2999 omnia
3089 2956 3254 3011 opera
3302 2940 3508 3007 absque

1918 3025 2248 3121 virginitate,
2280 3044 2540 3116 puritate,
2577 3036 2932 3101 continentia,
2974 3034 3223 3090 castitate
3259 3025 3511 3099 imperfe-

221 3161 333 3216 sint
364 3162 601 3233 virgines
636 3161 778 3232 quod
812 3117 1025 3225 maritir;
1062 3165 1153 3212 aut
1183 3156 1225 3211 si
1254 3117 1632 3210 sacerdotibus
1672 3168 1811 3207 uxo-
1840 3159 1885 3219 (ζ
1919 3117 2208 3204 Clavsunln
2238 3148 2373 3200 οιϐο,
2402 3150 2565 3206 usque
2603 3131 2697 3197 ad.
2729 3130 2795 3185 de
2820 3126 3017 3184 dii’illis
3066 3124 3220 3181 libris
3263 3117 3513 3190 exempla

221 3272 314 3311 res
343 3270 447 3309 non
488 3252 611 3308 licet
644 3262 865 3324 tangere
888 3293 901 3315 ,
936 3251 991 3309 in
1023 3265 1086 3306 eo
1117 3248 1289 3305 sancti
1330 3255 1484 3310 sunt,
1522 3245 1646 3315 quia
1686 3244 1813 3298 imi-

225 3356 411 3402 tantur
447 3346 763 3417 pudicitiam
803 3342 1139 3414 virginalem.
1189 3340 1294 3396 Sed
1341 3349 1395 3394 et
1442 3339 1545 3394 hoc
1579 3336 1815 3392 inferen—

223 3437 353 3492 dum
387 3455 399 3489 :
440 3436 486 3491 si
528 3435 700 3490 laicus
741 3443 796 3489 ct
824 3434 1131 3504 quicunque
1173 3430 1345 3485 ﬁdelis
1372 3444 1531 3485 orare
1566 3444 1675 3483 non
1716 3441 1814 3498 po-

224 3538 355 3593 test,
380 3528 485 3583 nisi
513 3535 697 3583 careat
717 3527 893 3582 ollicio
916 3523 1179 3594 coniugali
1202 3540 1216 3590 ;
1248 3522 1537 3588 sacerdoti,
1560 3521 1645 3576 cui
1675 3536 1817 3575 sem-

220 3636 326 3692 per
366 3636 468 3691 pro
514 3618 709 3691 popqu
756 3617 1028 3673 offerenda
1077 3624 1201 3671 sunt
1251 3612 1547 3680 sacriﬁcia,
1602 3626 1817 3683 semper

225 3696 492 3764 ora'ndum
525 3717 626 3763 est.
662 3708 719 3763 Si
750 3723 964 3777 semper
993 3705 1285 3769 orandum,
1317 3719 1446 3774 ergo
1481 3719 1697 3772 semper
1721 3718 1816 3757 ca-

226 3801 459 3856 rendum
499 3799 862 3854 matrimonio.
898 3796 1031 3851 Nam
1061 3806 1113 3851 et
1145 3796 1197 3849 in
1230 3794 1397 3848 veteri
1433 3794 1547 3864 lege
1586 3792 1676 3861 qui
1719 3806 1818 3862 pro

226 3891 428 3965 populo
470 3892 676 3946 hostias
706 3889 1036 3949 offerebant,
1090 3903 1195 3941 non
1245 3885 1417 3941 solum
1472 3884 1522 3938 in
1571 3883 1820 3938 domibus

228 3986 348 4042 suis
389 4001 494 4039 non
537 3992 732 4047 erant,
782 3984 875 4039 sed
921 3980 1346 4053 puriﬁcabantur
1391 3979 1457 4033 ad
1500 3986 1708 4049 tempus
1752 3976 1820 4032 ab

228 4080 493 4135 uxoribus
516 4076 775 4149 separati,
798 4086 853 4131 et
874 4076 1055 4129 vinum
1080 4082 1134 4128 et
1158 4073 1385 4129 siceram
1412 4085 1518 4125 non
1540 4069 1819 4137 bibebant,

230 4185 354 4243 quae
383 4169 557 4224 solent
582 4168 857 4223 libidinem
884 4180 1203 4238 provocare.
1236 4183 1255 4216 »

208 4386 213 4389 _
831 4304 960 4362 ΟΑΡ.
1000 4302 1228 4360 CXLIX.

206 4409 215 4490 ξ
306 4424 441 4481 Item
473 4422 611 4478 idem
655 4421 707 4476 in
747 4420 960 4482 eodum,
991 4426 1108 4487 post
1151 4429 1322 4486 pauca
1354 4433 1365 4468 :
1406 4432 1425 4465 ι
1462 4410 1674 4483 Oportet
1704 4424 1826 4479 ergo

228 4519 536 4591 episcopum
564 4509 1065 4583 irrepreliensibilem
1090 4525 1198 4563 esse
1229 4506 1280 4579 (Ι
1311 4506 1447 4560 Tim.
1476 4504 1583 4575 ιιι),
1608 4512 1663 4557 ut
1694 4501 1824 4556 nulli
1854 4531 1906 4590 ι)

230 4612 372 4666 vitio
411 4610 751 4677 mancipatus
779 4606 867 4661 sit.
898 4603 1067 4658 Unius
1096 4603 1277 4657 uxoris
1310 4602 1511 4666 uirum,
1541 4597 1629 4667 qui
1662 4608 1829 4650 unam

233 4718 465 4759 uxorem
500 4699 769 4759 habuerit,
802 4713 909 4751 non
940 4696 1030 4765 qui
1062 4695 1276 4749 habeat.
1309 4692 1574 4755 Sobrium,
1606 4690 1740 4751 sive,
1770 4693 1831 4740 ut

236 4796 439 4851 melius
464 4794 517 4847 in
547 4792 737 4847 Graeco
766 4789 985 4851 dicitur,
1017 4787 1345 4858 vigilantem,
1374 4785 1426 4837 id
1458 4790 1539 4838 est
1564 4780 1828 4853 νηφάλιονς

234 4888 535 4961 pudicum,
582 4885 685 4939 hoc
735 4882 878 4937 enim
943 4879 1212 4951 signiﬁcat
1259 4878 1520 4951 saepem;
1587 4879 1831 4926 ornatum

236 4996 297 5042 et
327 4982 581 5039 castitate
641 4989 692 5034 et
751 4977 1023 5040 moribus;
1077 4970 1416 5042 hospitalem,
1478 4978 1533 5020 ut
1593 4965 1835 5019 imitetur

234 5075 553 5139 Abraham,
608 5081 663 5128 et
712 5086 845 5125 cum
880 5065 1203 5139 peregrinis,
1268 5064 1374 5116 imo
1432 5060 1487 5114 in
1532 5054 1832 5128 peregrinis

237 5169 523 5228 Christum
545 5165 823 5235 suscipiat,
860 5169 989 5227 etc.,
1012 5174 1173 5229 usque
1202 5156 1294 5221 ad,
1327 5169 1431 5209 non
1458 5151 1548 5221 qui
1581 5147 1833 5211 nobilior,

240 5261 345 5320 sed
374 5260 469 5331 qui
500 5258 691 5316 fortior
718 5265 822 5329 est.
854 5274 873 5308 ι

915 5389 1042 5446 CAP.
1079 5386 1182 5442 CL.

320 5517 455 5571 Item
485 5512 625 5568 idem
649 5510 702 5564 in
727 5508 934 5567 eodem,
972 5512 1092 5575 post
1126 5513 1294 5571 pauca
1330 5512 1343 5550 :
1388 5513 1402 5545 ι
1436 5494 1594 5563 Ergo,
1631 5490 1841 5559 fratres,

246 5609 509 5665 debitores
540 5620 719 5658 sumus
751 5618 855 5653 non
882 5598 1050 5661 carni,
1076 5605 1129 5648 ut
1161 5589 1444 5646 secundum
1469 5600 1677 5639 carnem
1702 5584 1812 5637 viva
1830 5612 1844 5621 -

249 5718 391 5757 mus.
423 5697 483 5754 Si
511 5696 647 5752 enim
677 5690 961 5747 secundum
989 5700 1195 5740 carnem
1230 5679 1457 5736 viceritis
1477 5719 1489 5742 ,
1530 5672 1842 5738 moriemini,

217 5864 229 5881 ι
250 5802 388 5867 etc.,
413 5809 431 5847 υ
463 5804 624 5868 usque
647 5786 736 5862 ad,
761 5782 1059 5842 serviamus
1088 5778 1139 5833 in
1164 5771 1458 5846 Evangelio
1485 5784 1622 5826 novo
1650 5766 1841 5823 Adam.

1916 3231 2266 3304 przebuimus.

2547 3317 2678 3375 CAP.
2727 3315 2877 3374 CLV.

1992 3440 2124 3494 Item
2149 3434 2511 3507 Hieronymus
2534 3430 2589 3486 in
2617 3429 2759 3485 libro
2787 3424 3026 3484 secundo
3054 3431 3246 3479 contra
3275 3416 3515 3474 Iovinia-

1922 3549 2084 3597 num,
2117 3531 2197 3587 sic
2226 3529 2394 3584 dicit:
2436 3545 2454 3578 ι
2499 3526 2814 3581 Chaeremon
2864 3519 3088 3581 stoicus,
3127 3514 3215 3568 vir
3247 3512 3510 3579 eloquen-

1924 3628 2185 3689 tissimus,
2221 3628 2407 3677 narrat
2442 3620 2508 3675 de
2533 3619 2647 3672 vita
2693 3615 3042 3689 antiquorum
3088 3604 3308 3677 Egypti
3339 3615 3516 3657 sacer-

1925 3720 2135 3782 dotum,
2174 3686 2332 3785 quod
2400 3709 2655 3766 omnibus
2721 3686 2908 3761 mundi
2976 3697 3211 3772 negotiis
3261 3694 3516 3771 curisque

1923 3809 2241 3883 postpositis
2272 3818 2485 3875 semper
2516 3803 2570 3858 in
2610 3798 2815 3869 templo
2846 3795 3068 3858 fuerint,
3113 3798 3170 3845 et
3203 3801 3384 3843 rerum
3418 3797 3518 3837 na-

1928 3913 2079 3959 turas
2118 3912 2420 3967 causasque
2467 3909 2532 3949 ac
2582 3891 2825 3946 rationes
2875 3887 3113 3942 siderum
3166 3873 3516 3947 contemplati

1928 4004 2085 4060 sunt;
2115 4004 2391 4061 nunquam
2422 3985 2737 4041 mulieribus
2779 3996 2838 4035 se
2865 3974 3205 4038 miscuerint,
3238 3980 3515 4039 nunquam

1927 4095 2186 4159 cognatos
2232 4091 2287 4137 et
2333 4080 2687 4153 propinquos,
2720 4090 2819 4129 nec
2863 4074 3062 4127 liberos
3102 4066 3321 4138 quidem
3370 4061 3519 4116 vide-

1929 4154 2058 4238 rint.
2087 4180 2152 4234 Et
2183 4194 2250 4233 ex
2279 4191 2344 4232 eo
2378 4183 2620 4243 tempore
2643 4185 2750 4241 quo
2787 4168 3081 4237 coepissent
3127 4160 3310 4217 divino
3351 4154 3522 4212 cultui

1931 4273 2226 4336 deservire,
2275 4269 2531 4325 carnibus
2579 4273 2635 4321 et
2685 4263 2814 4316 vino
2862 4273 3078 4328 semper
3137 4249 3523 4314 abstinuerint,

1930 4374 2152 4437 propter
2205 4361 2522 4416 tenuitatem
2578 4370 2771 4412 sensus
2824 4361 2880 4407 et
2930 4347 3252 4418 vertiginem
3301 4340 3522 4410 capitis,

1933 4415 1984 4437 τ’
2002 4415 2142 4436 “r"'
2212 4415 2220 4416 ί
2264 4415 2271 4416 ί
3078 4415 3093 4418 ἡ

1933 4475 2094 4529 quam
2117 4472 2185 4512 ex
2212 4470 2380 4527 parvo
2405 4454 2531 4508 cibo‘
2554 4450 2921 4522 patiebantur,
2947 4452 3003 4498 et
3034 4439 3271 4495 maxime
3302 4439 3526 4503 prepter
3559 4415 3574 4432 ’

1933 4524 2486 4622 ᾀρρειίιυεὶίιήάῑηίς,
2517 4543 2609 4612 qui
2641 4556 2709 4595 ex
2737 4539 2821 4592 his
2842 4534 2980 4591 cibis
3006 4541 3062 4586 et
3087 4546 3153 4585 ει
3184 4530 3287 4581 hac
3307 4524 3526 4594 potione

1934 4621 2247 4698 nascuntur.
2298 4637 2446 4691 Pane
2501 4648 2625 4687 raro
2686 4628 3068 4687 vescebantur,
3112 4636 3181 4676 ne
3233 4621 3526 4671 onerarent

1937 4733 2330 4796 stomachum,»
2360 4736 2489 4792 etc.,
2521 4740 2683 4795 usque
2708 4721 2798 4786 ad,
2824 4716 3101 4790 proprium
3136 4709 3384 4765 volumen
3417 4702 3528 4760 edi-

2552 4887 2683 4943 CAP.
2733 4882 2912 4940 CLVI.

2014 5015 2144 5070 Item
2182 5012 2321 5066 idem
2351 5008 2406 5062 in
2440 5004 2628 5061 eodem
2654 5020 2667 5055 :
2697 5021 2715 5052 ί
2746 4999 2991 5054 Diximus
3020 4994 3084 5048 de
3103 4987 3309 5059 nuptis,
3329 4982 3529 5049 viduis,

1943 5104 2284 5176 virginibus;
2317 5096 2685 5169 virginitatem
2719 5090 3033 5146 viduitatem
3059 5080 3399 5155 praitulimus
3422 5091 3535 5131 ma-

1947 5199 2229 5263 trimonio,
2262 5216 2281 5249 »
2311 5202 2443 5259 etc.,
2482 5206 2647 5262 usque
2695 5186 2788 5252 ad,
2845 5183 2999 5237 ruina
3039 5177 3300 5235 stantium
3357 5179 3534 5226 metus

1947 5305 2061 5408 ω’.
2537 5354 2667 5411 ei».
2725 5347 2923 5406 CLVII.

2021 5478 2280 5547 Origenes
2320 5474 2374 5528 in
2417 5470 2555 5524 libro
2586 5468 2746 5521 tertio
2773 5459 2995 5518 Levitici
3039 5459 3168 5531 (sive
3207 5451 3389 5509 homil.
3421 5451 3455 5505 5
3481 5448 3537 5502 in

1952 5588 2067 5640 cap.
2094 5570 2199 5635 In),
2232 5569 2376 5621 inter
2401 5571 2597 5619 eictera
2628 5558 2706 5612 sic
2732 5556 2860 5611 dicit
2886 5571 2898 5607 :
2941 5573 2960 5605 ‹
2997 5553 3185 5605 Anima
3218 5555 3540 5618 quacunque

1952 5662 2172 5733 tetigerit
2198 5674 2400 5714 omnem
2429 5672 2532 5709 rem
2578 5648 2924 5711 immundam,
2971 5653 3061 5697 aut
3084 5638 3416 5694 morticinum
3448 5630 3543 5701 ju-

1952 5766 2244 5810 mentorum
2273 5745 2684 5811 immundorum,
2719 5752 2765 5796 et
2810 5737 3023 5793 latuerit
3059 5748 3201 5800 eum,
3226 5738 3272 5784 et
3297 5723 3544 5800 inquines
