4000 6352
596 337 701 399 755

594 470 682 516 tus
701 469 814 525 est;
868 466 960 513 aut
998 459 1044 514 si
1074 458 1295 531 tetigerit
1324 458 1401 513 ‘ab
1454 458 1792 515 immunditia
1841 462 2066 517 hominis
2112 460 2177 516 ab

596 551 738 606 omni
757 550 1090 605 immunditia
1115 565 1180 604 ea:
1213 566 1320 619 qua
1363 550 1663 622 inquinetur
1698 550 1842 623 (Leo.
1867 568 1920 619 v,
1948 552 2023 626 2),
2070 561 2176 610 etc.

595 640 723 699 Haec
770 643 984 711 quidem
1021 641 1163 711 apud
1188 639 1402 696 Judatos
1448 641 1759 698 indecenter
1788 644 1923 699 satis
1972 653 2028 699 et
2059 645 2180 700 inu-

597 727 763 783 tiliter
787 727 1162 783 observantur.
1195 724 1266 783 Ut
1295 728 1423 797 quid
1455 728 1601 784 enim
1637 730 1950 788 immundus
1981 732 2183 788 habea-

595 832 683 879 tur
710 825 799 894 qui
849 824 1156 888 Contigerit,
1208 822 1357 877 verbi
1402 838 1588 889 causa,
1640 823 1840 878 animal
1883 834 2175 891 mortuum,

593 925 687 969 aut
717 930 910 981 corpus
941 914 1174 969 hominis
1204 912 1480 971 defuncti?
1507 914 1648 982 Quid
1675 915 1720 970 si
1769 916 2043 985 propheta:
2064 931 2181 972 cor—

592 1024 692 1080 pus
715 1008 820 1063 sit?
844 1008 982 1075 Quid
1003 1008 1046 1063 si
1078 1008 1426 1079 patriarcha,
1456 1007 1538 1062 vel
1561 1007 1727 1063 etiam
1755 1009 1921 1079 ipsius
1947 1008 2180 1063 Abralite

564 1160 567 1165 _
590 1100 823 1169 corpus?
852 1100 989 1167 Quid
1010 1101 1056 1154 si
1079 1109 1134 1156 et
1158 1115 1286 1156 ossa
1308 1101 1602 1171 contigerit
1627 1100 1920 1165 Samuelis,
1944 1102 2178 1155 immun-

593 1191 695 1246 dus
735 1190 876 1246 erit?
906 1191 1044 1260 Quid
1082 1193 1128 1247 si
1160 1191 1323 1247 Elisei
1377 1207 1499 1247 ossa
1537 1192 1816 1263 contingat
1861 1207 1981 1262 quae
2031 1208 2180 1248 mor-

593 1291 743 1339 tuum
800 1283 1104 1341 suscitant?
1143 1285 1456 1339 immundus
1497 1283 1723 1352 eritjlle
1771 1283 1863 1354 qui
1893 1283 2177 1355 contingit,

591 1384 647 1433 et
666 1376 999 1433 immundum
1038 1377 1244 1431 faciunt
1269 1391 1392 1431 ossa
1421 1377 1699 1447 propheta:
1730 1376 1892 1431 etiam
1919 1376 2065 1429 illum
2100 1376 2179 1446 ip-

568 1452 711 1526 ‘sum
732 1484 894 1539 quem
927 1484 959 1523 a
984 1468 1212 1523 mortuis
1239 1468 1537 1522 suscitant?
1566 1466 1617 1539 (I
1634 1464 1671 1518 I’
1697 1466 1824 1537 Reg.
1870 1469 2013 1537 xui.)
2051 1466 2180 1522 Vide

588 1576 754 1631 quam
781 1560 1167 1616 inconveniens
1188 1561 1259 1615 sit
1284 1559 1506 1616 Iudaica
1531 1559 1907 1630 intelligentia.
1944 1558 2050 1615 Sed
2081 1575 2179 1615 nos

587 1654 871 1711 videamus
899 1654 1076 1724 primo
1098 1654 1229 1724 quid
1259 1654 1353 1723 sit
1374 1662 1616 1725 tangere,
1651 1662 1705 1707 et
1744 1654 1875 1724 quid
1905 1655 1977 1709 sit
2004 1661 2180 1709 tactus

586 1748 681 1820 qui
730 1747 903 1803 faciat
936 1748 1293 1803 immundum.
1337 1730 1630 1819 Apostolus
1670 1748 1837 1802 dicit:
1870 1747 2078 1801 Bonum
2099 1755 2176 1801 est

588 1840 786 1895 homini
811 1840 1082 1921 mulierem
1107 1858 1210 1896 non
1245 1852 1458 1912 tangere
1498 1840 1552 1912 (1
1575 1840 1700 1896 Cor.
1733 1841 1851 1910 vn).
1878 1840 1975 1896 Hic
2004 1850 2177 1897 tactus

589 1933 900 1989 immundus
923 1943 1038 1999 est;
1073 1936 1174 1991 hoc
1204 1943 1287 1990 εει
1312 1935 1456 1989 enim
1495 1934 1623 1989 illud
1650 1935 1793 2005 quod
1839 1935 2097 1990 Dominus
2121 1935 2177 1990 in

587 2023 885 2096 EVangeIio
908 2026 1044 2081 dixit
1072 2044 1085 2079 :
1118 2025 1180 2081 Si
1200 2027 1317 2096 quis
1358 2027 1541 2080 viderit
1569 2025 1839 2079 mulierem
1883 2026 1951 2079 ad
1995 2042 2181 2080 concu-

587 2116 914 2187 piscendum,
971 2117 1087 2186 jam
1144 2118 1429 2171 meat-haus
1480 2127 1556 2171 est
1604 2134 1718 2171 eam
1774 2119 1827 2171 in
1878 2119 2035 2172 corde
2083 2135 2179 2172 suo

589 2205 808 2277 (Matth.
858 2207 974 2280 vn).
1010 2206 1208 2278 Tetigit
1247 2208 1391 2262 enim
1438 2224 1532 2263 cor
1584 2207 1699 2277 ejus
1729 2210 2179 2280 concupiscentia

587 2300 803 2361 vitium,
835 2309 892 2355 et
931 2299 1209 2355 immunda
1255 2299 1399 2355 facta
1450 2310 1532 2356 est
1561 2302 1742 2355 anima
1789 2302 1923 2372 ejus.
1958 2301 2013 2356 Si
2056 2292 2191 2372 quis’

586 2404 718 2462 ergo
764 2392 867 2446 hoc
898 2391 1057 2446 modo
1088 2390 1262 2462 tangit
1299 2391 1535 2461 aliquam
1567 2407 1702 2456 rem,
1734 2392 1785 2446 id
1831 2400 1935 2456 est,
1970 2392 2051 2445 vel
2082 2406 2179 2462 per

495 2556 501 2561 θ
584 2481 835 2541 mulieris
881 2482 1401 2552 concupiscentiam,
1443 2481 1526 2537 vel
1575 2498 1673 2553 per
1701 2482 1945 2552 pecuniae
1971 2482 2179 2551 cupidi-

586 2581 778 2639 tatem,
822 2572 905 2628 vel
935 2573 1040 2629 alio
1080 2573 1319 2643 quolibet
1355 2573 1564 2644 peccati
1611 2573 1904 2640 desiderio,
1938 2575 2176 2628 immun—

584 2664 712 2719 dum
741 2664 915 2735 tetigit
953 2672 1009 2718 et
1072 2664 1384 2735 inquinatus
1430 2672 1535 2719 εει.
1566 2661 1797 2732 Oportet
1847 2678 1978 2733 ergo
2008 2672 2081 2727 te,
2129 2662 2177 2718 si

585 2756 715 2827 quid
752 2756 859 2812 tale
907 2755 1172 2828 tetigeris,
1206 2755 1347 2810 scire
1398 2755 1671 2825 quomodo
1714 2754 1914 2810 oil‘cras
1967 2753 2177 2809 sacrili-

583 2849 750 2914 cium,
779 2848 1076 2905 secundum
1100 2862 1163 2902 ea
1193 2862 1314 2917 quae
1340 2846 1405 2911 in
1436 2847 1807 2917 superioribus
1851 2846 2174 2901 metnoravi-

585 2955 727 3007 mus,
755 2948 813 2996 ut
848 2942 1080 2995 mundus
1102 2937 1236 2996 cllici
1262 2940 1463 3010 possis.
1496 2936 1590 2997 Vis
1618 2940 1711 2995 tibi
1743 2940 2025 2995 ostendam
2057 2954 2177 3007 quae

583 3044 668 3087 εει
689 3032 868 3086 anima
893 3046 1014 3102 qua:
1043 3031 1215 3103 tetigit
1256 3030 1617 3096 immundum,
1645 3041 1701 3086 et
1728 3031 2004 3085 immunda
2031 3029 2174 3084 facta

584 3131 687 3192 est,
720 3133 775 3178 et
802 3139 1018 3179 rursum
1050 3122 1229 3193 tetigit
1253 3123 1536 3187 mundum,
1567 3131 1622 3177 et
1648 3121 1789 3178 facta
1815 3130 1899 3177 est
1929 3120 2174 3176 munda?

583 3210 676 3266 Illa
708 3227 828 3282 quas
855 3210 1176 3282 proﬂuvium
1215 3214 1494 3286 sanguinis
1528 3228 1686 3283 passa
1724 3222 1827 3278 est,
1854 3222 1910 3268 et
1934 3212 2181 3283 erogavit

584 3312 804 3354 omnem
829 3296 1189 3353 substantiam
1239 3315 1393 3356 suam
1423 3299 1478 3354 in
1526 3298 1785 3363 medicos,
1836 3314 1937 3353 nec
1976 3299 2180 3368 aliquid

560 3394 851 3467 prolicere
874 3395 1067 3467 potuit,
1100 3410 1199 3467 per
1224 3397 1625 3452 immunditiam
1650 3396 1860 3467 peccati
1883 3397 1938 3451 in
1965 3398 2067 3453 hoc
2088 3398 2180 3453 de-

585 3485 766 3541 voluta
787 3499 888 3543 est.
922 3486 1202 3558 Tetigerat
1235 3488 1379 3544 enim
1410 3496 1716 3559 peccatmn,
1759 3497 1815 3545 et
1844 3489 2048 3547 idcirco
2086 3488 2181 3543 lla-

585 3578 785 3651 gellum
813 3580 995 3636 carnis
1020 3589 1340 3651 acceperat;
1371 3582 1467 3638 sed
1493 3590 1847 3654 posteaquam
1887 3583 1991 3641 ﬁde
2015 3584 2177 3656 plena

588 3670 764 3743 tetigit
792 3669 1064 3726 fimbriam
1110 3668 1259 3740 Jesu,
1300 3672 1453 3728 stetit
1500 3671 1677 3728 ﬂuxus
1716 3675 1996 3745 sanguinis
2037 3674 2177 3744 ejus,

583 3770 641 3817 et
680 3773 903 3835 repente
950 3763 1093 3820 facta
1141 3773 1226 3820 est
1271 3765 1497 3831 munda,
1521 3781 1642 3836 qua:
1667 3776 1795 3823 ante
1830 3783 1930 3837 per
1971 3777 2178 3824 tantum

585 3863 798 3928 tempus
826 3857 961 3913 vixit
991 3858 1287 3912 immunda.
1315 3857 1382 3912 Et
1407 3859 1862 3929 quemadmodum
1891 3876 2011 3916 cum
2051 3862 2176 3916 teti-

582 3949 753 4021 gisset
784 3949 1071 4006 Dominum
1095 3959 1152 4006 et
1187 3949 1552 4018 Salvatorem,
1580 3954 1716 4008 dixit
1744 3955 1895 4025 ipse:
1941 3954 2072 4021 Qui:
2097 3971 2180 4010 me

584 4042 794 4113 tetigit?
826 4042 938 4114 Ego
959 4046 1096 4097 enim
1114 4045 1253 4098 sensi
1276 4044 1515 4099 virtutem
1541 4046 1708 4099 exisse
1737 4046 1801 4099 de
1826 4062 1907 4101 me
1957 4046 2173 4118 (Matth.

584 4134 697 4204 Ix),
720 4134 866 4189 illam
904 4136 1023 4191 sine
1050 4136 1212 4192 dubio
1238 4136 1493 4192 virtutem
1538 4137 1892 4206 intelligimus
1913 4153 2034 4207 quae
2060 4154 2178 4195 mu—

554 4225 775 4283 .lierem
807 4236 1095 4284 sanaverat
1120 4237 1176 4284 et
1203 4226 1404 4285 fecerat
1432 4245 1552 4285 eam
1580 4231 1867 4296 mundam;
1906 4231 1985 4287 sic
2017 4232 2177 4287 intel-

556 4314 859 4387 ligendum
906 4326 1013 4384 est,
1067 4318 1193 4389 quia
1243 4319 1290 4374 si
1336 4320 1461 4390 quis
1515 4318 1801 4390 contigerit
1852 4330 2174 4391 peccatum,

504 4396 511 4403 ’
582 4416 747 4463 exeat
767 4422 836 4463 ex
868 4407 985 4478 ipso
1006 4416 1228 4480 peccato
1253 4408 1426 4465 virtus
1454 4409 1704 4479 quaedam
1750 4409 1985 4482 maligna
2009 4451 2023 4473 ,
2055 4426 2176 4480 quae

582 4512 708 4554 eum
732 4498 902 4569 quise
938 4500 1165 4579 contigit
1216 4498 1380 4555 faciat
1426 4500 1783 4556 immundum.
1828 4500 1895 4556 Et
1938 4502 2041 4558 hoc
2085 4512 2171 4559 est

582 4606 710 4649 vere
736 4594 1027 4667 contigisse
1067 4594 1421 4652 immundum.
1454 4594 1632 4652 Simili
1676 4597 1889 4653 ratione
1915 4600 2076 4655 etiam
2105 4601 2172 4656 de

582 4687 868 4743 morticine
900 4687 1159 4751 hominis,
1202 4688 1286 4743 vel
1314 4688 1380 4743 de
1413 4689 1702 4746 morticino
1726 4691 1941 4761 pecoris
1983 4693 2173 4750 mundi

583 4788 677 4836 aut
698 4781 961 4837 immundi
983 4781 1269 4838 dicendum
1295 4790 1398 4839 est.
1434 4802 1454 4837 ι

1173 4917 1306 4977 Car.
1356 4918 1579 4979 CLVIII.

658 5051 789 5109 Item
836 5054 976 5110 idem
1031 5055 1084 5111 in
1130 5055 1268 5112 libro
1314 5056 1507 5126 quinto
1560 5056 1782 5113 Levitici
1814 5057 2018 5131 (homil.
2067 5059 2169 5132 5):

668 5144 1015 5214 Consequens
1058 5155 1161 5211 est,
1208 5154 1268 5202 ut
1306 5148 1600 5204 secundum
1629 5148 1918 5219 imaginem
1940 5147 2056 5217 ejus
2080 5151 2173 5221 qui

586 5234 945 5292 sacerdotium
971 5236 1226 5293 Ecclesiae
1264 5237 1432 5303 dedit,
1459 5238 1624 5293 etiam
1650 5238 1884 5294 ministri
1914 5249 1969 5294 et
1991 5256 2175 5297 sacer-

586 5326 741 5383 dotes
796 5326 1053 5383 Ecclesia:
1111 5337 1332 5399 peccata
1389 5329 1571 5399 populi
1634 5328 1920 5399 accipiant,
1977 5340 2032 5386 et
2070 5331 2172 5403 ipsi

588 5420 867 5475 imitantes
907 5421 1243 5491 magistrum,
1286 5419 1662 5474 remissionem
1690 5419 1885 5490 popqu
1922 5432 2171 5491 peccato-

586 5524 705 5565 rum
754 5511 1011 5566 tribuant.
1070 5511 1275 5566 Debent
1328 5525 1458 5581 ergo
1514 5518 1570 5564 et
1625 5510 1726 5582 ipsi
1780 5512 2031 5567 Ecclesiae
2078 5529 2168 5570 sa-

585 5604 835 5661 cerdotes
875 5604 948 5658 ita
991 5601 1215 5672 perfecti
1254 5616 1373 5656 esse
1394 5642 1409 5667 ,
1436 5610 1493 5657 et
1523 5602 1575 5656 in
1613 5601 1802 5658 ciliciis
1825 5605 2173 5660 sacerdotali-

587 5693 689 5749 bus
710 5694 932 5759 eruditi,
964 5702 1024 5747 ut
1043 5699 1263 5760 peccata
1290 5691 1468 5760 populi
1494 5691 1547 5745 in
1572 5692 1693 5747 loco
1719 5703 1905 5748 sancto
1936 5694 1988 5748 in
2017 5696 2174 5751 atriis

585 5782 920 5841 tabernaculi
968 5780 1287 5848 testimonii,
1342 5780 1444 5852 ipsi
1497 5796 1606 5838 non
1654 5782 1927 5852 peccando
1977 5798 2176 5841 consu-

1702 340 1941 405 ΕΝΒᾹΞ
1980 332 2407 402 PARISIENSIS
2440 337 2749 396 EPISCOPI

3692 340 3770 399 756

2205 452 2257 515 Α
2283 465 2454 512 mant.
2506 456 2646 524 Quid
2678 460 2869 512 autem
2918 463 3003 512 est
3036 455 3091 509 in
3131 453 3250 511 loco
3293 462 3474 512 sancto
3519 456 3771 518 manducare

2279 549 2602 618 peccaturo?
2625 548 2802 605 Locus
2834 557 2953 605 erat
2992 556 3215 604 sanctus
3260 548 3312 603 in
3338 535 3489 618 quem
3529 564 3772 619 pervenerat

2279 640 2512 712 Moyses,
2536 642 2830 696 secundum
2862 640 3006 712 quod
3032 641 3235 697 dictum
3276 649 3357 697 est
3388 641 3452 696 ad
3478 656 3586 697 eum
3611 661 3621 696 :
3652 642 3772 702 Lam

2278 731 2415 785 enim
2446 731 2499 785 in
2519 747 2621 801 quo
2642 739 2750 785 stas
2772 740 2911 785 terra
2938 741 3123 785 sancta
3147 741 3223 785 est
3247 728 3439 803 (Exod.
3462 733 3557 801 ιιι).
3581 730 3776 791 Similiter

2278 837 2408 894 ergo
2433 833 2489 878 et
2510 824 2563 879 iu
2598 823 2836 879 Ecclesia
2861 824 2957 879 Dei
3000 823 3152 879 locus
3178 831 3394 880 sanctus
3430 835 3529 889 est,
3557 826 3667 882 fides
3687 844 3773 898 per-

2279 913 2440 979 fecta,
2464 924 2519 970 et
2540 914 2778 969 charitas
2804 914 2870 969 de
2899 911 3064 968 corde
3081 929 3241 984 puro,
3264 925 3318 970 et
3339 916 3638 971 conscientia
3659 918 3774 973 bona.

2278 1005 2378 1074 Qui
2410 1007 2463 1061 in
2494 1006 2578 1061 bis
2605 1015 2713 1061 stat
2755 1006 2809 1062 in
2854 1005 3121 1072 Ecclesia,
3152 1007 3206 1062 in
3249 1007 3442 1062 Iocose
3483 1017 3645 1062 sancto
3675 1019 3778 1066 stare

2279 1108 2590 1170 cognoscat.
2622 1099 2804 1169 Neque
2825 1100 2971 1154 enim
3008 1100 3061 1155 in
3091 1108 3237 1173 terra
3265 1099 3570 1169 quaerendus
3589 1109 3658 1154 est
3675 1100 3780 1158 locus

2280 1202 2523 1254 sanctus.
2552 1192 2607 1248 in
2648 1208 2755 1262 quo
2780 1193 2945 1250 semel
2974 1193 3099 1248 data
3128 1192 3392 1250 sententia
3431 1202 3511 1248 est
3547 1210 3572 1248 ε
3605 1194 3693 1249 Deo
3723 1197 3779 1249 di-

2281 1294 2475 1365 cente:
2509 1283 2798 1339 Maledicta
2820 1296 2960 1341 terra
2982 1270 3036 1341 in
3063 1286 3303 1357 operibus
3344 1287 3445 1340 tuis
3466 1284 3599 1359 (Gen.
3621 1288 3703 1357 ιιι).
3722 1288 3781 1344 I‘i-

2281 1380 2376 1436 des
2413 1395 2542 1450 ergo
2584 1381 2811 1451 integra,
2855 1391 2911 1435 et
2960 1391 3147 1435 sancta
3202 1382 3529 1436 conversatio
3570 1380 3691 1437 locus
3725 1391 3782 1437 est

2282 1480 2521 1526 sanctus.
2552 1471 2612 1526 lu
2645 1472 2746 1527 hoc
2777 1472 2958 1541 itaque
2999 1471 3117 1527 loco
3155 1473 3365 1544 positus
3405 1472 3630 1526 sacerdos
3650 1470 3783 1526 Eccle-

2282 1566 2395 1629 siae,
2420 1565 2601 1636 populi
2644 1574 2863 1634 peccata
2907 1575 3213 1628 consumat,
3256 1573 3316 1618 ut
3352 1563 3569 1619 hostiam
3596 1561 3783 1633 jugulat

2282 1656 2432 1712 verbi
2454 1656 2570 1720 Dei,
2594 1665 2649 1712 et
2675 1657 2935 1712 doctrinae
2961 1672 3106 1711 sana:
3133 1656 3383 1711 victimas
3401 1652 3628 1719 olIerens,
3646 1662 3783 1727 purget

2284 1763 2314 1802 a
2340 1748 2579 1819 peccatis
2605 1748 2965 1805 conscientias
2997 1749 3329 1803 auditorum.
3365 1766 3385 1799 ι

2893 1860 3023 1917 Car.
3066 1860 3247 1918 CLIX.

2351 1976 2483 2033 Item
2514 1976 2654 2032 idem
2692 1976 2747 2031 in
2786 1976 2977 2031 eodem
3024 1976 3163 2032 libro
3190 1994 3203 2032 :
3234 1995 3254 2027 ι
3290 1976 3509 2033 Discant
3545 1974 3783 2032 sacerdotes

2280 2068 2493 2125 Domini
2522 2069 2612 2139 qui
2642 2067 2896 2123 Ecclesiis
2927 2078 3189 2139 praesunt,
3217 2070 3346 2141 quia
3378 2085 3499 2139 pars
3526 2069 3596 2123 cis
3617 2068 3785 2122 datust

2281 2178 2404 2217 cum
2431 2160 2516 2214 his
2546 2175 2775 2229 quorum
2817 2160 3013 2215 delicta
3044 2159 3535 2231 repropitiaverint.
3576 2159 3690 2226 Quid
3718 2174 3783 2213 au-

2280 2260 2388 2306 tem
2420 2258 2507 2305 est
2531 2251 2885 2320 repropitiare
2929 2252 3222 2308 delictum?
3249 2251 3310 2309 Si
3351 2252 3677 2323 assumpseris
3705 2265 3787 2320 pec-

2279 2353 2542 2408 catorem,
2566 2351 2620 2397 et
2656 2344 2943 2409 monendo,
2981 2344 3266 2407 hortando,
3308 2342 3562 2409 docendo,
3588 2343 3785 2398 instruen-

2279 2435 2380 2492 do,
2412 2432 2706 2487 adduxeris
2744 2449 2865 2488 eum
2896 2433 2962 2487 ad
2994 2435 3389 2505 paenitentiam,
3421 2437 3488 2491 ab
3523 2450 3681 2490 errore
3702 2448 3785 2488 cor-

2280 2524 2508 2589 rexeris,
2578 2540 2609 2578 a
2675 2524 2822 2580 vitiis
2867 2525 3260 2591 emendaveris,
3323 2535 3379 2581 et
3442 2524 3661 2581 effeceris
3700 2538 3785 2579 cum

2282 2615 2462 2680 talem,
2486 2626 2545 2670 ut
2569 2615 2617 2670 ei
2642 2631 2907 2672 converso
2929 2617 3193 2686 propitius
3224 2617 3323 2673 flat
3352 2617 3510 2681 Deus,
3534 2633 3622 2687 pro
3644 2616 3785 2670 delicto

2281 2706 2665 2775 repropitiasse
2692 2706 2909 2762 diceris.
2940 2705 2998 2761 Si
3038 2720 3167 2778 ergo
3215 2708 3340 2762 talis
3381 2707 3541 2766 fueris
3579 2704 3785 2769 sacerdos,

2279 2808 2333 2853 et
2359 2798 2481 2853 talis
2505 2796 2662 2853 fuerit
2709 2798 2957 2854 doctrina
2989 2808 3075 2853 tua
3111 2808 3166 2855 et
3205 2813 3391 2855 sermo
3433 2808 3564 2864 tuus,
3597 2812 3698 2869 pars
3723 2796 3787 2852 tibi

2280 2890 2442 2945 datur
2467 2906 2653 2945 eorum
2697 2906 2835 2961 quos
2861 2891 3200 2954 correxeris;
3242 2898 3302 2946 ut
3353 2890 3558 2947 illorum
3597 2889 3787 2943 meritum

2281 2968 2371 3035 tua
2397 2995 2604 3036 merces
2630 2980 2724 3045 sit,
2752 2989 2808 3034 et
2834 2979 3046 3035 illorum
3087 2980 3234 3036 salus
3258 2990 3356 3037 tua
3394 2980 3575 3053 gloria.
3607 2982 3695 3033 Aut
3714 2991 3787 3031 non

2279 3083 2336 3128 et
2372 3072 2663 3143 Apostolus
2692 3074 2807 3128 haec
2831 3074 3089 3136 ostendit,
3117 3074 3208 3129 ubi
3235 3074 3370 3129 dicit
3396 3093 3409 3128 :
3443 3072 3571 3139 Quia
3597 3069 3709 3140 quod
3725 3085 3789 3124 ιιι·

2202 3198 2254 3266 c
2281 3163 2711 3234 pera'di/icooerit
2747 3166 2883 3236 quis,
2928 3166 3216 3220 mercedem
3257 3166 3476 3236 accipiet
3522 3163 3568 3232 (I
3597 3163 3696 3217 Cor.
3718 3176 3788 3225 III,

2286 3256 2410 3327 Id)?
2439 3255 2743 3327 lutelligant
2792 3256 2955 3328 igitur
3006 3257 3318 3313 sacerdotes
3369 3256 3589 3316 Domini,
3630 3253 3701 3307 ubi
3736 3258 3791 3305 est

2281 3350 2363 3405 eis
2390 3349 2514 3403 data
2542 3348 2739 3419 portio,
2774 3357 2829 3403 et
2860 3350 2914 3404 in
2945 3349 3047 3405 hoc
3073 3358 3287 3414 vacent,
3326 3358 3490 3420 atque
3528 3349 3605 3403 his
3628 3356 3791 3414 operam

2283 3442 2441 3507 dent;
2485 3455 2593 3495 non
2628 3454 2688 3496 se
2728 3439 2977 3496 inanibus
3019 3450 3073 3495 et
3112 3439 3403 3512 superﬂuis
3443 3439 3634 3494 actibus
3668 3431 3792 3503 impli-

2282 3541 2427 3598 cent,
2458 3533 2554 3588 sed
2584 3533 2757 3588 sciant
2787 3547 2846 3588 se
2892 3533 2946 3587 iu
2980 3532 3129 3587 nullo
3171 3531 3280 3588 alio
3326 3541 3533 3605 partem
3580 3528 3791 3585 habituros

2283 3627 2423 3697 apud
2452 3626 2644 3692 Demn,
2678 3627 2785 3681 nisi
2835 3627 2887 3680 in
2915 3640 2981 3681 eo
3010 3625 3151 3695 quod
3180 3624 3420 3682 offerunt
3457 3639 3549 3696 pro
3586 3618 3789 3694 peculis:

2282 3721 2337 3776 id
2358 3731 2464 3786 est,
2494 3721 2638 3791 quod
2680 3735 2712 3775 a
2754 3719 2839 3774 via
2881 3719 3090 3790 peccati
3131 3719 3503 3775 converterint
3529 3722 3789 3788 peccatores.

2281 3813 2587 3868 Notandum
2615 3812 2778 3868 etiam
2808 3812 2935 3866 illud
2969 3820 3072 3877 est,
3121 3811 3265 3883 quod
3311 3826 3436 3882 qua:
3472 3807 3729 3863 oﬂ‘eruntur
3754 3800 3793 3853 in

2282 3904 2680 3969 holocaustum,
2735 3904 2990 3958 interiora
3041 3911 3208 3965 sunt;
3254 3901 3401 3971 quod
3454 3916 3574 3955 vero
3613 3895 3793 3951 exterius

2280 4005 2385 4062 est,
2414 3996 2642 4051 Domino
2683 4011 2789 4051 non
2826 3994 3067 4050 ollertur.
3100 3993 3265 4049 Pellis
3307 3992 3535 4049 Domino
3557 4005 3653 4045 non
3674 3982 3792 4039 oﬂ'er-

2279 4098 2388 4158 tur,
2416 4104 2519 4145 nec
2544 4089 2686 4145 cedit
2713 4089 2767 4144 in
2804 4087 3260 4144 holocautomata.
3298 4104 3318 4138 ι

2910 4206 3039 4263 Car.
3076 4204 3235 4263 CLX.

2347 4325 2482 4382 Item
2532 4324 2673 4379 idem
2717 4322 2772 4378 in
2816 4322 2956 4378 libro
2999 4330 3155 4377 sexto
3201 4318 3431 4376 Levitici
3475 4312 3676 4391 (Haurit.
3716 4309 3793 4380 6):

2283 4436 2302 4469 ι
2339 4416 2657 4488 Requiritur
2688 4413 2835 4470 enim
2875 4414 2926 4468 in
2960 4412 3260 4469 ordinando
3299 4409 3573 4467 sacerdote
3612 4413 3660 4462 et
3692 4414 3794 4474 pm-

2280 4505 2453 4561 sentia
2482 4502 2693 4574 populi,
2726 4509 2787 4557 ut
2812 4501 2987 4557 sciant
3015 4515 3207 4557 omnes
3228 4507 3286 4554 et
3308 4499 3445 4555 certi
3476 4498 3578 4553 sint
3598 4493 3676 4565 qui
3694 4502 3794 4561 prs-

2200 4565 2252 4626 Β
2281 4565 2516 4652 stantior
2556 4565 2645 4651 est
2682 4565 2749 4648 ex
2778 4592 2924 4649 omni
2963 4591 3189 4663 populo;
3219 4591 3312 4663 qui
3356 4590 3578 4653 doctior,
3602 4585 3679 4656 qui
3706 4594 3796 4638 san—

2282 4687 2440 4751 ctior,
2468 4684 2560 4756 qui
2599 4684 2747 4739 omni
2780 4684 2980 4738 virtute
3008 4681 3368 4749 eminentior,
3399 4680 3486 4736 ille
3507 4676 3722 4747 deligitur
3747 4665 3796 4723 ad

2279 4776 2643 4834 sacerdotium
2659 4816 2675 4842 ,
2705 4786 2759 4831 et
2785 4776 2888 4830 hoc
2914 4783 3124 4829 astante
3151 4763 3367 4844 populo,
3393 4787 3462 4828 ne
3489 4785 3587 4840 qua
3608 4772 3794 4837 ροδιωοο

2280 4870 2406 4927 dum
2443 4857 2757 4923 retractatio
2796 4866 3079 4939 cuiquam,
3124 4880 3194 4922 ne
3231 4864 3355 4935 quis
3395 4857 3660 4931 scrupulus
3694 4847 3792 4906 resi-

2279 4960 2424 5017 deat.
2456 4957 2569 5015 Hoc
2599 4966 2683 5014 est
2712 4966 2889 5013 autem
2926 4956 3070 5028 quod
3112 4966 3168 5011 et
3202 4953 3490 5025 Apostolus
3527 4943 3734 5021 pnrcipit
3758 4939 3795 4991 in

2276 5050 2618 5107 ordinatione
2655 5047 2980 5113 sacerdotis,
3012 5046 3199 5102 dicens
3231 5064 3243 5100 :
3272 5042 3485 5116 Oportet
3527 5049 3681 5094 autem
3709 5042 3794 5084 clm

2272 5154 2322 5200 et
2361 5144 2716 5198 testimonium
2760 5142 2944 5197 habere
2981 5140 3171 5194 bonum
3217 5138 3283 5193 ab
3322 5137 3403 5191 his
3437 5135 3525 5205 qui
3566 5129 3678 5221 foris
3707 5126 3793 5221 ut.“

2274 5235 2326 5311 (Ῐ
2358 5235 2493 5291 Τίηι·
2527 5234 2633 5307 ¹¹¹)·
2670 5234 2783 5302 Εεο
2819 5242 2997 5287 tamen
3028 5241 3083 5287 et
3124 5229 3354 5302 amplius
3382 5223 3578 5297 aliquid
3604 5218 3729 5273 video
3754 5218 3792 5263 in

2275 5342 2340 5384 eo
2367 5328 2510 5397 quod
2542 5327 2695 5391 dicit,
2720 5326 2842 5396 quia
2871 5324 3188 5381 convocavit
3219 5321 3426 5394 Moyses
3454 5327 3651 5373 omnem
3674 5316 3792 5401 syntj

2277 5435 2468 5489 gogam
2485 5460 2498 5483 ,
2526 5428 2580 5473 et
2614 5427 2742 5488 puto
2770 5418 2909 5487 quod
2943 5429 3245 5471 convocare
3271 5423 3584 5486 synagogam
3602 5446 3614 5468 ,
3641 5402 3722 5457 hoc
3742 5397 3791 5447 sli

2244 5506 2249 5515 ’
2280 5496 2528 5577 colligere
2563 5523 2749 5563 οιιιιιεε
2778 5506 2942 5561 animi
2974 5506 3200 5560 virtutes
3239 5504 3292 5558 in
3320 5517 3479 5556 unum
3499 5541 3513 5564 ,
3536 5505 3587 5552 et
3618 5496 3792 5557 εοηετθδ

2279 5617 2407 5671 gare
2448 5602 2498 5655 in
2531 5616 2695 5654 unum
2727 5600 2984 5661 virtutes,
3014 5610 3071 5653 ut
3098 5614 3219 5653 cum
3256 5610 3431 5653 sermo
3456 5593 3519 5648 de
3545 5581 3791 5680 sacerdoti:

2282 5693 2420 5747 libus
2470 5691 2823 5748 sacramentis
2870 5691 3135 5756 habetur,
3188 5689 3397 5759 vigilant
3451 5679 3790 5772 omnesaﬂlﬂIl

2250 5778 2253 5781 ’
2286 5786 2543 5852 virtutes,
2573 5792 2630 5840 et
2672 5784 2892 5840 intentae
2917 5785 3059 5851 sint,
3090 5791 3149 5838 ut
3180 5779 3313 5836 nihil
3352 5780 3403 5833 in
3440 5777 3519 5832 his
3547 5767 3790 5839 sapientia

2204 1824 2254 1885 Β
