4000 6352
226 385 336 442 ’137

1375 375 1576 432 LIBER
1627 371 1999 432 ADVERSUS
2036 374 2360 435 GBECOS.

3401 379 3504 437 758

225 503 366 560 nihil
397 499 658 564 scientiae,
685 495 821 552 nihil
849 481 998 552 desit'
1017 493 1314 558 industriae,
1346 493 1438 548 sed
1466 491 1605 547 adsit
1633 490 1809 546 omnis
1838 492 1883 552 A
1912 499 2098 546 contra
2140 493 2301 548 ﬁdem
2357 492 2613 550 Ecclesiae
2663 495 2821 551 unius
2873 496 3154 568 tyrannica
3207 497 3506 557 auctoritas

224 596 517 654 multitudo
548 607 823 656 sensuum,
850 588 990 643 adsit
1016 588 1192 642 omnis
1223 585 1570 656 congregatio
1595 593 1810 638 saneta-

224 705 350 746 rum
382 687 788 758 cogitationum,
817 693 874 737 ut
903 683 1031 752 quid
1061 681 1129 736 sit
1166 679 1427 750 pontifex,
1453 679 1578 749 quid
1607 676 1810 742 unctio,

221 783 358 856 quid
391 782 702 837 indumenta
729 779 845 846 ejus
871 775 1172 841 conferant,
1203 775 1344 829 intra
1373 773 1668 828 sacrarium
1693 786 1814 826 cor-

220 875 312 932 dis
345 875 426 930 sui
462 873 633 944 possit
659 870 957 926 advertere.
991 887 1011 920 ι

850 978 977 1035 CAP.
1015 976 1195 1033 CLXI.

226 1135 242 1162 ,
298 1097 432 1154 Item
475 1093 618 1151 idem
657 1093 712 1148 in
753 1091 940 1148 eodem
982 1091 1119 1147 libro
1152 1108 1166 1145 :
1204 1109 1222 1143 ι
1255 1088 1458 1146 Octava
1492 1088 1699 1159 species
1736 1087 1810 1143 ibi

217 1189 448 1260 ponitur
478 1192 804 1256 campestre,
833 1184 966 1248 sive,
998 1190 1058 1236 ut
1090 1181 1216 1238 alibi
1252 1181 1500 1253 legimus,
1535 1179 1810 1234 femoralia

215 1281 393 1346 linea,
419 1281 484 1334 de
508 1294 615 1349 quo
644 1279 730 1332 hic
759 1277 901 1332 inter
925 1283 1117 1330 caetera
1143 1275 1290 1330 siluit
1318 1273 1648 1328 indumenta.
1673 1270 1811 1338 Quid

214 1391 358 1447 ergo
388 1372 662 1430 dicemus?
689 1369 1023 1426 Oblivionem
1055 1368 1301 1423 dabimus
1334 1366 1388 1420 in
1422 1365 1600 1420 verbis
1636 1362 1811 1431 Spiri-

215 1475 315 1521 tus
346 1464 552 1529 sancti,
579 1472 639 1519 ut
665 1478 786 1518 cum
819 1471 1012 1516 caetera
1042 1460 1220 1515 omnia
1260 1460 1496 1513 secundo
1524 1468 1812 1512 enarrare-

215 1558 329 1622 rit,
373 1573 477 1610 una
517 1569 641 1610 eum
683 1553 892 1623 species
937 1551 1184 1620 superius
1221 1550 1362 1603 dicta
1410 1546 1659 1602 latuerit?
1694 1545 1809 1599 Non

217 1649 403 1704 audeo
448 1647 563 1702 hare
603 1646 668 1702 de
713 1645 887 1698 sacris
932 1643 1136 1697 sentire
1182 1640 1559 1703 sermonibus,
1606 1636 1698 1692 sed
1731 1635 1811 1689 vi-

215 1740 450 1795 deaums
495 1751 563 1791 ne
611 1735 749 1790 forte
795 1733 1048 1803 quoniam
1081 1732 1134 1785 in
1165 1730 1534 1800 superioribus
1576 1727 1809 1782 diximus

216 1830 330 1886 hoc
360 1842 530 1900 genus
563 1826 858 1882 indumenti
893 1823 1150 1878 indicium
1179 1821 1443 1876 castitatis
1473 1817 1664 1883 videri,
1701 1831 1808 1886 quo
1836 1853 1884 1914 Β

218 1923 309 1978 vel
339 1922 543 1977 femora
574 1918 774 1990 operiri
812 1917 895 1972 vel
933 1915 1230 1984 constringi
1268 1929 1426 1968 renes
1461 1911 1711 1966 videntur
1744 1923 1808 1966 ac

220 2013 416 2078 lumbi,
439 2028 508 2067 ne
530 2011 690 2075 forte,
713 2009 953 2078 inquam,
982 2023 1087 2061 non
1117 2019 1328 2076 semper
1352 2005 1404 2058 in
1434 2003 1538 2058 illis
1564 2002 1653 2071 qui
1682 2011 1809 2056 tunc

220 2115 382 2162 erant
412 2103 722 2160 sacerdotes
751 2102 848 2156 has
888 2108 1069 2169 partes
1107 2099 1251 2153 dicat
1295 2111 1414 2151 esse
1459 2093 1802 2150 constrictas.

219 2197 530 2269 Aliquando
557 2196 701 2252 enim
732 2202 785 2250 et
813 2193 880 2248 de
907 2193 1223 2264 posteritate
1253 2190 1467 2260 generis
1493 2195 1549 2241 et
1587 2187 1651 2240 de
1687 2199 1807 2240 suc-

219 2305 382 2348 cessu
427 2288 628 2345 sobolis
676 2285 1000 2356 indulgetur,
1048 2283 1141 2338 sed
1189 2297 1289 2352 ego
1334 2280 1387 2334 in
1434 2275 1806 2333 sacerdotibus

218 2383 476 2440 Ecclesiae
499 2359 810 2450 hujusmodi.
826 2375 1231 2446 intelligentiam
1257 2389 1360 2426 non
1383 2369 1801 2426 introduxerint.

217 2477 344 2533 Alio
367 2489 598 2544 namque
627 2487 739 2527 rem
761 2471 916 2526 video
942 2483 1162 2525 currere
1186 2475 1547 2530 sacramento.
1571 2463 1806 2517 Possunt

217 2568 365 2624 enim
396 2576 452 2621 et
479 2567 533 2620 in
563 2563 800 2618 Ecclesia
838 2560 1147 2617 sacerdotes
1183 2566 1237 2612 et
1265 2558 1516 2613 doctores
1546 2555 1686 2609 ﬁlios
1709 2570 1806 2626 ge-

218 2673 450 2722 nerare,
482 2657 622 2711 sicut
660 2663 715 2710 et
744 2653 831 2708 ille
868 2654 961 2722 qui
1002 2651 1256 2705 dicebat:
1287 2647 1469 2701 Filioli
1505 2647 1640 2712 mei,
1677 2661 1806 2716 quos

216 2752 413 2805 iterum
457 2747 694 2818 partiario
720 2786 734 2810 ,
783 2745 946 2798 donec
993 2742 1248 2812 formetur
1289 2738 1524 2793 Christus
1566 2737 1620 2790 in
1663 2735 1806 2789 vobis

220 2841 368 2914 (Gal.
402 2857 476 2906 Iv,
503 2839 608 2908 l9).
643 2837 710 2892 Et
748 2839 942 2891 iterum
974 2833 1100 2887 alibi
1139 2831 1270 2886 dicit
1312 2848 1324 2882 :
1375 2827 1600 2882 Tametsi
1640 2825 1806 2880 multa

220 2932 392 2986 millia
438 2930 838 3000 pa’dagogorum
888 2923 1120 2978 habeatis
1171 2923 1224 2974 in
1271 2919 1518 2984 Christo,
1567 2919 1655 2972 sed
1702 2934 1805 2972 non

218 3020 416 3076 multos
451 3029 643 3089 patres.
676 3017 818 3071 Nam
851 3017 907 3070 in
939 3013 1145 3068 Christo
1172 3012 1298 3066 Jesu
1337 3027 1429 3082 per
1461 3009 1805 3080 Evangelium

218 3130 319 3184 ego
346 3129 431 3167 vos
462 3111 615 3182 genui
660 3108 707 3179 (ι
740 3107 861 3162 Cor.
894 3123 968 3172 IV,
1000 3106 1109 3176 15).
1141 3104 1231 3159 Isti
1261 3119 1390 3171 ergo
1416 3103 1661 3158 doctores
1700 3103 1803 3156 Ec-

219 3205 402 3261 clesia:
437 3205 489 3258 in
526 3202 827 3274 hujusmodi
867 3198 1301 3270 generationibus
1335 3196 1680 3267 procreandis
1709 3195 1806 3249 ali-
1832 3222 1876 3285 ο

221 3295 440 3368 quando
467 3293 773 3350 constrictis
809 3289 1155 3346 lemoralibus
1184 3297 1425 3352 utuntur,
1454 3295 1504 3341 et
1533 3287 1804 3341 abstinent

220 3405 254 3444 a
286 3387 626 3460 generando,
651 3401 773 3440 cum
805 3383 936 3438 tales
962 3381 1262 3436 invenerint
1296 3380 1569 3435 auditores
1609 3380 1659 3433 in
1687 3379 1806 3448 qui-

220 3483 328 3538 bus
353 3481 528 3536 sciant
559 3494 616 3534 se
646 3477 880 3532 fructum
908 3475 1105 3530 habere
1133 3489 1234 3528 non
1261 3488 1439 3544 posse.
1476 3472 1714 3542 Denique
1749 3480 1805 3527 et

221 3575 280 3631 in
301 3574 529 3630 Actibus
543 3570 905 3643 apostolorum
927 3567 1161 3622 refertur
1185 3568 1251 3621 de
1267 3565 1618 3637 quihusdam:
1651 3563 1804 3630 Quod

223 3682 332 3720 non
381 3666 678 3735 potuimus,
727 3663 936 3732 inquit,
988 3662 1043 3714 in
1092 3661 1218 3713 Asia
1268 3659 1475 3713 verbum
1526 3658 1619 3712 Dei
1665 3657 1806 3727 loqui

221 3757 364 3826 (Act.
397 3755 529 3825 xvi).
575 3752 688 3808 Hoc
728 3761 809 3806 est
840 3751 1088 3821 imposita
1121 3748 1370 3804 habuisse
1415 3747 1722 3812 femoralia,
1753 3757 1806 3803 et

219 3831 559 3902 continuisse
584 3860 643 3899 se
668 3859 736 3900 ne
761 3843 894 3898 ﬁlios
919 3849 1260 3912 generarent,
1283 3841 1407 3910 quia
1433 3841 1642 3896 scilicet
1668 3840 1806 3896 tales

219 3944 384 3992 erant
409 3936 680 3990 auditores
699 3975 714 3999 ,
743 3935 797 3988 in
824 3934 1018 4002 quibus
1044 3940 1098 3986 et
1122 3945 1304 3986 semen
1337 3930 1569 4000 periret,
1601 3940 1656 3986 et
1697 3946 1804 3986 non

220 4036 408 4101 posset
435 4026 618 4081 haberi
645 4025 933 4080 successio.
962 4022 1053 4078 Sic
1073 4038 1204 4092 ergo
1226 4022 1478 4078 Ecclesia:
1497 4024 1805 4079 sacerdotes

223 4135 350 4175 cum
386 4118 669 4188 incapaces
710 4131 868 4171 aures
908 4115 1168 4178 viderint,
1221 4123 1313 4168 aut
1361 4129 1483 4168 cum
1527 4114 1804 4170 simulatos

222 4211 580 4278 inspexerint,
606 4217 660 4265 et
687 4207 998 4279 hypocritas
1026 4206 1322 4272 auditores,
1354 4207 1630 4275 imponant
1659 4221 1805 4261 cam-

219 4314 430 4377 pestre,
462 4311 681 4357 utantur
711 4301 1076 4364 l'emoralibus,
1101 4316 1205 4354 non
1233 4308 1418 4368 pereat
1444 4314 1626 4353 semen
1657 4296 1806 4352 verbi

219 4397 360 4460 Dei,
391 4396 516 4464 quia
543 4402 598 4448 et
634 4394 890 4448 Dominus
917 4393 1104 4447 eadem
1138 4393 1355 4447 mandat
1386 4400 1442 4446 et
1486 4391 1613 4446 dicit
1643 4405 1658 4442 :
1696 4389 1806 4443 Νο-

217 4490 317 4544 lite
338 4489 538 4542 mittere
563 4497 800 4541 sanctum
827 4485 1058 4546 canibus,
1084 4500 1246 4554 neque
1273 4485 1588 4551 margaritas
1612 4492 1806 4537 vestras

1916 583 2217 638 moliretur.
2248 585 2479 654 Ideoque
2513 586 2579 639 ab
2620 587 2872 642 omnibus
2923 587 3372 643 convenientibus
3413 589 3500 643 in-
3567 633 3574 640 .

1914 673 2178 739 stituitur,
2204 683 2387 729 utnon
2415 676 2589 730 minus
2611 692 2640 730 a
2671 679 2841 733 tribus
2875 679 3250 749 praesentibus,
3286 679 3503 735 caneris

1916 770 2098 820 tamen
2150 768 2616 822 consentientibus
2667 770 2974 825 testimonio
3008 770 3331 825 litterarum.
3367 769 3504 826 Huic

1915 862 2093 910 autem
2121 857 2245 910 dum
2271 865 2644 923 consecratur,
2678 859 2838 914 datur
2879 861 3102 916 baculus
3127 902 3140 926 ,
3178 871 3237 914 ut
3259 859 3374 930 ejus
3420 860 3502 914 in-

1911 946 2056 1002 dicio
2087 950 2356 1004 subditam
2383 950 2592 1020 plebem
2623 951 2705 1005 vel
2731 961 2883 1023 regat
2903 953 2987 1008 vel
3023 954 3280 1023 corrigat,
3312 951 3395 1006 vel
3427 952 3505 1008 in-

1911 1037 2198 1096 ﬁrmitates
2245 1041 2582 1096 inﬁrmorum
2635 1043 2918 1097 sustineat.
2957 1043 3124 1098 Datur
3171 1053 3226 1098 et
3256 1041 3494 1098 annulus

1911 1141 2132 1201 propter
2161 1133 2372 1205 signum
2401 1133 2725 1202 pontiﬁcalis
2751 1133 2995 1200 honoris,
3027 1133 3111 1189 vel
3156 1133 3494 1206 signaculum

1912 1231 2266 1279 secretorum.
2296 1243 2316 1278 ι

2517 1311 2646 1368 Car.
2677 1311 2900 1368 CLXIII.

1980 1424 2113 1478 Item
2143 1423 2284 1479 idem
2320 1424 2374 1478 in
2397 1425 2588 1479 eodem
2611 1423 2787 1479 libro:
2833 1442 2850 1476 ‹
2882 1423 2984 1490 Qui
3014 1423 3157 1478 enim
3181 1422 3496 1480 erudiendis

1912 1516 2072 1586 atque
2101 1515 2450 1571 instituendis
2492 1516 2559 1571 ad
2592 1515 2844 1570 virtutem
2893 1513 3102 1585 papulis
3128 1512 3366 1584 praeerit,
3399 1527 3496 1568 ne-

1909 1624 2062 1664 cesse
2088 1618 2168 1663 est
2195 1609 2330 1662 utin
2354 1608 2606 1663 omnibus
2649 1617 2870 1663 sanctus
2915 1608 3007 1672 sit,
3053 1607 3189 1662 etin
3238 1604 3383 1660 nullo
3413 1620 3500 1660 re-

1909 1700 2292 1772 prehensibilis
2317 1699 2634 1766 habeatur,»
2663 1708 2791 1768 etc.,
2812 1717 2974 1772 usque
3001 1700 3092 1767 ad,
3117 1698 3498 1758 distributione

1911 1800 2144 1847 secreta.

2511 1883 2640 1938 Car.
2671 1880 2896 1939 CLXIV.

1979 1994 2285 2050 Itemvidem
2309 1994 2362 2049 in
2391 1995 2578 2051 eodem
2603 1995 2740 2050 libro
2762 1995 3005 2068 (cap.l7)
3037 2011 3051 2049 :
3082 2012 3100 2048 (
3131 1993 3367 2067 Pergant
3391 1991 3492 2066 igi-

1908 2095 1996 2142 tur
2025 2087 2261 2156 virgines
2296 2087 2439 2142 viam
2478 2086 2844 2152 sublimitatis,
2882 2088 3017 2157 pede
3061 2085 3379 2141 humilitatis
3403 2099 3492 2141 se-

1907 2187 2142 2247 quantur
2167 2177 2464 2246 Christum,
2499 2179 2731 2234 tenendo
2759 2187 3169 2250 perseveranter
3208 2176 3351 2248 quod
3395 2192 3493 2232 vo-

1878 2279 2102 2335 ,verunt
2129 2272 2382 2326 ardenter
2407 2289 2420 2324 :
2453 2271 2525 2325 ita
2557 2280 2615 2325 ut
2643 2270 2873 2341 professi
2897 2271 2998 2326 hac
3027 2278 3240 2326 servata
3266 2268 3491 2340 integri-

1907 2372 2036 2429 tate,
2065 2365 2278 2419 caeteris
2311 2364 2476 2419 etiam
2520 2363 2761 2419 moribus
2785 2372 3103 2435 congruant,
3151 2363 3272 2418 sine
3297 2363 3494 2432 quibus

1905 2454 2090 2525 procul
2117 2454 2278 2509 dubio
2307 2455 2477 2509 otiosa
2504 2462 2560 2509 et
2585 2455 2760 2509 inauis
2783 2465 2965 2510 manet
2992 2454 3334 2525 virginitas,»
3355 2461 3490 2518 etc.,

1910 2561 2070 2614 usque
2093 2546 2185 2611 ad,
2209 2561 2432 2601 carnem
2463 2547 2682 2600 vincere
2706 2554 3016 2616 potuerunt.

2511 2656 2638 2712 Car.
2678 2656 2883 2713 CLXV.

1976 2770 2106 2825 Item
2132 2771 2272 2825 idem
2299 2771 2352 2826 in
2373 2770 2564 2854 eodem
2585 2771 2754 2826 libro:
2779 2789 2797 2822 ι
2817 2769 2958 2826 Ante
2981 2769 3271 2826 adventum
3293 2769 3494 2841 quippe

1907 2862 2106 2917 Christi
2135 2861 2383 2934 conjugia
2415 2861 2667 2932 placuere
2707 2862 2834 2926 Deo,
2861 2870 2984 2932 post
3007 2862 3300 2918 adventum
3322 2861 3492 2938 virgi-~

1907 2956 2068 3022 nitas,
2098 2975 2117 3008 ι
2153 2963 2282 3019 etc.,
2318 2970 2479 3024 usque
2500 2954 2568 3008 ad
2591 2993 2606 3020 ,
2636 2953 2834 3009 caelum
2858 2953 3237 3025 adimpleatur.

2513 3066 2642 3123 CAP.
2673 3065 2900 3124 CLXVI.

1982 3183 2041 3237 In
2088 3180 2212 3236 Vita
2257 3180 2405 3235 beati
2436 3180 2642 3246 Basilii,
2690 3179 3042 3236 Caesariensis
3077 3179 3495 3252 archiepiscopi,

1908 3288 2027 3343 qute
2053 3273 2118 3326 de
2139 3272 2329 3327 Graeco
2355 3271 2408 3326 in
2430 3271 2679 3326 Latinum
2708 3287 2737 3325 a
2758 3273 2990 3341 quodam
3022 3270 3212 3326 Graeco
3234 3271 3498 3327 vocabqu

1907 3365 2301 3436 Euphemiopst
2321 3365 2588 3419 veraciter
2609 3364 2675 3420 de
2689 3365 2853 3420 verbo
2869 3364 2935 3418 ad
2958 3363 3180 3419 verbum
3203 3363 3464 3418 translata
3477 3402 3494 3430 ,

1907 3461 2048 3515 inter
2069 3468 2264 3514 caetera
2317 3459 2396 3514 sic
2440 3459 2640 3530 legitur
2665 3457 2874 3530 (Exstat
2907 3457 3047 3528 apud
3102 3455 3319 3512 Surium
3345 3497 3360 3522 ,
3400 3457 3491 3527 qui

1907 3551 2098 3622 stylum
2125 3550 2364 3619 mutarit)
2390 3567 2401 3602 :
2435 3566 2454 3599 ι
2493 3548 2886 3604 Convenientes
2915 3564 3043 3620 ergo
3073 3559 3246 3605 castus
3274 3550 3489 3620 episco-

1906 3660 2122 3715 porum,
2168 3643 2338 3697 sancti
2387 3640 2624 3711 Spiritus
2671 3642 3054 3712 cooperatione
3082 3643 3361 3710 elegerunt
3393 3642 3496 3696 Ba-

1907 3735 2084 3790 silium
2115 3734 2180 3787 ad
2207 3734 2547 3802 episcopatus
2575 3733 2756 3787 sedem
2781 3748 2796 3797 ;
2841 3740 2897 3787 et
2924 3741 3273 3787 consecratus
3299 3730 3494 3802 guber-

1909 3826 2075 3880 nabat
2125 3824 2422 3879 Ecclesiam
2474 3824 2568 3879 Dei
2629 3823 2990 3894 providentia.
3047 3822 3177 3878 Post
3221 3822 3490 3892 quoddam

1908 3925 2088 3971 autem
2113 3926 2322 3986 tempus
2349 3914 2641 3986 postulavit
2663 3915 2854 3980 Deum,
2886 3924 2945 3969 ut
2974 3915 3131 3970 daret
3153 3914 3227 3968 illi
3258 3913 3488 3985 gratiam

1908 4017 2073 4076 atque
2099 4007 2456 4072 intellectum,
2507 4007 2744 4076 propriis
2780 4005 3120 4062 sermonibus
3167 4005 3364 4060 oll‘erre
3413 4004 3496 4058 in-

1908 4100 2262 4169 sanguineum
2309 4096 2634 4154 sacriﬁcium
2685 4097 2782 4162 illi,
2825 4105 2880 4152 et
2931 4097 3118 4152 venire
3157 4111 3328 4172 super
3368 4109 3493 4150 eum

1907 4191 2078 4246 sancti
2127 4189 2359 4260 Spiritus
2391 4189 2699 4242 adventum.
2732 4187 2861 4244 Post
2898 4187 3013 4242 dies
3063 4201 3190 4241 vero
3228 4201 3323 4240 sex
3352 4185 3496 4240 sicut

1907 4281 1963 4337 in
1995 4282 2196 4336 exstasi
2249 4281 2443 4346 lactus,
2491 4281 2724 4335 adventu
2777 4278 2950 4335 sancti
2990 4276 3229 4348 Spiritus
3264 4275 3493 4345 septima

1909 4372 1994 4426 die
2027 4372 2484 4441 apprehemleute,
2526 4370 2690 4439 cmpit
2735 4369 3047 4424 ministrare
3077 4367 3186 4421 Deo
3233 4380 3331 4436 per
3378 4365 3494 4419 sin-

1909 4465 2062 4535 gulos
2088 4465 2219 4518 dies.
2264 4464 2331 4518 Et
2373 4471 2495 4533 post
2535 4461 2752 4531 aliquod
2781 4471 2992 4531 tempus
3023 4459 3128 4513 ﬁde
3166 4466 3221 4513 et
3248 4455 3496 4512 oratione

217 4589 350 4635 ante
377 4595 589 4650 porcos,
620 4595 683 4632 ne
710 4579 844 4648 forte
874 4575 1172 4630 conculcent
1199 4592 1286 4628 eas
1323 4574 1570 4645 pedibus,
1595 4583 1643 4628 et
1679 4563 1806 4628 cori-

1915 4555 2079 4623 caapit
2107 4555 2323 4624 propria
2356 4569 2519 4608 manu
2569 4553 2808 4607 scribere
2837 4548 3248 4605 ministrationis
3292 4555 3494 4618 myste-

219 4671 363 4726 ttersi
403 4678 644 4738 rumpant
672 4685 756 4722 vos
787 4666 998 4738 (Matth.
1025 4681 1119 4731 vn,
1147 4664 1224 4737 6).
1256 4685 1276 4719 s

841 4801 967 4856 CAP.
1007 4799 1208 4855 CLXII.

296 4914 568 4979 Isidorus,
610 4912 886 4983 Spalensis
927 4912 1182 4967 Ecclesiae
1220 4912 1534 4983 episcopus,
1573 4913 1628 4968 in
1672 4913 1810 4970 libro

221 5008 540 5066 OIIiciorum
603 5007 840 5062 secundo
896 5006 1033 5076 (cap.
1097 5003 1152 5076 5)
1210 5005 1290 5059 sic
1350 5005 1482 5059 dicit
1540 5023 1553 5059 :
1598 5025 1616 5058 ι
1653 5005 1808 5074 Quod

219 5115 360 5156 vero
400 5097 558 5153 unius
591 5097 867 5166 virginalis
918 5095 1246 5150 matrimonii
1295 5095 1406 5149 sint
1453 5097 1543 5166 qui
1600 5097 1806 5169 eligan-

221 5198 320 5244 tur
355 5190 410 5245 in
445 5189 690 5244 ordinem
727 5187 1108 5258 pontiﬁcatus,
1131 5195 1186 5242 et
1220 5187 1273 5242 in
1311 5187 1475 5241 veteri
1511 5188 1628 5257 lege
1658 5203 1809 5242 man-

221 5279 414 5334 datum
463 5287 582 5345 est,
633 5287 688 5333 et
743 5278 950 5347 plenius
1001 5277 1190 5333 scribit
1233 5277 1519 5348 Apostolus
1563 5279 1749 5333 dicens
1791 5296 1804 5332 :

223 5369 403 5425 Unius
474 5370 652 5424 uxoris
735 5369 926 5424 virum.

223 5464 302 5519 rit
350 5461 596 5518 Ecclesia
621 5470 715 5516 aut
739 5462 804 5518 de
829 5461 1170 5533 monogamia
1227 5459 1554 5525 ordinatum,
1601 5467 1694 5513 aut
1739 5461 1805 5514 de

223 5553 593 5624 virginalitate
640 5563 905 5609 sanctum.
963 5555 1006 5610 A
1053 5555 1266 5626 digamo
1326 5565 1507 5608 autem
1560 5554 1807 5608 aufertur

225 5658 396 5715 agere
436 5645 818 5699 sacerdotium.
864 5645 1034 5700 Porro
1087 5646 1228 5714 quod
1271 5646 1555 5715 episcopus
1602 5662 1707 5699 non
1741 5647 1808 5700 ab

225 5751 365 5804 uno,
387 5737 480 5792 sed
504 5752 534 5792 a
564 5739 1201 5808 cunctisprovincialibus
1226 5739 1490 5810 episcopis
1511 5739 1809 5802 ordinatur,

228 5831 288 5888 id
314 5841 534 5902 propter
556 5831 794 5890 haereses
823 5835 1130 5904 agnoscitur
1159 5835 1479 5897 institutum,
1507 5850 1573 5889 ne
1609 5835 1812 5904 aliquid
1857 5831 1876 5866 ἒ

1897 5905 1904 5914 ι

1007 5366 1356 5424 Sacerdotem
1439 5367 1584 5422 enim
1659 5372 1826 5437 quae-‘

1915 4643 2035 4708 ria;
2085 4652 2246 4712 atque
2280 4644 2332 4696 in
2374 4659 2477 4696 una
2529 4650 2686 4696 nocte
2734 4642 3026 4695 adveniens
3074 4640 3124 4695 ei
3158 4639 3416 4694 Dominus
3440 4638 3494 4694 in

1913 4733 2123 4788 visione
2150 4749 2274 4788 cum
2304 4733 2580 4804 apostolis,
2612 4731 3034 4801 propositionem
3090 4729 3246 4801 panis
3289 4728 3496 4784 faciens

1914 4823 1970 4878 in
2002 4831 2189 4878 sancto
2245 4822 2421 4885 altari,
2455 4821 2715 4876 excitavit
2763 4820 3020 4875 Basiliu—m
3050 4819 3234 4876 dicens
3263 4819 3350 4873 ei:
3399 4817 3496 4873 Se-

1914 4914 2142 4967 cundum
2170 4923 2313 4966 tuam
2341 4911 2743 4984 postulationem
2767 4912 3028 4982 repleatur
3055 4928 3111 4965 os
3136 4921 3284 4965 tuum
3313 4909 3492 4976 laude,

1914 5013 1971 5056 ut
1997 5019 2088 5073 per
2115 5005 2352 5074 proprios
2385 5019 2646 5058 sermones
2682 5003 2874 5073 oﬁ'eras
2903 5001 3303 5072 insanguineum
3329 5001 3494 5055 sacri-

1911 5096 2112 5165 ﬁcium.
2170 5095 2273 5162 Qui
2330 5111 2438 5151 non
2490 5095 2672 5151 ferens
2711 5095 2882 5150 oculis
2919 5095 3206 5159 visionem,
3257 5094 3496 5150 surrexit

1913 5203 2036 5242 cum
2067 5195 2321 5254 tremore,
2347 5195 2402 5243 et
2442 5189 2706 5244 accedens
2731 5189 2797 5244 ad
2827 5195 3072 5243 sanctum
3112 5186 3302 5254 altare,
3330 5189 3495 5259 coepit

1914 5278 2114 5342 dicere,
2144 5279 2387 5334 scribens
2415 5280 2468 5335 in
2519 5280 2708 5336 charta
2754 5279 2868 5335 sic:
2914 5279 3197 5350 Repleatur
3219 5297 3275 5334 os
3320 5296 3494 5334 meum

1913 5368 2092 5435 laude,
2144 5380 2198 5423 ut
2255 5372 2501 5441 hymnum
2549 5372 2690 5426 dicat
2717 5371 2899 5444 glorite
2927 5381 3052 5437 tute,
3085 5371 3305 5426 Domine
3332 5370 3491 5436 Deus,

1909 5460 1999 5530 qui
2019 5462 2206 5514 creasti
2236 5478 2328 5516 nos
2350 5473 2396 5517 et
2419 5463 2690 5517 adduxisti
2716 5464 2770 5517 in
2807 5464 2966 5517 vitam
2995 5462 3152 5528 hanc,
3179 5471 3234 5518 et
3267 5473 3495 5518 caeteras

1905 5551 2188 5614 orationes
2218 5555 2394 5608 sancti
2423 5555 2725 5610 ministerii.
2755 5555 2819 5609 Et
2851 5563 2971 5625 post
3001 5554 3162 5608 ﬁnem
3186 5553 3493 5607 orationum

1913 5642 2170 5698 exultavit
2195 5660 2409 5714 panem,
2439 5647 2554 5700 sine
2584 5648 2982 5712 intermissione
3001 5661 3164 5700 orans
3189 5653 3244 5699 et
3272 5644 3489 5699 dicens;

1915 5734 2148 5805 Παρία»,
2180 5737 2399 5792 Domine
2427 5739 2554 5793 Jesu
2582 5739 2788 5796 Christe
2830 5740 2967 5794 Deus
3007 5749 3199 5802 noster,
3226 5754 3290 5791 ex
3312 5745 3491 5790 sancto

1914 5827 2211 5884 habitacula
2264 5843 2372 5898 tuo,
2417 5845 2461 5887 et
2504 5835 2613 5888 veni
2643 5835 2711 5886 ad
2749 5833 3184 5902 sartctiﬁcandum
3236 5847 3346 5894 nos,
3401 5829 3490 5903 qui
