4000 6352
561 354 669 437 739

1674 377 1904 437 mrtem
1945 375 2378 435 PARISIENSIS
2423 364 2737 434 EPISCOPI

3690 376 3767 443 7ιο

559 514 773 557 sursum
810 493 962 552 Patri
988 498 1251 564 consedes,
1281 511 1326 555 et
1350 498 1433 552 hic
1467 498 1613 552 nobis
1648 495 1975 551 invisibiliter
2011 512 2143 548 coes.
2179 503 2228 559 Α
2257 493 2357 547 diei
2391 508 2453 546 ac
2488 501 2654 546 sextae
2684 491 2832 547 feriae
2868 506 2969 561 per
3012 490 3254 560 singulas
3279 490 3623 550 hebdomadas
3653 510 3770 569 repa-

498 594 509 603 ’
563 584 795 666 Dignare
818 601 1011 662 potenti
1042 608 1199 644 manu
1228 600 1318 643 tua
1377 589 1582 643 tradere
1625 589 1862 650 nobis,et
1910 603 2002 656 per
2054 602 2147 638 nos

563 680 707 761 omni
735 683 924 754 populo
956 693 1138 737 sancta
1160 683 1373 735 sanctis.
1409 680 1643 749 Populus
1668 679 1973 748 respondit:
2001 675 2149 730 Unus

562 786 797 841 sanctus,
832 792 965 829 unus
1024 775 1275 829 Dominus
1334 775 1487 829 Jesus
1540 771 1778 827 Christus
1811 786 1929 825 cum
1968 778 2150 823 sancto

566 854 765 935 Spiritu
793 866 847 918 in
881 865 1051 935 gloria
1080 864 1173 919 Dei
1200 863 1400 930 Patris,
1437 863 1620 918 Amen.
1653 862 1721 917 Et
1767 862 2013 921 dividens
2058 874 2151 928 pa-

566 948 688 1011 nem
726 956 778 1009 in
819 963 927 1010 tres
948 964 1149 1027 partes,
1183 970 1290 1010 una
1320 955 1538 1026 quidem
1584 953 2004 1009 communicavit
2028 967 2150 1006 cum

567 1044 762 1102 timore
788 1047 995 1113 multo;
1026 1048 1251 1102 alteram
1296 1055 1475 1102 autem
1513 1045 1806 1102 reservavit
1833 1041 2153 1114 consepeliri

566 1134 709 1203 s'ibi;
745 1140 964 1192 tertiam
995 1153 1125 1193 vero
1169 1140 1453 1209 imponens
1506 1138 1767 1194 columba:
1823 1151 2019 1202 aureae,
2052 1150 2150 1205 pe-

565 1231 752 1302 pendit
788 1245 952 1301 super
987 1230 1177 1286 altare.
1201 1251 1221 1282 ι

1154 1336 1282 1393 CAP.
1319 1337 1567 1393 CLXVII.

580 1508 585 1513 _
644 1450 707 1505 Et
741 1457 863 1520 post
888 1464 1062 1519 pauca
1094 1448 1169 1503 ita
1199 1448 1455 1504 scribitur
1505 1465 1517 1500 :
1569 1466 1585 1499 ι
1637 1444 1836 1501 Sancta
1882 1446 2156 1500 exaltante

568 1552 759 1608 sancto
787 1542 1023 1609 Basilio,
1051 1540 1268 1612 signum
1302 1554 1407 1593 non
1454 1537 1557 1591 fuit
1605 1537 1804 1592 factum
1853 1538 1994 1591 sicut
2038 1543 2157 1589 erat

570 1616 812 1711 solitum,
843 1633 1053 1688 moveri
1084 1631 1338 1686 videlicet
1375 1630 1712 1694 columbam,
1747 1643 1864 1696 quae
1903 1643 2025 1682 cum
2069 1642 2157 1680 sa-

571 1705 854 1783 cramento
895 1724 1179 1779 Dominico
1210 1722 1480 1792 pendebat
1511 1736 1672 1790 super
1711 1720 1878 1774 altare
1898 1761 1912 1785 ,
1943 1733 2158 1789 semper

571 1820 642 1876 ad
684 1819 1069 1875 exaltationem
1099 1814 1274 1871 sancti
1316 1812 1571 1868 sacrificii
1604 1813 1805 1866 moveri
1836 1820 1919 1865 ter
1953 1810 2152 1865 solens.

570 1912 639 1967 Et
661 1910 934 1980 cogitante
962 1923 1027 1963 eo
1048 1906 1177 1978 quid
1203 1907 1306 1960 hoc
1337 1912 1504 1968 esset,
1530 1902 1662 1955 vidit
1690 1918 1853 1955 unum
1888 1900 2155 1955 ventilan-

573 1984 705 2055 tium
741 1999 1025 2053 diaconem
1067 1995 1381 2049 innuentem
1424 1991 1637 2046 mulieri
1689 1990 1959 2045 inclinata:
2002 1991 2159 2044 deor-

572 2076 721 2156 sum;
756 2097 805 2144 et
839 2097 1200 2156 transponens
1225 2099 1349 2138 eum
1376 2083 1443 2137 de
1472 2081 1628 2135 altari
1655 2122 1669 2147 ,
1694 2079 1833 2135 infra
1872 2079 2157 2135 ecclesiam

566 2172 728 2249 jussit
757 2176 1050 2241 custodiri;
1082 2184 1138 2230 et
1180 2174 1257 2228 ita
1279 2173 1468 2227 videns
1500 2173 1671 2232 sancti
1700 2171 1931 2240 Spiritus
1951 2172 2162 2242 (adven-

573 2262 715 2335 tum,
740 2271 989 2325 hortatus
1032 2275 1118 2323 est
1162 2282 1377 2323 omnem
1412 2265 1666 2336 populum
1719 2273 1923 2335 septem
1971 2263 2162 2320 diebus

572 2358 771 2417 ibidem
793 2360 848 2414 in
874 2359 1122 2415 oratione
1145 2370 1387 2412 manere.
1427 2375 1445 2408 ι

1156 2470 1286 2526 CAP.
1320 2468 1592 2526 CLXVIII.

640 2584 722 2639 Ad
752 2584 1206 2665 augmentandum
1235 2596 1260 2625 ε
1294 2584 1458 2637 totius
1484 2582 1757 2652 pudicitiae
1777 2581 2008 2637 nitorem
2038 2583 2161 2636 bea-

572 2681 661 2758 tus
689 2672 927 2729 Joannes
954 2671 1288 2743 evangelista
1318 2673 1390 2725 ita
1421 2670 1794 2727 concludendo
1821 2671 2159 2741 exsequitur,

573 2758 2158 2819 dicens:.......................

1165 2969 1293 3025 CAP.
1331 2968 1560 3025 CLXIX.

604 3145 608 3149 4
645 3079 721 3134 De
742 3078 828 3134 his
854 3080 945 3150 qui
976 3080 1345 3135 ecclesiastica
1370 3080 1577 3149 jejunia
1611 3080 1815 3150 absque
1835 3080 2164 3135 necessitate

576 3170 892 3237 dissolvunt,
917 3171 970 3225 in
997 3172 1226 3227 concilio
1258 3171 1560 3243 Gangrensi
1593 3171 1669 3226 ita
1698 3171 1959 3242 scriptum
1987 3180 2088 3226 est.
2110 3209 2125 3225 .
2144 3209 2159 3224 .

578 3310 594 3325 ο
637 3311 650 3325 0
692 3313 706 3327 ο
754 3312 766 3325 0
812 3311 826 3325 0
866 3311 879 3325 0
923 3312 937 3325 0
981 3310 994 3324 ο
1041 3312 1054 3324 0
1098 3310 1114 3325 0
1154 3310 1168 3324 0
1213 3311 1226 3325 0
1274 3309 1288 3324 0
1332 3312 1344 3324 ο
1391 3310 1404 3323 ο
1446 3309 1460 3324 0
1504 3309 1518 3322 ο
1564 3308 1579 3323 0
1624 3308 1638 3323 0
1684 3308 1698 3322 0
1745 3307 1759 3321 0
1800 3306 1813 3321 0
1854 3307 1868 3322 0
1914 3306 1927 3320 0
1969 3306 1982 3319 0
2028 3304 2042 3319 0
2088 3304 2102 3319 0
2143 3305 2159 3320 0

1179 3401 1309 3458 CAP.
1350 3400 1556 3457 CLXX.

590 3546 593 3549 ι
645 3512 721 3567 De
768 3512 870 3567 hoc
911 3511 1055 3582 quod
1094 3511 1338 3567 Ecclesia
1378 3511 1623 3568 Romana
1670 3510 2090 3581 reprehenditur
2132 3526 2165 3567 a

573 3601 779 3658 Graecis
812 3617 983 3673 quare
1016 3600 1284 3671 jejunium
1321 3612 1445 3673 agat
1491 3602 1546 3656 in
1590 3599 1859 3665 Sabbatis.
1903 3601 2166 3657 Innocen-

574 3695 686 3749 tius
730 3710 870 3765 papa
920 3695 1024 3749 hoc
1052 3692 1448 3749 rationabiliter
1486 3691 1728 3748 defendit
1768 3693 1822 3747 in
1861 3692 2164 3748 Decretali-

574 3783 695 3849 bus,
725 3800 845 3854 cap.
898 3784 955 3849 4,
1014 3784 1095 3840 sic
1142 3784 1329 3839 dicens
1381 3782 1551 3854 (epist.
1589 3784 1613 3837 l
1671 3783 1885 3839 Decent.
1926 3786 2165 3855 episcopo

575 3873 877 3945 Eugubino)
911 3889 926 3928 :
968 3892 987 3926 ι
1020 3873 1259 3929 Sabbato
1307 3888 1438 3929 vero
1476 3873 1832 3943 jejunandum
1863 3890 1985 3930 esse
2029 3868 2166 3932 ratio

572 3962 978 4018 evidentissima
1004 3963 1360 4018 demonstrat.
1408 3962 1542 4017 Nam
1570 3964 1614 4019 si
1645 3964 1784 4019 diem
1824 3965 2167 4021 Dominicum

574 4049 646 4105 ob
687 4051 1052 4105 venerabilem
1092 4051 1546 4109 resurrectionem
1586 4052 1799 4109 Domini
1838 4056 2009 4110 nostri
2038 4053 2165 4113 Iesu

577 4142 784 4198 Christi
810 4156 919 4196 non
974 4142 1148 4197 solum
1201 4143 1253 4196 in
1307 4141 1511 4198 Pascha
1560 4144 1932 4211 celebramus,
1978 4159 2167 4200 verum

577 4236 741 4291 etiam
769 4250 865 4305 per
887 4236 1130 4306 singulos
1145 4236 1382 4292 circulos
1393 4237 1853 4293 hebdomadarum
1874 4238 2044 4307 ipsius
2060 4238 2166 4293 diei

574 4326 867 4395 imaginem
923 4325 1368 4398 frequentamus,
1425 4345 1489 4384 ac
1542 4338 1693 4384 sexta
1758 4329 1915 4409 feria’
1948 4338 2168 4399 propter

570 4418 885 4489 passionem
920 4417 1130 4473 Domini
1151 4418 1492 4490 jejunamus,
1518 4418 1813 4475 Sabbatum
1845 4421 2168 4489 praetermit-

574 4519 693 4565 tere
741 4525 847 4564 non
879 4510 1172 4575 debemus,
1215 4511 1305 4580 qui
1338 4514 1479 4566 inter
1520 4511 1795 4567 tristitiam
1842 4520 2003 4583 atque
2034 4513 2167 4568 laeti-

572 4601 709 4656 tiam
749 4602 1006 4672 temporis
1046 4603 1189 4657 illius
1218 4603 1433 4658 videtur
1482 4602 1743 4659 inclusus.
1795 4603 1931 4659 Nam
1978 4607 2163 4675 utique

572 4701 790 4749 constat
832 4693 1106 4763 apostolos
1131 4695 1293 4749 biduo
1323 4695 1429 4748 isto
1454 4702 1508 4747 et
1533 4694 1587 4748 in
1608 4707 1843 4750 maerore
1882 4695 2071 4762 fuisse,
2106 4704 2162 4751 et

570 4792 798 4853 propter
823 4791 1024 4839 metum
1051 4782 1357 4839 Judteorum
1379 4799 1438 4839 se
1456 4779 1776 4839 occuluisse.
1802 4784 1953 4852 Quod
1980 4786 2162 4855 utique

573 4889 687 4929 non
720 4873 941 4928 dubium
966 4883 1051 4928 est
1079 4875 1135 4929 in
1172 4884 1380 4929 tantum
1410 4889 1507 4930 eos
1537 4874 1809 4945 jejunasse
1848 4876 2015 4932 biduo
2045 4892 2160 4931 meo

572 4974 820 5028 morato,
853 4974 911 5018 ut
952 4966 1171 5021 traditio
1208 4966 1462 5021 Ecclesiae
1502 4967 1701 5022 habeat
1731 4966 1839 5023 isto
1881 4969 2045 5024 biduo
2075 4985 2162 5024 sa-

572 5065 859 5113 cramenta
882 5059 1092 5126 penitus
1119 5075 1227 5114 non
1253 5060 1536 5115 celebrari.
1596 5060 1726 5129 Quae
1773 5060 1947 5117 forma
1978 5064 2162 5134 utique

569 5161 680 5218 per
707 5146 943 5217 singulas
992 5151 1220 5206 tenenda
1268 5158 1356 5206 est
1403 5150 1790 5219 hebdomadas,
1839 5162 2063 5223 propter
2110 5155 2164 5210 id

572 5240 724 5310 quod
743 5245 1182 5299 commemoratio
1207 5245 1313 5300 diei
1340 5246 1485 5301 illius
1511 5260 1725 5316 semper
1761 5256 1844 5302 est
1883 5248 2164 5305 celebran-

574 5334 672 5394 da.
709 5331 860 5400 Quod
902 5336 947 5390 si
993 5345 1181 5407 putant
1223 5337 1389 5392 semel
1422 5345 1586 5407 atque
1618 5353 1728 5393 uno
1750 5338 1988 5396 Sabbato
2016 5340 2161 5413 jeju—

581 5429 840 5497 nandum,
862 5448 993 5503 ergo
1014 5442 1069 5488 et
1097 5433 1454 5500 Dominicum,
1488 5442 1544 5489 et
1569 5443 1722 5491 sexta
1763 5435 1894 5492 feria
1917 5438 2085 5494 semel
2110 5440 2162 5494 in

574 5520 789 5577 Pascha
819 5524 924 5578 erit
950 5526 1134 5595 utique
1170 5524 1573 5582 celebrandum.
1602 5527 1660 5584 Si
1686 5538 1867 5585 autem
1898 5531 2162 5587 Dominici

586 5749 599 5763 .
655 5691 680 5719 ι
811 5680 1276 5763 augmentandum.
1316 5681 1414 5737 Hic
1439 5693 1520 5739 est
1537 5684 1735 5763 _titulus
1767 5702 1885 5755 cap.
1916 5686 2039 5763 l6_8,
2073 5690 2166 5763 qui

585 5752 639 5806 in
667 5752 826 5805 editis
854 5752 1281 5816 desiderabatur,
1314 5768 1377 5807 ac
1425 5756 1701 5809 restitutus
1722 5769 1804 5809 est
1835 5752 1910 5811 'ex
1941 5752 2166 5815 elenc'ho

584 5821 842 5893 capitum.
879 5820 1047 5890 Quem
1080 5818 1303 5877 JOannis
1358 5824 1532 5879 locum
1592 5826 1891 5881 laudaverit
1939 5827 2163 5896 (Encas,

2254 588 2420 641 rando
2478 586 2655 653 imago
2683 593 2795 645 cst,
2825 585 3090 639 dementis
3128 594 3209 639 est
3233 584 3377 639 bidui
3406 602 3553 657 agere
3591 603 3769 646 consae-

2257 678 2497 731 tudinem
2542 674 2780 731 Sabbato
2819 677 3206 745 praetermisso,
3234 690 3356 729 cum
3412 692 3512 730 non
3559 678 3771 748 disparem

2257 771 2455 827 habeat
2499 786 2752 834 causam;
2789 786 2819 823 a
2849 778 3002 824 sexta
3034 768 3284 824 videlicet
3316 768 3469 833 feria,
3499 770 3547 824 in
3580 786 3667 841 qua
3690 772 3772 828 Do-

2256 862 2438 915 minus
2458 876 2652 931 passus
2675 869 2773 923 est,
2801 862 3016 929 quando
3043 870 3099 913 et
3132 861 3200 914 ad
3227 859 3427 914 inferos
3449 860 3561 926 fuit,
3582 872 3634 916 ut
3655 865 3772 919 tertia

2257 952 2344 1006 die
2392 966 2680 1024 resurgens
2729 952 2982 1005 redderet
3010 951 3252 1005 laetitiam
3278 961 3400 1021 post
3423 953 3681 1008 biduanam
3704 958 3775 1010 tri-

2259 1042 2463 1099 Stitiam
2494 1042 2913 1113 praecedentem.
2956 1040 3072 1096 Non
3099 1057 3230 1112 ergo
3256 1058 3355 1097 nos
3394 1057 3629 1113 negamus
3662 1058 3775 1100 sexta

2259 1132 2396 1188 feria
2420 1130 2772 1201 jejunandum
2790 1173 2804 1197 ,
2830 1133 2927 1186 sed
2970 1133 3200 1187 dicimus
3227 1140 3276 1186 et
3304 1131 3524 1187 sabbato
3547 1133 3636 1188 hoc
3658 1148 3779 1202 agea-

2260 1227 2409 1287 dum.
2441 1226 2566 1296 quia
2593 1226 2754 1280 ambo
2782 1226 2901 1281 dies
2926 1226 3201 1280 tristitiam
3231 1225 3508 1295 apostolis,
3530 1225 3604 1280 vel
3622 1226 3691 1280 his
3713 1227 3777 1296 qui

2261 1316 2535 1372 Christum
2574 1316 2743 1371 secuti
2771 1324 2917 1383 sunt,
2945 1316 3290 1371 induxerunt.
3322 1314 3427 1382 Qui
3452 1315 3533 1370 die
3558 1315 3780 1370 Dominico

2259 1408 2497 1474 hilarati,
2528 1423 2636 1463 non
2674 1408 2846 1464 solum
2877 1408 3050 1477 ipsum
3080 1407 3485 1464 festivissimum
3512 1423 3619 1463 esse
3648 1408 3781 1461 volue-

2262 1510 2406 1567 runt,
2431 1516 2621 1558 verum
2644 1503 2811 1558 etiam
2835 1517 2932 1572 per
2958 1516 3148 1557 omnes
3179 1499 3543 1558 hebdomadas
3585 1500 3782 1570 frequen-

2261 1595 2483 1648 tandum
2511 1609 2633 1650 esse
2661 1594 2954 1649 duxerunt.
2979 1613 2998 1645 ι

2857 1704 2988 1760 CAP.
3016 1703 3247 1759 CLXXI.

2334 1816 2409 1869 De
2435 1816 2540 1871 hac
2567 1830 2627 1870 re
2652 1814 2950 1871 sciscitanti
2987 1814 3195 1869 Lucino
3225 1813 3581 1884 Hieronymus
3608 1826 3784 1883 respon-

2263 1910 2413 1975 dens,
2440 1910 2582 1963 inter
2611 1919 2806 1964 etetera
2838 1908 3100 1978 rescripta
3125 1905 3396 1977 epistolas,
3419 1906 3495 1960 sic
3517 1905 3634 1959 dicit
3656 1905 3784 1975 (epist.

2261 1999 2397 2071 28):
2441 2018 2461 2054 ι
2494 1999 2570 2054 De
2624 1997 2863 2054 Sabbato
2926 1998 3069 2069 quod
3109 1998 3312 2067 quaeris
3376 2003 3549 2050 utrum
3596 1996 3786 2065 ieiunan-

2263 2090 2391 2144 dum
2437 2089 2539 2155 sit,
2585 2097 2643 2143 et
2677 2089 2742 2143 de
2785 2088 3117 2144 eucliaristia
3146 2103 3214 2141 an
3249 2087 3557 2157 accipienda
3584 2086 3785 2155 quotidie,

2265 2181 2409 2250 quod
2434 2179 2679 2234 Romana
2708 2179 2947 2234 Ecclesia
2972 2187 3027 2234 et
3054 2178 3333 2249 Hispaniae
3355 2191 3632 2232 Observare
3653 2176 3788 2246 prohi-

2264 2274 2481 2337 bentur,
2507 2271 2729 2342 scripsit
2753 2272 2969 2341 quidem
2996 2280 3050 2325 et
3078 2269 3402 2341 Hippolytus
3442 2269 3523 2323 vir
3560 2267 3789 2323 disertissi-

2265 2378 2406 2430 mus,
2437 2370 2492 2417 et
2514 2362 2744 2431 carptim
2774 2361 2972 2416 diversi
2995 2373 3248 2415 auctores
3276 2361 3336 2415 in
3356 2360 3523 2415 variis
3542 2359 3789 2413 auctoribus

2264 2455 2514 2519 edidere;
2543 2453 2637 2509 sed
2649 2467 2750 2522 ego
2771 2452 2901 2508 illud
2924 2453 3161 2507 breviter
3186 2460 3237 2506 te
3265 2450 3650 2506 admonendum
3667 2456 3788 2518 puto:

2267 2546 2586 2601 traditiones
2626 2543 3054 2607 ecclesiasticas,
3098 2542 3402 2612 praesertim
3447 2555 3561 2610 quae
3588 2539 3689 2594 fidei
3716 2555 3790 2592 non

2265 2635 2502 2693 officiant
2527 2676 2542 2701 ,
2576 2635 2648 2689 ita
2678 2634 3044 2689 observandas
3068 2674 3081 2696 ,
3124 2641 3184 2687 ut
3231 2647 3261 2686 a
3314 2632 3602 2702 majoribus
3635 2630 3791 2685 tradit:

2264 2739 2412 2795 sunt,
2442 2743 2544 2783 nec
2570 2728 2795 2782 aliarum
2828 2727 3270 2782 consuetudinem
3292 2767 3308 2791 ,
3335 2726 3557 2781 aliarum
3580 2722 3791 2780 contrario

2262 2828 2417 2876 more
2443 2821 2731 2877 subvertit.
2748 2821 2922 2890 Atque
2950 2821 3156 2873 utinam
3181 2819 3333 2873 onini
3356 2828 3589 2888 tempore
3608 2816 3791 2886 jejuaarc

2265 2926 2585 2985 possemus.‘
2602 2915 2752 2982 Quod
2776 2914 2829 2966 in
2858 2913 3079 2967 Actibus
3103 2912 3473 2983 apostolorum
3511 2909 3676 2966 diebus
3694 2906 3791 2962 Pea-

2266 3013 2490 3069 tecoste,
2518 3013 2574 3059 et
2602 3005 2687 3057 die
2725 3000 3007 3057 Dominico
3057 3002 3365 3072 apostolum
3396 3002 3610 3056 Paulum
3641 3008 3686 3054 et
3706 3010 3791 3051 cun

2267 3113 2332 3153 eo
2384 3099 2670 3154 credentes
2698 3094 2893 3151 fecisse
2922 3095 3182 3166 legimus;
3208 3110 3310 3150 nec
3345 3104 3523 3150 tamen
3551 3089 3792 3147 Manicbu

2193 3219 2238 3282 ρ
2270 3190 2542 3244 haereseos
2594 3187 2886 3243 accusandi
2915 3194 3062 3251 sunt,
3092 3202 3215 3242 cum
3258 3186 3499 3241 carnalis
3534 3185 3669 3240 cibus
3695 3195 3791 3251 pre-

2270 3280 2398 3335 ferri
2439 3296 2544 3335 non
2603 3280 2853 3335 debuerit
2894 3279 3143 3350 spiritali.
3198 3279 3591 3334 Eucharistiam
3635 3286 3792 3345 quoque

2269 3373 2473 3442 absque
2499 3371 2949 3428 condemnatione
2976 3372 3170 3435 nostri,
3200 3380 3253 3426 et
3280 3383 3553 3442 pungente
3575 3368 3794 3426 conscien-

2268 3464 2374 3530 tia,
2402 3479 2615 3535 semper
2654 3463 2901 3532 accipere
2925 3504 2939 3528 ,
2984 3471 3040 3518 et
3068 3461 3421 3519 Psalmistam
3452 3463 3625 3517 audire
3654 3459 3792 3514 dicea-

2268 3564 2378 3610 tem
2408 3572 2421 3608 :
2460 3554 2677 3610 Gustata
2706 3565 2754 3611 et
2782 3555 2947 3610 videte
2992 3557 3241 3627 quoniam
3274 3556 3459 3610 suavis
3485 3563 3555 3611 est
3594 3551 3792 3607 Domina

2270 3646 2441 3718 (Psal.
2477 3663 2674 3713 χχχιιι,
2706 3648 2782 3719 9).
2816 3648 3031 3703 Etcum
3070 3663 3138 3703 eo
3160 3663 3365 3705 canere
3414 3667 3427 3703 :
3464 3648 3704 3703 Eructarit
3733 3658 3794 3697 cor

2266 3754 2439 3791 meum
2470 3740 2678 3793 verbum
2725 3739 2913 3791 bonum
2943 3736 3115 3809 (Psal.
3149 3755 3294 3806 κων,
3333 3739 3411 3811 2).
3452 3738 3555 3794 Nec
3590 3740 3676 3793 hoc
3708 3735 3793 3787 dico

2267 3845 2376 3900 quo
2398 3830 2549 3885 festis
2572 3830 2759 3885 diebus
2779 3827 3132 3899 jejunandum
3159 3839 3374 3901 putem,
3403 3840 3459 3886 et
3484 3837 3729 3887 contortas
3755 3825 3793 3878 in

2269 3922 2657 3993 quinquaginta
2686 3921 2874 3975 diebus
2900 3921 3065 3976 ferias
3087 3922 3357 3988 auferam,
3390 3924 3480 3979 sed
3520 3929 3794 3989 unaquaeque

2268 4013 2544 4083 provincia
2573 4012 2809 4067 abundet
2838 4014 2893 4066 in
2930 4029 3093 4069 sensu
3128 4029 3255 4079 suo,
3296 4025 3356 4070 et
3384 4023 3634 4086 praecepta
3672 4009 3795 4075 ηιαςοσ

2270 4118 2389 4157 rum
2419 4102 2564 4175 leges
2596 4103 2919 4172 apostolicas
2958 4105 3273 4160 arbitretur.
3308 4126 3329 4158 ι

2857 4216 2988 4273 CAP.
3015 4216 3267 4274 CLXXII.

2336 4328 2469 4409 Item
2495 4328 2755 4394 Isidorus,
2789 4327 3066 4398 Spalensis
3094 4331 3406 4401 episcopus,
3436 4330 3488 4385 in
3518 4329 3672 4401 primo
3695 4324 3794 4377 libro

2268 4417 2581 4475 Ofﬁciorum
2631 4419 2767 4490 (cap.
2801 4420 2870 4474 42
2911 4431 2957 4475 et
2987 4420 3078 4493 45)
3105 4463 3119 4487 ,
3150 4422 3215 4477 de
3257 4422 3590 4477 diversorum
3631 4418 3793 4472 dierum

2271 4528 2336 4568 ac
2390 4522 2696 4582 temporum
2746 4513 2968 4584 jejuniis
3021 4515 3164 4569 inter
3193 4526 3394 4573 caetera
3448 4518 3525 4573 sic
3571 4516 3791 4583 disputat:

2190 4590 2241 4651 D
2272 4624 2291 4656 ι
2322 4604 2524 4658 Prteter
2577 4605 2690 4657 haec
2719 4612 2899 4661 autem
2948 4605 3186 4681 legitima
3236 4616 3479 4678 tempora
3505 4604 3791 4675 jejuniomm.

2265 4693 2411 4750 omni
2447 4700 2599 4748 sexta
2632 4692 2765 4747 feria
2803 4705 3023 4765 propter
3067 4698 3377 4766 passionem
3413 4696 3617 4751 Domini
3650 4709 3675 4746 a
3708 4688 3793 4758 qvi-

2264 4785 2489 4839 busdam
2513 4781 2805 4852 jejunatur.
2851 4784 2957 4841 Sed
2997 4795 3053 4841 et
3102 4787 3316 4843 sabbati
3366 4789 3485 4844 dies
3510 4804 3539 4841 a
3578 4783 3792 4857 plerisque

2264 4883 2486 4947 propter
2505 4876 2651 4945 quod
2684 4874 2737 4929 in
2766 4891 2835 4932 eo
2875 4876 3124 4933 Christus
3146 4879 3320 4948 jacuit
3349 4882 3402 4936 in
3430 4880 3673 4951 sepulcro,
3694 4872 3793 4940 jeju-

2260 4968 2356 5023 nio
2369 4976 2717 5025 consecratus
2733 4968 2930 5025 habeto
2939 4984 2984 5034 r,
3000 4969 3208 5026 scilicet
3225 4986 3295 5027 ne
3315 4970 3515 5027 Iudaeis
3533 4960 3792 5025 exsultando

2262 5067 2583 5128 praestetur,
2605 5059 2752 5130 quod
2777 5058 3029 5117 Christus
3055 5061 3277 5118 sustulit
3313 5064 3591 5119 moriendo
3610 5101 3626 5125 ,
3655 5078 3671 5110 ι
3712 5062 3789 5109 elc-

2267 5166 2428 5221 usque
2448 5150 2519 5206 ad
2539 5150 2716 5218 ﬁnem,
2751 5167 2868 5221 cap.
2897 5151 2989 5207 45.

2846 5263 2975 5319 CAP.
3009 5264 3285 5321 CLXXIII.

2339 5356 2397 5411 In
2426 5356 2653 5413 concilio
2699 5356 3013 5413 Laodicensi
3043 5398 3057 5422 ,
3085 5375 3204 5430 cap.
3250 5360 3273 5413 l
3308 5359 3445 5431 (cap.
3474 5357 3563 5421 50,
3586 5371 3643 5431 ea;
3674 5355 3792 5406 inter-

2269 5455 2400 5515 pret.
2440 5445 2676 5517 Dionysii
2707 5446 2925 5520 Exigui)
2962 5467 2975 5501 τ
3009 5448 3133 5504 Non
3156 5450 3337 5531 debere
3355 5450 3613 5520 jejunium
3634 5443 3735 5500 solvi
3755 5439 3792 5492 ἔτι

2270 5540 2450 5611 quinta
2480 5540 2612 5610 feria
2636 5542 2854 5612 majoris
2883 5544 3202 5612 septimanaa.
3244 5562 3261 5594 ι
3301 5543 3453 5610 Quod
3481 5558 3578 5597 non
3603 5538 3791 5609 οροΐιθίιί

2276 5701 2418 5756 haud
2437 5702 2585 5827 1sgittis
2604 5704 2735 5758 scio.
2766 5703 2842 5757 Ex
2875 5704 3064 5759 eodem
3120 5705 3237 5760 loco
3282 5694 3789 5760 restituimustitnlull

2277 5788 2394 5827 CIII).
2434 5802 2437 5803 '
2504 5812 2555 5827 ι.

2277 5788 2394 5841 cap.
2434 5788 2555 5828 νιυυ.
