4000 6352
228 430 324 488 7H

1367 425 1566 482 LIBER
1605 425 1738 480 ADV
1752 425 1976 481 lillSUS
2013 425 2340 482 GlleCOS.

3388 414 3505 490 ne,

227 547 282 603 in
318 545 740 617 Quadragesima
789 544 841 599 in
891 542 1075 596 ultima
1105 541 1401 612 septimana
1441 539 1624 609 quinta
1651 540 1811 614 feria
1840 544 1888 602 Λ
1917 541 1968 594 in
2027 539 2148 593 cibo
2197 549 2354 594 utens
2407 538 2747 594 abstinentia:
2789 538 3002 608 perﬁcit
3043 544 3248 595 votum.
3291 535 3514 605 Quibus

223 639 482 712 jejunium
531 639 770 701 solvere,
831 646 1104 705 totamque
1157 633 1638 702 Quadragesimam
1694 633 1810 687 sine

226 731 574 786 veneratione
625 729 888 791 transire,
941 727 1221 796 magisque
1269 725 1557 780 conveniat
1595 740 1810 780 onmem

227 821 701 893 Quadragesimam
738 819 986 874 districto
1018 817 1265 873 venerari
1285 816 1512 885 jejunio.
1549 835 1567 868 ι

298 917 355 971 Si
383 929 512 985 ergo
537 929 640 968 uou
664 921 896 983 oportet,
924 919 980 966 ut
1003 912 1103 966 hoc
1124 920 1375 966 censetur
1397 910 1648 974 concilio,
1675 909 1813 966 solvi

221 1003 483 1075 jejunium
515 1006 567 1058 in
591 1003 757 1058 Ctena
787 1002 1020 1067 Domini,
1052 1001 1220 1056 multo
1249 1002 1423 1071 magis
1447 1012 1530 1055 est
1556 1001 1812 1056 indecens

227 1097 278 1152 id
309 1096 574 1168 agenthn'n
621 1096 674 1150 in
701 1094 886 1164 quinta
917 1101 970 1148 et
1007 1094 1234 1164 septima
1265 1092 1399 1147 feria
1437 1107 1534 1164 per
1573 1091 1814 1161 reliquas

226 1187 664 1258 Quadragesimae
689 1171 1072 1241 hebdomadas.

790 1277 920 1333 CAP.
959 1274 1233 1331 CLXXIV.

296 1372 451 1440 Quod
475 1371 638 1427 etiam
663 1370 922 1440 quaeritur
945 1383 1044 1424 cur
1072 1384 1178 1422 non
1207 1380 1484 1422 cessamus
1523 1373 1646 1422 octo
1675 1364 1811 1422 heb-

227 1461 546 1519 domadibus
579 1470 704 1516 ante
747 1460 956 1515 Pascha
989 1475 1018 1513 a
1057 1459 1303 1515 carnium
1341 1473 1435 1514 esu
1457 1499 1471 1524 ,
1497 1466 1553 1512 et
1601 1464 1812 1526 septem

227 1571 259 1611 a
283 1570 443 1612 caseo
466 1564 518 1611 et
545 1555 692 1620 ovis;
719 1554 786 1608 ad
811 1554 911 1608 hoc
933 1553 1171 1608 breviter
1196 1550 1650 1622 respondendum,
1683 1550 1811 1620 quia

229 1645 281 1700 in
324 1643 788 1716 Quadragesimali
813 1641 1019 1710 jejunio
1066 1657 1165 1696 nos
1191 1641 1490 1713 perfectius
1521 1642 1810 1696 Dominum

226 1736 521 1800 imitamur,
549 1735 642 1804 qui
665 1735 882 1789 eosdem
913 1734 1028 1789 dies
1059 1734 1414 1789 continuatim
1441 1775 1454 1800 ,
1488 1743 1547 1788 ut
1572 1733 1686 1802 ipse
1716 1733 1810 1788 Dei

224 1829 413 1892 Filius,
452 1827 790 1897 jejunamus,
834 1841 940 1880 non
986 1826 1320 1889 dirimentes,
1365 1843 1466 1883 nec
1514 1827 1808 1882 interrum-

1914 645 2041 701 ergo
2064 632 2212 686 deest
2234 631 2518 686 diversitas
2557 646 2620 686 ac
2671 630 3042 702 multiplicitas
3071 629 3364 696 fructuum,
3405 643 3505 684 ne-

1914 743 2180 798 quaquam
2214 727 2498 798 negabitur
2528 727 2682 782 cibus
2713 725 2782 780 ab
2808 726 2933 796 igne
2955 725 3229 780 decoctus.
3271 723 3472 780 Germa
3495 752 3512 772 -ι

1914 821 2004 874 nia
2033 820 2196 874 etiam
2237 834 2268 872 a
2298 817 2453 873 lactis
2487 828 2541 873 et
2571 818 2751 890 butyri
2778 834 2841 873 ac
2869 817 3036 880 casei,
3069 826 3124 873 et
3147 831 3374 874 ovorum
3401 832 3500 872 esu

1913 926 2014 982 per
2041 919 2206 966 totam
2239 910 2722 980 Quadragesimam
2753 911 3082 982 generaliter
3102 925 3210 966 non
3237 909 3506 975 abstinet;-

1913 1010 2139 1074 excepto
2168 1017 2327 1073 quem
2372 1010 2667 1071 spontanea
2695 1003 2919 1056 attrahit
2955 1002 3224 1057 voluntas.
3261 999 3508 1070 Denique,

1914 1093 2158 1149 nonnulli
2188 1091 2340 1147 luere
2367 1091 2688 1148 rationabile
2731 1092 3038 1162 iudicantes
3083 1091 3296 1148 solvere
3327 1089 3504 1146 absti-

1913 1186 2152 1242 nentiam
2177 1185 2232 1240 in
2259 1184 2424 1241 (Stena
2452 1184 2662 1240 Domini
2691 1195 2747 1240 et
2774 1185 3097 1252 Parasceve,
3117 1199 3239 1256 qua
3263 1185 3380 1242 dies
3397 1199 3500 1256 pro

1913 1277 2102 1335 dolore
2146 1278 2516 1350 apostolorum
2571 1278 2798 1350 ﬁguram
2857 1279 3021 1335 habet
3073 1277 3330 1342 tristitiae,
3379 1276 3505 1333 esui

1913 1386 2160 1438 ovorum,
2186 1364 2530 1435 casei,'lactis
2550 1379 2622 1438 et.
2644 1370 2808 1425 butiri
2844 1369 3082 1425 indebite
3109 1378 3166 1424 et
3195 1368 3392 1424 stolide
3413 1368 3498 1422 in-

1913 1463 2212 1534 dulgentes.
2270 1461 2454 1532 Itaque
2493 1463 2666 1517 donec
2702 1461 2871 1533 gloria
2913 1459 3206 1516 Dominica:
3255 1473 3500 1516 resurre-

1912 1555 2106 1610 ctionis
2138 1570 2360 1624 vespere
2385 1555 2616 1618 sabbati,
2642 1570 2762 1625 quae
2791 1555 3050 1610 elucescit
3075 1554 3128 1608 in
3162 1553 3338 1624 prima
3368 1552 3504 1608 sab-.

1912 1649 2046 1714 bati,
2073 1647 2387 1704 solemniter
2413 1647 2824 1718 appropinquet,
2875 1656 2932 1701 et
2981 1647 3124 1702 unda
3153 1645 3500 1715 baptismatis

1914 1739 2006 1792 lilii
2040 1739 2175 1794 lucis
2231 1747 2607 1804 renascantur,
2639 1747 2694 1792 et
2740 1735 2923 1793 Gloria
2963 1738 3020 1792 in
3051 1737 3268 1794 excelsis
3299 1735 3408 1790 Deo
3444 1743 3506 1792 et

1911 1829 2138 1884 Alleluia
2167 1840 2506 1901 praeconetur
2535 1829 2950 1885 resurrectionis
2977 1827 3183 1884 Christi
3203 1825 3503 1898 gloriosam

223 1929 415 1991 pentes
441 1921 676 1991 spatium
699 1918 1038 1974 abstinentia:
1059 1927 1115 1973 et
1141 1918 1353 1990 jejuuii,
1385 1922 1525 1976 sicut
1557 1921 1608 1973 in
1635 1919 1810 1973 Evan-
1842 1921 1886 1984 Β
1915 1922 2224 1987 victoriam,
2262 1933 2317 1977 et
2348 1922 2608 1993 mysticus
2664 1936 2854 1977 cereus
2882 1929 3070 1976 sancta
3127 1919 3249 1974 luce
3275 1911 3500 1988 spirita-

226 2013 366 2085 gelio
392 2013 627 2085 legitur:
660 2011 727 2066 Et
765 2029 880 2066 cum
901 2013 1196 2082 jejunasset
1238 1997 1590 2082 quadraginta
1629 2011 1810 2069 diebus

221 2115 272 2160 et
305 2106 658 2176 quadraginta
684 2105 944 2170 noctibus,
967 2115 1144 2176 postea
1175 2105 1358 2160 esuriit
1387 2104 1602 2176 (Matth.
1634 2119 1707 2169 Iv,
1731 2103 1808 2174 2).

223 2193 342 2252 Non
373 2197 509 2250 dixit
557 2197 886 2268 evangelista
921 2195 1065 2266 quod
1109 2197 1162 2250 in
1195 2211 1302 2251 una
1349 2211 1566 2266 quaque
1609 2197 1812 2254 hebdo-

222 2287 403 2352 mada,
426 2287 616 2356 quinta
637 2295 692 2342 et
719 2287 948 2356 septima
980 2285 1113 2340 feria
1141 2285 1404 2357 jejunium
1427 2287 1668 2352 solverit,
1689 2287 1812 2344 aliis

223 2379 415 2434 diebus
439 2380 740 2444 abstinens,
767 2387 824 2432 ut
843 2378 1017 2434 Graeci
1049 2377 1229 2434 facere
1252 2380 1524 2446 dicuntur,
1555 2379 1650 2436 sed
1681 2380 1810 2450 ipsis

222 2473 580 2545 quadraginta
611 2473 800 2528 diebus
824 2489 892 2526 ex
925 2487 1048 2528 asse
1068 2481 1124 2526 et
1151 2488 1247 2542 per
1267 2473 1511 2528 ordinem
1525 2473 1808 2544 jejunans,

221 2573 340 2620 tum
373 2565 586 2620 demum
612 2563 884 2619 esurierit.
912 2564 1204 2622 Dicendum
1237 2565 1400 2618 etiam
1423 2565 1549 2634 quia
1573 2564 1688 2619 sive
1716 2579 1814 2633 per

221 2664 349 2712 octo
393 2656 759 2712 hebdomadas
803 2657 1100 2726 jejunetnr,
1152 2656 1410 2712 solvendo
1455 2655 1722 2726 jejunium
1751 2657 1811 2713 in.

221 2747 454 2818 singulis
500 2749 691 2832 quinja
719 2757 774 2804 et
821 2748 1052 2818 septima
1087 2747 1242 2813 feria,
1277 2757 1333 2802 et
1361 2749 1450 2803 die
1501 2749 1805 2814 Dominica,

219 2839 341 2895 sive
366 2854 459 2894 sex
487 2838 917 2894 hebdomadibus
939 2840 1292 2895 continuatim
1325 2840 1684 2904 abstineatur,
1709 2853 1808 2894 ex-

219 2939 381 3002 cepta
413 2931 716 2993 Dominica,
741 2933 794 2986 in
844 2941 1076 3002 utroque
1111 2941 1352 3002 tempore
1382 2931 1602 3004 triginta
1631 2943 1684 2987 et
1715 2948 1814 2988 sex

220 3021 341 3076 dies
368 3021 421 3074 in
450 3019 776 3076 abstinentia
821 3021 1190 3076 inveniuntur.
1237 3021 1388 3076 Unde
1435 3021 1810 3078 rationabilius

219 3112 518 3184 aguntqui,
547 3111 832 3166 Dominum
863 3113 1160 3179 imitantes,
1195 3113 1550 3167 continuatim
1575 3115 1808 3182 quadra-

221 3204 483 3276 gesimale
520 3201 786 3273 jejunium
813 3215 1089 3272 exercent,
1127 3222 1287 3276 quam
1318 3206 1410 3276 qui
1435 3222 1533 3276 per
1572 3206 1805 3278 aliquam

222 3295 437 3364 dierum
505 3295 964 3367 intercapedinem
1029 3297 1156 3351 illud
1215 3313 1476 3370 peragere
1535 3299 1884 3362 videnlur.C

219 3391 360 3448 Nam
402 3393 588 3448 beatus
636 3408 773 3464 papa
817 3393 1116 3462 Gregorius
1145 3393 1614 3464 quadragesimale
1661 3410 1812 3450 com-

221 3476 427 3558 putans
457 3494 690 3556 tempus,
721 3500 750 3538 a
804 3486 979 3554 capite
1036 3501 1130 3541 sex
1187 3485 1644 3541 hebdomadarum
1684 3485 1816 3542 illud

218 3577 570 3633 dinumerare
595 3577 812 3646 incipit,
843 3576 1030 3632 dicens
1083 3576 1168 3632 his
1218 3577 1398 3632 verbis
1437 3577 1638 3649 (homil.
1669 3578 1735 3632 16
1760 3578 1815 3632 in

219 3664 456 3738 Evang.)
482 3685 495 3721 :
536 3686 554 3718 ι
589 3666 632 3721 Α
663 3667 918 3736 praesenti
958 3667 1159 3722 etenim
1190 3667 1275 3722 die
1297 3683 1468 3736 usque
1489 3669 1554 3722 ad
1587 3670 1816 3738 pascha-

218 3758 290 3814 lis
344 3759 702 3815 solemnitatis
751 3759 946 3830 gaudia
995 3775 1087 3814 sex
1141 3759 1492 3816 hebdomade:
1543 3764 1809 3816 veniunt:

217 3866 455 3922 quarum
486 3851 734 3906 videlicet
771 3852 886 3906 dies
912 3852 1268 3924 quadraginta
1291 3862 1344 3907 et
1371 3850 1476 3908 duo
1515 3854 1648 3908 fiunt
1694 3872 1706 3908 :
1745 3870 1814 3909 ex

218 3945 422 4015 quibus
450 3947 576 4002 dum
606 3944 701 4002 sex
731 3948 846 4003 dies
893 3947 1157 4002 Dominici
1206 3948 1275 4002 ab
1328 3949 1655 4004 abstinentia
1685 3949 1815 4005 sub-

219 4039 540 4106 trahuntur,
567 4055 674 4096 non
710 4041 831 4112 plus
863 4041 917 4095 in
953 4039 1281 4096 abstinentia
1312 4055 1473 4111 quam
1507 4041 1725 4113 triginta
1757 4051 1812 4098 et

217 4131 322 4184 sex
347 4139 657 4186 remanent.
691 4133 825 4186 Dum
861 4147 994 4188 vero
1024 4147 1119 4202 per
1147 4141 1414 4188 trecentos
1443 4141 1500 4188 et
1527 4136 1811 4206 sexaginta

217 4221 464 4292 quinque
488 4224 603 4279 dies
641 4240 812 4279 annus
841 4223 1075 4290 ducitur,
1111 4240 1208 4280 nos
1237 4233 1415 4280 autem
1444 4242 1545 4296 per
1592 4227 1813 4296 triginta

216 4321 277 4368 et
318 4319 416 4368 sex
465 4313 580 4368 dies
621 4314 923 4385 ailligimur,
976 4317 1130 4384 quasi
1178 4320 1308 4372 anni
1345 4318 1515 4372 nostri
1571 4317 1812 4374 decimas

215 4401 339 4459 Deo
363 4403 576 4468 damus,
610 4412 670 4458 ut
698 4407 788 4474 qui
821 4407 1223 4485 nobismetipsis
1246 4422 1344 4476 per
1397 4417 1682 4477 acceptum
1713 4425 1812 4464 an-

212 4510 353 4549 num
378 4495 633 4562 viximus,
667 4499 873 4552 auctori
907 4509 1094 4554 nostro
1115 4515 1212 4556 nos
1239 4500 1292 4554 in
1321 4497 1437 4568 ejus
1463 4501 1687 4557 decimis
1717 4516 1813 4572 per

215 4586 613 4642 abstinentiam
637 4591 1046 4644 mortilicemus.
1073 4611 1091 4642 ι

817 4680 944 4736 CAP.
985 4679 1242 4736 CLXXV.

290 4769 375 4826 De
397 4771 539 4825 uario
581 4788 680 4826 usu
710 4773 1035 4828 abstinentia:
1075 4773 1400 4830 diversarum
1447 4779 1736 4848 regionum.

291 4861 374 4916 De
403 4861 505 4916 hoc
531 4862 696 4918 etiam
749 4864 892 4932 quod
919 4865 1201 4934 quaeritur,
1233 4881 1400 4936 quare
1442 4879 1648 4940 septem
1676 4871 1811 4926 heb-

209 4953 546 5025 domadibus
575 4965 701 5010 ante
724 4956 933 5012 Pascha
961 4959 1030 5012 ab
1059 4974 1152 5012 esu
1175 4960 1320 5015 casei
1359 4969 1414 5015 et
1447 4977 1673 5018 ovorum
1696 4980 1806 5019 non

207 5046 583 5124 abstinemus,
632 5049 726 5102 sed
775 5053 1150 5105 tantummodo
1179 5065 1276 5106 sex
1301 5093 1315 5117 ,
1375 5053 1660 5111 dicendum
1689 5055 1811 5110 bre-

206 5138 500 5220 viterquia
525 5137 647 5194 talis
673 5139 886 5194 exactio
907 5139 1176 5211 superﬂua
1202 5157 1269 5197 ex
1290 5145 1495 5200 sanctis
1518 5144 1811 5216 Scripturis

209 5245 332 5286 non
356 5229 520 5284 habet
551 5231 930 5287 auctoritatem
957 5248 971 5297 ;
1002 5249 1125 5287 nam
1159 5248 1256 5304 per
1290 5235 1531 5290 diversas
1567 5236 1811 5307 regiones

210 5324 412 5384 varius
436 5332 725 5380 exercetur
749 5325 1090 5382 abstinentiae
1114 5344 1261 5384 usus.
1295 5327 1558 5400 .lEgyptus
1580 5345 1812 5400 namque

208 5425 270 5475 et
302 5415 482 5471 omnis
510 5414 794 5472 Palaestina
837 5431 1026 5473 novem
1083 5419 1512 5475 hebdomadibus
1542 5430 1667 5476 ante
1706 5420 1809 5476 Pa-

206 5508 354 5566 scha
376 5505 663 5578 jejunant;
715 5509 934 5579 insuper
976 5520 1030 5565 et
1080 5526 1210 5580 pars
1256 5511 1444 5576 Italiae,
1495 5513 1580 5568 cui
1608 5513 1709 5569 hoc
1737 5529 1808 5570 ex

208 5601 409 5672 animo
442 5601 763 5673 complacet,
817 5603 990 5659 tribus
1017 5605 1206 5660 diebus
1238 5604 1290 5659 in
1337 5605 1673 5659 hebdomada
1707 5621 1806 5678 per

211 5703 394 5758 tatam
425 5694 904 5766 Quadragesimam
927 5713 956 5750 a
979 5696 1114 5752 cibis
1144 5697 1266 5768 igne
1289 5697 1524 5753 decoctis
1546 5699 1805 5764 abstinet,

207 5787 604 5848 tantummodo
653 5788 882 5843 diversis
926 5787 1188 5844 fructibus
1253 5790 1504 5845 arborum
1545 5800 1601 5845 et
1648 5805 1806 5862 gene-

209 5881 376 5936 ribus
409 5880 722 5950 herbarum,
767 5883 964 5952 quibus
995 5881 1147 5936 llalia
1199 5885 1484 5954 opulenter
1539 5885 1803 5950 abundat,

1914 2018 2038 2072 liter
2069 2016 2428 2087 resplendeat,
2473 2017 2752 2086 indignum
2795 2016 2944 2072 ducit
2990 2015 3068 2070 uti
3126 2012 3508 2082 hujuscemodi

1911 2110 2048 2165 cibis
2077 2117 2249 2163 mater
2278 2108 2539 2171 Ecclesia,
2568 2121 2688 2177 quae
2737 2121 2768 2160 a
2813 2107 2990 2177 primo
3014 2105 3246 2160 Pastore
3271 2102 3510 2174 sumpsit

1913 2199 2211 2270 magisterii
2243 2198 2604 2268 disciplinam.
2638 2195 2774 2252 Cum
2807 2197 2890 2252 bis
2939 2204 2996 2253 et
3025 2195 3147 2250 aliis
3178 2194 3358 2250 modis
3403 2208 3508 2264 per:

1915 2290 2083 2344 multa
2122 2282 2294 2360 spatia
2343 2289 2490 2344 orbis
2539 2287 3008 2358 Quadragesimali
3069 2297 3316 2356 tempore
3367 2285 3506 2340 ordo

1911 2382 2254 2437 abstinentiae
2301 2380 2686 2445 confundatur,
2733 2379 3076 2450 potissimum
3125 2387 3184 2432 et
3236 2377 3510 2448 optimum;

1911 2473 2108 2543 delegit
2137 2471 2382 2526 Romana
2409 2470 2567 2526 sedes
2593 2471 2912 2525 continuare
2956 2476 3011 2525 et
3052 2469 3344 2524 extendere
3375 2475 3502 2521 ante

1910 2564 2398 2634 Paschajejunium
2424 2564 2476 2618 in
2503 2579 2730 2618 numero
2752 2563 3107 2634 quadraginta
3130 2563 3358 2617 dierum.
3388 2561 3503 2615 Tri-

1911 2657 2060 2726 ginta
2091 2667 2272 2710 autem
2304 2663 2360 2709 et
2391 2669 2486 2710 sex
2518 2654 2711 2708 diebus
2763 2654 2816 2708 in
2849 2652 3174 2708 abstinentia
3223 2647 3502 2723 computa-

1913 2745 2004 2812 tis,
2035 2744 2384 2814 adjunctis'et
2413 2755 2668 2816 quatuor,
2708 2744 2800 2814 qui
2841 2761 2870 2798 a
2927 2744 3106 2818 capite
3146 2743 3336 2815 jejunii
3365 2743 3504 2798 inci-

1909 2837 2078 2906 piunt,
2109 2837 2324 2908 egregie
2377 2837 2838 2907 compaginamur,
2867 2843 2923 2889 et
2951 2835 3156 2904 absque
3185 2835 3290 2889 ulla
3320 2848 3506 2906 repre-

1909 2927 2174 2983 hensione
2205 2927 2426 2982 unimur
2464 2925 2672 2995 jejunio
2713 2925 3012 2980 Salvatoris
3057 2926 3254 2990 nostri,
3301 2925 3366 2980 de
3392 2931 3504 2997 qno'

1909 3019 2239 3091 evangelista
2289 3019 2423 3074 dicit
2470 3037 2484 3073 :
2534 3019 2600 3072 Et
2650 3035 2768 3073 eum
2806 3019 3100 3089 jejunasset
3147 3019 3504 3090 quadraginta

1908 3110 2087 3164 diebus
2109 3121 2157 3164 et
2181 3111 2533 3182 quadraginta
2570 3110 2830 3176 noctibus,
2859 3120 3038 3182 postea
3066 3109 3248 3165 esuriit
3281 3107 3498 3181 (Matth.

1909 3215 1983 3267 ιν,
2011 3200 2092 3273 2).

2488 3293 2618 3350 CAP.
2647 3292 2927 3350 CLXXVI.

1987 3402 2220 3461 Sanctus
2266 3403 2558 3462 Faustinus
2588 3406 2878 3476 episcOpus
2932 3405 2984 3461 in
3039 3405 3318 3462 Dominica
3371 3413 3500 3462 ante

1916 3491 2395 3568 Quadragcsimam
2431 3537 2446 3562 ,
2509 3497 2843 3552 homiliatico
2896 3512 3148 3552 sermone
3201 3499 3499 3553 schndum

1918 3603 2122 3643 morem
2138 3585 2278 3642 illius
2293 3587 2570 3656 temporis,
2586 3587 2660 3642 ita
2683 3587 2748 3643 de
2763 3586 2968 3659 jejunio
2989 3589 3140 3644 varie
3159 3590 3494 3658 exsequitur,

1916 3679 2136 3733 dicens:
2171 3696 2190 3730 ι
2235 3676 2517 3733 Permotos
2537 3694 2659 3736 esse
2697 3695 2794 3734 vos
2819 3679 3002 3745 credo,
3031 3677 3230 3734 fratres
3253 3679 3500 3734 dilectis-

1916 3768 2059 3834 simi,
2077 3784 2172 3822 cur
2195 3787 2224 3822 a
2249 3769 2529 3839 superiore
2559 3769 2838 3825 Dominica
2861 3769 3339 3844 Quadragesimam
3371 3786 3500 3840 per--

1915 3861 2204 3926 currimus;
2229 3870 2284 3916 et
2302 3878 2424 3916 eum
2443 3861 2602 3918 hodie
2625 3863 2695 3918 sit
2719 3861 2834 3933 ejus
2855 3864 3156 3929 exordium,
3181 3880 3280 3920 cur
3292 3861 3500 3920 festivi-

1918 3959 2081 4028 tatem
2111 3950 2228 4021 ejus
2251 3961 2375 4007 ante
2409 3969 2570 4008 unam
2598 3953 2991 4010 hebdomadam
3013 3955 3290 4012 celebrare
3311 3971 3498 4028 cmpe-

1916 4041 2106 4098 rimus.
2143 4042 2486 4114 Reprehendi
2519 4061 2624 4100 non
2672 4053 2852 4118 potest
2886 4046 3194 4128 observatio
3218 4047 3319 4102 ista
3359 4063 3499 4120 pra:-

1913 4148 2141 4203 propera
2174 4151 2186 4186 :
2217 4135 2518 4190 devotionis
2547 4135 2693 4191 enim
2727 4135 2985 4192 iudicium
3013 4146 3100 4194 est
3131 4137 3282 4210 prius
3323 4137 3495 4209 legem

1915 4225 2164 4295 exsequi,
2192 4241 2353 4296 quam
2383 4227 2518 4298 legis
2550 4236 2752 4284 statuta
2777 4243 3108 4302 cognoscas;
3137 4241 3190 4286 et
3219 4239 3345 4288 ante
3370 4233 3498 4288 obe-

1915 4317 2030 4372 dire
2069 4319 2370 4388 praeceptis,
2413 4336 2576 4390 quam
2608 4321 2932 4378 obedientiae
2965 4332 3234 4394 praecepta
3263 4323 3500 4395 compel-

1915 4411 2050 4466 lant.
2082 4411 2215 4466 lllud
2249 4414 2452 4467 amoris
2489 4425 2596 4480 est,
2627 4415 2731 4471 hoc
2759 4417 2973 4473 timoris
2995 4435 3016 4486 ;.
3039 4419 3144 4475 hoc
3178 4419 3498 4491 imperative

1917 4502 2174 4572 exigitur,
2210 4502 2341 4557 illud
2373 4503 2624 4575 religiose
2647 4504 2911 4562 defertur.
2960 4507 3038 4564 Ibi
3070 4508 3269 4564 donum
3303 4526 3494 4566 nume-

1916 4593 1994 4647 ris
2015 4593 2329 4659 exhibetur,
2365 4595 2454 4650 hic
2476 4595 2718 4652 debitum
2751 4599 2998 4654 solvitur.
3032 4599 3184 4656 Unde
3210 4611 3266 4657 et
3295 4617 3393 4658 nos
3415 4619 3498 4658 re-

1835 4661 1890 4722 Ῑ)
1917 4681 2166 4756 ligiosum
2202 4701 2399 4741 munus
2441 4687 2784 4744 exhibuimus
2813 4689 2924 4746 Deo
2963 4690 3089 4746 dum
3114 4692 3502 4767 ampliusjcju-

1917 4775 2197 4842 navimus;
2226 4779 2546 4847 reprehendi
2570 4793 2675 4834 non
2697 4789 2876 4851 potest
2917 4779 3169 4837 festinata
3200 4782 3494 4854 festivitas;

1917 4883 2132 4939 semper
2165 4869 2309 4925 enim
2348 4869 2400 4924 in
2445 4871 2656 4943 gaudiis
2699 4873 3099 4930 solemnitatem
3139 4887 3262 4930 vota
3291 4891 3500 4946 praeve-

1913 4961 2088 5027 niunt,
2117 4971 2171 5018 et
2198 4963 2435 5018 futuram
2464 4963 2704 5020 laetitiam
2733 4967 2946 5023 devotio
2968 4967 3094 5022 dum
3119 4977 3361 5041 exoptat,
3402 4987 3500 5027 an-

1917 5060 2122 5130 ticipat.
2150 5060 2265 5116 Non
2308 5060 2480 5116 solum
2517 5061 2682 5132 igitur
2701 5061 3287 5134 irreprehensibiliter,
3318 5065 3414 5122 sed
3442 5061 3498 5122 et

1917 5160 2076 5206 caute
2122 5149 2324 5206 factum
2373 5161 2476 5207 est.
2515 5149 2744 5224 Semper
2766 5154 2912 5210 enim
2952 5155 3007 5211 in
3030 5157 3196 5215 rebus
3231 5149 3503 5232 ambiguis

1917 5250 2130 5312 oportet
2179 5242 2378 5298 addere
2422 5243 2624 5316 aliquid
2657 5245 2889 5319 amplius
2935 5248 3004 5304 ad
3033 5247 3336 5317 cautelam;
3367 5251 3496 5324 quia

1917 5334 2058 5404 quod
2090 5342 2174 5390 est
2202 5334 2452 5406 amplius,
2505 5340 2672 5420 recidi
2703 5349 2916 5412 potest;
2957 5341 3101 5413 quod
3147 5343 3349 5410 minus,
3387 5337 3498 5402 non

1916 5439 2094 5500 potest
2127 5431 2458 5505 prolongari.
2485 5433 2637 5490 Sicut
2664 5436 2718 5490 in
2748 5437 2853 5492 hac
2881 5437 3260 5492 observatione
3290 5435 3494 5494 factum

1915 5530 2035 5592 est,
2070 5538 2138 5578 ne
2166 5525 2308 5594 quod
2352 5534 2574 5596 propter
2613 5524 3088 5599 Quadragesimam
3129 5528 3251 5599 plus
3293 5528 3498 5600 jejuna-

1917 5615 2112 5679 vimus,
2132 5631 2236 5669 non
2263 5617 2555 5671 minuimus
2579 5615 3086 5692 Quadragesimam;
3115 5623 3321 5694 integra
3351 5621 3497 5677 enim

1917 5703 2072 5757 nobis
2099 5712 2300 5758 manet.
2326 5703 2477 5771 Quod
2510 5708 2553 5761 si
2583 5707 2758 5764 minus
2770 5709 3171 5780 jejunassemus
3195 5729 3223 5766 a
3247 5725 3496 5776 numero.
3574 5753 3592 5770 κ

1917 5794 2290 5866 redintegrare
2338 5813 2443 5853 non
2475 5809 2786 5870 poteramus
2814 5803 2878 5856 ad
2911 5819 3212 5859 nuuierum.
3257 5803 3360 5857 Sed
3387 5800 3500 5858 for-

1916 5894 2058 5942 tasse
2090 5887 2220 5944 illud
2252 5890 2304 5943 in
2336 5907 2496 5946 causa
2528 5901 2641 5958 est,
2673 5908 2770 5946 cur
2806 5891 3068 5962 jejunium
3106 5892 3251 5962 quod
3285 5891 3500 5961 jejuna-
