4000 6352
565 382 675 454 -ιιτ,

1668 371 1903 433 ,ΕΝΕῶ
1944 359 2375 426 PARISIENSIS
2416 354 2724 415 EPISCOPI
3666 352 3743 408 ἰα

566 515 768 578 vimus,
796 524 902 565 non
924 504 1172 579 proﬁciat
1203 497 1451 567 nobis’ad
1482 490 1982 562 Quadragesimzun.
2009 483 2141 537 Pro-
2168 483 2216 541 Α
2243 489 2483 575 possum,
2522 485 2589 526 ne
2630 467 2801 539 magis
2830 465 3060 538 prodere
3090 462 3297 529 videar,
3327 474 3478 533 quam
3500 460 3560 517 ad
3582 465 3746 519 oonsul-

568 607 717 664 ﬁciet
745 603 902 675 plane
928 577 1105 660 nobis,
1137 594 1262 665 quia
1292 592 1395 647 etsi
1429 603 1536 643 non
1564 583 1778 656 proﬁcit
1804 583 1869 635 ad
1895 577 2145 645 Quadra-

569 666 852 772 gesimam,
896 690 1110 762 proﬁcit
1155 686 1222 741 ad
1268 683 1540 744 salutem;
1596 677 1641 732 si
1693 689 1798 729 non
1836 669 2046 743 proﬁcit
2080 666 2148 720 ad

570 765 878 851 numerum,
907 781 1122 854 proﬁcit
1145 778 1213 833 ad
1255 774 1526 830 meritum.
1559 768 1659 823 Cui
1688 765 1832 820 enim
1872 772 2146 829 nunquam

570 879 775 953 profuit
802 851 982 939 orare,
1029 873 1231 942 legere,
1252 862 1536 937 jejunare?
1560 858 1658 915 Cui
1693 871 1802 912 non
1832 851 2038 923 profuit
2057 863 2150 951 ca-

571 940 752 1037 stitas,
796 940 1097 1030 sobrietas,
1118 953 1508 1029 mansuetudo?
1536 950 1642 1006 nisi
1663 947 1806 1018 quod
1831 944 1950 1000 illos
1977 940 2150 1037 magis

569 1029 1041 1130 reprehendendos
1085 1058 1236 1124 puto,
1269 1047 1359 1117 qui
1394 1058 1517 1099 cum
1554 1038 1731 1110 parati
1779 1033 1983 1130 fuerint
2005 1029 2151 1103 jeju-

570 1126 728 1214 nare,
753 1148 1108 1221 posteaquam
1137 1138 1409 1197 audierint
1432 1130 1793 1191 solemnitatis
1811 1126 2145 1196 ambiguum,

570 1220 928 1312 neglexerunt
950 1234 1214 1304 ieiunare.
1245 1230 1697 1285 Demonstrarunt
1733 1220 1919 1288 utique
1952 1231 2059 1270 non
2089 1227 2149 1268 se

568 1308 815 1387 volentes
842 1327 1095 1399 religiose
1120 1325 1326 1386 vivere,
1378 1319 1471 1374 sed
1520 1323 1755 1372 coactos.
1794 1308 1962 1365 Veriti
2002 1313 2146 1370 sunt,

570 1421 757 1487 credo,
788 1436 879 1485 ne,
914 1418 1153 1490 quinque
1177 1415 1384 1470 dierum
1406 1408 1624 1479 jejuniis
1643 1402 1991 1476 prolongatis,
2019 1412 2148 1454 caro

570 1530 668 1572 eos
690 1527 993 1584 corpusque
1014 1511 1293 1572 deﬁceret,
1337 1514 1393 1560 et
1412 1502 1582 1559 exiles
1603 1514 1666 1555 ac
1695 1507 1883 1554 tenues
1905 1492 2150 1561 Quadra-

570 1606 790 1683 gesimaz
818 1601 1201 1659 abstinentiam
1234 1598 1468 1654 tolerare
1505 1608 1611 1650 non
1638 1597 1875 1662 possent.
1912 1586 2151 1641 Audiant

568 1677 736 1769 igitur
764 1694 953 1752 refecti
989 1694 1194 1765 pariter
1221 1705 1286 1746 ac
1322 1687 1551 1752 robusti,
1598 1693 1788 1739 tenues
1830 1690 1991 1750 atque
2034 1677 2143 1749 palo

568 1790 765 1855 lentes,
798 1788 924 1860 quia
967 1785 1128 1842 hodie
1156 1792 1241 1839 est
1281 1777 1728 1849 Quadragesima.
1765 1773 2006 1828 Audiant
2046 1770 2147 1837 illi,

570 1845 905 1952 inquam-ut
925 1876 1172 1952 jejunare
1204 1845 1608 1944 incipiarit,isti
1639 1878 1698 1924 ut
1726 1866 2002 1922 abstinere
2039 1877 2148 1919 non
2174 1845 2226 1908 Β

571 1977 845 2040 desinant,
892 1983 950 2028 et
993 1969 1352 2028 communiter
1399 1967 1453 2020 in
1486 1977 1669 2018 arcam
1710 1958 1914 2015 Christi
1942 1958 2150 2011 intrare

569 2064 851 2130 festinent,
894 2062 1004 2117 imo
1032 2060 1293 2117 festinent
1320 2056 1573 2126 amplius,
1603 2052 1729 2124 quia
1753 2049 1961 2106 tardius
1987 2046 2151 2103 absti-

571 2169 706 2213 nere
720 2161 1021 2225 cmperunt,
1038 2160 1097 2206 ut
1118 2150 1494 2220 castigatiores
1509 2155 1564 2200 et
1587 2144 1835 2214 puriores
1854 2142 2148 2205 introeant,

512 2289 516 2293 «
572 2250 701 2319 quia
752 2261 877 2302 arca
904 2244 1120 2301 Domini
1160 2243 1214 2297 in
1243 2239 1499 2313 periculis
1535 2236 1780 2308 jejunum
1809 2235 2154 2290 substentare

568 2337 846 2413 prmvalet,
874 2335 1226 2392 temulentum
1258 2332 1604 2388 substentare
1631 2341 1740 2382 non
1770 2325 1941 2380 novit.
1976 2342 1995 2377 ι

1110 2461 1240 2517 CAP.
1303 2454 1603 2515 CLXXVII.

640 2596 774 2654 Item
826 2593 1159 2668 Augustinus
1217 2592 1274 2648 in
1330 2590 1553 2647 homilia
1602 2588 1669 2645 de
1721 2585 2153 2657 Quadragesima

569 2689 716 2747 inter
740 2695 938 2744 caetera
968 2685 1048 2742 sic
1076 2684 1208 2741 dicit
1229 2684 1406 2756 (serm.
1425 2680 1494 2737 69
1521 2681 1586 2736 de
1616 2678 1822 2749 Tentp.)
1843 2695 1858 2732 :
1877 2696 1897 2729 ι
1922 2676 2153 2732 Sanctus

571 2781 739 2855 igitur
775 2786 832 2835 et
868 2777 1126 2835 salutaris
1171 2773 1609 2846 Quadragesimaa
1658 2784 1856 2826 cursus
1907 2776 2009 2832 est,
2043 2780 2154 2837 quo

570 2870 859 2929 adducitur
895 2869 965 2924 ad
995 2866 1423 2924 misericordiam
1466 2871 1722 2934 peccator
1751 2875 1850 2931 per
1882 2859 2154 2930 paeniten-

569 2965 727 3027 tiam,
751 2963 931 3035 justus
975 2961 1044 3016 ad
1086 2959 1349 3030 requiem.
1413 2955 1505 3012 His
1557 2954 1703 3011 enim
1755 2952 1945 3009 diebus
1995 2950 2154 3007 solito

570 3055 805 3127 amplius
827 3062 884 3111 et
935 3052 1190 3109 divinitas
1217 3050 1527 3113 miseretur,
1576 3055 1631 3103 et
1665 3043 2032 3115 delinquentis
2060 3043 2154 3097 deo

568 3154 849 3219 precatur,
878 3154 933 3200 et
950 3143 1158 3217 justitia
1210 3146 1570 3211 promeretur.
1602 3136 1801 3193 Patent
1859 3134 2003 3190 enim
2036 3148 2153 3187 om-

2247 564 2504 619 tationem
2528 560 2873 631 respondere.
2888 577 2907 610 ι

2812 668 2942 723 Car.
2972 665 3257 723 CLXXIX.

2318 787 2539 858 Legitur
2562 783 2729 840 etiam
2758 782 2813 837 in
2846 780 3029 861 Cestis
3071 779 3431 833 Romanorum
3463 773 3751 846 pontiﬁcum,

2249 881 2378 952 quia
2422 878 2684 935 Silvester
2720 888 2858 945 papa
2889 870 3169 928 constituit
3211 877 3271 924 ut
3303 883 3332 923 a
3361 866 3755 938 presbyteroneo.

2248 973 2449 1044 phytus
2475 975 2791 1040 ungeretur,
2817 964 3024 1020 scilicet
3043 962 3097 1017 in
3128 961 3352 1017 cerebro
3375 959 3482 1014 sive
3505 959 3553 1014 in
3571 958 3754 1024 vertice;

2250 1065 2332 1121 sic
2361 1063 2561 1119 etenim
2590 1060 2662 1116 ibi
2693 1058 2954 1115 scribitur
2981 1057 3058 1127 (in
3081 1053 3197 1108 Lib.
3224 1050 3535 1121 Pontiﬁcali,
3558 1050 3637 1120 qui
3656 1049 3761 1106 falso

2252 1156 2547 1213 ascribitur
2584 1153 2820 1207 Damaso
2845 1146 3053 1221 papam:
3089 1165 3109 1199 ι
3146 1145 3248 1201 llic
3271 1143 3539 1200 constituit
3558 1149 3609 1196 ut
3628 1142 3757 1213 bapti-

2250 1258 2429 1305 zatum
2467 1247 2623 1301 liniat
2661 1246 2946 1316 presbyter
2971 1240 3269 1297 chrismate
3292 1237 3515 1293 levatum
3545 1237 3601 1291 de
3621 1251 3756 1304 aqua,

2249 1348 2471 1413 propter
2509 1336 2852 1393 occasionem
2903 1331 3166 1388 transitus
3207 1329 3420 1385 mortis.
3460 1346 3478 1380 ι
3517 1326 3620 1395 Quo
3652 1326 3758 1381 enim

2250 1441 2496 1502 tempore
2540 1428 2802 1483 Silvester
2844 1426 2987 1480 rexit
3027 1423 3288 1478 Romanae
3345 1418 3484 1474 sedis
3523 1416 3760 1472 Ecclesium

2251 1523 2600 1581 manifestum
2623 1530 2724 1583 est,
2760 1520 2812 1575 id
2839 1527 2946 1581 est,
2981 1515 3199 1586 quando
3228 1511 3497 1567 Nicaeuum
3536 1506 3762 1564 concilium

2251 1615 2579 1672 celebratum
2605 1621 2693 1667 est
2711 1610 2810 1666 sub
2847 1609 2939 1680 pio
2966 1608 3292 1677 imperatore
3310 1599 3651 1658 Constantino.
3662 1596 3762 1653 Exin

2252 1715 2315 1761 ut
2364 1703 2621 1760 arbitrari
2662 1709 2867 1772 potest,
2918 1697 3096 1754 sancti
3138 1694 3335 1751 Patres
3382 1691 3691 1772 instituerunt
3721 1695 3766 1739 ut

2253 1805 2589 1871 ungerentur
2616 1766 2871 1865 neophyti
2899 1807 2931 1847 a
2963 1788 3298 1862 presbyteris
3326 1785 3603 1842 chrismate
3623 1766 3765 1838 conse-

2252 1900 2406 1948 crato
2432 1889 2501 1944 ab
2526 1888 2799 1958 episcopo.
2821 1883 2974 1952 Quod
3000 1882 3046 1938 si
3076 1882 3129 1936 id
3155 1888 3316 1935 antea
3347 1877 3607 1949 agebatur,
3626 1887 3766 1942 super-

2250 1983 2417 2040 ﬂuum
2443 1982 2656 2038 videtur
2697 1979 3049 2036 constitutum
3081 1989 3204 2031 esse
3233 1989 3263 2029 a
3295 1979 3480 2029 sancto
3523 1969 3764 2034 Silvestre,

2253 2078 2398 2150 quod
2422 2077 2536 2149 jam
2568 2091 2599 2131 a
2629 2072 2911 2131 catholicis
2949 2069 3292 2142 implebatur.
3342 2064 3626 2122 Secundum
3665 2063 3768 2117 banc

2253 2169 2697 2227 constitutionem
2725 2163 2991 2237 suspicari
3037 2160 3267 2232 quilibet
3296 2159 3471 2225 valet,
3498 2156 3624 2228 quod
3643 2154 3767 2227 priori

2255 2273 2501 2334 tempore
2529 2246 2595 2317 de
2630 2259 2885 2315 unctione
2923 2255 3234 2311 chrismatis
3278 2250 3518 2325 pontifex
3543 2255 3767 2320 exspecta-

2252 2354 2436 2419 batur,
2460 2360 2519 2406 ut
2551 2364 2649 2425 per
2671 2362 2866 2404 manus
2888 2344 3126 2417 episcopi
3158 2343 3342 2399 omnis
3364 2341 3540 2397 unctio
3569 2336 3769 2395 chrisma-

2252 2447 2328 2504 tis
2352 2443 2735 2515 compleretur.
2764 2438 2949 2508 Usque
2973 2437 3043 2492 ad
3064 2434 3195 2490 illud
3230 2442 3446 2504 tempus
3473 2446 3570 2487 non
3594 2440 3767 2501 genera-

2253 2533 2379 2590 liter
2405 2546 2597 2589 omnes
2619 2527 3056 2600 baptizabantur,
3098 2523 3407 2594 praesertim
3449 2535 3563 2576 cum
3597 2518 3771 2589 impera-

2255 2634 2407 2682 tores
2444 2632 2499 2680 et
2525 2623 2800 2695 principes
2831 2632 3020 2674 eorum
3059 2616 3380 2688 paganismo
3425 2614 3769 2673 detinereotur;

2255 2716 2379 2772 ideo
2424 2713 2583 2769 facile
2618 2710 2904 2783 neophytis
2939 2715 3151 2780 poterat
3191 2720 3484 2762 occurrere
3527 2704 3769 2775 episcopus.

2253 2809 2342 2865 vel
2365 2808 2468 2878 ipsi
2493 2806 2563 2861 ad
2590 2805 2900 2876 episcopum
2925 2802 3136 2869 venire,
3160 2800 3290 2870 quia
3315 2800 3494 2855 adhuc
3513 2790 3771 2855 Christiani-

2256 2909 2344 2958 tas
2368 2907 2596 2973 angusta
2623 2905 2742 2953 erat
2769 2907 2824 2952 et
2851 2894 3093 2951 clanculo
3116 2894 3401 2966 agebatur.

2828 3009 2958 3066 Car.
3004 3007 3246 3065 CLXXX
3264 3001 3273 3009 ’

2328 3127 2574 3185 Gelasins
2609 3140 2747 3198 papa
2775 3124 2829 3179 in
2872 3121 3259 3180 ecclesiasticis
3286 3121 3567 3187 Institutis,
3592 3127 3643 3173 ut
3660 3129 3772 3189 pres-

528 3227 537 3233 ”
570 3203 685 3306 hia,
725 3248 779 3295 et
815 3203 1043 3294 cmli'ad
1072 3232 1483 3305 indulgentiam,
1513 3236 1568 3285 et
1607 3235 1863 3300 peccator
1885 3225 1953 3280 ad
1981 3222 2152 3298 conﬁ-
2179 3203 2225 3267 (ἶ
2255 3221 2433 3295 byteri
2461 3220 2678 3276 modum
2708 3218 2951 3273 debitum
2993 3224 3234 3280 servent,
3264 3230 3377 3270 non
3406 3214 3624 3270 chrisma
3646 3207 3772 3266 conli-

570 3329 816 3393 tendum,
873 3336 930 3383 et
968 3314 1149 3399 lingua
1188 3325 1256 3380 ad
1306 3320 1704 3396 postulandum.
1756 3315 2041 3381 Salutaris,
2072 3313 2155 3369 in-

569 3440 757 3499 quam,
804 3429 863 3478 et
913 3421 1174 3492 mysticus
1207 3428 1291 3476 est
1325 3412 1798 3488 ‘quadragenarius
1848 3423 2152 3473 numerus;

571 3531 699 3574 nam
742 3513 979 3586 primum
1002 3526 1125 3568 cum
1154 3508 1341 3565 mundi
1364 3508 1558 3564 faciem
1585 3504 1846 3576 iniquitas
1872 3500 2153 3557 hominum

569 3609 900 3685 possideret,
918 3615 997 3663 tot
1021 3605 1229 3662 dierum
1257 3600 1528 3659 curriculo
1554 3602 1696 3656 Deus
1713 3596 1901 3654 ell‘usis
1927 3597 1993 3651 de
2015 3591 2156 3649 caelo
2208 3639 2215 3645 .

571 3681 840 3757 imbribus
864 3696 1168 3752 universam
1190 3703 1389 3749 terram
1414 3689 1617 3745 diluvio
1647 3685 1968 3758 superfudit.
1994 3681 2156 3739 Vides

570 3803 704 3860 ergo
720 3788 836 3859 jam
861 3784 953 3841 illo
982 3793 1225 3854 tempore
1249 3779 1566 3855 mysterium
1615 3778 1668 3832 in
1721 3777 1891 3849 ﬁgura
1921 3773 2153 3844 disposi-

571 3893 708 3937 tum.
742 3877 878 3935 Nam
903 3878 1045 3934 sicut
1068 3873 1428 3946 quadraginta
1461 3871 1651 3927 diebus
1673 3869 1811 3940 pluit
1831 3868 1900 3923 ad
1924 3881 2162 3937 purgan-

572 3976 703 4033 dum
748 3971 1033 4036 mundum,
1063 3969 1140 4024 ita
1166 3976 1223 4023 et
1260 3981 1404 4021 nunc
1434 3962 1793 4036 quadraginta
1836 3958 2026 4017 diebus
2054 3957 2157 4013 mi-

573 4072 788 4123 seretur
811 4063 881 4119 ad
909 4059 1184 4118 hominem
1212 4055 1634 4131 puriﬁcandum.
1672 4072 1693 4107 ι

1102 4195 1233 4254 CAP.
1275 4191 1599 4252 CLXXVIII.

644 4336 823 4407 Quare
858 4335 1166 4409 presbyteri
1216 4345 1566 4390 Innlbeantur
1596 4328 1803 4385 frontes
1855 4326 2160 4398 baptizato-

570 4447 694 4489 rum
717 4428 1009 4486 chrismate
1031 4426 1212 4494 linire,
1238 4423 1585 4481 Innocentius
1614 4436 1754 4492 papa
1776 4421 1833 4475 in
1862 4418 2162 4476 Decretali-

570 4521 674 4580 bus
699 4522 773 4578 ita
798 4519 949 4586 dicit,
967 4533 1087 4589 cap.
1111 4516 1333 4590 Ἠερίη.
1357 4516 1413 4582 l,
1435 4530 1485 4570 c.
1508 4514 1564 4584 5)
1588 4527 1602 4566 :
1631 4530 1650 4565 ο
1675 4512 1752 4567 De
1777 4510 2159 4582 consignandis

571 4630 705 4673 vero
735 4592 1031 4670 infantibus
1052 4608 1401 4666 manifestum
1419 4614 1522 4671 est,
1557 4620 1662 4660 non
1688 4605 1755 4659 ab
1776 4603 1882 4658 alio
1902 4619 2064 4674 quam
2087 4602 2156 4657 ab

570 4709 828 4780 epiSCOpo
868 4705 987 4761 ﬁeri
1033 4703 1218 4759 licere.
1247 4701 1383 4757 Nam
1410 4698 1734 4772 presbyteri,
1766 4697 1895 4752 licet
1924 4696 2032 4752 sint
2070 4709 2158 4750 se-

573 4799 733 4856 cundi
763 4796 1097 4860 sacerdotes,
1115 4792 1464 4865 pontiﬁcatus
1492 4800 1672 4845 tamen
1699 4788 1906 4860 apicem
1929 4802 2036 4841 non
2061 4787 2157 4841 ha-
2204 4824 2207 4827 μ

571 4884 722 4948 bent.
771 4886 888 4944 Hoc
942 4895 1125 4942 autem
1177 4883 1524 4957 pontiﬁcibus
1571 4882 1701 4937 solis
1730 4880 1931 4944 deberi,
1978 4887 2039 4934 ut
2067 4878 2155 4934 vel

572 4976 915 5051 consignent,
961 4976 1047 5033 vel
1101 4975 1422 5048 paraclitum
1464 4972 1725 5043 Spiritum
1773 4969 2008 5037 tradant,
2048 4983 2156 5024 non

572 5070 748 5127 solum
794 5066 1129 5124 consuetudo
1178 5064 1547 5122 ecclesiastica
1580 5062 1938 5125 demonstrat,
1971 5072 2159 5114 verum

573 5160 665 5219 illa
693 5159 854 5216 lectio
873 5159 1109 5215 Actuum
1134 5156 1527 5228 apostolorum,
1556 5168 1678 5225 quae
1706 5153 1905 5208 asserit
1936 5150 2157 5206 Petrum

573 5261 630 5309 et
658 5249 922 5305 Joannem
969 5263 1091 5305 esse
1117 5249 1377 5311 directos,
1416 5245 1507 5316 qui
1543 5243 1657 5315 jam
1702 5241 1994 5313 baptizatis
2043 5251 2157 5295 tra-

574 5342 706 5399 dant
745 5340 1011 5411 Spiritum
1041 5352 1312 5396 sancmm.
1338 5337 1469 5393 Nam
1493 5336 1848 5409 presbyteris,
1884 5350 1978 5390 seu
2001 5342 2155 5389 extra

580 5432 915 5505 episcopum,
947 5445 1043 5487 seu
1088 5440 1354 5503 praesente
1395 5430 1648 5502 episcopo
1687 5443 1811 5483 cum
1859 5425 2156 5496 baptizant,

574 5523 871 5588 chrismate
891 5524 1195 5595 baptizatos
1219 5538 1420 5595 ungere
1456 5522 1613 5587 licet,
1652 5521 1750 5576 sed
1788 5519 1929 5589 quod
1957 5519 2024 5573 ab
2054 5519 2163 5589 epi-

572 5632 739 5689 scopo
783 5613 946 5671 fuerit
996 5624 1415 5678 consecratum;
1463 5629 1570 5668 non
1597 5620 1777 5668 tamen
1821 5610 2052 5665 frontem
2094 5624 2160 5663 ex

569 5709 763 5767 eodem
786 5709 906 5766 oleo
927 5707 1325 5779 signare,'quod
1347 5704 1477 5761 solis
1489 5704 1711 5760 debetur
1724 5702 2012 5773 episcopis,
2039 5716 2162 5756 cum

572 5802 799 5859 tradunt
822 5801 1084 5873 Spiritum
1117 5798 1460 5870 paraclitum.
1492 5790 1666 5852 Verba
1698 5810 1828 5850 vero
1855 5795 2035 5849 dicere
2055 5807 2162 5847 non

2256 3312 2426 3378 ciant,
2459 3326 2567 3366 non
2597 3309 2948 3381 consignent,
2979 3306 3060 3362 sic
3088 3306 3218 3362 dicit
3263 3321 3387 3376 cap.
3436 3304 3469 3360 6
3505 3304 3654 3376 (epist.
3687 3298 3729 3371 9)
3762 3312 3772 3351 :

2264 3422 2283 3457 r
2318 3402 2430 3460 Nec
2455 3402 2633 3457 minus
2658 3400 2820 3457 etiam
2846 3400 3193 3470 presbyteros
3226 3406 3418 3453 contra
3440 3411 3584 3452 suum
3608 3392 3775 3449 modum

2256 3497 2481 3552 tendere
2512 3494 2893 3566 prohibemus;
2942 3506 3044 3547 nec
3087 3491 3381 3562 episcopali
3423 3488 3620 3560 fastigio
3645 3483 3777 3540 debita

2257 3589 2473 3644 sibimet
2498 3586 2757 3641 audacter
2778 3598 3079 3649 assumere,
3108 3597 3214 3637 non
3237 3580 3552 3636 conﬁciendi
3576 3576 3778 3633 chrisma-

2260 3681 2352 3746 tis,
2389 3694 2496 3734 non
2539 3676 2967 3749 consignationis
3008 3670 3338 3745 pontiﬁcalis
3376 3667 3664 3728 adhibendae
3684 3661 3778 3722 sibi-

2260 3759 2373 3828 met
2398 3770 2642 3840 arripere
2670 3766 3005 3823 facultatem.
3042 3783 3061 3817 ι

2827 3881 2957 3937 CAP.
2993 3875 3275 3934 CLXXXI.

2330 3998 2462 4055 Item
2491 3996 2547 4053 in
2574 3996 2763 4052 eodem
2789 3992 3026 4065 capitqu
3054 4009 3068 4047 :
3101 4010 3121 4044 ι
3152 3990 3265 4047 Nec
3294 4003 3519 4062 prorsus
3540 3981 3778 4041 addubitet.

2260 4092 2307 4149 si
2351 4090 2649 4161 quidquam
2682 4088 2754 4143 ad
2794 4084 3100 4158 episcopale
3143 4083 3504 4140 ministerium
3539 4072 3781 4150 speciali”

2256 4183 2657 4254 pertinenssuo
2675 4188 2823 4235 motu
2846 4176 3117 4249 putaverit
3132 4177 3532 4246 exsequendum
3550 4211 3565 4238 ,
3582 4164 3779 4237 continuo

2262 4289 2322 4330 se
2351 4271 2674 4345 presbyterii
2702 4269 2961 4343 dignitate
3002 4277 3059 4324 et
3104 4281 3262 4323 sacra
3309 4261 3667 4322 communione
3703 4266 3780 4326 pn-

2261 4370 2399 4420 vari.
2434 4384 2453 4418 ι
3006 4370 3009 4373 ‘

2817 4469 2948 4526 CAP.
2987 4465 3291 4526 CLXXXII.

2182 4551 2236 4612 Β
2332 4587 2409 4642 De
2445 4587 2549 4641 hoc
2576 4583 2719 4655 quod
2763 4582 3069 4654 opponitur,
3101 4594 3272 4650 quare
3315 4575 3500 4634 clerici
3524 4572 3694 4629 barbas
3721 4578 3783 4621 ra-

2261 4682 2414 4743 dunt,
2445 4676 2807 4747 Hieronymus
2832 4674 2886 4728 in
2915 4672 3091 4744 prima
3114 4678 3269 4742 parte
3295 4664 3587 4724 Ezechielis
3612 4659 3782 4747 (lib-ll!

2258 4787 2377 4842 cap.
2401 4740 2462 4832 ’5,
2494 4740 2883 4838 init.)vexponit
2966 4783 2985 4816 ε
3014 4763 3082 4818 Ει
3106 4740 3184 4828 lu,
3213 4762 3291 4833 ﬁli
3313 4760 3548 4822 hominis,
3577 4740 3784 4811 διιπειὶιί

2258 4864 2495 4936 gladium
2517 4870 2731 4915 acutum
2771 4858 2925 4929 quasi
2968 4855 3282 4911 novaculam
3313 4865 3574 4908 tonsorum
3600 4845 3705 4918 (sive
3727 4855 3784 4894 ηε

2258 4935 2466 5011 dentem
2518 4953 2675 5023 pilos)
2715 4958 2765 5004 et
2787 4950 2936 5004 trahe
2975 4964 3067 5020 per
3112 4956 3271 5017 caput
3334 4955 3481 5001 tuum
3527 4951 3571 4997 et
3619 4935 3784 4992 barba"!

2263 5059 2454 5114 tuam;
2491 5055 2539 5102 et
2579 5059 2814 5101 assumes
2843 5042 2937 5097 tibi
2963 5051 3212 5097 stateram
3245 5039 3517 5112 ponderis,
3551 5044 3596 5090 et
3632 5024 3784 5085 άὶνίάα

2262 5160 2371 5200 eos.
2411 5141 2642 5197 Tertiam
2673 5148 2875 5210 partem
2902 5136 3010 5208 igni
3039 5136 3309 5190 comburas
3332 5135 3389 5189 in
3415 5130 3576 5187 medio
3592 5120 3782 5181 ciuitatis,

2252 5237 2417 5309 juxta
2453 5231 2849 5303 completionem
2888 5230 3092 5283 dierum
3127 5226 3507 5289 conclusionis;
3550 5230 3594 5277 et
3626 5213 3781 5272 tertia!

2260 5336 2461 5398 partem
2486 5322 2726 5379 concidas
2765 5320 2942 5393 gladio
2978 5320 3032 5373 in
3060 5318 3282 5373 circuitu
3308 5316 3454 5387 ejus;
3496 5310 3675 5369 tertiam
3695 5313 3781 5357 rm

2263 5395 2427 5476 aliam
2468 5416 2734 5489 disperdes
2775 5416 2829 5469 in
2858 5422 3088 5477 ventum,
3128 5422 3175 5465 et
3207 5410 3439 5482 gladium
3484 5401 3668 5460 κυάθου

2263 5529 2372 5568 eos.
2399 5509 2468 5564 Et
2495 5525 2666 5564 sumes
2687 5506 2809 5561 inde
2832 5520 3047 5576 parvum
3072 5481 3363 5567 numerum,
3388 5509 3437 5553 et
3468 5494 3637 5567 ligabis
3660 5481 3781 5543 cori!

2264 5603 2564 5659 summitate
2598 5598 2768 5671 pallii.
2800 5598 2866 5651 Et
2899 5613 2962 5651 ex
3002 5597 3076 5650 eis
3110 5611 3316 5648 rursum
3352 5591 3499 5647 tolles
3526 5596 3570 5643 cl
3592 5576 3781 5656 ριόἰὶάα

2264 5698 2321 5750 in
2344 5694 2571 5751 medium
2595 5691 2753 5762 ignis,
2777 5702 2824 5745 et
2858 5690 3123 5744 comburas
3147 5704 3234 5741 eos
3259 5686 3387 5757 igni.
3422 5683 3501 5737 Es
3523 5697 3578 5734 eo
3609 5666 3781 5744 egredi}

2267 5801 2353 5844 tur
2376 5790 2507 5861 ignis
2531 5784 2959 5842 omnc‘nidomum
2990 5781 3157 5836 Israel
3194 5778 3404 5852 (Bacch.
3431 5792 3482 5838 v,
3509 5773 3529 5827 I
3554 5764 3683 5838 m1.)-
3703 5756 3778 5814 Ρη
