4000 6352
207 381 312 438 7ιῦ

1348 378 1547 435 LIBER
1585 376 1952 433 ADVERSUS
1998 374 2320 433 GBECOS.

3362 370 3470 431 τις

210 494 383 551 tribus
410 491 656 563 partibus
684 491 1003 562 capillorum
1040 498 1094 546 et
1112 490 1374 561 pllorum,
1419 504 1650 560 quarum
1679 504 1785 542 una
1815 494 1866 552 Α
1893 488 2031 559 (cap.
2062 488 2172 560 19),
2204 489 2283 543 sic
2305 488 2445 543 inter
2474 496 2666 569 caetera
2698 488 2858 544 dicit:
2881 508 2897 539 ι
2922 485 3185 544 Jeremias
3208 490 3469 559 insinuat,

207 582 547 639 comburitur
573 583 628 637 in
651 582 828 637 medio
855 582 1111 647 civitatis,
1140 581 1245 637 alia
1265 582 1571 637 conciditur
1601 579 1784 652 gladio

208 673 265 728 in
293 672 520 728 circuitu
559 672 676 744 ejus
695 713 713 739 ,
742 673 900 727 tertia
929 682 1090 730 vento
1122 674 1230 729 huc
1266 672 1499 743 illucque
1528 660 1791 745 rapienda

207 762 565 835 dispergitur;
612 764 679 818 de
714 779 819 835 qua
862 779 1050 835 parum
1085 764 1381 819 assumitur
1408 772 1463 818 et
1491 764 1691 835 ligatur
1733 763 1789 818 in

207 856 386 927 pallii;
415 863 473 912 et
500 872 716 912 rursum
744 858 1013 912 modicum
1050 857 1178 928 quid
1218 858 1388 928 partis
1418 858 1593 929 tertia:
1614 856 1790 912 mitti-

209 957 300 1002 tur
326 948 382 1002 in
429 947 632 1019 ignem,
661 948 727 1003 de
766 962 875 1018 quo
910 949 1184 1020 egreditur
1209 947 1427 1003 ﬁamma
1470 948 1526 1003 in
1574 962 1791 1003 omnem

210 1038 429 1093 domum
453 1036 622 1094 Israel
654 1054 669 1091 :
696 1036 1047 1109 Septuaginta
1068 1049 1299 1111 quatuor
1317 1049 1491 1110 partes
1507 1038 1790 1109 interpre-

210 1129 309 1185 tati
355 1137 499 1184 sunt.
536 1128 780 1199 Cumque
820 1129 1126 1186 dixissent:
1157 1130 1415 1196 Quartam
1442 1140 1642 1201 partem
1681 1129 1794 1200 igni

211 1221 481 1276 combures
502 1220 557 1275 in
588 1220 761 1276 medio
784 1221 1031 1288 civitatis,
1075 1230 1125 1276 et
1162 1231 1405 1293 quartam
1429 1222 1596 1276 cwdes
1617 1219 1793 1292 gladio

209 1312 265 1368 in
296 1311 467 1367 medio
490 1312 604 1382 ejus
622 1352 638 1380 ,
665 1323 713 1367 et
741 1321 987 1383 quartam
1021 1314 1283 1385 disperges
1323 1315 1379 1369 in
1404 1323 1609 1369 ventum
1628 1326 1646 1364 :
1667 1313 1794 1383 quia

209 1404 525 1460 remanebat
554 1404 635 1460 eis
653 1414 847 1475 quarta
875 1420 1003 1476 pars
1032 1406 1135 1460 alia
1171 1424 1185 1460 :
1215 1396 1545 1461 addiderunt
1566 1407 1633 1461 de
1655 1419 1791 1460 suo:

210 1494 283 1550 Et
305 1506 549 1567 quartam
580 1506 786 1567 partem
830 1513 1085 1564 assumes,
1114 1507 1161 1552 et
1191 1499 1459 1552 combures
1478 1514 1593 1552 eam
1615 1498 1670 1553 in
1690 1514 1797 1551 me-

209 1587 299 1641 dio
327 1587 551 1643 civitatis
578 1602 598 1640 .'
620 1588 774 1658 quasi
799 1603 908 1643 non
945 1589 1019 1644 sit
1040 1590 1154 1659 ipsa
1182 1605 1304 1659 quae
1333 1591 1506 1661 prima
1528 1631 1543 1655 ,
1573 1602 1629 1645 et
1652 1589 1797 1645 aliud

210 1676 340 1748 quid
365 1677 420 1732 in
448 1678 625 1747 prima
653 1678 872 1745 dixerit,
904 1679 1055 1734 aliud
1101 1680 1152 1734 in
1200 1680 1301 1736 ista
1330 1695 1450 1751 qua:
1479 1681 1660 1736 addita
1691 1690 1793 1735 est.

212 1769 455 1841 Denique
476 1779 532 1826 et
551 1770 607 1825 in
633 1772 1087 1842 consequentibus
1112 1773 1341 1843 aenigma
1378 1774 1698 1843 capillorum
1744 1774 1797 1827 in

212 1869 326 1915 tres
370 1868 558 1932 partes
605 1861 933 1928 divisorum,
963 1862 1078 1933 ipse
1120 1862 1378 1919 Dominus
1416 1864 1669 1920 edisserit
1697 1880 1796 1933 per

206 1952 533 2022 prophetam
556 1950 743 2008 dicens
773 1970 787 2006 :
820 1952 999 2007 Tertia
1025 1954 1103 2006 tui
1130 1970 1253 2023 pars
1276 1965 1417 2024 peste
1441 1956 1714 2019 morietur,
1748 1966 1797 2010 et

210 2042 350 2111 fame
374 2055 713 2100 consumetur
750 2047 806 2100 in
840 2045 1011 2101 medio
1052 2048 1150 2101 tui.
1187 2046 1390 2103 Famen
1440 2056 1495 2103 et
1535 2049 1797 2118 pestilen-

210 2134 341 2189 tiam
369 2135 551 2206 ignetn
584 2150 705 2191 esse
732 2136 1064 2205 signiﬁcans.
1095 2135 1163 2190 Et
1186 2138 1339 2192 tertia
1370 2138 1446 2191 tui
1475 2154 1598 2209 pars
1620 2139 1797 2208 gladio

208 2226 360 2280 cadet
389 2228 447 2281 in
466 2228 691 2281 circuitu
714 2237 825 2294 tuo,
842 2227 977 2285 foris
1001 2229 1176 2285 caedes
1205 2245 1270 2285 ac
1293 2229 1431 2285 bella
1460 2230 1794 2286 describens.

212 2316 444 2372 Tertiam
469 2335 610 2384 vero,
639 2319 833 2389 inquit,
884 2331 1086 2391 partem
1108 2330 1254 2376 tuam
1274 2322 1330 2377 in
1363 2340 1566 2377 omnem
1589 2334 1798 2378 ventum

211 2407 510 2479 dispergam
532 2423 551 2461 :
573 2424 668 2465 eos
706 2425 827 2466 esse
860 2411 1242 2468 demonstrans
1283 2413 1373 2483 qui
1404 2413 1630 2469 ducendi
1672 2424 1800 2470 sunt

209 2498 266 2554 in
296 2499 691 2570 captivitatem.
718 2500 851 2558 Post
876 2517 1016 2572 quos
1041 2502 1173 2557 dicit
1198 2518 1258 2559 se
1293 2504 1495 2559 nudare
1523 2505 1607 2559 vel
1630 2505 1801 2561 eﬁ'un-

209 2588 341 2667 dere
378 2589 616 2659 gladium
650 2606 843 2659 suum,
876 2602 936 2647 ut
982 2608 1083 2650 nec
1114 2595 1400 2665 captivitas
1447 2597 1798 2653 novissimum

210 2678 283 2734 sit
329 2679 631 2747 malorum,
677 2696 999 2754 sumereque
1048 2684 1113 2740 de
1161 2685 1297 2755 ipsis
1336 2685 1596 2757 dispersis
1638 2696 1819 2757 atque

209 2771 477 2841 captivis,
502 2781 559 2827 et
581 2773 751 2845 ligare
790 2775 843 2829 in
873 2776 1185 2830 summitate
1205 2775 1350 2847 pallii
1375 2778 1456 2832 sui
1480 2792 1575 2833 eos
1604 2778 1697 2848 qui
1732 2779 1799 2833 de

208 2864 525 2933 captivitate
569 2865 794 2921 redituri
837 2868 1041 2922 suntin
1083 2867 1441 2933 Hierusalem,
1473 2877 1531 2924 et
1559 2883 1627 2925 ex
1665 2870 1800 2941 ipsis

205 2970 430 3026 quoque
454 2956 644 3013 tollere
674 2957 910 3028 aliquam
939 2968 1175 3030 partem,
1225 2968 1281 3015 et
1323 2960 1434 3032 igni
1477 2961 1801 3032 ﬁammaque

208 3060 567 3114 consumere;
597 3048 909 3119 signiﬁcans
943 3048 1287 3116 Macedones,
1309 3052 1410 3106 sub
1431 3052 1628 3121 quibus
1653 3053 1801 3109 habi-

209 3143 422 3193 tatores
448 3136 668 3205 Iudaeae,
705 3148 763 3194 et
806 3140 1076 3211 praecipue
1118 3140 1479 3208 Hierusalem,
1509 3143 1646 3199 dura
1675 3159 1801 3214 per-

1887 579 2032 647 quod
2063 589 2328 635 venerunt
2363 580 2636 652 octoginta
2677 580 2776 635 viri
2805 581 2871 635 de
2898 579 3114 636 Sicbem
3143 591 3199 636 et
3237 581 3305 639 de
3326 578 3471 651 Silo,

1888 678 1944 724 et
1968 669 2034 724 de
2060 668 2306 725 Samaria
2353 672 2459 727 rasi
2491 671 2659 728 barba
2700 682 2756 728 et
2794 673 2981 728 scissis
3012 674 3270 741 vestibus,
3302 690 3471 746 squa-

1891 758 2084 825 lentes,
2111 776 2335 816 munera
2379 772 2432 817 et
2475 764 2600 819 thus
2644 765 2916 820 habebant
2938 765 2991 819 in
3023 781 3185 820 manu
3215 776 3276 821 ιιι
3310 760 3475 822 oﬁ‘er-

1892 860 2015 906 rent
2043 851 2096 906 in
2124 852 2288 909 domo
2317 853 2551 909 Domini.
2582 854 2846 925 Egressus
2881 864 3062 911 autem
3099 855 3291 910 lsmael
3331 855 3475 912 ﬁlius

1892 941 2180 1000 N‘athanim
2226 946 2280 1000 in
2322 961 2606 1001 occursum
2640 961 2827 1001 eorum
2853 947 2921 1003 de
2947 946 3190 1018 Masplta,
3222 948 3480 1003 incedens

1892 1043 1950 1089 et
1982 1035 2201 1106 plorans
2242 1036 2371 1090 ibat.
2422 1035 2664 1107 Cumque
2711 1038 3043 1093 occurrisset
3072 1038 3197 1103 ‘eis,
3228 1038 3365 1092 dixit
3411 1040 3481 1093 ad

1894 1132 2032 1182 eos:
2090 1126 2273 1182 Venite
2305 1129 2376 1182 ad
2414 1127 2691 1182 Godoliam
2736 1126 2905 1197 ﬁlium
2945 1129 3182 1183 Aicham.
3226 1128 3331 1196 Qui
3361 1145 3480 1184 cum

1895 1219 2147 1273 venissent
2169 1220 2238 1273 ad
2269 1221 2494 1273 medium
2520 1220 2741 1274 civitatis
2762 1260 2775 1284 ,
2806 1220 3069 1288 interfecit
3094 1236 3180 1275 eos
3209 1218 3344 1293 (.ler.
3366 1234 3479 1285 xu,

1898 1311 1975 1382 6).
2007 1310 2238 1366 Barbam
2269 1313 2467 1382 quippe
2495 1311 2716 1376 radunt,
2742 1313 2834 1381 qui
2870 1312 2975 1368 sibi
3002 1313 3068 1369 de
3097 1314 3330 1383 propriis
3354 1315 3482 1368 viri-

1896 1404 1999 1459 bus
2026 1405 2273 1459 ﬁduciam
2306 1406 2666 1470 subtrahunt;
2696 1415 2876 1462 vestes
2914 1405 3188 1472 scindunt,
3219 1408 3312 1479 qui
3353 1408 3485 1462 sibi-

1899 1495 2147 1567 metipsis
2175 1497 2229 1550 in
2259 1496 2550 1551 exterioris
2579 1497 2793 1553 decoris
2839 1497 3171 1553 laceratione
3211 1514 3319 1555 non
3360 1512 3488 1569 par-

1899 1596 2047 1642 cunt.
2090 1585 2335 1642 Oblaturi
2365 1588 2417 1642 in
2456 1589 2616 1643 domo
2647 1588 2859 1644 Domini
2887 1589 3012 1643 tbus
3035 1595 3090 1644 et
3125 1604 3349 1644 munera
3385 1604 3483 1645 ve-

1902 1678 2077 1743 niunt,
2108 1679 2199 1749 qui
2245 1678 2504 1735 exhibere
2543 1694 2602 1733 se
2650 1680 2702 1734 in
2751 1679 2844 1735 Dei
2892 1679 3159 1736 sacriﬁcio
3184 1680 3489 1735 orationem

1900 1786 2023 1824 cum
2055 1770 2311 1840 operibus
2341 1771 2684 1842 pollicentur.
2731 1770 2839 1827 Sed
2884 1780 3065 1827 tamen
3107 1770 3151 1825 si
3188 1785 3248 1826 se
3280 1770 3334 1825 in
3371 1770 3491 1840 ipsa

1823 1850 1871 1909 Β
1898 1869 2100 1916 sancta:
2137 1862 2439 1917 devotionis
2469 1864 2553 1917 via
2581 1872 2737 1918 caute
2770 1861 3187 1933 circumspicere
3216 1863 3489 1926 nesciunt,

1897 1953 2090 2008 lsmael
2137 1952 2421 2010 Nathanim
2465 1955 2608 2011 ﬁlius
2656 1956 2709 2010 in
2740 1971 2931 2011 eorum
2976 1971 3264 2011 occursum
3290 1955 3488 2010 venit:

1897 2041 2027 2112 quia
2059 2041 2315 2096 nimirum
2342 2043 2570 2114 quilibet
2595 2043 2863 2114 malignus
2889 2044 3132 2114 spiritus,
3159 2044 3358 2114 prioris
3382 2046 3488 2107 sui.

1898 2130 2124 2187 Satanae
2154 2132 2407 2188 videlicet
2433 2133 2702 2203 exemplo,
2730 2134 2783 2188 in
2809 2132 3074 2203 superbize
3109 2148 3296 2189 errore
3329 2148 3493 2205 gene-

1899 2233 2049 2280 ratus
2069 2266 2083 2290 ,
2116 2238 2176 2281 se
2202 2224 2270 2280 ad
2295 2225 2549 2297 laqueum
2579 2226 2920 2298 deceptionls
2943 2226 3185 2298 opponit.
3228 2247 3247 2279 ι

2444 2334 2574 2392 CAP.
2629 2334 2960 2392 CLXXXIV.

1970 2448 2108 2506 Item
2157 2449 2300 2505 idem
2330 2450 2382 2504 in
2411 2449 2651 2505 secundo
2677 2450 2815 2505 libro
2849 2449 3131 2505 Moralium
3162 2450 3304 2521 (cap.
3338 2451 3405 2505 10
3435 2461 3491 2507 et

1902 2539 1992 2611 11)
2027 2558 2040 2594 :
2074 2560 2091 2592 ι
2126 2539 2271 2594 Tunc
2298 2540 2528 2594 surrexit
2550 2539 2739 2606 Iacob,
2761 2550 2809 2594 et
2840 2541 2997 2595 scidit
3018 2543 3320 2596 vestimenta
3342 2558 3442 2596 sua
3465 2559 3486 2598 :

1898 2640 1948 2684 et
1967 2639 2118 2685 tonso
2147 2632 2317 2700 capite
2358 2646 2607 2684 corruens
2636 2630 2691 2684 in
2726 2640 2921 2685 terram
2951 2632 3210 2687 adoravit.
3238 2631 3357 2688 Mos
3396 2648 3491 2688 au—

1902 2732 2011 2778 tem
2041 2731 2287 2777 veterum
2331 2723 2452 2788 fuit,
2489 2732 2550 2776 ut
2572 2723 2820 2795 quisquis
2848 2724 3085 2792 speciem
3112 2725 3195 2785 sui
3231 2727 3480 2796 corporis

1902 2815 2128 2885 capillos
2156 2816 2448 2871 nutriendo
2472 2826 2737 2878 servaret,
2776 2832 2872 2871 eos
2905 2825 3147 2888 tempore
3173 2817 3488 2875 aﬁlictionis

1902 2907 2231 2975 abscideret,
2270 2928 2289 2961 ι
2317 2917 2449 2973 etc.,
2474 2924 2637 2979 usque
2673 2910 2777 2976 ad,
2809 2924 2948 2979 quas
2967 2910 3326 2977 perdidimus,
3377 2927 3488 2968 non

1900 3000 2181 3056 habuisse.

2456 3117 2587 3173 CAP.
2638 3115 2944 3172 CLXXXV.

203 3230 359 3298 pessi
384 3239 537 3286 sum.
564 3231 719 3299 Quod
748 3241 929 3287 autem
969 3233 1100 3288 dicit
1127 3249 1192 3288 ea;
1223 3250 1306 3299 εοδ
1354 3235 1406 3289 id
1432 3244 1516 3290 εει
1556 3238 1753 3306 populo
1778 3253 1793 3302 ;
1824 3221 1877 3282 C
1978 3241 1997 3274 ι
2025 3222 2289 3289 Isidorus,
2313 3224 2583 3294 Spalensis
2603 3227 2894 3297 episcopus,
2918 3227 2973 3280 in
2989 3226 3121 3280 libro
3136 3227 3367 3281 secundo
3390 3226 3492 3296 0f-

213 3319 333 3375 sive
371 3319 534 3389 juxta
580 3321 953 3393 Septuaginta,
979 3340 1045 3378 ex.
1080 3341 1166 3392 ea,
1201 3334 1261 3379 ut
1288 3327 1643 3382 subaudiatur
1668 3331 1803 3384 urbe

212 3407 595 3479 Hierusalem,
648 3416 959 3485 egredietur
1004 3416 1144 3488 ignis
1201 3419 1255 3473 in
1320 3434 1535 3476 omnem
1584 3425 1803 3477 domum

208 3501 399 3569 Israel,
430 3502 857 3563 Macbabaeorum
881 3518 1069 3564 narrat
1094 3511 1322 3565 historia
1339 3552 1355 3577 ,
1387 3513 1532 3583 quod
1557 3516 1802 3584 quaedam

208 3610 341 3664 pars
374 3593 688 3652 Judaeorum
729 3613 789 3653 se
831 3599 1056 3654 tradidit
1098 3599 1366 3658 Antiocho
1406 3605 1708 3675 Epiphani,
1750 3617 1807 3661 et

206 3699 337 3740 eum
368 3687 439 3740 ad
464 3691 895 3758 persecutionem
945 3690 1126 3762 populi
1171 3694 1482 3760 concitavit,
1527 3704 1580 3750 et
1632 3697 1800 3752 multa

208 3775 319 3832 alia
341 3793 463 3848 quae
490 3780 544 3833 in
575 3781 763 3836 eadem
792 3782 1102 3839 scribuntur
1132 3784 1379 3852 historia,
1409 3796 1464 3842 et
1497 3788 1550 3842 in
1582 3787 1800 3860 Iosephi

205 3874 613 3943 voluminibus,
658 3879 1036 3952 praecipueque
1075 3882 1416 3939 dissensione
1467 3883 1700 3954 Hyrcani
1750 3893 1806 3937 et

204 3966 531 4034 Alexandri,
553 3984 653 4040 per
670 3986 900 4042 quorum
928 3974 1271 4030 occasionem
1299 3973 1492 4030 aneus
1520 3973 1806 4044 Pompeius

205 4059 360 4131 cepit
390 4058 716 4128 Jerusalem,
745 4072 800 4117 et
830 4061 1088 4119 Romanae
1120 4064 1313 4135 ditioni
1343 4064 1582 4121 subdidit
1609 4080 1623 4117 :
1654 4074 1804 4135 post-

203 4166 391 4223 eaque
415 4154 518 4209 sub
544 4153 669 4210 Tito
704 4163 762 4211 et
789 4154 1124 4227 Vespasiano
1145 4159 1277 4215 urbs
1303 4167 1485 4229 capta,
1521 4158 1807 4229 templum-

206 4258 320 4314 que
345 4244 687 4304 subversum.
703 4246 771 4302 Et
789 4258 912 4317 post
931 4250 1322 4321 quinquaginta
1343 4265 1514 4307 annos
1537 4251 1636 4305 sub
1658 4249 1804 4305 Elia

204 4333 457 4390 Adriano
485 4351 656 4408 usque
678 4338 745 4392 ad
767 4338 940 4394 solum
969 4340 1189 4397 incensa
1219 4343 1413 4399 civitas
1438 4354 1602 4412 atque
1630 4343 1806 4399 deleta

204 4434 320 4492 est,
350 4426 427 4481 ita
460 4436 521 4481 ut
546 4428 837 4499 pristinum
873 4447 1086 4504 quoque
1128 4449 1323 4490 nomen
1368 4435 1634 4491 amiserit.
1656 4434 1805 4502 Quo-

207 4515 379 4571 modo
412 4526 593 4573 autem
625 4518 679 4574 in
727 4522 965 4577 caesarie
994 4533 1051 4578 et
1081 4524 1247 4579 barba
1294 4524 1711 4596 pulchritudinis
1738 4541 1804 4581 ac

1905 3311 2147 3381 ﬁciorum
2170 3316 2310 3384 (cap.
2351 3313 2385 3368 4
2414 3315 2557 3385 init.)
2589 3317 2669 3371 sic
2683 3316 2813 3370 dicit
2842 3333 2856 3369 :
2894 3333 2911 3366 ι
2949 3315 3209 3371 'I‘onsura:
3233 3316 3496 3372 ecclesia-

1905 3403 2056 3457 stica:
2086 3419 2219 3458 usus
2258 3420 2289 3458 a
2327 3403 2622 3471 Nazaraais,
2654 3406 2755 3461 nisi
2782 3404 3208 3470 fallor,exortus
3233 3416 3319 3461 est
3356 3423 3369 3459 :
3403 3407 3499 3475 qui

1904 3494 2055 3562 prius
2099 3494 2250 3550 crine
2275 3503 2491 3550 servato
2518 3536 2533 3561 ,
2566 3495 2745 3550 denuo
2776 3504 2897 3565 post
2937 3496 3061 3550 vita:
3089 3511 3300 3567 magnae
3325 3498 3500 3551 conti-

1906 3585 2175 3650 nentiam,
2205 3587 2493 3642 devotione
2526 3588 2793 3659 completa
2825 3597 2989 3658 caput
3018 3588 3302 3654 radebant,
3333 3597 3388 3645 et
3408 3604 3500 3645 ca-

1907 3675 2068 3745 pillos
2095 3676 2148 3729 in
2182 3676 2304 3746 igne
2324 3678 2578 3733 sacriﬁcii
2607 3693 2809 3749 ponere
2822 3676 3170 3748 jubebantur,
3200 3680 3406 3736 scilicet
3438 3688 3499 3732 ut

1908 3766 2294 3836 perfectionem
2342 3768 2643 3825 devotionis
2668 3784 2802 3835 suae
2830 3769 3058 3825 Domino
3084 3780 3495 3826 consecrarent.

1909 3857 2114 3913 Horum
2139 3875 2268 3930 ergo
2306 3861 2540 3932 exempli
2569 3876 2698 3917 usus
2747 3862 2816 3917 ab
2845 3860 3105 3932 apostolis
3153 3862 3500 3917 introductus

1908 3962 2011 4016 est,
2040 3961 2099 4006 ut
2122 3952 2177 4006 hi
2201 3952 2294 4022 qui
2321 3952 2523 4008 divinis
2542 3953 2776 4009 cultibus
2806 3954 3097 4022 mancipati
3126 3954 3350 4009 Domino
3369 3968 3502 4009 con-

1909 4053 2212 4107 secrantur,
2245 4045 2403 4115 quasi
2431 4043 2695 4111 Nazartei,
2751 4046 2806 4101 id
2852 4055 2959 4111 est,
2995 4047 3165 4101 sancti
3200 4045 3317 4112 Dei,
3350 4047 3502 4102 crine

1909 4135 2137 4205 praeciso
2184 4136 2532 4194 innoventur.
2583 4137 2698 4193 Hoc
2749 4139 2947 4208 quippe
2980 4147 3035 4193 et
3076 4138 3345 4194 Ezechieli
3374 4155 3501 4210 pro-

1910 4227 2087 4295 phetae
2129 4224 2373 4295 iubetur,
2427 4228 2639 4284 dicente
2668 4227 2895 4283 Domino
2944 4248 2958 4283 :
2996 4228 3073 4282 Tu
3104 4226 3216 4284 Fili
3250 4231 3499 4295 hominis,

1909 4332 2058 4370 sume
2086 4317 2178 4370 tibi
2223 4317 2460 4387 gladium
2503 4330 2740 4383 acutum,
2765 4330 2813 4373 et
2844 4320 3002 4374 duces
3040 4335 3132 4391 per
3155 4332 3312 4391 caput
3346 4332 3498 4376 tuum

1910 4416 1959 4459 et
1989 4407 2204 4461 barbam
2242 4409 2461 4478 (Ezech.
2498 4426 2552 4474 v,
2601 4411 2677 4479 1).
2714 4409 2976 4467 Videlicet
3003 4412 3131 4482 quia
3165 4422 3221 4467 et
3263 4414 3381 4484 ipse
3402 4428 3497 4469 sa-

1913 4496 2170 4550 cerdotali
2199 4512 2419 4567 genere,
2470 4498 2581 4553 Deo
2627 4500 2682 4553 in
2719 4499 3077 4555 ministerium
3110 4502 3500 4558 sanctiﬁcatio-

207 4605 493 4664 virilitatis
526 4609 784 4667 indicium
814 4622 918 4679 est,
942 4629 1062 4685 qua:
1090 4615 1135 4669 si
1180 4584 1440 4671 radantur
1470 4614 1613 4673 foeda
1645 4616 1803 4671 nudi-
1835 4584 1885 4646 θ
1909 4588 1994 4685 ¹Ϊδ⁸
2019 4588 2399 4685 (ξξθδθνῖίίθιῗπῖλ
2424 4590 2537 4646 Hoc
2562 4599 2619 4646 ⁸³
2642 4590 2929 4685 “inm”
2962 4591 3084 4685 3"”
3109 4591 3410 4685 Pfiscma'“
3434 4604 3493 4649 et

207 4706 301 4752 tas
345 4700 668 4770 apparescit,
709 4711 767 4758 et
808 4705 1045 4773 universi
1084 4706 1329 4775 corporis
1365 4720 1494 4777 pars
1519 4716 1761 4762 extrema
1788 4746 1805 4772 ,

205 4800 403 4862 atque,
435 4801 495 4847 ιιι
519 4793 594 4848 ita
621 4795 821 4863 dicam,
852 4805 1122 4863 emortua,
1150 4799 1204 4852 in
1231 4798 1442 4868 capillis
1463 4814 1527 4854 ac
1548 4798 1672 4870 pilis
1697 4809 1806 4863 est,

206 4884 287 4940 ita
320 4884 658 4944 Hierusalem
693 4899 750 4945 ct
784 4891 1015 4962 populus
1044 4891 1162 4962 ejus
1183 4903 1461 4950 emortuus
1487 4935 1500 4960 ,
1542 4904 1600 4951 et
1626 4911 1657 4949 a
1683 4896 1808 4949 vivo

205 4973 319 5029 Dei
354 4991 582 5048 corpore
619 4991 904 5052 separatus
946 4983 1077 5040 fami
1107 4999 1173 5041 ac
1212 4985 1557 5056 pestilentiae,
1592 4986 1726 5042 caedi
1753 4995 1809 5042 et

205 5068 414 5140 gladio,
445 5072 747 5141 captivitati
791 5091 858 5132 ac
898 5076 1222 5147 dispersioni
1271 5079 1523 5134 traditur.
1574 5079 1652 5135 De
1697 5096 1805 5150 qua

204 5159 556 5230 dispersione
584 5165 684 5220 sub
707 5165 876 5237 ﬁgura
905 5167 1226 5238 capillorum
1256 5168 1436 5241 aliqua
1462 5187 1589 5242 pars
1608 5172 1808 5241 ligatur

206 5250 267 5304 in
302 5253 616 5309 summitate
642 5256 827 5327 pallii,
875 5267 936 5314 ut
973 5259 1243 5316 modicum
1291 5262 1420 5333 quid
1449 5279 1666 5329 rursum
1698 5274 1810 5319 tra-

205 5342 383 5399 datur
431 5345 716 5417 incendio,
767 5351 835 5409 de
878 5369 986 5425 quo
1030 5346 1239 5412 inﬁnita
1287 5356 1503 5414 ﬁamma
1555 5375 1618 5414 ac
1669 5375 1810 5430 pene

206 5435 477 5493 universa
523 5439 813 5499 devastans
880 5446 1155 5518 egreditur
1194 5449 1251 5505 in
1310 5465 1526 5506 omnem
1589 5452 1809 5508 domum

207 5527 419 5585 Israel-
437 5548 459 5582 ι

765 5650 896 5708 Car.
934 5653 1260 5712 CLXXXIII.

282 5778 584 5852 Gregorius
611 5796 749 5853 papa
784 5784 839 5838 in
862 5784 1000 5841 libro
1025 5789 1201 5858 primo
1241 5789 1521 5847 Moralium
1546 5793 1690 5851 beati
1713 5793 1815 5849 Job

541 5874 813 5936 PATIOL.
847 5876 1071 5945 CXXI.

1909 4680 2159 4749 Aquilam
2188 4682 2240 4735 iu
2265 4680 2489 4737 Actibus
2514 4682 2882 4754 apostolorum
2907 4684 3113 4753 primos
3142 4682 3334 4740 fecisse
3360 4686 3496 4759 legi-

1911 4789 2033 4827 mus
2060 4791 2073 4827 :
2103 4774 2326 4830 Paulum
2348 4791 2564 4847 quoque
2602 4778 2926 4848 apostolum,
2962 4787 3019 4833 et
3046 4778 3310 4850 quosdam
3332 4779 3497 4836 disci-

1911 4865 2157 4935 pulorum
2184 4866 2410 4933 Christi,
2441 4868 2533 4938 qui
2560 4867 2613 4924 in
2632 4867 2939 4938 huiusmodi
2964 4870 3111 4926 cultu
3134 4872 3377 4928 imitandi
3408 4889 3501 4929 cx-

1912 4958 2192 5014 stiterunt.
2246 4959 2340 5014 Est
2394 4969 2575 5016 autem
2630 4961 2683 5016 in
2741 4962 2959 5017 clericis
3011 4973 3233 5019 tonsura
3282 4966 3497 5038 signum

1912 5050 2184 5121 quoddam
2237 5051 2382 5121 quod
2431 5052 2484 5107 in
2516 5066 2744 5123 corpore
2778 5053 3058 5125 ﬁguratur,
3104 5056 3198 5112 sed
3228 5056 3283 5111 in
3314 5060 3499 5115 animo

1916 5144 2123 5212 agitur;
2159 5142 2370 5198 scilicet
2396 5153 2456 5198 ut
2481 5144 2584 5199 hoc
2613 5145 2788 5215 signo,
2817 5146 2871 5199 in
2902 5146 3171 5217 religione
3199 5148 3329 5204 vitia
3353 5166 3501 5206 resc-

1915 5246 2126 5302 centur,
2151 5246 2207 5292 et
2232 5237 2549 5293 criminibus
2595 5239 2774 5295 carnis
2818 5250 3019 5297 nostra:
3050 5244 3205 5314 quasi
3254 5246 3500 5303 crinibus
3548 5276 3553 5279 -

1915 5341 2201 5393 exnamur,
2244 5335 2409 5398 atque
2456 5328 2580 5384 inde
2628 5330 2869 5387 innovati
2914 5336 3183 5402 sensibus,
3216 5347 3276 5393 ut
3329 5340 3501 5396 comis

1917 5420 2143 5478 rudibus
2176 5422 2564 5488 enitescamns,
2611 5421 2983 5496 Exspoliantes
3030 5447 3148 5496 nos,
3178 5432 3330 5502 juxta
3357 5433 3504 5505 Apo~

1918 5514 2136 5580 stolam,
2155 5524 2377 5570 veterem
2388 5515 2655 5571 hominem
2676 5534 2792 5572 cum
2814 5520 3016 5577 actibus
3038 5524 3146 5578 suis
3166 5564 3179 5585 ,
3210 5531 3260 5576 et
3281 5524 3505 5577 induen-

1918 5619 1993 5663 tes
2019 5625 2229 5675 nouum,
2258 5609 2349 5680 qui
2375 5621 2657 5667 renovatur
2693 5613 2749 5665 in
2791 5615 3107 5684 agnitionem
3159 5613 3257 5668 Dei
3281 5613 3500 5685 (Epltes.

1920 5715 2004 5764 tv;
2039 5696 2242 5752 Coloss.
2278 5699 2384 5770 tu).
2416 5698 2589 5767 Quam
2615 5705 3020 5760 renovationem
3056 5706 3107 5759 in
3136 5714 3313 5759 mente
3343 5720 3503 5774 opor-

1921 5804 1994 5849 tet
2032 5786 2168 5859 ﬁeri,
2198 5793 2293 5846 sed
2326 5792 2379 5846 in
2409 5795 2588 5866 capite
2628 5797 3016 5864 demonstrari,
3063 5800 3149 5853 ubi
3185 5801 3300 5868 ipsa
3351 5815 3506 5859 meas

3066 5892 3142 5977 ει
