4000 6352
550 359 672 420 ἰδ’

1674 339 1910 398 ΛΑΝεῶ
1951 331 2377 394 PARlSlENSlS
2417 323 2729 385 EPiSCOPl
3677 318 3752 374 'll8

561 472 807 529 noscitur
855 467 1121 524 habitare.
1168 462 1321 530 Quod
1354 476 1483 517 vero
1513 459 1738 514 detonso
1780 454 2032 527 superius
2063 468 2153 506 ca-
2183 455 2234 511 Α
2262 445 2394 509 mis,
2436 441 2740 496 nullatenus
2769 433 2996 507 proinde
3027 431 3251 488 inferior
3271 428 3574 500 judicabitur
3596 431 3756 485 nundi-

559 565 694 639 pite,
716 561 944 619 inferius
964 556 1154 615 circuli
1185 568 1386 610 corona
1410 551 1757 621 relinquitur,
1784 543 2152 603 sacerdotium

566 668 902 728 regnumque
931 649 1187 706 Ecclesia
1215 646 1267 700 in
1299 645 1380 700 eis
1408 643 1664 698 existimo
1714 637 1958 712 ﬁgurari.
1987 633 2151 688 Tiara

562 751 709 806 enim
738 747 877 819 apud
903 753 1112 800 veteres
1141 740 1576 797 constituebatur
1607 738 1661 791 in
1693 735 1871 806 capite
1901 728 2154 787 sacerdo-

560 854 703 910 tum,
751 843 869 898 haec
916 853 984 892 ex
1034 836 1196 907 bysso
1253 832 1502 890 confecta
1537 828 1765 885 rotunda
1807 832 1945 891 erat,
1994 819 2152 892 quasi

565 938 779 1009 sphaera
825 932 1000 988 media
1023 972 1036 995 ,
1080 937 1136 983 et
1183 927 1287 982 hoc
1315 923 1653 997 signiﬁcatur
1690 921 1742 974 in
1768 927 1922 988 parte
1956 913 2153 984 capitis

559 1007 731 1089 tonsi.
779 1027 992 1083 Corona
1018 1034 1199 1079 autem
1228 1017 1456 1072 latitudo
1503 1014 1652 1069 aurei
1682 1021 1766 1066 est
1791 1007 2000 1072 circuli,
2033 1017 2153 1074 quae

561 1123 773 1195 Regum
805 1119 980 1188 capita
1008 1114 1199 1186 cingit.
1254 1109 1557 1177 Utrumque
1593 1105 1778 1173 itaque
1819 1100 2033 1170 signum
2062 1109 2154 1148 ex.

561 1187 818 1287 primitur
858 1187 916 1264 in
949 1208 1126 1277 capite
1167 1202 1523 1264 clericorum,
1563 1203 1623 1250 ut
1674 1191 1960 1263 impleatur
1985 1187 2152 1242 etiam

564 1285 810 1379 corporis
857 1302 1089 1374 quadam
1135 1293 1487 1354 similitudine
1535 1288 1680 1360 quod
1725 1285 1989 1354 scriptum
2043 1287 2149 1344 est,

562 1374 726 1458 Petro
765 1394 1008 1467 apostolo
1036 1389 1363 1462 perdocente
1396 1404 1409 1438 :
1447 1381 1552 1436 Vos
1569 1381 1690 1436 estis
1713 1393 1873 1450 genus
1895 1374 2110 1428 electum
2133 1410 2149 1436 ,

562 1476 742 1564 regale
771 1485 1118 1543 Sacerdotium
1153 1479 1206 1551 (ι
1230 1477 1375 1532 Petr.
1413 1475 1497 1547 ιι).
1522 1470 1793 1540 Qumritur
1820 1474 2004 1522 autem
2031 1478 2149 1528 cur,

562 1584 708 1639 sicut
729 1578 870 1652 apud
903 1577 1154 1646 antiquos
1177 1571 1485 1634 Nazaraeos,
1514 1581 1621 1621 non
1644 1571 1769 1618 ante
1791 1575 1947 1616 coma
1978 1554 2152 1612 nutri-

558 1687 680 1742 tur,
701 1649 858 1730 et‘sic
879 1670 1153 1726 tondetur.
1195 1663 1304 1720 Sed
1334 1663 1426 1739 qui
1465 1660 1580 1714 hch
1609 1655 1924 1726 exquirunt,
1958 1649 2153 1703 adver-

565 1779 687 1826 tant
711 1769 840 1840 qnid
869 1767 938 1821 sit
961 1765 1104 1819 inter
1127 1760 1255 1816 illud
1275 1756 1652 1829 prOpheticum
1683 1750 2066 1810 velamentum,
2097 1753 2151 1799 et

2260 536 2334 589 tia
2379 533 2753 588 ministrorum
2782 525 2985 583 Christi
3033 539 3132 595 pro
3183 520 3426 576 radendis
3466 518 3639 584 barbis,
3672 534 3757 589 qua

2259 627 2445 682 illicita
2475 624 2792 687 resecando,
2824 621 2981 676 debet
3008 615 3350 688 prsestantius
3379 612 3697 682 splendescere
3719 613 3757 666 in

2257 718 2511 788 Operibus
2537 716 2712 777 bonis,
2750 722 2806 769 et
2839 709 3169 766 omnimodis
3193 721 3378 762 carere
3406 704 3626 760 sordibus
3649 719 3759 758 men-

2258 806 2329 861 tis
2358 805 2521 862 simul
2546 813 2600 860 et
2628 801 2890 874 corporis.
2929 817 2947 851 ι

2794 911 2923 968 CAP.
2961 904 3315 965 CLXXXVII.

2326 1029 2480 1098 Quod
2506 1028 2765 1102 Romanas
2797 1023 2941 1080 sedis
2979 1019 3221 1093 pontifex
3242 1018 3446 1088 primus
3475 1015 3679 1070 omnium
3698 1016 3764 1070 ha.

2255 1120 2468 1183 beatur,
2508 1120 2700 1174 beatus
2745 1130 2881 1187 papa
2934 1112 3198 1168 Silvester
3242 1107 3512 1190 perdqcuit
3535 1106 3584 1160 in
3607 1105 3762 1160 Prsia-

2255 1209 2401 1263 tione
2422 1207 2588 1264 Nicaei
2609 1206 2846 1269 concilii,
2879 1204 2969 1260 ubi
2996 1203 3099 1258 ista
3135 1201 3386 1273 leguntur
3414 1216 3427 1251 :
3461 1215 3477 1248 ι
3505 1197 3761 1252 Beatissimo

2257 1297 2519 1354 Silvestro
2555 1299 2608 1352 in
2636 1297 2772 1352 urbe
2816 1295 2989 1350 Roma
3033 1291 3343 1364 apostolicae
3389 1288 3526 1343 sedis
3560 1287 3762 1350 antistite,

2254 1387 2608 1444 Constantino
2623 1393 2883 1456 Augusto,
2900 1393 2954 1439 et
2977 1381 3197 1443 Licinio,
3220 1377 3523 1435 consulibus
3539 1374 3719 1431 Paulino
3728 1385 3767 1430 et

2252 1477 2466 1534 Iuliano
2484 1477 2612 1532 viris
2627 1474 2966 1532 clarissimis.
2982 1473 3138 1528 Anno
3154 1473 3220 1527 ab
3231 1471 3534 1526 Alexandro
3547 1468 3767 1522 millesimo

2258 1569 2530 1623 tricesimo
2543 1575 2760 1637 quarto,
2781 1579 2966 1621 mense
2978 1563 3159 1627 Junio,
3173 1562 3386 1617 decimo
3401 1559 3550 1615 tertio
3559 1558 3767 1614 Kalendas

2253 1657 2441 1722 Julias,
2466 1665 2686 1729 pr0pter
2710 1657 3050 1726 insurgentes
3073 1654 3308 1709 haereses
3321 1651 3450 1707 fides
3465 1649 3688 1704 catholica
3702 1664 3768 1703 ex-

2255 1751 2428 1821 posita
2450 1758 2536 1805 est
2559 1751 2699 1819 apud
2725 1746 2958 1803 Nicaeam
2985 1746 3275 1818 Bithyniae,
3301 1759 3458 1816 quam
3476 1750 3637 1799 sancta
3653 1751 3769 1798 etre-

565 1864 710 1920 hanc
728 1833 1009 1930 Evangelii
1031 1853 1440 1914 revelationem,
1464 1848 1532 1903 de
1546 1861 1652 1917 qua
1673 1843 1802 1899 dicit
1822 1837 2144 1910 Apostolus:
2181 1846 2225 1904 Β
2254 1841 2626 1896 verentissima
2655 1840 2899 1894 Romam
2929 1838 3313 1909 complectitur
3342 1845 3398 1891 ει
3429 1843 3682 1890 veneram,-
3699 1833 3768 1886 Εο.

567 1951 701 2008 Cum
753 1947 1025 2004 transieris
1099 1945 1167 1998 ad
1227 1941 1521 2004 Christum,
1591 1935 1860 2005 auferetur
1919 1931 2154 1983 velamen

569 2042 624 2114 (1
655 2041 777 2097 Cor.
805 2055 891 2106 ιιι,
917 2039 995 2109 5).
1027 2035 1181 2104 Quod
1223 2043 1402 2088 autem
1433 2027 1773 2101 significabat
1799 2022 2042 2079 velamen
2072 2019 2155 2073 in-

569 2109 895 2206 terpositum
945 2129 1090 2184 inter
1140 2125 1332 2180 faciem
1361 2120 1530 2191 Moysi
1577 2124 1933 2187 etaspectum
1969 2109 2154 2184 populi

567 2225 760 2292 Israel,
791 2229 894 2281 hoc
921 2218 1261 2294 signiﬁcabat
1289 2215 1395 2270 illis
1425 2211 1757 2282 temporibus
1804 2207 1968 2261 etiam
1998 2219 2155 2259 coma

573 2327 904 2376 sanctorum.
934 2307 1070 2366 Nam
1113 2318 1167 2364 et
1199 2304 1484 2378 Apostolus
1512 2315 1723 2358 comam
1754 2312 1853 2369 pro
1879 2296 2154 2350 velamen-

566 2422 626 2468 to
655 2423 777 2465 esse
824 2406 975 2461 dicit.
1007 2401 1238 2458 Proinde
1269 2397 1382 2467 jam
1407 2412 1513 2451 non
1542 2401 1757 2464 oportet
1802 2399 1861 2444 ut
1903 2388 2156 2443 velentur

569 2501 814 2558 crinibus
860 2496 1041 2567 capita
1086 2507 1300 2556 eorum,
1343 2488 1436 2560 qui
1487 2485 1716 2541 Domino
1744 2486 2152 2543 consecrantur,

567 2595 665 2652 sed
687 2600 895 2648 tantum
939 2594 1000 2641 ut
1035 2583 1372 2646 revelentur;
1402 2579 1531 2650 quia
1559 2576 1701 2648 quod
1725 2582 1846 2630 erat
1877 2571 2154 2629 occultum

568 2689 623 2743 in
669 2690 1012 2740 sacramento
1044 2676 1365 2751 prophetiae,
1391 2675 1507 2745 jam
1535 2653 1596 2727 in
1641 2655 1932 2739 Evangelia
1978 2663 2158 2720 decla-

556 2786 749 2832 ratum
782 2782 883 2830 est.
933 2793 954 2826 ι

1104 2904 1234 2958 Car.
1291 2897 1620 2958 CLXXXVI.

552 3021 748 3087 Ὤμοι-ε
786 3018 960 3072 Latini
997 3030 1139 3068 more
1177 3011 1698 3087 Grece-arumncomas
1736 3021 1840 3087 non
1882 3003 2156 3070 nutriant,

669 3101 724 3144 ut
761 3087 1064 3142 mulieribus
1103 3087 1159 3138 in
1195 3082 1427 3137 crinibus
1464 3080 1699 3148 dispares
1745 3077 2054 3130 habeantur.

647 3245 664 3276 ι
689 3225 821 3280 Cum
850 3236 981 3293 ergo
1005 3218 1179 3275 Graeci
1206 3216 1428 3272 Latinos
1455 3222 1511 3270 et
1533 3213 1806 3268 Romanos
1828 3211 2157 3282 redarguant
2183 3203 2230 3266 C

571 3334 672 3374 cur
700 3315 897 3389 barbas
942 3312 1153 3376 radant,
1197 3310 1291 3380 qui
1339 3309 1409 3365 ob
1464 3306 1781 3362 munditiam
1823 3304 2010 3374 utique
2057 3303 2162 3358 hoc

571 3418 770 3481 agunt,
818 3421 983 3477 quam
1015 3401 1330 3472 expressius
1370 3397 1799 3454 ecclesiasticum
1839 3393 2057 3465 expedit
2105 3400 2163 3446 et

571 3499 814 3572 deposcit
840 3497 1199 3553 ministerium
1225 3511 1240 3561 ;
1267 3492 1466 3564 quippe
1509 3506 1634 3550 cum
1661 3489 1890 3544 diversa:
1915 3486 2161 3541 nationes

569 3608 724 3650 suam
755 3592 1049 3647 observent
1079 3586 1524 3644 consuetudinem
1562 3583 1620 3638 in
1659 3581 1808 3637 cultu
1836 3577 2081 3650 corporis
2107 3585 2166 3632 et

569 3686 1019 3742 vestimentorum
1055 3677 1409 3743 indumentis,
1439 3683 1495 3733 et
1523 3675 1627 3730 hoc
1653 3673 1774 3729 sine
1805 3672 2056 3734 crimine,
2086 3669 2163 3725 ita

567 3783 840 3838 duntaxat
865 3787 926 3831 ut
951 3789 1061 3830 non
1105 3772 1377 3841 discrepet
1419 3785 1451 3824 a
1495 3767 1762 3824 catholica
1791 3766 1931 3831 fide;
1963 3777 2164 3821 conve-

570 3873 785 3929 nienter
807 3865 1066 3925 etLatini
1095 3864 1266 3918 vicem
1289 3860 1573 3930 quaestioni
1603 3858 1904 3930 rependunt
1933 3897 1950 3921 ,
1994 3869 2164 3925 quare

556 3963 888 4020 Graecorum
910 3957 1035 4012 laici
1061 3968 1212 4010 more
1235 3953 1558 4009 feminarum
1592 3960 1782 4007 contra
1815 3947 2163 4006 interdictum

563 4053 818 4111 tonantis
855 4050 1010 4106 Pauli
1056 4063 1240 4104 comas
1278 4046 1560 4111 nutriant,
1607 4043 1701 4114 qui
1745 4043 1820 4097 ita
1866 4040 2166 4097 Corinthiis

575 4147 873 4220 apostolica
901 4143 1225 4200 auctoritate
1271 4138 1589 4194 interminat
1632 4136 1861 4192 dicens:
1895 4133 2008 4188 Nec
2051 4135 2166 4202 ipsa

573 4252 771 4298 natura
793 4239 941 4293 docet
968 4252 1079 4300 vos,
1103 4234 1242 4305 quod
1273 4230 1580 4303 virguidem
1615 4231 1662 4284 si
1687 4243 1893 4282 comam
1939 4225 2163 4289 nutriat,

573 4333 866 4407 ignominia
895 4341 968 4386 est
993 4328 1074 4382 illi
1096 4342 1113 4379 :
1134 4325 1323 4381 mulier
1350 4341 1466 4379 vero
1493 4324 1539 4378 si
1563 4336 1769 4377 comam
1797 4319 2017 4384 nutriat,
2051 4316 2168 4387 glo-

571 4427 658 4482 ria
686 4433 761 4479 est
790 4421 910 4487 illi;
954 4416 1202 4490 quoniam
1225 4413 1400 4486 capilli
1431 4429 1525 4484 pro
1553 4410 1808 4466 uelamine
1827 4409 1874 4462 ei
1899 4407 2013 4462 dati
2040 4415 2166 4462 sunt

576 4515 632 4589 (I
656 4513 777 4570 Cor.
803 4528 881 4579 ιι,
916 4509 1031 4582 id).
1080 4507 1325 4576 Denique
1368 4520 1491 4561 cum
1528 4501 1710 4558 Latini
1740 4515 1926 4556 comas
1955 4498 2166 4554 nutrire

2257 1932 2444 1997 clesia,
2491 1933 2690 2002 quippe
2737 1946 2902 2002 quam
2955 1930 3183 1985 trecenti
3238 1931 3427 1985 decem
3481 1935 3533 1982 et
3573 1934 3674 1982 octo
3702 1923 3770 1980 Pa-

2258 2016 2390 2091 tr'es,
2432 2024 2792 2079 mediantibus
2832 2021 3050 2078 Victore
3095 2031 3259 2091 atque
3309 2019 3577 2075 Vincentio
3618 2016 3771 2087 teligio-

2257 2118 2488 2174 sissimis
2520 2117 2778 2173 Romanae
2802 2117 2948 2173 sedis
2972 2115 3344 2188 presbyteris,
3376 2112 3648 2185 inspirante
3675 2109 3768 2172 Deo,

2255 2211 2848 2286 proptcr'destruenda
2891 2211 3008 2266 Arii
3043 2224 3253 2265 venena
3299 2206 3633 2278 protulerunt.
3673 2201 3769 2255 Nam

2255 2315 2311 2360 et
2337 2303 2607 2360 nonnullae
2635 2300 2836 2372 regula:
2875 2299 3130 2356 subnexa;
3170 2306 3320 2361 sunt,
3370 2310 3504 2366 quas
3537 2297 3770 2348 memorata

2255 2397 2558 2467 suscipiens
2594 2393 2943 2452 conﬁrmavit
2978 2391 3239 2448 Ecclesia.
3277 2388 3559 2446 Sciendum
3584 2394 3655 2442 est
3680 2397 3771 2438 sane

2257 2491 2326 2544 ab
2351 2489 2604 2544 omnibus
2641 2486 2926 2544 catholicis
2961 2485 3219 2557 quoniam
3255 2491 3448 2538 sancta
3473 2478 3678 2534 Ecclesia
3697 2474 3772 2530 lio-

2257 2596 2416 2636 mana
2451 2580 2616 2636 nullis
2651 2577 2924 2652 synodicis
2965 2575 3201 2633 decretis
3229 2573 3457 2646 praelata
3497 2580 3572 2628 est
3603 2569 3691 2640 (Ex
3708 2569 3771 2621 de-

2255 2682 2395 2727 creto
2421 2670 2614 2727 Gelasii
2643 2687 2792 2743 papae
2821 2673 2877 2724 in
2911 2668 3130 2724 concilio
3154 2666 3402 2722 Romano
3438 2681 3521 2718 an.
3550 2661 3675 2732 494),
3706 2658 3771 2713 sed

2257 2761 2566 2833 evangelica
2604 2775 2739 2817 voce
2769 2758 2982 2814 Domini
3006 2767 3061 2814 et
3089 2755 3395 2812 Salvatoris
3431 2753 3588 2809 nostri
3623 2750 3772 2822 prima-

2261 2861 2370 2909 tum
2407 2852 2656 2914 obtinuit,
2710 2851 2800 2905 ubi
2844 2849 2984 2906 dixit
3025 2849 3186 2904 beato
3233 2845 3480 2916 apostolo
3519 2837 3771 2898 Petrozls

2257 2962 2311 3000 es
2361 2942 2572 3009 Petrus,
2620 2953 2668 2998 et
2712 2958 2869 3012 super
2916 2941 3053 2996 hanc
3099 2950 3303 3011 petram
3355 2936 3610 3008 mdiﬁeabo
3640 2931 3773 2987 Eccit-

2257 3036 2391 3090 siam
2411 3051 2610 3101 meam;
2649 3043 2698 3089 et
2729 3043 2893 3103 porta:
2934 3031 3093 3101 inferi
3141 3046 3246 3084 non
3275 3027 3615 3100 pravalebunt
3638 3023 3772 3078 adver-

2259 3145 2349 3184 sus
2375 3145 2530 3194 eam;
2560 3137 2609 3182 et
2629 3126 2722 3180 tibi
2751 3124 2887 3180 dabo
2923 3124 3092 3178 claves
3117 3139 3262 3193 regni
3289 3121 3558 3196 caelorum.
3585 3117 3645 3172 Et
3672 3130 3774 3186 quc-

2261 3235 2462 3290 cunque
2482 3218 2723 3289 ligaveris
2750 3231 2906 3286 super
2938 3224 3154 3279 terram,
3176 3223 3332 3267 erunt
3362 3211 3520 3282 ligata
3545 3219 3588 3264 et
3612 3204 3771 3261 incolo.

2262 3311 2333 3367 Et
2353 3327 2672 3383 quaecunque
2697 3308 2914 3364 solveris
2928 3323 3085 3379 super
3106 3316 3327 3368 terram,
3357 3311 3506 3358 erunt
3524 3299 3672 3356 soluta
3686 3306 3722 3350 et
3739 3294 3776 3347 is

2262 3402 2390 3459 creto
2421 3402 2638 3472 (Matth.
2662 3416 2779 3466 χιιι,
2811 3399 2878 3455 18
2897 3398 3026 3470 seq).
3057 3395 3316 3451 Adhibita
3339 3403 3425 3449 est
3441 3393 3590 3449 etiam
3603 3387 3776 3444 societas

2263 3494 2320 3549 in
2349 3495 2534 3549 eadem
2564 3491 2808 3547 Romana
2844 3489 2978 3545 urbe
3003 3485 3301 3544 beatissimi
3335 3482 3554 3556 apostoli
3577 3475 3703 3536 Pauli
3717 3488 3777 3526 va-

2264 3584 2340 3639 sis
2369 3582 2668 3663 electionis,
2696 3581 2788 3652 qui
2818 3594 2927 3636 uno
2959 3579 3065 3644 die,
3095 3591 3318 3647 unoque
3343 3585 3575 3644 tempore
3599 3566 3775 3640 gloriosa

2266 3681 2442 3729 morte
2467 3687 2589 3729 cum
2613 3671 2775 3726 Petro
2793 3670 2892 3726 sub
2919 3668 3166 3739 principe
3192 3666 3413 3722 Nerone
3434 3663 3692 3735 agonizans
3713 3668 3779 3709 co-

2266 3772 2490 3820 ronatus
2519 3771 2632 3827 est;
2683 3771 2738 3816 et
2794 3761 2958 3815 ambo
3006 3759 3212 3830 pariter
3253 3763 3499 3811 sanctam
3539 3745 3778 3805 Ecclesiam

2265 3853 2566 3909 Romanam
2604 3851 2820 3907 Christo
2864 3849 3094 3904 Domino
3143 3852 3561 3907 consecrarunt;
3611 3838 3780 3904 aliisque

2267 3945 2517 4001 omnibus
2546 3943 2769 3998 urbibus
2805 3942 2860 3996 in
2887 3941 3144 3997 universo
3174 3940 3381 3995 mundo
3411 3952 3506 3993 sua
3535 3928 3780 4005 praesentia.

2269 4045 2431 4106 atque
2456 4034 2769 4091 venerando
2807 4032 3083 4103 triumpho
3107 4031 3485 4104 praetulerunt.
3518 4027 3580 4083 Et
3597 4025 3699 4079 licet
3713 4031 3782 4090 pro

2267 4128 2519 4184 omnibus
2559 4125 2778 4181 assidua
2834 4125 2977 4196 apud
3035 4123 3203 4179 Deum
3251 4121 3492 4178 omnium
3537 4124 3782 4173 sanctorum

2267 4218 2524 4273 fundatur
2549 4215 2748 4281 oratio,
2798 4213 2884 4270 his
2931 4223 3111 4268 tamen
3157 4212 3344 4268 verbis
3378 4209 3569 4266 Paulus
3594 4199 3783 4261 beatissi-

2269 4321 2392 4362 mus
2428 4304 2703 4376 apostolus
2727 4303 2987 4358 Romanis
3032 4301 3256 4373 proprio
3293 4297 3638 4370 chirOgrapho
3673 4287 3786 4362 polli-

2269 4407 2423 4454 cctnr
2436 4397 2652 4453 dicens:
2683 4394 2846 4450 Testis
2866 4395 3003 4449 enim
3025 4394 3153 4447 mihi
3177 4403 3255 4448 est
3277 4391 3442 4457 Deus,
3473 4390 3554 4444 cui
3577 4386 3730 4446 seruio.
3747 4379 3786 4431 ίιι

2269 4490 2455 4560 spiritu
2479 4505 2590 4542 meo
2612 4489 2669 4543 in
2692 4485 2975 4557 Evangelia
2989 4483 3119 4540 Filii
3140 4483 3277 4556 ejus,
3298 4483 3438 4556 quod
3461 4482 3565 4538 sine
3586 4471 3787 4531 intermir

579 4561 623 4589 ι·
657 4561 881 4579 ’ν’--ι
920 4561 1025 4582 -έιν
1082 4561 1091 4562 ί
1138 4561 1175 4562 η
1235 4561 1252 4576 ι

573 4607 857 4676 indignum
887 4604 1105 4665 ducant,
1146 4608 1340 4654 utnon
1377 4594 1625 4652 muliebri
1652 4592 1819 4649 cultui
1846 4592 2165 4656 assentiant,
2195 4561 2248 4622 D
2273 4582 2418 4635 sione
2455 4579 2762 4634 memoriam
2821 4578 2978 4632 vestri
3025 4575 3164 4647 facio
3189 4591 3394 4644 semper
3433 4573 3489 4626 in
3529 4563 3786 4625 orationim

2360 4673 2371 4676 _
2434 4669 2495 4676 ...
2707 4669 2750 4676 --
2829 4666 2867 4676 -ι
2907 4668 2918 4676 .
3297 4667 3308 4676 -
3604 4657 3700 4676 l,-.!
3724 4653 3771 4676 ι..

575 4695 959 4768 inquirendum
988 4691 1117 4762 quid
1141 4689 1314 4745 Graeci
1341 4688 1585 4742 sanctius
1612 4684 1874 4749 sentiant,
1899 4683 1990 4754 qui
2013 4682 2170 4752 quasi

576 4789 792 4843 unitum
819 4791 985 4854 caput
1014 4795 1139 4836 cum
1169 4777 1483 4833 mulieribus
1511 4776 1741 4830 crinium
1776 4774 2044 4829 velamine
2072 4787 2166 4844 ge-

579 4888 744 4937 stant.
797 4876 1093 4934 Corinthus
1136 4870 1402 4941 siquidem
1441 4877 1526 4924 est
1564 4869 1621 4924 in
1661 4867 1884 4932 Achaia,
1915 4881 2036 4935 qua:
2063 4882 2170 4921 una

580 4983 668 5031 est
689 4972 969 5026 civitatum
997 4966 1308 5022 Grmcarum
1343 4965 1397 5018 in
1425 4963 1554 5017 Asia
1596 4959 2034 5024 consistentium,
2077 4973 2172 5013 cu-

579 5065 666 5139 ius
691 5065 836 5118 viros
866 5057 1037 5118 noluit
1073 5057 1280 5112 nutrire
1309 5071 1493 5112 comas
1525 5052 1847 5125 Apostolus,
1874 5067 1984 5106 non
2010 5049 2172 5120 quili-

580 5157 674 5210 bet
702 5153 861 5218 alius,
891 5150 984 5206 scd
1010 5147 1098 5204 ille
1132 5148 1222 5219 qui
1261 5162 1364 5201 non
1405 5144 1470 5198 ab
1511 5142 1830 5205 hominibus,
1877 5156 2040 5210 neque
2083 5155 2176 5209 per

581 5243 869 5305 hominem,
909 5239 998 5294 sed
1037 5255 1129 5310 per
1167 5237 1350 5292 Jesum
1382 5231 1669 5296 Christum,
1693 5241 1741 5284 et
1765 5230 1936 5284 Deum
1958 5227 2176 5282 Patrem

582 5335 675 5406 qui
707 5333 972 5388 suscitavit
1006 5347 1126 5385 eum
1148 5347 1180 5383 a
1210 5326 1430 5383 mortuis
1454 5321 1597 5394 (Gal.
1630 5338 1669 5387 ι,
1702 5319 1780 5392 1),
1807 5329 1889 5377 est
1914 5321 2178 5376 constitu-

585 5437 677 5482 tus
695 5424 1001 5497 Apostolus.
1046 5422 1192 5477 Dixit
1214 5421 1398 5488 itaque
1421 5413 1638 5482 quidam
1667 5413 1956 5468 sanctitate
1977 5420 2031 5465 et
2054 5427 2178 5467 ora-

587 5527 766 5574 torum
793 5517 1009 5588 eloqnio
1031 5513 1273 5584 pollens;
1303 5509 1348 5564 si
1382 5508 1559 5579 aliqua
1587 5506 1847 5561 sanctitas
1873 5505 2178 5561 subintelli-

590 5611 734 5683 gitur
762 5608 814 5664 in
858 5602 1232 5676 corporalibus
1278 5599 1500 5664 barbis,
1540 5597 1681 5653 forte
1718 5598 1950 5668 aliquem
1997 5604 2180 5667 posset

589 5699 768 5758 locum
823 5697 880 5753 in
933 5691 1312 5768 grandioribus
1358 5688 1543 5744 hircis.
1609 5687 1667 5742 Si
1715 5701 1844 5756 ergo
1891 5686 2178 5756 prudentia

595 5792 917 5848 Achivorum
946 5782 1246 5844 contemnit
1277 5778 1589 5851 Apostolum
1637 5779 1689 5831 in
1739 5776 2044 5832 nutriendis
2089 5791 2152 5830 co

2269 4673 2398 4726 meis
2427 4669 2606 4742 (Rom.
2633 4685 2672 4734 ι,
2703 4669 2780 4740 9).
2829 4666 3013 4722 Prima
3056 4682 3184 4738 ergo
3213 4667 3372 4722 sedes
3397 4675 3482 4720 est
3522 4657 3702 4719 ccelesti

2271 4761 2467 4816 nelicio
2489 4761 2746 4814 Romanae
2778 4758 3054 4822 Ecclesiae,
3083 4773 3249 4828 quam
3291 4753 3587 4812 beatissimi
3614 4741 3787 4819 apostoli

2271 4851 2465 4907 Petrus
2492 4860 2656 4921 atque
2699 4847 2898 4905 Paulus
2949 4865 3048 4904 suo
3075 4847 3338 4920 martyrio
3379 4847 3688 4902 dedicarunt.
3723 4833 3791 4889 Se-

2273 4945 2448 4999 cunda
2478 4952 2662 4998 autem
2707 4941 2864 4996 sedes
2903 4939 3046 5010 apud
3094 4938 3478 4995 Alexandriam
3525 4931 3654 4992 beati
3683 4923 3789 4981 Petri

2281 5037 2497 5094 nomine
2528 5051 2559 5090 a
2597 5034 2781 5090 Marco
2833 5034 2952 5104 ejus
2995 5033 3260 5103 discipulo
3307 5043 3471 5103 atque
3528 5021 3792 5096 evangelista

2279 5137 2619 5193 consecrata,
2646 5126 2770 5198 quia
2807 5126 2920 5198 ipse
2945 5134 2999 5182 et
3025 5126 3080 5182 in
3115 5125 3353 5198 Aﬂgypto
3381 5124 3601 5195 primum
3620 5114 3790 5171 verbum

2280 5225 2525 5280 veritatis
2549 5222 2788 5278 directus
2821 5235 2852 5274 a
2884 5218 3047 5275 Petro
3089 5218 3424 5290 praedicavit,
3465 5225 3520 5271 et
3561 5207 3790 5290 gloriosutn

2281 5316 2895 5389 suscepitmartyrium;
2927 5313 3014 5370 cui
3043 5310 3374 5369 venerabilis
3416 5300 3657 5363 successit
3695 5287 3790 5388 Αδῆ

2282 5415 2408 5468 lius.
2440 5378 2622 5466 :l‘ertia
2651 5378 2783 5464 vero
2818 5378 2976 5464 sedes
3007 5405 3148 5478 apud
3168 5401 3529 5463 Antiochiam,
3556 5396 3667 5450 item
3687 5378 3792 5442 beati

2286 5505 2432 5561 Petri
2462 5503 2689 5575 apostoli
2717 5501 2950 5558 habetur
2978 5477 3328 5562 honorabilis,
3379 5493 3502 5564 quia
3543 5487 3640 5543 illic
3662 5477 3793 5573 ντίιιξν·

2286 5613 2450 5668 quam
2480 5598 2709 5652 Romam
2742 5593 2974 5658 veniret,
3013 5591 3294 5653 habitavit,
3339 5595 3394 5640 et
3437 5563 3792 5668 lgnatiunt

2286 5656 2508 5757 scopum
2539 5684 2840 5750 constituit,
2872 5691 2928 5737 et
2957 5656 3066 5736 illic
3101 5679 3333 5752 primum
3364 5687 3554 5730 nomen
3587 5656 3791 5721 Chrisﬁa-

2288 5793 2478 5834 norum
2510 5777 2731 5833 novellae
2757 5775 2935 5845 gentis
2956 5782 3208 5830 exortum
3236 5777 3334 5827 est.
3364 5766 3497 5823 Nam
3527 5766 3578 5818 et
3599 5755 3793 5812 Hieroso'
