4000 6352
231 362 341 418 769

1389 363 1586 420 LIBER
1626 362 1994 419 ADVERSUS
2033 362 2355 421 GRAECOS.

3397 369 3505 430 150

226 479 524 549 lymitanus
549 479 835 550 episcopus
862 493 958 547 pro
987 480 1116 533 tanti
1147 479 1248 534 loci
1278 481 1580 534 reverentia
1607 482 1675 536 ab
1698 496 1813 535 om-
1841 487 1887 545 Α
1919 478 2190 550 Discrepat
2212 482 2323 535 haec
2344 482 2508 536 versio
2528 482 2592 536 ab
2621 480 2774 551 edit.)
2809 498 2823 535 :
2864 482 2943 536 De
2964 483 3147 537 ordine
3174 484 3504 555 singularum

225 573 391 627 nibus
440 572 673 625 habetur
713 571 1081 637 honorabilis;
1128 586 1364 626 maxime
1404 573 1658 639 quoniam
1707 570 1816 627 illic

221 664 440 734 primus
466 662 811 717 beatissimus
847 660 1100 727 Iacobus,
1151 662 1242 732 qui
1292 663 1574 717 dicebatur
1615 662 1816 731 justus,

220 754 323 823 qui
350 753 516 808 etiam
548 753 841 808 secundum
870 768 1087 807 carnem
1115 752 1280 807 frater
1302 753 1513 807 Domini
1541 769 1817 823 nuncupa-

222 854 321 899 tus
350 852 457 911 est,
488 860 517 897 a
557 843 737 908 Petro,
769 843 971 899 Jacobo
1000 850 1054 898 et
1085 842 1290 898 Joanne
1312 844 1568 913 apostolis
1595 853 1678 899 est
1703 844 1821 914 epi—

217 950 430 1006 scopus
466 934 975 1004 ordinatus.ltaque
1003 936 1299 990 secundum
1325 934 1673 1004 antiquormn
1708 934 1815 989 Pa-

221 1038 371 1083 trum
392 1028 763 1084 delinitiouem
806 1028 965 1083 sedes
993 1028 1169 1098 prima
1208 1027 1259 1081 in
1292 1026 1685 1099 Hierosolymis
1714 1028 1817 1082 mi-

217 1122 373 1177 nime
404 1122 621 1187 dicitur,
644 1137 713 1176 ne
751 1119 890 1176 forte
932 1121 1001 1176 ab
1041 1120 1347 1176 inﬁdelibus
1386 1132 1481 1176 aut
1524 1119 1704 1176 .diotis
1728 1135 1815 1177 se-

218 1212 323 1268 des
345 1212 559 1267 Domini
583 1212 755 1267 nostri
783 1210 911 1268 Jesu
936 1211 1163 1276 Christi,
1187 1226 1308 1282 quae
1336 1210 1390 1266 in
1423 1209 1564 1267 caelo
1597 1218 1703 1276 est,
1754 1211 1811 1266 in

223 1312 382 1359 terra
417 1319 539 1360 esse
585 1313 892 1375 putaretur.
923 1304 1018 1360 Est
1041 1305 1186 1360 enim
1219 1304 1375 1360 sedes
1419 1302 1539 1373 ejus
1586 1304 1807 1371 coelum,

217 1406 371 1452 terra
399 1404 579 1452 autem
605 1396 899 1452 scabellum
929 1397 1128 1466 pedum
1147 1394 1264 1466 ejus
1288 1404 1391 1460 est,
1416 1396 1673 1467 quoniam
1692 1396 1811 1466 ipse

214 1494 325 1551 est,
354 1501 455 1558 per
482 1501 643 1557 quem
674 1489 857 1543 omnia
890 1486 1031 1543 facta
1054 1496 1203 1551 sunt,
1248 1496 1304 1544 et
1330 1488 1448 1542 sine
1472 1502 1580 1558 quo
1600 1486 1805 1542 factum

213 1585 304 1633 est
332 1578 493 1643 nihil,
517 1578 775 1648 quoniam
799 1594 864 1634 ex
898 1578 1036 1648 ipso,
1067 1586 1125 1633 et
1165 1593 1263 1649 per
1300 1578 1498 1648 ipsum,
1526 1586 1583 1633 et
1605 1578 1658 1633 in
1689 1577 1807 1647 ipso

216 1679 348 1724 sunt
376 1669 557 1724 omnia
594 1688 607 1723 :
635 1670 734 1740 ipsi
773 1670 944 1741 gloria
970 1671 1022 1725 in
1044 1669 1241 1725 smcula
1276 1669 1617 1725 seculorum.
1648 1668 1804 1739 Apud

213 1761 493 1831 Ephesum
544 1776 677 1816 vero
722 1762 1072 1817 beatissimus
1121 1762 1359 1817 Joannes
1408 1761 1685 1832 apostolus
1746 1770 1804 1817 et

1920 572 2240 635 dioecesium,
2274 581 2323 626 et
2365 573 2430 627 de
2451 572 2736 643 privilegiis
2764 589 2882 644 qua:
2906 572 3198 644 Egyptiis,
3226 576 3507 632 Antioche-

1920 664 2000 717 uis
2028 661 2724 735 Constantinopolitanisque
2750 665 3041 721 debentur:
3068 683 3087 718 ι
3116 666 3217 735 Qui
3246 678 3375 723 sunt
3416 684 3506 724 su-

1918 772 2016 828 per
2041 757 2319 813 dioecesim
2345 758 2608 829 episcopi,
2636 774 2977 830 nequaquam
3012 759 3079 814 ad
3106 760 3365 817 ecclesias
3383 777 3506 832 quas

1916 857 2043 903 sunt
2071 860 2229 904 extra
2254 850 2508 921 praefixos
2531 850 2623 905 tibi
2656 851 2917 907 terminos
2960 851 3243 917 accedant,
3286 866 3388 907 nec
3411 866 3507 906 eas

1916 939 2019 994 hac
2046 939 2465 1009 praesumptione
2508 938 2873 1007 confundant;
2930 942 3025 997 sed
3064 940 3219 1010 juxta
3262 957 3506 997 canones

1913 1029 2314 1086 Alexandrinus
2344 1032 2571 1087 antistes
2594 1048 2715 1103 quae
2743 1042 2868 1089 sunt
2897 1033 2952 1088 in
2978 1032 3218 1107 Egypto
3246 1044 3399 1107 regat
3421 1052 3506 1091 so-

1914 1119 2209 1177 lummodo.
2245 1122 2314 1176 Et
2333 1122 2570 1178 Orientis
2590 1124 2828 1196 episcopi
2855 1125 3133 1181 Orientem
3166 1136 3376 1183 tantum
3405 1144 3505 1200 gu-

1911 1211 2164 1278 bernent,
2196 1212 2428 1269 servatis
2448 1213 2745 1284 privilegiis
2772 1231 2893 1287 quae
2932 1216 3167 1275 Niczenis
3196 1220 3503 1276 canonibus

1910 1302 2165 1359 Ecclesia:
2189 1302 2542 1360 Antiochena:
2591 1306 2791 1362 tributa
2837 1316 2986 1362 sunt.
3033 1309 3256 1366 Asiana:
3285 1325 3505 1383 quoque

1910 1393 2216 1450 diteceseos
2265 1394 2505 1466 episcopi
2546 1410 2611 1452 ea
2663 1397 2839 1453 solum
2882 1414 3004 1469 quae
3032 1408 3160 1455 sunt
3209 1401 3263 1456 in
3300 1401 3505 1458 Asiana

1908 1484 2134 1541 ditecesi
2171 1486 2529 1557 dispensent:
2565 1502 2667 1543 nec
2712 1502 2823 1544 non
2866 1497 2923 1544 et
2974 1487 3133 1546 Ponti
3168 1490 3408 1562 episcopi
3435 1504 3503 1549 ea

1910 1591 2120 1639 tantum
2148 1600 2268 1656 qua:
2296 1593 2425 1641 sunt
2472 1584 2528 1641 in
2557 1584 2764 1652 Ponto;
2806 1594 2862 1641 et
2882 1584 3265 1653 Thraciarum,
3299 1602 3421 1657 qua:
3443 1586 3504 1644 in

1920 1675 2171 1733 Thraciis
2202 1686 2329 1733 sunt
2355 1678 2678 1750 gubernant.
2712 1677 2829 1734 Non
2849 1679 3025 1734 vocati
3052 1688 3234 1734 autem
3264 1680 3502 1750 episcopi

1904 1765 2047 1821 ultra
2066 1782 2237 1822 'suant
2264 1768 2544 1825 dioecesim
2573 1784 2681 1824 non
2725 1769 2988 1829 accedant
3013 1779 3235 1842 propter
3274 1771 3502 1826 ordina-

210 1851 548 1922 evangelista
602 1852 775 1908 multo
809 1862 1053 1921 tempore
1103 1860 1228 1923 post
1274 1852 1727 1907 resurrectionem
1754 1858 1804 1906 cl

1916 1860 2088 1917 tiones
2107 1860 2406 1927 faciendas,
2427 1862 2514 1916 vel
2544 1872 2767 1934 propter
2786 1861 2923 1919 alias
2951 1840 3390 1935 dispensationes
3409 1880 3504 1921 ec-

211 1944 594 2000 ascensionem
648 1945 702 1999 in
739 1943 907 2000 ctelos
951 1943 1165 2000 Domini
1209 1943 1380 1998 nostri
1428 1940 1557 1999 Jesu
1604 1940 1808 1997 Christi

210 2046 592 2093 commoratus
618 2045 726 2103 est,
756 2038 939 2107 ibique
956 2037 1121 2091 etiam
1150 2035 1527 2108 Evangelium,
1554 2034 1697 2104 quod
1723 2048 1807 2089 se-

209 2128 456 2184 cundum
494 2126 763 2184 Joannem
810 2127 1030 2190 dicitur,
1061 2126 1244 2181 divina
1288 2125 1641 2196 inspiratione
1678 2139 1809 2179 con-

210 2221 458 2291 scripsit,
481 2230 646 2290 atque
666 2218 958 2290 requievit.
998 2217 1068 2273 Et
1095 2218 1166 2272 ob
1204 2217 1307 2272 hoc
1323 2216 1609 2287 episcopus
1630 2213 1808 2284 Ephe-

211 2311 330 2365 sius
349 2325 451 2380 pro
488 2311 625 2365 tanti
673 2309 905 2381 apostoli
928 2317 983 2365 et
1010 2308 1358 2381 evangelista:
1380 2306 1664 2372 memoria,
1702 2320 1809 2360 οπο

208 2402 350 2456 teris
391 2401 661 2472 episcopis
687 2400 1122 2472 metropolitanis
1150 2400 1206 2454 in
1241 2397 1463 2470 synodis
1509 2394 1804 2452 honorabi-

208 2490 405 2548 liorem
433 2492 643 2547 obtinet
667 2492 872 2547 sedem.
912 2510 933 2544 ι

731 2601 864 2657 CAP.
906 2597 1285 2657 CLXXXVIII.

278 2696 417 2752 Item
444 2696 640 2751 beatus
664 2693 940 2766 Sylvester
963 2694 1019 2748 in
1046 2692 1151 2749 line
1171 2689 1513 2747 allocutionis
1538 2704 1700 2761 quam
1728 2687 1807 2745 fe-

212 2787 293 2843 cit
330 2787 387 2841 in
414 2786 624 2859 synodo
647 2795 767 2840 acta
790 2784 846 2839 in
869 2782 1118 2853 Trajanis
1141 2783 1301 2838 tertio
1325 2780 1595 2836 Kalendas
1616 2778 1805 2833 Junias

210 2878 305 2949 (In
329 2878 619 2932 canonibus
651 2876 927 2949 Sylvestri,
961 2891 1081 2946 cap.
1116 2875 1209 2945 20)
1241 2892 1255 2928 :
1289 2893 1308 2925 ι
1341 2872 1512 2928 Nemo
1537 2868 1806 2941 iudicabit

206 2972 447 3042 primam
494 2970 680 3026 sedem
724 2968 993 3038 justitiam
1035 2967 1435 3023 desiderantem
1478 2960 1804 3033 temperari,

204 3078 387 3132 neque
434 3063 504 3117 ab
554 3062 817 3133 Augusto,
868 3075 1046 3131 neque
1088 3059 1157 3115 ab
1189 3057 1337 3113 omni
1364 3057 1534 3122 clero,
1566 3069 1746 3126 neque
1773 3070 1806 3110 a

204 3154 447 3226 regibus,
478 3168 653 3225 neque
682 3169 713 3207 a
741 3152 938 3229 populo
964 3151 1129 3220 judex
1154 3148 1510 3219 judicabitur.
1547 3168 1568 3203 ι

758 3266 889 3322 CAP.
929 3264 1263 3323 CLXXXIX.

275 3364 338 3419 In
374 3363 672 3420 canonibus
712 3360 1100 3431 apostolorum,
1133 3358 1211 3413 De
1253 3358 1490 3429 primatu
1524 3356 1793 3428 episcopo-

207 3474 349 3520 rum,
377 3471 499 3526 cap.
529 3455 599 3509 55
629 3455 771 3527 (can.
816 3452 907 3518 35,
935 3468 1000 3506 ex
1022 3453 1238 3522 interpr.
1281 3448 1522 3520 Dionysii
1546 3448 1744 3520 exigui)
1779 3465 1793 3502 :

210 3568 231 3600 ι
280 3548 575 3618 Episcopus
629 3545 869 3617 gentium
913 3542 1248 3614 singularum
1314 3541 1458 3596 scire
1518 3540 1795 3605 convenit,

206 3642 331 3712 quis
370 3642 515 3695 inter
556 3653 649 3694 eos
690 3637 900 3707 primus
930 3637 1214 3699 habeatur,
1245 3647 1407 3703 quem
1439 3631 1589 3687 velut
1635 3640 1800 3701 caput

205 3732 545 3795 existiment,
576 3737 631 3784 et
658 3727 794 3783 nihil
841 3726 1073 3797 amplius
1126 3731 1324 3795 pratter
1364 3720 1483 3789 ejus
1510 3721 1797 3776 conscien-
1826 3756 1827 3759 η

207 3824 340 3877 tiam
397 3826 591 3891 gerant
639 3832 803 3887 quam
834 3815 926 3870 illa
968 3814 1082 3870 sola
1112 3812 1332 3883 singuli,
1378 3826 1499 3880 quae
1526 3809 1800 3880 parochia:

204 3911 445 3983 propria:
482 3918 538 3964 et
558 3906 724 3971 villis,
752 3921 873 3977 quae
899 3905 1001 3961 sub
1026 3919 1092 3959 ea
1129 3912 1275 3967 sunt,
1321 3908 1654 3970 competunt.
1691 3897 1799 3952 Sed

206 4018 311 4058 nec
335 4002 426 4057 ille
458 4010 659 4071 praeter
677 3999 919 4054 omnium
946 3995 1335 4052 conscientiam
1375 3991 1754 4062 faciataliquid
1780 4008 1795 4044 :

206 4096 303 4151 Sic
329 4094 477 4150 enim
506 4093 839 4148 unanimitas
866 4091 990 4156 erit,
1018 4101 1072 4146 et
1113 4087 1503 4162 gloriﬁcabitur
1532 4087 1677 4144 Deus
1700 4100 1801 4157 per

206 4187 488 4243 Christum
509 4185 564 4241 in
591 4183 797 4256 Spiritu
835 4192 1045 4240 sancto.
1082 4201 1103 4236 ι

855 4297 988 4354 ειν.
1020 4295 1179 4353 CXC.

276 4391 339 4447 In
376 4389 598 4447 Niceno
629 4388 883 4454 concilio,
911 4388 976 4443 de
1004 4386 1286 4459 privilegiis
1316 4401 1435 4457 quis
1483 4382 1798 4456 quibusdam

204 4483 511 4538 civitatibus
540 4489 858 4552 competunt,
880 4494 1001 4550 cap.
1028 4481 1062 4534 6
1083 4478 1225 4551 (can.
1254 4477 1289 4532 6
1314 4494 1380 4532 ea:
1403 4477 1574 4548 prima
1594 4475 1746 4545 edit.)
1778 4490 1793 4528 :

1908 1950 2259 2018 clesiasticas,
2284 1950 2514 2007 Servata
2536 1968 2666 2009 vero
2691 1969 2811 2024 quae
2825 1954 3025 2025 scripta
3041 1950 3206 2010 estde
3229 1956 3503 2026 guberna-

1908 2040 2145 2098 tionibus
2176 2042 2384 2115 regula,
2425 2044 2771 2100 manifestum
2799 2055 2884 2102 est
2910 2047 3057 2116 quod
3100 2046 3191 2101 illa
3219 2060 3344 2117 quae
3370 2055 3503 2101 sunt

1907 2149 2007 2205 per
2056 2149 2495 2205 unamquamque
2560 2136 2896 2207 provinciam
2969 2137 3139 2207 ipsius
3203 2136 3502 2209 provincia:

1907 2228 2146 2301 synodus
2197 2229 2490 2301 dispenset,
2547 2230 2690 2286 sicut
2748 2231 2968 2287 Niceeno
3035 2239 3253 2287 constat
3313 2230 3503 2288 decre-

1909 2332 2023 2377 tum
2078 2336 2199 2378 esse
2256 2322 2510 2379 concilio.
2562 2323 2831 2380 Ecclesias
2889 2333 3070 2379 autem
3117 2323 3211 2379 Del
3263 2323 3317 2378 in
3373 2323 3503 2377 har-

1907 2415 2108 2471 baricis
2177 2416 2427 2487 gentibus
2495 2417 2821 2471 constitutas
2892 2415 3181 2486 gubernari
3243 2413 3501 2469 convenit

1904 2504 2058 2577 juxta
2087 2506 2557 2571 consuetudinem,
2593 2520 2716 2575 quae
2738 2514 2822 2559 est
2847 2520 2877 2558 a
2906 2505 3159 2559 Patribus
3186 2504 3496 2559 observata.

1908 2594 2297 2652 Verumtamen
2319 2594 2948 2666 Constantinopolitanus
2977 2595 3264 2666 episcopus
3298 2593 3501 2649 habeat

1909 2688 2133 2744 honoris
2151 2688 2444 2758 primatum
2474 2695 2600 2757 post
2636 2686 2941 2742 Romanum
2985 2687 3326 2757 episcOpum,
3369 2700 3497 2756 pro-

1908 2790 2096 2855 pterea
2128 2780 2273 2853 quod
2297 2779 2429 2836 urbs
2458 2780 2574 2850 ipsa
2604 2779 2676 2836 sit
2700 2778 2887 2850 junior
2911 2778 3104 2835 Roma.
3148 2798 3169 2832 ι

2535 2894 2665 2950 CAP.
2704 2893 2929 2950 CXCIII.

1976 3008 2036 3062 In
2056 3006 2289 3063 concilio
2313 3005 2650 3071 Sardicensi,
2678 3020 2798 3077 cap.
2823 3006 2857 3061 ‘5
2891 3007 3033 3076 (can.
3058 3008 3115 3072 3,
3147 3023 3212 3062 εις
3236 3008 3495 3078 interpre-

1911 3110 2009 3156 tat.
2040 3100 2202 3155 Dion.
2239 3099 2498 3170 Exigui):
2529 3117 2548 3150 ι
2585 3100 2744 3165 Quod
2772 3100 2819 3154 si
2855 3099 3137 3154 damnatus
3158 3101 3497 3171 appellaverit

1817 3200 1865 3265 ί]
1898 3194 2196 3251 Romanum
2217 3190 2540 3262 pontiﬁcem,
2565 3189 2700 3244 sicut
2722 3206 2888 3260 nuper
2913 3189 3037 3260 fecit
3070 3188 3313 3263 lgnatius
3354 3187 3497 3246 Cotto

1900 3281 2397 3353 stantinopolitanus
2430 3280 2701 3351 episcopus
2730 3280 2946 3351 injuste,
2974 3290 3033 3335 ut
3065 3280 3284 3345 dicitur,
3341 3282 3498 3351 depo-

1900 3377 2055 3440 situs,
2082 3374 2138 3427 id
2166 3371 2544 3428 observandum
2561 3372 2703 3442 quod
2732 3372 2840 3443 ipse
2860 3372 3120 3427 censuerit
3154 3389 3168 3425 :
3197 3369 3359 3428 Osius
3380 3372 3497 3441 epi-

1902 3480 2097 3538 scopus
2122 3464 2261 3520 dixit
2301 3480 2315 3517 :
2361 3462 2495 3517 Illud
2521 3477 2740 3533 quoque
2782 3462 3091 3518 necessario
3126 3462 3492 3532 adjiciendum

1899 3566 2008 3623 est,
2033 3564 2095 3612 ut
2112 3553 2351 3625 episcopi
2381 3553 2450 3608 de
2491 3567 2585 3608 sua
2630 3553 2910 3622 provincia
2941 3553 3009 3608 ad
3065 3552 3226 3607 aliam
3270 3553 3490 3623 provin-

1900 3650 2042 3705 ciam
2074 3687 2091 3713 ,
2120 3647 2175 3701 in
2222 3660 2329 3715 qua
2378 3658 2484 3699 non
2526 3651 2654 3697 sunt
2695 3642 2958 3713 episcopi,
3011 3658 3118 3697 non
3170 3650 3489 3707 transeant;

1901 3742 2006 3797 nisi
2044 3740 2185 3796 forte
2207 3754 2238 3793 a
2263 3737 2522 3792 fratribus
2547 3737 2661 3792 suis
2696 3738 2932 3803 invitati,
2968 3753 3038 3793 ne
3068 3737 3356 3793 videantur
3401 3736 3487 3806 ja-

1901 3845 2063 3885 nuam
2132 3829 2387 3885 claudere
2447 3827 2753 3882 charitatis.
2825 3827 2980 3895 Quod
3061 3828 3107 3882 si
3177 3827 3232 3882 in
3308 3826 3489 3897 aliqua

1900 3922 2177 3994 provincia
2229 3920 2425 3990 aliquis
2469 3919 2995 3988 episcopus.contra
3042 3917 3268 3975 fratrem
3326 3934 3486 3974 suum

1901 4013 2213 4083 episcopum
2245 4010 2393 4066 litem
2441 4010 2713 4076 habuerit,
2748 4019 2941 4066 neuter
2966 4025 2997 4066 e
3025 4010 3240 4067 duobus
3286 4026 3356 4068 ex
3385 4011 3493 4067 alia

1900 4104 2180 4176 provincia
2209 4104 2435 4159 advocet
2458 4103 2743 4175 episcopos
2771 4103 2839 4158 ad
2859 4102 3126 4172 judicium
3156 4105 3488 4175 cognitores.

1900 4197 2056 4263 Quod
2087 4196 2132 4251 si
2160 4195 2357 4266 aliquis
2386 4197 2670 4266 episcopus
2691 4194 2966 4265 judicatus
3009 4194 3173 4251 fuerit
3217 4196 3272 4251 in
3305 4195 3489 4270 aliqua

1901 4303 2088 4353 causa,
2119 4296 2175 4342 et
2202 4296 2357 4357 putat
2393 4301 2451 4341 se
2489 4286 2686 4341 bonam
2739 4300 2960 4341 causam
3009 4285 3236 4352 habere,
3284 4295 3347 4342 ut
3389 4287 3491 4343 ite-

1900 4392 2023 4433 rum
2047 4376 2115 4432 ad
2140 4377 2403 4448 judicium
2435 4375 2722 4431 concilium
2750 4383 3069 4439 renovetur;
3101 4376 3147 4431 si
3182 4376 3338 4432 vobis
3368 4377 3489 4449 pla-

1899 4481 1989 4526 cet
2010 4470 2183 4526 sancti
2225 4469 2372 4524 Petri
2415 4467 2641 4539 apostoli
2687 4466 3007 4522 memoriam
3047 4468 3397 4533 bonoremus,
3424 4478 3489 4524 ut

211 4598 231 4631 ι
252 4578 496 4648 Antiqua
510 4577 843 4634 consuetudo
857 4584 1103 4632 servetur
1116 4590 1213 4644 per
1231 4573 1526 4645 Egyptum
1536 4613 1552 4638 ,
1566 4572 1792 4643 Libyam

1908 4563 2175 4617 scribatur
2208 4561 2292 4616 vel
2322 4560 2392 4616 ab
2428 4560 2513 4614 his
2546 4558 2816 4630 episcopis
2845 4559 2938 4629 qui
2986 4560 3042 4613 in
3081 4560 3301 4629 propria
3353 4574 3485 4630 pro-

205 4680 260 4726 et
282 4670 647 4739 Pentapolim,
678 4670 754 4724 ita
785 4678 845 4724 ut
863 4666 1262 4722 Alexandrinus
1284 4666 1569 4734 episc0pus
1597 4662 1791 4717 horum

94 4775 103 4781 ‘
203 4762 455 4819 omnium
492 4761 689 4817 habeat
731 4767 1081 4831 potestatem.
1132 4758 1258 4827 quia
1300 4764 1356 4811 et
1406 4754 1559 4808 urbis
1606 4752 1794 4807 Romae

203 4853 466 4923 episcopo
492 4851 682 4922 parilis
707 4865 827 4905 mos
851 4857 955 4905 est.
998 4846 1264 4903 Similiter
1312 4852 1493 4898 autem
1551 4852 1607 4895 et
1650 4839 1792 4909 apud

203 4939 561 4995 Antiochiam
602 4951 938 5007 ceterasque
993 4934 1302 5007 provincias
1349 4932 1464 4988 suis
1511 4928 1791 5000 privilegia

203 5039 499 5087 serventur
524 5029 801 5086 Ecclesiis.
840 5047 859 5080 ι

815 5139 945 5195 CAP.
994 5137 1174 5194 CXCI.

300 5234 437 5290 Item
481 5234 539 5289 in
592 5233 782 5289 eodem
848 5230 1100 5294 concilio,
1148 5243 1267 5299 cap.
1316 5229 1374 5291 7,
1433 5226 1511 5280 De
1553 5226 1791 5295 episcopo

205 5325 402 5390 ιΕιὶιε,
444 5326 501 5379 id
544 5333 621 5379 est
650 5322 1134 5392 Hierosolymorum
1167 5336 1185 5373 :
1222 5338 1241 5370 ι
1279 5317 1415 5384 Quia
1460 5318 1792 5372 consuetudo

204 5417 447 5474 obtinuit
471 5424 526 5471 et
545 5415 768 5484 antiqua
792 5414 1029 5477 traditio,
1050 5422 1107 5466 ut
1127 5411 1284 5467 [Elize
1308 5411 1589 5480 episcopus
1618 5409 1791 5463 hono-

208 5519 385 5576 retur,
418 5509 617 5563 habeat
654 5510 879 5563 honoris
907 5505 1373 5574 consequentiam,
1422 5503 1566 5557 salva
1594 5510 1795 5556 metro-

206 5602 319 5675 poli
345 5600 567 5673 propria
595 5600 873 5670 dignitate.
914 5618 933 5651 ι

851 5710 980 5765 Car.
1022 5709 1223 5766 cxcu.
1576 5768 1601 5793 ο

283 5807 345 5865 ιιι
391 5806 623 5861 concilio
644 5804 1266 5874 Constantinopolitano,
1307 5817 1427 5872 cap.
1469 5803 1525 5857 ll
1565 5804 1705 5873 (can.
1740 5801 1793 5855 2.

1896 4654 2071 4708 vincia
2109 4661 2410 4716 morantur,
2441 4650 2586 4706 Julio
2616 4649 2862 4706 Romano
2888 4650 3143 4722 episcopo
3173 4665 3189 4705 :
3223 4660 3279 4706 et
3309 4652 3354 4707 si
3398 4653 3488 4722 ju-

1897 4743 2157 4798 dicaverit
2191 4741 2559 4797 renovandum
2589 4755 2711 4795 esse
2735 4740 3022 4810 judicium,
3072 4749 3388 4806 renovetur,
3428 4751 3486 4797 et

1896 4834 1987 4887 det
2009 4831 2241 4901 judices.
2270 4830 2329 4887 Si
2368 4840 2551 4887 autem
2582 4831 2895 4901 probaverit
2921 4830 3081 4886 talem
3103 4845 3319 4886 causam
3339 4846 3484 4896 esse.

1895 4934 1956 4978 ut
1984 4939 2091 4979 non
2122 4922 2447 4979 refriceutur
2479 4937 2544 4977 ea
2588 4937 2708 4991 quae
2743 4930 2864 4976 acta
2905 4929 3050 4986 sunt,
3078 4936 3199 4992 quas
3227 4921 3487 4977 decreve-

1902 5013 1977 5068 rit
2002 5014 2319 5067 confirmata
2350 5020 2531 5067 erunt.
2579 5010 2636 5067 Si
2676 5011 2777 5066 hoc
2829 5009 3081 5065 omnibus
3127 5010 3327 5081 placet,
3378 5021 3487 5067 sta-

1904 5113 2103 5159 tuatur.
2136 5102 2385 5171 Synodus
2406 5101 2685 5173 respondit
2712 5118 2725 5155 :
2763 5100 2965 5156 Placet.
3001 5119 3022 5154 ι

2488 5237 2619 5293 Car.
2667 5234 2897 5293 CXCIV.

1970 5350 2102 5403 Item
2148 5350 2202 5404 in
2239 5348 2429 5405 eodem
2469 5348 2726 5412 concilio,
2772 5362 2892 5417 cap.
2935 5344 2970 5401 ι
3011 5346 3199 5418 (Ibid.,
3236 5366 3353 5404 ean.
3382 5351 3438 5421 4)
3472 5369 3485 5405 :

1902 5439 1968 5494 Ut
1995 5440 2170 5495 nullus
2199 5440 2432 5494 accusati
2466 5439 2637 5494 sedem
2668 5448 2881 5509 usurpet
2918 5440 3178 5510 episcopi,
3217 5442 3349 5495 sicut
3388 5459 3484 5495 nu-

1896 5549 1986 5602 per
2012 5532 2133 5600 fecit
2166 5529 2387 5585 Plautius
2411 5530 2584 5584 sedem
2613 5527 2833 5599 Ignatii,
2878 5530 3161 5600 neophytus
3193 5540 3241 5583 et
3271 5532 3484 5585 invasor

1898 5619 2490 5689 Constantinopolitante
2501 5619 2638 5673 sedis
2656 5635 2675 5673 :
2695 5638 2711 5669 ι
2737 5617 3069 5672 Gaudentius
3092 5619 3376 5689 episcopus
3402 5620 3485 5673 di-

1902 5711 1979 5766 xit
2024 5730 2035 5765 :
2083 5710 2422 5774 Addendum,
2458 5711 2501 5765 si
2537 5710 2748 5780 placet,
2794 5708 2936 5763 buic-
2963 5709 3245 5763 sententia:
3270 5749 3285 5773 ,
3320 5724 3482 5778 quam

1901 5801 2114 5871 plenam
2139 5802 2428 5855 sanctitate
2456 5801 2790 5871 protulistis;
2830 5809 2888 5854 ut
2908 5813 3030 5854 cum
3056 5798 3251 5868 aliquis
3278 5801 3489 5870 episcoa

3512 2855 3523 2925 Ξ
