4000 6352
498 350 597 408 ⁷51

1597 340 1827 396 ΔΝΕΑΞ
1866 335 2302 393 ‘PARISIENSIS
2341 336 2642 394 EPISCOPI

3665 337 3763 394 m

496 476 600 531 pus
622 458 897 531 depositus
923 455 1086 513 fuerit
1110 468 1297 511 eorum
1338 452 1711 523 episcoporum
1735 449 1945 519 judicio
1981 448 2073 518 qui
2101 453 2151 509 Α
2178 447 2283 504 huc
2337 456 2596 519 tanquam
2653 448 2953 505 inauditum
3002 450 3284 522 quidpiam
3345 464 3502 506 noue
3558 450 3763 507 deside-

499 557 555 612 in
605 554 795 609 vicinis
842 551 978 607 locis
1042 554 1449 607 commorantur
1479 585 1495 610 ,
1544 554 1602 601 et
1660 541 2079 614 proclamaverit

496 646 761 719 agendum
791 643 893 699 sibi
918 641 1196 711 negotium
1223 638 1278 693 in
1306 638 1440 693 urbe
1465 637 1637 691 Roma
1664 652 1678 690 :
1707 635 1847 690 alter
1870 634 2079 704 episco-

496 754 600 809 pus
631 737 686 792 in
717 735 835 807 ejus
866 733 1125 790 cathedra
1155 740 1279 803 post
1298 728 1714 802 appellationem
1739 725 1858 795 ejus
1881 726 1972 795 qui
1998 724 2080 780 vi.

496 830 656 886 detur
700 841 822 883 esse
862 824 1142 895 depositus
1186 824 1409 878 omnino
1473 834 1580 875 non
1626 818 1928 881 ordinetur,
1973 816 2076 872 nisi

495 935 660 977 causa
699 918 863 975 fuerit
905 917 961 972 in
1007 914 1212 986 judicio
1255 912 1495 984 episcopi
1542 910 1771 968 Romani
1816 909 2077 966 determi-

497 1019 648 1066 nata.
678 1029 699 1063 ι

1087 1138 1218 1197 CAP.
1266 1135 1472 1195 CXCV.

561 1281 698 1337 Item
725 1277 918 1334 beatus
952 1290 1093 1346 papa
1126 1274 1387 1331 Silvester
1422 1271 1477 1326 in
1515 1268 1837 1325 allocutione
1872 1265 2076 1323 Nicaaui

496 1371 710 1429 concilii
750 1368 877 1427 fecit
904 1369 1104 1439 gradus
1133 1368 1188 1421 in
1211 1366 1419 1438 gremio
1445 1363 1638 1436 synodi
1669 1363 1746 1432 (in
1789 1360 2078 1416 canonibus

497 1459 680 1518 Silvest
689 1460 752 1523 ri,
766 1476 882 1529 cap.
900 1459 956 1528 ὅ)
981 1474 994 1510 :
1020 1475 1039 1508 ί
1068 1457 1138 1514 Ut
1158 1472 1265 1512 non
1285 1457 1568 1527 presbyter
1591 1451 1853 1508 adversus
1869 1449 2081 1521 episco-

493 1566 646 1623 pum,
674 1540 793 1606 non’
812 1550 1072 1604 diaconus
1100 1547 1363 1602 adversus
1392 1545 1786 1616 presbyterum,
1820 1555 1928 1595 non
1955 1539 2089 1619 sub-_

494 1646 753 1702 diaconus
776 1642 1036 1698 adversus
1054 1640 1363 1705 diaconum,
1385 1654 1493 1695 non
1520 1636 1800 1708 acolythus
1821 1634 2081 1689 adversus

495 1736 915 1797 subdiaconum,
968 1747 1077 1788 non
1121 1731 1389 1788 exorcista
1437 1730 1699 1786 adversus
1747 1726 2076 1799 acolytlium,

494 1840 603 1881 non
635 1825 805 1882 lector
828 1824 1089 1880 adversus
1125 1824 1476 1889 exorcistam,
1522 1836 1633 1877 non
1679 1819 1933 1875 ostiarius
1978 1817 2073 1872 ad—
2100 1804 2151 1866 B

495 1931 687 1973 versus
713 1917 965 1972 lectorem
997 1916 1087 1971 det
1110 1913 1514 1971 accusationem
1560 1911 1836 1982 aliquam:
1866 1918 1925 1964 et
1965 1923 2076 1965 non

497 2008 844 2064 damnabitur
892 2007 1173 2079 episcopus
1218 2005 1434 2078 praesul,
1481 2004 1585 2059 nisi
1632 2003 1687 2057 in
1735 2001 2077 2073 septuaginta

498 2098 605 2154 duo
633 2096 970 2162 testimonia;
1001 2111 1176 2169 neque
1200 2094 1398 2167 praesul
1447 2109 1691 2149 summus
1733 2108 1765 2147 a
1802 2106 2077 2163 quoquam

493 2186 848 2259 iudicabitur,
890 2187 1146 2258 quoniam
1189 2185 1449 2257 scriptum
1476 2191 1599 2239 est:
1641 2182 1765 2236 Non
1801 2191 1876 2237 est
1920 2180 2079 2235 disci-

496 2277 651 2350 pulus
678 2294 836 2347 super
870 2278 1198 2349 magistrum.
1230 2275 1521 2347 Presbyter
1556 2282 1737 2329 autem
1780 2289 1889 2329 non
1929 2274 2079 2328 dam-

494 2370 716 2426 nabitur
748 2369 854 2426 nisi
882 2369 939 2425 in
966 2369 1319 2440 quadraginta
1346 2376 1578 2437 quatuor
1603 2364 1925 2420 testimonia.
1957 2364 2080 2419 Dia-

496 2476 667 2518 couus
691 2468 872 2515 autem
894 2458 1185 2515 cardinalis
1210 2457 1537 2513 constitutus
1564 2455 1713 2511 urbis
1741 2456 1947 2521 Romae,
1972 2453 2077 2510 nisi

495 2551 552 2627 in
584 2551 805 2623 triginta
828 2564 920 2606 sex
953 2550 1259 2605 testimonia
1289 2564 1395 2603 non
1425 2548 1889 2604 condemnabitur.
1941 2546 2079 2602 Sub-

496 2642 778 2708 diacouus,
828 2642 1128 2714 acolythus,
1173 2641 1465 2705 exorcista,
1518 2638 1706 2703 lector,
1751 2638 1889 2705 nisi,
1939 2638 2080 2694 sicut

482 2726 760 2803 scriptum
796 2741 915 2811 est,
943 2733 997 2787 in
1027 2742 1231 2803 septem
1264 2729 1593 2795 testimonia,
1619 2730 1758 2785 ﬁlios
1786 2737 1842 2784 et
1881 2744 2079 2785 uxores

391 2839 397 2844 ·
493 2823 781 2890 habentes,
804 2832 858 2878 et
883 2824 1105 2878 omnino
1138 2821 1412 2878 Christum
1451 2821 1823 2893 praedicantes.
1856 2820 1950 2878 Sic
1976 2821 2075 2877 da-

503 2926 592 2971 tur
618 2916 847 2985 mystica
875 2917 1095 2973 veritas.
1134 2936 1152 2969 ι

518 3026 521 3031 ·
552 3003 800 3061 “Sanctus
843 3004 1088 3060 Gelasius
1118 3021 1252 3076 papa
1294 3005 1547 3062 Acacium
1577 3003 2073 3075 Constantinopoli-

486 3100 636 3147 tanae
665 3094 809 3149 sedis
835 3094 1147 3163 episcopum
1177 3094 1499 3149 auctoritate
1537 3094 1813 3148 damnavit
1855 3104 2075 3164 aposto-

2181 555 2331 606 raus,
2354 549 2410 597 et
2432 540 2638 610 reliqua
2664 556 2837 611 usque
2858 541 2925 597 ad
2955 541 3140 597 ﬁnem.
3171 562 3190 595 ι
3217 541 3423 599 Rursus
3448 559 3587 614 papa
3606 541 3763 600 Gela-

2178 631 2293 686 sius
2331 632 2397 688 de
2433 632 2624 688 eadem
2677 647 2738 686 re
2792 632 3025 688 reddidit
3064 634 3335 689 rationem
3377 635 3446 691 ad
3482 636 3765 707 episcopos

2178 719 2437 785 Orientis,
2457 735 2660 792 eosque
2680 720 2968 777 admodum
2990 724 3358 793 reprehendit,
3379 740 3548 794 quare
3573 724 3765 781 talibus

2177 811 2688 883 prtesumptionibus
2732 826 2840 867 non
2883 814 3327 884 repugnaverint.
3380 812 3553 884 Hujus
3587 815 3765 883 itaque

2180 900 2406 956 rationis
2425 902 2640 956 initium
2670 901 2777 957 tale
2804 910 2888 958 est
2920 901 3181 975 (ejusdem
3214 904 3368 974 epist.
3401 904 3490 961 15.
3524 903 3653 958 Non
3691 921 3770 956 oc-

2179 994 2340 1047 currit
2368 994 2480 1049 Iurc
2508 994 2659 1065 epist.
2685 994 2823 1048 inter
2854 993 3057 1065 edit.)‘:
3094 1014 3112 1047 ι
3143 994 3283 1062 Quid
3327 1009 3459 1066 ergo
3503 995 3596 1050 isti
3641 1010 3767 1065 pru-

2179 1084 2371 1139 dentes
2410 1083 2511 1138 viri
2548 1092 2605 1139 et
2630 1082 2838 1155 argutis
2866 1085 3139 1140 mentibus
3171 1084 3337 1140 totius
3365 1084 3647 1155 religionis
3691 1084 3771 1138 in-

2180 1183 2335 1230 terna
2358 1176 2644 1241 rimantes,
2671 1174 2726 1230 in
2753 1175 2994 1231 Orientis
3011 1175 3259 1246 partibus
3292 1176 3569 1231 constituti
3591 1216 3608 1241 ,
3636 1186 3768 1240 etc.,

2187 1282 2358 1339 usque
2397 1268 2465 1323 ad
2490 1268 2653 1324 ﬁnem
2703 1269 2994 1325 sermonis.
3032 1288 3053 1322 ι
3093 1267 3262 1339 Igitur
3308 1268 3621 1339 quicunque
3655 1268 3771 1323 hac

2179 1359 2360 1414 omnia
2386 1373 2484 1429 per
2507 1360 2752 1414 ordinem
2775 1359 3050 1431 relegerit,
3072 1359 3370 1428 apostolica
3390 1360 3550 1417 sedes
3569 1370 3769 1431 quanta

2182 1449 2442 1520 dignitate
2471 1450 2684 1505 cunctis
2711 1465 2808 1518 per
2832 1460 3023 1506 orbem
3051 1449 3312 1507 Ecclesiis
3342 1450 3655 1522 prapolleat
3675 1491 3692 1516 ,
3716 1460 3771 1506 et

2180 1549 2449 1610 potestate
2481 1540 2553 1597 sit
2592 1542 2953 1610 eminentior,
2986 1545 3273 1616 perspicue
3311 1544 3380 1600 ad
3424 1544 3647 1614 plenum
3687 1558 3772 1601 eo-

2182 1643 2445 1701 guoscere
2484 1632 2701 1702 poterit.

2775 1745 2901 1803 CAP.
2952 1746 3178 1805 CXCVI.

2249 1857 2403 1924 Item,
2436 1856 2904 1916 Commonitorium
2945 1863 3119 1918 sancti
3149 1862 3351 1919 Gelasii
3381 1878 3483 1935 per
3508 1863 3768 1920 Faustum

2181 1948 2807 2020 magistrumlegationis
2833 1951 3009 2008 ofﬁcio
3034 1953 3346 2026 fungentem
3374 1955 3763 2011 Constantino-

2178 2040 2288 2111 poli
2315 2041 2577 2096 directum
2612 2041 2782 2113 (epist.
2811 2043 2893 2115 4),
2923 2046 3064 2115 quod
3092 2046 3171 2102 sic
3200 2047 3390 2117 incipit
3415 2065 3428 2101 :
3454 2067 3473 2099 ι
3500 2047 3615 2119 Ego
3637 2064 3770 2118 quo-

2181 2146 2285 2201 que
2314 2142 2498 2187 mente
2532 2134 2747 2202 percepi
2775 2132 2991 2191 Graecos
3019 2137 3073 2191 in
3104 2152 3198 2192 sua
3229 2139 3598 2195 obstinatione
3620 2156 3769 2193 mai;-

2182 2238 2358 2289 suros,
2393 2237 2459 2277 ne
2505 2224 2590 2278 cui
2636 2224 2783 2279 velut
2812 2225 3144 2295 insperatum
3192 2229 3365 2285 videri
3395 2239 3601 2299 potest.
3630 2230 3766 2300 quod

2181 2314 2341 2369 estin
2368 2325 2493 2371 ante
2516 2315 2926 2385 prazeognitum,
2948 2336 2968 2368 ι
3003 2327 3137 2385 etc.,
3160 2335 3323 2391 usque
3350 2320 3420 2373 ad
3442 2320 3629 2390 ﬁnem.

2762 2426 2891 2483 CAP.
2927 2427 3175 2485 CXCVII.

2249 2539 2306 2593 In
2328 2540 2431 2595 hoc
2452 2542 2865 2598 commonitorio
2886 2543 3029 2599 inter
3053 2555 3250 2602 caetera
3274 2548 3353 2604 sic
3377 2548 3542 2605 dicit:
3571 2569 3591 2602 ι
3618 2550 3766 2618 Quod

2180 2634 2225 2687 si
2261 2633 2807 2704 dicuntzlmperator
2853 2638 2956 2693 hoc
2987 2637 3137 2706 fecit,
3188 2641 3293 2697 hoc
3336 2642 3516 2712 ipsum
3566 2646 3758 2713 quibus

2180 2726 2497 2793 canouibus,
2530 2728 2726 2796 quibus
2756 2729 2958 2799 regulis
2996 2740 3081 2785 est
3106 2735 3481 2804 prteceptum?
3507 2735 3619 2792 Cur
3647 2738 3766 2793 huic

2180 2827 2290 2872 tant
2321 2833 2486 2887 pravo
2534 2819 2678 2876 facto
2702 2823 2979 2877 consensit
3016 2824 3269 2891 Aeacius,
3303 2841 3426 2881 cum
3473 2830 3771 2883 auctoritas

2180 2909 2362 2973 divina
2392 2910 2569 2965 dicat:
2599 2911 2724 2967 Non
2743 2912 2914 2967 solum
2953 2915 3044 2986 qui
3072 2915 3276 2983 faciunt
3311 2934 3475 2988 prava
3515 2936 3655 2979 reos.
3683 2921 3770 2973 sed

2178 3008 2227 3051 et
2255 2998 2344 3069 qui
2378 3001 2704 3054 consentiunt
2743 3002 3052 3072 facientibus
3080 3003 3302 3075 ?(Rom.
3341 3006 3409 3076 1.)
3451 3006 3664 3075 Quibus
3687 3027 3773 3065 ca-

2181 3089 2436 3155 nonibus,
2469 3092 2666 3160 quibus
2696 3092 2894 3165 regulis
2924 3094 3223 3151 Kalendion
3268 3098 3527 3155 exclusus
3548 3110 3658 3167 est,
3687 3102 3768 3155 vel

491 3184 618 3248 lica,
663 3185 733 3239 ob
775 3183 1067 3238 maximam
1112 3185 1360 3239 videlicet
1407 3163 1901 3255 praesumptionem,
1947 3185 2073 3255 quia
2106 3163 2151 3227 Ο
2182 3181 2345 3251 primi
2378 3181 2591 3238 urbium
2623 3163 2958 3240 diversarum
2987 3186 3238 3243 catholici
3264 3190 3583 3246 sacerdotes
3604 3163 3771 3259 ?'Qua

492 3276 752 3335 Joannem
792 3276 1140 3346 qualemlibet
1178 3277 1469 3341 hominem,
1500 3277 1822 3333 catholicum
1870 3286 2072 3344 tamen,

494 3383 525 3420 a
584 3368 867 3423 catholicis
911 3369 1261 3431 ordinatum,
1302 3370 1367 3424 de
1412 3366 1773 3423 Alexandrina
1813 3368 2072 3435 civitate,

492 3475 616 3529 quae
657 3470 778 3530 post
826 3460 1120 3515 Romanam
1163 3465 1395 3516 secunda
1427 3461 1657 3517 habetur
1681 3461 1859 3525 sedes,
1897 3461 2077 3517 exclu-

494 3559 657 3613 serat,
710 3549 1041 3620 Petrtnnque
1093 3552 1145 3605 in
1207 3552 1397 3607 haeresi
1434 3551 1545 3619 jam
1598 3552 1865 3607 detectum
1914 3561 2077 3622 atque

492 3641 803 3695 damnatum
834 3641 1038 3711 absque
1068 3641 1209 3695 sedis
1234 3640 1543 3712 apostolicae
1571 3640 1964 3696 consultatione
1992 3655 2076 3697 re-

492 3742 731 3801 ceperat,
759 3742 814 3787 et
836 3734 961 3803 quia
986 3734 1163 3805 aliqua
1200 3734 1406 3804 synodo
1436 3734 1618 3790 habita
1669 3735 1772 3789 hoc
1819 3736 2077 3790 audacter

493 3825 815 3895 arripuerat,
848 3825 1319 3880 utiialendionem
1374 3824 1723 3882 Antiochense
1766 3828 1911 3882 sedis
1961 3827 2076 3897 epi-

494 3931 716 3986 scopum
767 3927 956 3973 contra
989 3918 1253 3973 rationem
1288 3919 1603 3988 deponeret,
1655 3927 1711 3973 et
1761 3920 2071 3975 haereticum

492 4009 712 4064 Petrum
740 4024 898 4079 quem
922 4010 1035 4081 ipse
1062 4012 1259 4066 dudum
1284 4011 1675 4075 damnaverat,
1733 4012 1937 4082 absque
1979 4028 2075 4068 no-

493 4101 613 4157 titia
643 4101 786 4156 sedis
809 4101 1112 4172 apostolicae
1140 4117 1328 4157 rursus
1349 4102 1661 4168 admiserat,
1688 4102 1947 4159 Basilisco
1978 4103 2076 4157 im-

493 4200 746 4266 peratore
775 4193 1026 4248 hzeretico
1071 4194 1123 4248 in
1163 4194 1263 4249 hac
1309 4193 1612 4250 facinorosa
1655 4194 2075 4265 praesumptione

494 4286 884 4342 consentiente.
937 4285 1044 4341 Pro
1073 4302 1178 4357 qua
1210 4287 1586 4357 praesumptiva
1618 4295 1881 4357 potestate
1928 4286 2071 4341 idem

493 4394 631 4452 papa
660 4377 905 4435 Gelasius
931 4378 997 4433 ad
1027 4378 1374 4434 Anastasium
1415 4378 1794 4449 imperatorem
1845 4377 2070 4433 mirabi-

493 4470 596 4524 lem
632 4469 829 4525 dixerit
853 4467 1155 4540 epistolam,
1187 4475 1245 4523 ut
1278 4468 1494 4540 indigne
1536 4477 1792 4539 usurpata
1832 4476 2073 4539 potestas

2180 3277 2477 3333 traditione
2517 3279 2783 3349 majorum
2828 3280 3144 3351 apstolicam
3176 3283 3359 3338 sedem
3406 3284 3458 3338 in
3505 3282 3772 3353 judicium

2180 3370 2422 3424 vocant?
2448 3369 2530 3423 An
2561 3371 2813 3427 secunda:
2838 3373 2983 3428 sedis
3005 3375 3275 3430 antistites
3299 3382 3354 3430 et
3381 3375 3582 3440 tertia,
3614 3384 3771 3431 ciete-

2179 3454 2333 3527 rique
2356 3455 2492 3510 bene
2517 3456 2618 3511 sibi
2648 3458 2851 3513 conscii
2885 3462 3196 3516 sacerdotes
3227 3462 3418 3531 depelli
3442 3463 3772 3528 debuerunt,

2178 3556 2235 3602 et
2257 3547 2349 3616 qui
2373 3547 2581 3602 exstitit
2604 3548 2881 3619 religionis
2901 3551 3171 3618 inimicus,
3205 3553 3397 3624 depelli
3421 3570 3532 3610 non
3553 3556 3777 3611 debuit?

2179 3634 2408 3692 Videant
2430 3652 2561 3708 ergo
2585 3638 2632 3693 si
2663 3640 2798 3696 alios
2824 3641 3023 3697 habent
3052 3658 3287 3699 canones
3309 3645 3507 3714 quibus
3536 3662 3670 3704 suas
3699 3648 3775 3703 in-

2176 3727 2349 3797 eptias
2405 3739 2786 3800 exsequantur.
2848 3731 3114 3789 Caeterum
3156 3735 3246 3790 isti
3291 3736 3387 3806 qui
3462 3740 3634 3805 sacri,
3683 3741 3776 3809 qui

2178 3820 2559 3889 ecclesiastici,
2594 3824 2687 3893 qui
2736 3823 2963 3896 legitimi
3014 3825 3383 3894 celebrantur,
3435 3844 3546 3885 non
3594 3831 3775 3887 solum

2176 3911 2360 3965 sedem
2386 3913 2737 3983 apostolicam
2760 3914 2827 3969 ad
2849 3913 3117 3983 judicium
3147 3932 3346 3974 vocare
3376 3933 3485 3974 non
3509 3933 3776 3990 possunt:

2175 4009 2232 4054 et
2255 4001 2863 4074 Constantinopolitanae
2904 4006 3189 4078 episc0pus
3215 4008 3475 4077 civitatis,
3504 4026 3631 4081 qua:
3664 4014 3773 4067 uti-

2175 4107 2281 4162 que
2312 4108 2411 4163 per
2433 4110 2670 4152 canones
2697 4097 2837 4152 inter
2859 4097 3014 4154 sedes
3044 4099 3250 4155 nullum
3294 4116 3495 4157 nomen
3529 4106 3772 4176 accepit,

2176 4183 2229 4237 in
2278 4186 2712 4243 communionem
2764 4188 3012 4245 recidens
3056 4190 3409 4261 perﬁdorum,
3444 4208 3554 4248 non
3581 4195 3774 4250 debuit

2174 4275 2524 4333 submoveri?
2547 4279 2629 4334 An
2660 4280 2753 4349 qui
2783 4280 2985 4336 homini
3012 4282 3270 4338 mentitus
3295 4283 3497 4340 dicitur
3533 4285 3777 4357 impera-

2176 4368 2302 4431 tori,
2330 4379 2386 4422 et
2407 4369 2501 4440 qui
2525 4370 2908 4440 imperatorem
2930 4371 3133 4429 Lusisse
3160 4374 3542 4444 perhibentur,
3567 4377 3773 4448 depelli

2174 4455 2498 4525 debuerunt,
2524 4470 2581 4515 et
2608 4462 2662 4516 in
2695 4461 2862 4517 Deum
2891 4464 2982 4533 qui
3011 4478 3255 4519 summus
3280 4474 3337 4520 et
3361 4481 3530 4524 verus
3555 4478 3647 4524 est
3668 4469 3778 4523 im-

490 4560 895 4631 reprimeretur,
912 4567 977 4615 .et
1001 4567 1199 4615 sanctae
1226 4560 1481 4615 Romanae
1509 4558 1763 4615 Ecclesia:
1799 4559 2069 4631 singulare
2093 4549 2149 4610 Ι)
2172 4559 2416 4620 perator,
2442 4552 2699 4608 Acacium
2737 4554 3161 4625 delinquentem,
3202 4558 3590 4630 sinceramque
3616 4576 3773 4617 com-

489 4651 828 4722 privilegium
856 4651 1020 4707 totius
1040 4650 1374 4721 principatus
1414 4649 1617 4705 illibate
1655 4659 2070 4706 conservaretur

492 4741 594 4811 (Ad
613 4742 859 4796 Anastas.
884 4743 1009 4812 imp.
1035 4742 1184 4811 epist.
1207 4741 1263 4807 8,
1288 4740 1453 4813 init.).
1490 4739 1615 4795 Haec
1640 4749 1816 4795 autem
1842 4741 2068 4812 epistola

489 4832 562 4886 ita
592 4832 781 4903 incipit
813 4850 829 4886 :
863 4851 882 4884 ι
910 4832 1121 4888 Famuli
1148 4842 1343 4887 vestrae
1370 4832 1604 4903 pietatis,
1635 4831 1730 4886 ﬁlii
1761 4832 1900 4897 mei,
1928 4831 2068 4886 Fau-

487 4933 605 4980 stus
628 4925 884 4995 magister
922 4934 978 4980 et
1022 4924 1276 4988 Irenaeus,
1311 4932 1473 4994 atque
1501 4937 1688 4979 eorum
1718 4924 1947 4980 comites
1969 4939 2069 4995 pu-

486 5013 629 5069 blica
674 5014 941 5086 legatione
985 5016 1289 5086 fungentes,
1342 5016 1408 5070 ad
1456 5014 1655 5072 Urbem
1698 5016 1925 5081 reversi,
1969 5016 2071 5072 cle-

487 5105 748 5159 tuentiam
793 5114 1032 5161 vestram
1074 5105 1331 5177 quaesisse
1379 5106 1662 5173 dixerunt;
1707 5122 1808 5163 cur
1859 5107 1927 5161 ad
1972 5122 2069 5163 vos

491 5209 629 5250 meae
667 5194 1007 5251 salutationis
1053 5196 1251 5267 scripta
1306 5212 1413 5253 non
1454 5198 1713 5263 miserim,
1775 5205 1831 5252 et
1870 5206 2067 5254 czetera

489 5302 661 5357 usque
717 5287 784 5342 ad
829 5286 1009 5342 ﬁnem.
1047 5306 1067 5341 ι
1106 5288 1237 5343 Item
1272 5288 1519 5345 Gelasius
1568 5290 1798 5345 reddidit
1825 5290 2065 5347 rationes

486 5379 703 5451 egregie
745 5378 1041 5450 descriptas
1067 5381 1320 5451 (ejusdem
1348 5381 1498 5451 epist.
1548 5379 1635 5444 13,
1681 5382 1750 5435 ad
1799 5385 2063 5454 episcopos

489 5468 821 5541 Dardaniw),
848 5469 1103 5526 Acacium
1130 5486 1163 5524 a
1208 5471 1334 5527 sede
1362 5470 1651 5540 apostolica
1700 5481 2069 5543 competenter

489 5561 654 5633 fuisse
698 5560 1034 5628 damnatum,
1078 5576 1199 5632 quae
1232 5560 1470 5616 rationes
1515 5560 1619 5616 tale
1667 5561 1870 5616 habent
1913 5578 2069 5615 exor-

488 5653 633 5707 dium
670 5669 684 5706 :
726 5670 746 5704 ι
783 5642 949 5707 Valde
980 5650 1161 5707 mirati
1189 5665 1396 5715 sumus,
1425 5649 1568 5721 quod
1611 5659 1793 5705 vestra
1848 5651 2069 5706 dilectio

486 5748 641 5818 quasi
672 5746 866 5801 nevam
891 5754 947 5801 et
975 5742 1140 5799 veluti
1167 5740 1436 5798 diﬁicilem
1467 5741 1818 5812 quaestionem
1841 5783 1854 5809 ,
1886 5752 1940 5798 et
1967 5743 2065 5797 ad-

2178 4643 2488 4698 ntunionem
2509 4645 2674 4700 divini
2697 4648 3025 4703 sacramenti
3050 4650 3355 4706 studentem
3379 4651 3619 4710 miseere
3638 4669 3771 4710 cum

2175 4735 2421 4806 perﬁdis,
2461 4738 2756 4793 secundum
2790 4739 3056 4810 synodum
3086 4756 3194 4811 qua
3230 4742 3348 4798 haec
3371 4753 3459 4798 est
3505 4745 3773 4800 damnata

2176 4825 2398 4895 perﬁdia
2450 4843 2558 4883 non
2582 4831 2871 4899 oportebat
2894 4831 3143 4886 excludi?
3192 4832 3322 4898 Sed,
3352 4834 3529 4891 velint
3565 4836 3771 4901 nolint,

2177 4917 2345 4988 ipsius
2365 4918 2569 4986 judicio
2588 4923 2808 4993 antiqua
2826 4938 3093 4979 canonum
3118 4927 3411 4981 constituta
3437 4928 3737 4983 ﬁrmantur
3751 4945 3769 4980 :

2175 5007 2271 5065 sed
2302 5010 2534 5082 religiosi
2565 5013 2668 5066 viri
2698 5024 2861 5084 atque
2902 5015 3128 5085 perfecti
3172 5017 3474 5073 secundum
3517 5032 3774 5075 cauom

2171 5115 2484 5157 concessam
2520 5103 2632 5157 sedi
2661 5104 2969 5174 apostolicae
2998 5115 3324 5175 potestatem
3365 5108 3627 5164 nimirum
3667 5123 3770 5163 co—

2171 5204 2372 5250 nantur
2420 5196 2656 5266 eripere,
2710 5204 2767 5252 et
2813 5197 3035 5254 sibimet
3082 5214 3205 5255 eam
3266 5208 3460 5256 contra
3518 5213 3769 5256 unone:

2172 5303 2434 5358 usurpare
2457 5289 2811 5345 contendunt.
2858 5309 2880 5343 ι

2740 5419 2868 5476 ΠΛΡ.
2907 5418 3179 5478 CXCVIII.

2238 5554 2367 5611 ltem
2391 5556 2442 5610 in
2463 5555 2688 5626 epistola
2711 5555 2778 5609 ad
2799 5554 3145 5610 Anastasium
3169 5554 3552 5626 imperatorem
3580 5552 3757 5623 (epist.

2168 5647 2246 5721 8),
2280 5648 2421 5701 inter
2466 5654 2660 5701 caetera
2707 5646 2787 5701 sic
2816 5645 2984 5701 dicit:
3014 5662 3034 5695 ι
3062 5644 3386 5714 Apostolieae
3438 5658 3569 5699 vero
3606 5641 3757 5697 sedis

2170 5743 2482 5808 auctoritIs,
2530 5741 2672 5812 quod
2718 5741 2930 5797 cunctis
2960 5740 3171 5797 saeculis
3200 5739 3531 5797 Christianis
3560 5736 3755 5814 Ecclef
