4000 6352
199 408 312 468 ’183

1336 412 1537 469 usus
1572 413 1941 501 aovsnscs
1974 415 2292 475 cumcos.

3356 417 3463 475 75‘

194 528 298 587 sia:
321 525 544 599 praelata
579 526 649 581 sit
675 524 960 592 universae,
989 535 1044 583 et
1072 541 1337 583 canonum
1360 530 1503 585 serie
1526 541 1779 600 paterno-
1809 541 1854 598 Α
1884 529 2263 597 Mediolanum,
2312 531 2451 602 apud
2482 531 2816 597 Ravennam,
2852 530 2991 602 apud
3018 529 3295 596 Sirmium,
3318 531 3461 602 apud

196 633 357 685 rum,
397 627 457 673 et
498 616 776 687 multiplici
806 617 1090 675 traditione
1129 621 1398 686 ﬁrmatur,
1424 638 1445 674 ι
1472 631 1579 677 etc.
1624 638 1786 694 usque

194 710 295 776 ad,
320 719 481 780 putas
511 711 795 767 interesse.

794 822 923 878 CAP.
963 820 1193 881 CXCIX.

268 936 403 993 Item
433 936 487 992 in
518 935 744 992 redditis
784 935 1084 993 rationibus
1133 937 1276 993 inter
1319 947 1514 995 caetera
1546 938 1625 996 sic
1656 940 1787 997 dicit

196 1027 400 1101 (Epist.
426 1029 517 1096 I3,
540 1029 609 1083 ad
629 1029 931 1102 Dardanos)
960 1048 971 1083 :
1002 1049 1020 1083 ι
1054 1028 1161 1085 Nec
1181 1031 1341 1101 plane
1375 1040 1617 1087 tacemus
1644 1032 1788 1101 quod

196 1129 401 1176 cuneta
449 1135 547 1190 per
574 1120 832 1174 mundum
866 1121 1016 1175 novit
1062 1119 1335 1188 Ecclesia;
1367 1123 1623 1193 quoniam
1648 1138 1783 1191 quo-

199 1208 462 1267 rumlibet
509 1209 797 1266 sententiis
842 1209 1066 1282 ligatum
1108 1213 1413 1283 pontiﬁcem
1458 1213 1614 1268 sedes
1644 1213 1787 1268 beati

197 1298 352 1357 Petri
375 1301 604 1373 apostoli
630 1297 722 1371 jus
738 1300 932 1358 habeat
957 1302 1174 1367 resolvi,
1198 1313 1392 1373 utpote
1414 1318 1534 1373 qua:
1553 1303 1619 1357 de
1639 1302 1786 1357 omni

200 1390 448 1449 Ecclesia
476 1393 558 1449 I'as
583 1393 780 1448 habeat
796 1382 1096 1463 judicandi,
1121 1410 1293 1465 neque
1313 1395 1563 1466 cuiquam
1586 1397 1651 1450 de
1673 1393 1789 1462 ejus

200 1485 369 1541 liceat
386 1483 632 1552 judicare
645 1483 869 1553 judicio.
902 1484 1181 1555 Siquidem
1203 1488 1269 1541 ad
1294 1486 1438 1541 illam
1462 1488 1529 1542 de
1550 1486 1792 1556 qualibet

201 1575 394 1629 mundi
422 1585 575 1646 parte
600 1589 838 1631 canones
868 1575 1125 1646 appellari
1156 1577 1443 1642 voluerint,
1475 1579 1543 1633 ab
1573 1577 1663 1631 illa
1696 1592 1790 1631 au-

202 1678 314 1723 tem
348 1683 505 1722 nemo
549 1667 618 1721 sit
643 1668 914 1737 appellare
942 1669 1260 1738 permissus.
1291 1668 1631 1738 Quapropter
1658 1667 1790 1723 satis

200 1767 419 1816 constat
454 1759 712 1814 Acacium
762 1760 962 1814 nullam
992 1760 1250 1816 habuisse
1305 1761 1624 1831 pontiﬁcum
1665 1775 1790 1815 sen-

200 1854 429 1907 tentiam
467 1852 614 1907 sedis
641 1852 974 1922 apostolicze,
1012 1853 1131 1908 sine
1163 1852 1268 1908 ulla
1296 1852 1414 1921 ejus
1443 1854 1664 1908 notione
1683 1852 1790 1908 sol-
1830 1865 1838 1872 ·
1891 1852 2139 1913 “¹““”’”’“’Ῑ’
2157 1852 2245 1913 "‘,"
2269 1852 2324 1864 "'
2358 1852 2551 1912 ‘1'"7'"
2570 1852 2980 1911 "T",’°“"""”
3016 1852 3297 1909 '".""""'
3325 1852 3480 1875 "°"'

200 1942 362 1984 πριιιΙί
392 1960 404 1984 9
437 1957 540 1984 mm
568 1951 716 1984 certe
745 1941 951 1984 gvnndn
980 1943 1083 1984 hm‘!
1124 1941 1212 1984 illa,
1251 1942 1609 1984 nrmcnmncil,
1645 1942 1786 1984 rman
1818 1925 1863 1984 B
1892 1918 1998 1956 n0"
2050 1910 2242 1956 mum“
2267 1941 2282 1965 ’
2348 1914 2427 1955 Slc
2475 1898 2771 1970 lmpenahs
2821 1906 3107 1969 pmsenua
3165 1910 3480 1951 mensura!“

200 1942 404 1997 vendi:
437 1957 542 2013 qua
568 1951 717 1997 certe
745 1941 951 2012 synodo
980 1943 1084 1997 hoc
1123 1941 1212 1997 ille
1251 1942 1613 2013 praesumpsit,
1645 1942 1788 2011 quod

201 2049 306 2091 nec
359 2036 441 2090 sic
468 2035 672 2103 absque
718 2032 1011 2104 apostolica
1051 2033 1177 2088 sede
1216 2031 1297 2087 Ias
1325 2033 1539 2102 quidem
1567 2032 1792 2087 haberet

198 2127 468 2183 edicere?
511 2125 677 2197 Cujus
706 2125 848 2181 sedis
876 2125 1199 2195 episcopus?
1227 2124 1393 2195 Cujus
1416 2133 1501 2180 est
1523 2132 1792 2192 metropo-

200 2221 387 2275 litanze
424 2218 661 2273 civitatis
688 2217 958 2273 antistes?
989 2233 1167 2272 nonne
1192 2217 1462 2287 parochize
1502 2215 1794 2271 IIeraclen-

202 2314 283 2368 sis
312 2310 599 2367 ecclesiae?
625 2308 682 2366 Si
712 2310 787 2364 illi
835 2320 984 2379 certe
1009 2310 1162 2366 licuit
1188 2311 1305 2366 sine
1347 2310 1554 2381 synodo
1576 2318 1794 2365 senten-

205 2406 339 2458 tiam
379 2403 691 2475 apostolicae
739 2403 884 2460 sedis
935 2403 1279 2473 abrumpere,
1330 2402 1477 2458 nulla
1511 2403 1630 2474 ejus
1660 2416 1791 2461 con-

206 2496 500 2552 sultatione
529 2496 779 2567 quzesita,
810 2495 957 2549 itane
985 2511 1115 2549 vero
1145 2511 1254 2549 non
1292 2493 1442 2549 licuit
1469 2494 1659 2564 prima:
1679 2492 1796 2548 sedi

204 2586 662 2643 Chalcedonensis
699 2586 884 2661 synodi
911 2588 1224 2651 constituta,
1248 2587 1387 2641 sicut
1409 2585 1609 2651 decuit,
1638 2601 1794 2641 exse-

208 2678 396 2747 quenti
424 2717 440 2743 ,
492 2675 798 2745 hujusmodi
850 2675 1320 2747 prmvaricatorem
1352 2692 1447 2732 sua
1476 2677 1800 2732 auctoritate

209 2769 547 2825 detrudere?
597 2767 702 2825 Sed
740 2785 840 2825 nec
870 2769 960 2824 illa
1006 2770 1367 2839 praeterimus,
1416 2770 1561 2840 quod
1586 2780 1799 2840 aposto-

206 2862 314 2917 lica
340 2862 496 2917 sedes
521 2861 855 2931 frequenter,
886 2871 946 2916 ut
969 2862 1175 2916 dictum
1196 2870 1302 2927 est,
1331 2877 1483 2917 more
1508 2862 1795 2932 majorum,

206 2954 378 3008 etiam
429 2953 545 3009 sine
587 2953 692 3009 ulla
720 2953 925 3024 synodo
954 2951 1313 3023 prmcedente,
1370 2951 1457 3022 jus
1489 2953 1677 3008 habuit
1707 2970 1801 3009 cx-

207 3044 456 3100 solvendi
489 3044 633 3115 quod
663 3044 902 3115 synodus
940 3044 1124 3114 iniqua
1155 3045 1527 3110 damnaverat,
1564 3054 1619 3099 et
1647 3045 1799 3100 dam-

208 3137 376 3191 nandi
435 3135 579 3191 nulla
627 3137 895 3191 existente
917 3136 1147 3208 {synodo
1197 3152 1333 3205 quos
1371 3138 1644 3207 Oportuit,
1701 3137 1800 3192 ha-

204 3226 393 3284 buerit
413 3228 747 3285 facultatem.
781 3228 997 3283 Sancta:
1025 3229 1300 3285 memoria:
1329 3230 1527 3301 quippe
1560 3229 1803 3284 Athana-

207 3323 353 3377 sium
404 3321 645 3394 synodus
706 3321 997 3379 Orientalis
1045 3322 1346 3389 addixerat,
1406 3339 1565 3393 quem
1620 3317 1871 3381 tamenC

208 3421 498 3484 exceptum
536 3413 693 3468 sedes
738 3411 1034 3483 apostolica
1060 3453 1075 3477 ,
1113 3412 1237 3482 quia
1268 3414 1602 3468 damnationi
1653 3414 1802 3469 Gras-

207 3521 403 3561 corum
458 3521 565 3560 non
604 3504 912 3569 consensit,
965 3502 1216 3569 absolvit,
1271 3514 1474 3560 sancta:
1528 3505 1803 3560 memoria:

209 3595 566 3652 nihilominus
593 3593 854 3651 Joannem
876 3594 1534 3667 Constantinopolitanum
1566 3599 1803 3670 synodus

208 3689 381 3744 etiam
434 3688 824 3743 catholicorum
886 3688 1178 3760 praesulum
1229 3699 1378 3745 certe
1426 3690 1798 3757 damnaverat,

211 3796 376 3851 quem
405 3780 567 3836 simili
610 3782 768 3836 modo
801 3783 957 3837 sedes
987 3782 1281 3853 apestolica
1307 3783 1471 3837 etiam
1497 3782 1635 3847 sola,
1675 3784 1801 3853 quia

211 3889 324 3927 non
354 3872 650 3939 consensit,
674 3872 923 3928 absolvit.
954 3873 1194 3944 Itemque
1218 3882 1463 3930 sanctum
1486 3873 1801 3929 Flavianum

210 3963 530 4034 pontiﬁcum
548 3962 858 4019 Graecorum
883 3965 1300 4035 congregatione
1325 3968 1660 4029 datnnatum,
1684 3964 1801 4036 pari

213 4067 429 4120 tenore,
462 4057 718 4127 quoniam
741 4056 853 4113 sola
882 4057 1041 4113 sedes
1059 4057 1352 4128 apostolica
1378 4073 1483 4111 non
1505 4056 1801 4122 consensit,

213 4149 469 4211 absolvit,
501 4149 791 4220 potiusque
834 4150 925 4219 qui
964 4149 1072 4206 illic
1100 4160 1351 4221 receptus
1381 4148 1557 4204 fuerat
1580 4148 1803 4205 Diosco-
1841 4198 1847 4204 .

212 4257 339 4297 rum
366 4242 617 4298 secundae
642 4242 788 4298 sedis
824 4242 1111 4313 praesulem
1143 4258 1238 4297 sua
1285 4241 1611 4297 auctoritate
1655 4240 1806 4295 dam-

209 4334 387 4396 navit,
418 4342 475 4389 et
502 4332 681 4405 impias
706 4333 914 4405 synodo
951 4349 1057 4389 non
1102 4333 1489 4399 cpnsentiendo
1538 4333 1652 4389 sola
1678 4333 1807 4388 sub-

214 4427 406 4491 movit,
454 4434 510 4481 et
554 4435 615 4482 ut
668 4427 907 4498 synodus
943 4425 1399 4483 Chalcedonensis
1453 4427 1627 4492 ﬁeret,
1690 4426 1804 4482 sola

213 4517 461 4574 decrevit
509 4516 587 4574 (in
632 4532 739 4588 qua
794 4518 936 4573 sicut
985 4518 1099 4574 sola
1137 4518 1227 4589 jus
1261 4518 1452 4573 habuit
1492 4517 1804 4573 absolvendi

211 4625 313 4665 eos
341 4625 481 4681 quos
531 4611 793 4681 synodica
824 4614 1043 4668 decreta
1097 4611 1459 4682 perculerant,
1515 4610 1596 4668 sic
1641 4612 1802 4667 etiam

213 4703 334 4757 sine
392 4703 599 4772 synodo
654 4702 708 4756 in
748 4702 850 4758 hac
875 4702 1066 4758 eadem
1114 4717 1278 4757 causa
1332 4702 1596 4773 plurimos
1635 4703 1801 4758 etiam

213 4793 663 4863 trtetropolitanos
698 4794 982 4850 damnasse
1001 4794 1391 4865 cognoscitur).
1429 4793 1584 4861 Quod
1604 4794 1647 4849 si
1680 4793 1803 4864 quis

214 4887 332 4940 haec
360 4885 432 4940 ab
463 4885 754 4956 apostolica
788 4886 917 4942 sede
943 4885 1030 4940 vel
1065 4886 1361 4941 secundum
1391 4886 1652 4957 synodum
1681 4894 1802 4941 acta

210 4975 588 5045 reprehendit,
640 4984 839 5046 praeter
863 4977 1006 5048 quod
1058 4977 1235 5048 prisca
1275 4992 1455 5033 rerum
1484 4976 1802 5047 probatione

213 5065 579 5130 convincitur,
606 5066 821 5121 interim
845 5066 1015 5123 multo
1035 5068 1209 5139 magis
1231 5068 1430 5124 Acacio
1455 5083 1560 5122 non
1585 5067 1801 5124 licuisse

210 5155 494 5210 fatebitur.
541 5175 561 5209 ο

873 5249 1005 5305 Car.
1042 5248 1147 5305 CC.

280 5356 419 5413 Item
442 5358 585 5414 idem
602 5358 851 5418 Gelasius
872 5362 925 5416 in
948 5361 1149 5418 eisdem
1165 5371 1287 5434 post
1306 5378 1507 5436 pauca:
1530 5384 1547 5417 ι
1569 5362 1808 5420 Risimus

208 5462 399 5509 autem
429 5453 579 5523 quod
602 5454 1015 5525 prazrogativam
1041 5455 1228 5511 volunt
1255 5455 1454 5512 Acacio
1474 5456 1798 5528 comparari,

207 5543 339 5616 quia
364 5544 650 5613 episcopus
688 5542 851 5601 fuerit
881 5545 1043 5617 regia:
1065 5546 1322 5603 civitatis.
1376 5545 1628 5619 Nunquid
1662 5548 1804 5620 apud

285 5693 313 5755 φ
344 5681 475 5755 ilrce
503 5681 558 5737 in
588 5682 693 5755 ﬁne
719 5682 959 5752 epistola:
983 5684 1242 5755 reperies.

288 5754 318 5793 ιι
346 5752 461 5810 Iloc
483 5768 610 5809 vero
639 5753 691 5808 in
720 5756 852 5810 edit.
879 5752 1165 5825 conjuncta
1208 5756 1415 5815 videbis
1439 5757 1769 5817 cumaet'bis
1794 5771 1824 5813 ε.

210 5828 406 5897 punita
433 5836 763 5893 cunctorum,
790 5843 975 5897 supra.

1890 623 2166 691 Triberos,
2216 624 2398 680 multis
2427 626 2760 696 temporibus
2802 639 2909 679 non
2959 623 3199 681 constitit
3226 624 3459 693 impera-

1889 729 1997 777 tor.
2044 718 2292 789 Nunquid
2336 734 2459 773 nam
2498 718 2691 773 harum
2722 716 2938 772 urbium
2984 717 3291 771 sacerdotes
3321 719 3481 768 ultra"

1888 828 2197 870 mensuram
2225 812 2442 868 sibimet
2485 810 2783 880 antiquitus
2811 809 3139 881 deputatam,
3187 807 3477 879 quidpiam.

1888 902 2002 958 suis
2030 901 2381 973 dignitatibus
2410 900 2782 971 usurparunt?
2813 917 2833 951 ι

2522 1031 2651 1088 CAP.
2701 1030 2828 1088 CCI.

1958 1170 2092 1225 Item
2150 1172 2290 1225 idem
2329 1178 2451 1241 post
2496 1184 2706 1239 pauca:
2757 1188 2776 1219 ι
2815 1168 2873 1223 Si
2907 1177 3056 1224 certe
3103 1167 3170 1223 de
3207 1167 3469 1239 dignitate

1891 1264 2069 1333 agitur
2097 1263 2394 1326 civitatum,
2428 1260 2675 1317 secunda:
2704 1259 2849 1315 sedis
2878 1269 2932 1315 et
2983 1262 3155 1316 tertia:
3184 1259 3360 1327 major
3384 1268 3471 1316 est

1889 1354 2123 1425 dignitas
2154 1356 2529 1417 sacerdotum,
2560 1369 2723 1424 quam
2758 1354 2877 1424 ejus
2905 1353 3161 1416 civitatis,
3192 1369 3312 1424 quae
3362 1368 3473 1409 non

1888 1446 2064 1501 solum
2101 1447 2241 1500 inter
2270 1446 2427 1500 sedes
2455 1445 2676 1498 minime
2706 1452 3056 1507 numeratur,
3085 1443 3177 1498 sed
3202 1458 3302 1498 nec
3331 1444 3476 1498 inter

1891 1538 2430 1608 metropolitanorum
2456 1535 2579 1606 jura
2628 1544 2901 1592 censetur.
2948 1534 3081 1590 Nam
3124 1534 3267 1605 quod
3296 1534 3477 1591 dicitis

1889 1629 2050 1697 regias
2078 1628 2330 1691 civitatis,
2359 1627 2462 1682 alia
2492 1635 2730 1696 potestas
2756 1634 2841 1681 est
2866 1626 3015 1697 regni
3042 1625 3338 1691 saecularis,
3367 1624 3476 1680 alia

1890 1720 2380 1775 ecclesiasticarum
2419 1718 2729 1773 distributio
2766 1717 3112 1787 dignitatum.
3146 1716 3300 1772 Sicut
3327 1715 3476 1770 enim

1890 1812 2139 1881 quamvis
2157 1825 2324 1880 parva
2356 1810 2551 1865 civitas
2570 1809 2980 1881 praerogativam
3014 1806 3298 1877 praesentis
3324 1804 3483 1875 regni

1894 1986 2309 2063 dispensationis
2340 1991 2603 2061 religiosas
2650 2004 2756 2044 non
2807 1996 2999 2042 mutat.
3054 1986 3137 2041 Sit
3169 1984 3313 2040 clara
3349 1984 3481 2038 urbs

1894 2084 1981 2138 illa
2004 2091 2270 2153 potestate
2290 2081 2573 2151 praesentis
2599 2079 2835 2150 imperii,
2867 2088 2923 2134 et
2947 2077 3135 2146 religio
3164 2075 3266 2132 sub
3289 2076 3482 2131 eodem

1893 2182 2024 2230 tunc
2058 2173 2233 2237 ﬁrma,
2286 2181 2414 2227 tunc
2441 2171 2633 2234 libera,
2684 2179 2809 2225 tunc
2830 2176 3082 2239 provecta
3109 2166 3383 2228 consistit,
3422 2163 3473 2219 si

1893 2266 2072 2338 potius
2097 2266 2199 2320 hoc
2226 2272 2493 2334 przesente
2536 2262 2809 2333 propriam
2852 2270 3032 2318 teneat
3067 2260 3183 2316 siue
3214 2258 3321 2314 ulla
3345 2271 3485 2329 per~

1898 2357 2204 2415 turbatione
2232 2370 2564 2412 mensuram.
2608 2374 2628 2407 ι
3352 2340 3355 2343 ’

2522 2486 2652 2543 CAP.
2692 2484 2843 2542 CCII.

1967 2623 2101 2677 Item
2128 2621 2270 2677 idem
2316 2621 2369 2675 in
2402 2619 2508 2674 ﬁne
2554 2616 2865 2673 rationum:
2920 2633 2939 2665 ‹
2982 2613 3134 2669 Sicut
3179 2626 3275 2682 per
3313 2625 3490 2665 unum

1898 2712 2226 2765 scribentem
2252 2724 2439 2765 eorum
2470 2707 2712 2763 omnium
2744 2705 2958 2774 vulgata
2997 2702 3354 2775 transgressio
3377 2709 3486 2764 est,

1899 2798 1990 2868 qui
2019 2799 2071 2852 in
2097 2797 2287 2852 eadem
2311 2795 2549 2865 perﬁdiae
2574 2794 2883 2849 reciderant
2909 2792 3158 2848 actione:
3190 2792 3270 2847 sic
3298 2791 3351 2845 in
3379 2805 3497 2844 uno

1899 2887 2195 2956 eodemque
2223 2885 2314 2955 qui
2345 2901 2443 2955 pro
2467 2883 2720 2939 omnibus
2747 2883 3061 2953 scripserat,
3091 2880 3178 2937 vel
3201 2879 3501 2936 scribendo
3566 2881 3578 2893 '

1899 2978 2141 3033 omnium
2193 2978 2507 3049 prodiderat
2538 2977 2862 3042 voluntates,
2911 2976 3343 3045 transgressione
3386 2989 3494 3044 pu-

1901 3070 2012 3125 nita
2039 3080 2377 3127 cunctorum.
2409 3070 2539 3138 Quze
2583 3071 2650 3125 ad
2679 3070 3093 3126 instructionem
3120 3076 3317 3124 vestrae
3359 3066 3500 3122 dileo

1902 3164 2099 3219 ctionis
2149 3163 2283 3220 satis
2309 3164 2631 3233 abundeque
2673 3161 2918 3219 sullicere
2940 3161 3270 3232 judicamus,
3306 3175 3495 3231 quam-

1901 3254 1985 3309 vis
2004 3253 2193 3310 eadem
2223 3254 2402 3318 latius,
2436 3254 2480 3310 si
2512 3253 2774 3310 Dominus
2798 3252 3134 3309 concesserit
3156 3250 3493 3315 facultatem;

1903 3349 2214 3403 studeamus
2256 3361 2527 3416 exponere
2553 3360 2621 3411 ις
2670 3355 2939 3417 quatenus
2968 3353 3024 3400 et
3058 3343 3299 3399 ﬁdelium
3342 3342 3497 3411 quis-

1904 3455 2011 3509 que
2038 3449 2359 3510 cognoscat,
2402 3438 2536 3494 nihil
2582 3438 2936 3510 apostolicam
2965 3437 3170 3501 sedem,
3219 3434 3362 3506 quod
3392 3435 3492 3490 ab-

1904 3530 2019 3594 sit,-
2047 3544 2386 3600 praepropere
2433 3528 2728 3584 censuisse.
2760 3529 2787 3567 b
2835 3528 2967 3595 Quae
2996 3535 3177 3581 tamen
3223 3525 3494 3581 sententia

1904 3622 1961 3677 in
2006 3620 2264 3676 Acacium
2316 3620 2605 3684 destinata,
2641 3628 2697 3674 et
2748 3618 2794 3673 si
2847 3616 3067 3673 nomine
3116 3614 3503 3671 tantumnodo

1904 3713 2149 3784 praesulis
2202 3710 2522 3782 apostolici,
2577 3707 2733 3778 cujus
2782 3718 2904 3763 erat
2960 3706 3149 3778 utique
3203 3704 3497 3776 potestatis

1903 3805 2179 3875 legitimae,
2218 3803 2481 3875 probatur
2518 3817 2639 3858 esse
2671 3802 3011 3872 deprompta,
3049 3799 3319 3870 prazcipne
3370 3812 3498 3853 cum

1904 3894 2469 3963 secretimdirigenda
2495 3893 2791 3957 videretur,
2842 3905 2942 3946 nec
2978 3888 3239 3945 custodiis
3296 3885 3501 3955 ubique

1904 3985 2184 4057 praetentis
2214 3996 2236 4025 α
2276 3985 2561 4055 dispositio
2607 3982 2884 4048 salutaris,
2914 3979 3245 4052 quibuslibet
3271 3975 3498 4033 diﬁiculo

1906 4078 2108 4134 tatibus
2157 4076 2411 4148 impedita
2470 4074 2836 4131 necessarium
2891 4073 3095 4130 habere
3147 4086 3254 4126 non
3315 4078 3507 4142 posset

1904 4169 2156 4226 ell‘ectum
2185 4186 2200 4235 ;
2230 4178 2409 4223 tamen
2438 4168 2565 4238 quia
2588 4165 2905 4222 orthodoxis
2934 4164 3136 4236 ubique
3168 4162 3411 4235 dejectis,
3445 4170 3504 4217 et

1907 4261 2178 4319 haereticis
2224 4260 2597 4319 tantummodo
2655 4273 2956 4328 eorumque
2996 4255 3344 4313 consortibus
3383 4252 3498 4325 jam

1907 4354 2113 4411 relictis
2155 4353 2207 4409 in
2237 4352 2481 4417 Oriente,
2534 4350 2790 4407 catholici
2837 4348 3120 4421 pontiﬁces
3169 4355 3263 4402 aut
3299 4344 3501 4401 residui

1905 4446 2127 4506 aututino
2152 4461 2258 4501 non
2290 4455 2494 4509 essent,
2542 4452 2636 4498 aut
2663 4442 2863 4502 nullam
2894 4438 3498 4513 gererentlibertatem,

1906 4537 2260 4609 plurimorum
2287 4536 2339 4590 in
2369 4535 2521 4589 Italia
2570 4534 2963 4589 catholicorum
3012 4529 3365 4602 congregatio
3414 4542 3505 4582 sa-

1909 4630 2213 4696 cerdotum,
2252 4627 2646 4684 rationabiliter
2672 4626 2926 4697 cognovit
2957 4625 3011 4679 in
3038 4621 3297 4679 Acacium
3330 4619 3503 4676 fuisse

1908 4724 2173 4796 prolatam
2211 4737 2226 4776 :
2281 4737 2401 4791 qua:
2452 4721 2803 4792 congregatio
2851 4718 2993 4773 facta
3039 4714 3353 4787 pontiﬁcum
3394 4727 3505 4768 non

1898 4824 2100 4875 contra
2139 4812 2682 4877 Chalcedoneusem,-
2725 4828 2834 4865 non
2886 4820 3143 4880 tanquam
3172 4823 3311 4863 nova
3343 4822 3505 4879 syno-

1909 4908 2012 4963 dus
2063 4915 2254 4961 contra
2295 4914 2534 4963 veterem
2568 4904 2909 4974 primamque
2948 4900 3240 4966 convenit;
3285 4900 3379 4955 sed
3411 4915 3508 4970 po-

1902 4999 2017 5059 .tius
2073 4996 2366 5055 secundum
2401 5006 2643 5052 tenorem
2675 4994 2873 5049 veteris
2919 4990 3201 5048 constituti
3233 4990 3515 5061 particeps

1906 5090 2217 5162 apostolicae
2243 5087 2608 5159 exsecutioan
2635 5084 2829 5141 ell‘ecta
2849 5093 2932 5140 est
2955 5100 2969 5150 ;
3001 5090 3060 5137 ut
3085 5081 3221 5137 satis
3248 5090 3509 5152 appareat

1906 5181 2206 5238 Eeclesiam
2233 5179 2580 5243 catholicam,
2635 5178 2928 5247 sedemque
2956 5173 3330 5246 apostolicam,
3380 5174 3508 5243 quia

1909 5271 2036 5327 alibi
2059 5269 2173 5340 jam
2202 5270 2425 5326 omnino
2454 5285 2561 5325 non
2589 5276 2795 5339 posset,
2824 5266 2915 5322 ubi
2949 5265 3124 5335 potuit
3162 5275 3218 5320 et
3243 5279 3366 5320 cum
3396 5266 3509 5333 qui-

1910 5366 2015 5422 bus
2063 5365 2261 5436 potuit,
2294 5364 2428 5419 nihil
2466 5365 2681 5434 penitus
2731 5361 2998 5426 omisisse,
3034 5358 3179 5430 quod
3210 5359 3277 5413 ad
3315 5356 3513 5412 frater-

1914 5472 2043 5513 num
2071 5454 2369 5527 pertineret
2411 5470 2509 5525 pro
2536 5454 2859 5509 intemerata
2895 5451 3000 5508 ﬁde
3037 5460 3093 5506 et
3120 5450 3333 5505 sincera
3363 5463 3511 5504 CUIIL

1912 5548 2166 5609 munione
2192 5555 2505 5603 tractatum.
2556 5566 2575 5600 ι

1986 5692 2013 5721 ο
2041 5679 2305 5735 ϐηειοάὶἱι
2346 5679 2536 5747 ubique
2556 5678 2838 5749 pra’lenlt's.
2874 5675 2966 5749 Sic
2994 5675 3050 5731 in
3090 5670 3332 5749 epistolis
3356 5666 3510 5723 Gela.

1916 5754 1981 5811 sii
2010 5751 2192 5815 editis,
2237 5760 2293 5805 et
2333 5746 2564 5822 quidem
2586 5761 2731 5806 recte
2760 5768 2773 5804 :
2806 5750 2858 5805 in
2897 5746 3083 5807 Aiace:
3108 5746 3310 5808 coJicc,
3341 5750 3505 5796 casto:

1920 5828 2022 5881 ditt.
2061 5821 2359 5894 prmemis,
2377 5821 2575 5892 inepte.
