4000 6352
494 399 602 459 733

1121 517 1248 573 CAP.
1291 513 1466 572 CCIII.

568 637 702 695 Item
730 635 785 692 in
811 631 1038 706 epistola
1086 630 1284 687 Leonis
1323 644 1476 700 papae
1515 625 1582 682 ad
1629 623 1955 679 Martianum
1981 617 2091 673 Au-

498 739 716 799 gustum
745 726 842 785 (est
863 723 1014 794 epist.
1039 721 1072 777 6
1097 723 1154 777 in
1173 720 1386 776 concilii
1408 717 1658 776 Chalced.
1676 714 1945 787 partem),
1970 724 2092 781 qum

495 829 586 878 est
630 833 731 890 per
765 815 1030 888 Lycinum
1075 813 1391 884 episcopum
1435 821 1492 866 et
1519 808 1777 866 Basilium
1803 805 2090 862 diaconum

495 912 726 975 directa,
761 909 828 965 de
857 907 1065 965 ambitu
1092 905 1329 963 Anatolii
1364 902 1602 976 episcopi
1639 899 2094 967 Constantinopo-

495 1004 674 1071 litani,
724 1003 870 1060 inter
901 1010 1110 1058 caetera
1141 999 1222 1056 sic
1251 999 1448 1070 legitur
1479 1015 1494 1052 :
1528 1015 1547 1048 ι
1582 994 1773 1052 Sciens
1801 991 2093 1064 gloriosam

495 1095 845 1153 clementiam
885 1103 1124 1150 vestram
1179 1089 1566 1148 ecclesiasticae
1615 1087 1832 1144 studere
1869 1097 2095 1141 concor-

495 1185 620 1251 dire,
676 1195 736 1242 et
762 1185 850 1241 his
879 1199 1001 1255 quae
1035 1182 1278 1254 paciﬁca:
1308 1185 1617 1250 congruunt
1658 1173 1877 1240 unitati,
1915 1171 2096 1244 piissi-

495 1293 650 1336 mum
676 1285 936 1350 praestare
960 1287 1310 1338 consensum,
1342 1284 1556 1340 precor,
1593 1276 1648 1324 et
1677 1265 1866 1322 sedula
1900 1277 2095 1333 sugge-

497 1375 679 1432 stione
707 1387 804 1430 vos
834 1372 1085 1435 obsecro,
1114 1377 1176 1424 ut
1201 1381 1367 1424 ausus
1394 1363 1689 1434 improbos,
1715 1358 1910 1414 unitati
1933 1355 2095 1412 Chri-

493 1465 690 1520 stiana:
713 1461 944 1533 pacique
987 1457 1309 1520 contrarios,
1357 1455 1427 1511 ab
1457 1453 1605 1509 omni
1635 1449 1856 1522 pietatis
1901 1454 2097 1502 vestras

497 1553 766 1612 abdicetis
792 1566 1039 1617 assensu,
1083 1559 1142 1605 et
1166 1546 1353 1602 fratris
1379 1544 1485 1600 mei
1513 1540 1749 1598 Anatolii
1791 1537 2096 1594 nocituram

498 1644 628 1716 ipsi,
678 1643 724 1699 si
751 1639 1077 1714 perstiterit,
1131 1635 1482 1708 cupiditatem
1529 1631 1824 1688 salubriter
1865 1623 2100 1694 compri-

499 1735 701 1801 matis;
746 1748 815 1789 ne
852 1746 916 1788 ea
956 1745 1078 1802 quae
1115 1735 1312 1783 vestra:
1339 1723 1524 1797 gloriae
1551 1730 1714 1790 atque
1765 1717 2098 1788 temporibus

502 1825 722 1883 inimica
753 1831 881 1880 sunt
907 1819 1153 1892 cupiens,
1198 1814 1373 1887 major
1413 1814 1527 1870 suis
1569 1811 1701 1867 velit
1741 1823 1864 1865 esse
1908 1806 2100 1878 priori-

502 1918 648 1982 bus;
694 1915 1035 1982 liberumque
1065 1907 1141 1964 illi
1179 1907 1251 1963 sit
1299 1903 1519 1978 quantis
1545 1900 1785 1973 potuerit
1815 1897 2098 1968 splendere

502 2008 820 2072 virtutibus,
871 2016 1103 2075 quarum
1147 2013 1256 2055 non
1291 1997 1451 2053 aliter
1501 1994 1775 2065 particeps
1802 1991 1942 2056 erit,
1993 1988 2100 2044 nisi

505 2099 770 2155 charitate
821 2095 992 2164 magis
1037 2089 1271 2148 voluerit
1317 2085 1544 2152 ornari,
1592 2099 1758 2155 quam
1806 2080 2103 2136 ambitione

506 2188 762 2246 distendi.
810 2185 965 2242 Hanc
1008 2192 1193 2239 autem
1233 2178 1462 2250 improbi
1494 2174 1750 2232 desiderii
1800 2171 2103 2241 conceptio-

505 2293 662 2343 nem,
696 2289 971 2346 nunquam
1000 2272 1219 2344 quidem
1246 2267 1435 2325 debuit
1456 2267 1599 2324 intra
1628 2264 1808 2322 cordis
1827 2263 1909 2319 sui
1936 2261 2104 2332 perci-

505 2385 636 2440 pere
674 2376 968 2424 secretum.

1144 2477 1271 2534 Car.
1306 2473 1485 2533 CCIV.

578 2593 714 2650 Item
738 2592 848 2649 Leo
886 2603 1028 2663 papa
1055 2589 1108 2644 in
1130 2588 1323 2645 eadem
1352 2585 1618 2658 epistola:
1651 2604 1670 2638 ι
1697 2585 1853 2661 Agite
1886 2586 2030 2659 quod
2054 2596 2110 2642 et

508 2685 835 2744 Christianae
852 2692 939 2740 est
964 2680 1257 2754 probitatis
1295 2688 1352 2735 et
1390 2679 1569 2752 regiae,
1601 2687 1658 2736 ut
1687 2680 1981 2752 praedictus
2005 2679 2113 2748 epi-

506 2792 712 2850 scopus
762 2783 954 2847 pareat
1000 2773 1274 2838 Patribus,
1325 2773 1576 2830 cerisuIat
1616 2773 1764 2844 paci,
1805 2786 1982 2838 neque
2006 2770 2111 2826 sibi

507 2869 747 2926 aestimet
795 2865 1018 2925 licuisse
1040 2906 1057 2934 ,
1109 2864 1256 2937 quod
1304 2863 1660 2920 Antiocheam
1704 2861 1961 2918 Ecclesm:
1995 2861 2115 2917 sine

511 2959 624 3018 ulle
651 2959 922 3030 exemplo,
977 2965 1168 3014 contra
1218 2963 1424 3012 statuta
1471 2969 1779 3019 canonum,
1830 2952 2112 3022 episcopos

512 3051 769 3108 ordinare
783 3048 1148 3120 praesumpsit,
1167 3045 1312 3119 quod
1324 3061 1424 3102 nos
1443 3060 1628 3100 amore
1651 3043 1966 3115 reparanda:
1989 3043 2114 3098 ﬁdei

513 3154 572 3199 et
597 3142 747 3215 pacis
767 3140 947 3198 studio
975 3148 1278 3196 retractare
1303 3136 1660 3194 cessavimus.
1680 3135 1967 3190 Abstineat
1985 3149 2118 3206 ergo

1601 389 1834 447 £115.42
1875 386 2305 445 PARISIENSIS
2339 341 2648 441 EPlSCOPl

2115 508 2167 567 Α
2195 517 2322 556 num
2355 516 2453 572 per
2483 510 2731 557 sanctum
2758 513 2888 555 vere
2917 497 3184 569 Spiritum
3224 495 3478 553 ordinata
3517 473 3785 560 conditio,

3671 372 3782 433 156

2192 593 2247 648 In
2273 591 2452 663 aliqua
2479 593 2732 663 cuiquam
2761 590 2834 646 sit
2862 598 3018 661 parte
3047 587 3319 644 solubilis.
3364 587 3436 642 Et
3477 585 3631 642 nulla
3661 586 3790 642 sibi-

2191 692 2303 740 met
2323 686 2388 739 de
2409 683 2860 754 multiplicatione
2887 679 3326 751 congregationis
3354 677 3644 750 synodalia
3666 693 3793 732 con-

2191 774 2316 829 cilia
2347 773 2718 836 blandiantur,
2759 787 2936 843 neque
2972 770 3234 828 trecentis
3272 770 3378 825 illis
3405 772 3596 825 decem
3630 776 3792 838 atque

2191 879 2319 926 octo
2347 863 3040 942 episcopis'quantumlibet
3088 865 3363 936 copiosior
3404 878 3674 918 numerus
3710 877 3794 918 sa-

2194 961 2499 1028 cerdotum,
2533 960 2617 1016 vel
2663 974 2984 1030 comparare
3029 975 3088 1014 se
3131 958 3349 1022 audeat,
3391 956 3478 1011 vel
3510 955 3794 1028 preferre,

2193 1071 2320 1110 eum
2353 1063 2504 1109 tanto
2549 1053 2809 1109 divinitus
2837 1051 3118 1124 privilegio
3165 1049 3387 1106 Nicaena
3431 1050 3506 1104 sit
3555 1049 3796 1120 synodus

2193 1155 2534 1211 consecrata,
2579 1151 2640 1199 ut
2686 1144 2803 1198 sive
2848 1158 2948 1214 per
2993 1142 3298 1212 pauciores,
3331 1140 3447 1195 sive
3481 1154 3588 1210 per
3614 1138 3797 1209 plures

2194 1239 2565 1297 ecclesiastica
2602 1236 2805 1308 judicia
2838 1235 3203 1299 celebrentur,
3253 1233 3402 1289 omni
3431 1231 3658 1304 penitus
3702 1246 3799 1284 au-

2195 1332 2452 1389 ctoritate
2505 1331 2578 1386 sit
2622 1346 2875 1396 vacuum,
2929 1327 3191 1399 quidquid
3235 1327 3305 1382 ab
3355 1326 3577 1382 illorum
3633 1323 3802 1380 fuerit

2197 1418 2581 1480 constitutione
2625 1423 2922 1479 diversum.
2973 1419 3146 1475 Nimis
3179 1434 3311 1490 ergo
3354 1419 3474 1474 haec
3521 1415 3798 1487 improba,

2198 1517 2361 1572 nimis
2385 1532 2551 1587 prava
2578 1524 2724 1581 sunt,
2756 1530 2878 1586 qua:
2904 1513 3293 1569 sacratissimis
3320 1511 3627 1567 canonibus
3653 1510 3802 1566 inve-

2199 1609 2427 1665 niuntur
2461 1623 2581 1664 esse
2608 1607 2904 1664 contraria.
2946 1625 2965 1659 ι

2820 1721 2954 1778 CAP.
2994 1719 3172 1777 CCVI.

2127 1869 2174 1928 Β
2268 1833 2404 1889 Item
2425 1832 2537 1928 Leo
2558 1846 2696 1902 papa
2717 1830 2771 1886 in
2795 1830 2987 1885 eadem
3013 1827 3242 1900 epistola
3269 1835 3391 1899 post
3409 1841 3591 1928 pauca
3616 1844 3632 1880 :
3663 1844 3684 1878 ‹
3702 1824 3803 1881 Fa-

2203 1923 2498 1981 teor'enim
2534 1925 2641 1979 ista
2689 1937 2776 1978 me
2809 1920 3104 1976 dilectione
3128 1919 3398 1974 universae
3441 1916 3804 1973 fraternitatis

2198 2013 2484 2086 obstringi,
2527 2022 2590 2067 ut
2616 2010 2818 2067 nemini
2866 2024 3094 2081 prorsus
3123 2008 3179 2064 in
3230 2007 3319 2062 his
3362 2023 3486 2078 qua:
3515 2015 3718 2062 contra
3748 2022 3806 2062 se

2199 2109 2400 2177 posuit,
2431 2107 2747 2171 assentiam,
2772 2123 2790 2157 ι
2812 2113 2947 2170 etc.,
2976 2118 3142 2174 usque
3169 2102 3239 2156 ad
3266 2098 3598 2157 universalis
3623 2099 3809 2156 Eccle-

2201 2200 2297 2254 sia:
2324 2213 2457 2256 nace
2484 2197 2743 2270 privabis.

2811 2307 2941 2364 CAP.
2981 2305 3181 2364 CCVII.

2275 2421 2410 2483 Item
2438 2421 2492 2481 in
2519 2419 2751 2482 concilio
2771 2418 3205 2481 Chalcedonensi
3234 2430 3714 2480 comminemur
3735 2423 3810 2479 sic

2207 2519 2506 2574 auctoritas
2553 2520 2742 2590 prima:
2775 2518 2919 2574 sedis
2945 2535 2959 2572 :
2989 2537 3008 2570 ι
3041 2530 3068 2559 ιι
3092 2515 3204 2573 Nos
3234 2529 3366 2589 ergo
3395 2514 3812 2586 Scripturarum

2209 2610 2514 2665 divinarum
2554 2608 2956 2664 attestationem
3008 2607 3318 2663 evidentius
3367 2605 3811 2674 manifestantes,

2209 2709 2432 2771 prepter
2476 2699 2576 2754 hos
2605 2697 2695 2769 qui
2727 2698 3046 2755 substantia:
3076 2707 3350 2754 secretum
3381 2703 3652 2752 evertere
3678 2696 3814 2752 inse-

2211 2793 2518 2857 ctebantur,
2550 2791 2814 2858 dicentes,
2848 2791 3124 2848 hominem
3169 2789 3288 2845 sine
3321 2787 3621 2845 divinitate
3650 2787 3816 2845 fuisse

2213 2893 2490 2950 creatum,
2529 2899 2598 2939 ex
2647 2883 2946 2940 venerabili
2991 2883 3203 2954 virgine
3244 2880 3415 2937 Maria
3465 2881 3817 2954 impudenter

2215 2986 2270 3032 et
2297 2977 2609 3048 vulgariter,
2643 2984 2834 3032 contra
2865 2974 3192 3031 venerabilis
3234 2973 3512 3044 quondam
3575 2971 3816 3044 episcopi

2215 3069 2401 3143 Cyrilli
2422 3069 2800 3124 Alexandrinae
2822 3068 3078 3124 Ecclesia:
3099 3067 3326 3130 litteras,
3353 3075 3409 3121 et
3432 3066 3604 3121 totius
3625 3065 3818 3121 Urietb

2220 3161 2290 3216 tis
2317 3176 2556 3232 congrua
2606 3161 2809 3230 scripta
2838 3159 3101 3215 adversus
3138 3156 3375 3214 Nestorii
3405 3155 3739 3222 amentiam,
3766 3155 3817 3209 in

515 3237 588 3337 ξι)
617 3232 1132 3337 ξθθῗθδίπίίθπωη
1174 3229 1377 3337 ί¹¹ί¹¹ἷί³
1419 3227 1749 3337 F98“‘a[“,'f"
1780 3227 2114 3337 le‘.illi‘:i‘°s
2141 3249 2185 3312 C
2217 3227 2747 3325 quibus'manil'esta
2800 3251 3086 3322 expressio
3147 3249 3284 3304 certi
3337 3256 3503 3318 atque
3559 3246 3818 3303 salutaris

514 3322 751 3380 “cum”
770 3337 1048 3418 θίῳδδᾳδν
1081 3335 1152 3376 ne
1256 3317 1641 3418 διὲυηίνῖνδδη
1670 3316 1930 3381 Εω¹θ⁸ί²’
1973 3317 2112 3418 _d“.m
2219 3316 2460 3418 Symboli
2489 3316 2952 3408 desiderantibus,
2979 3341 3372 3414 epistolamque
3414 3316 3818 3411 archiepiscopi

517 3417 740 3474 inimica
764 3416 889 3487 paci
919 3423 1116 3480 tentat,
1158 3412 1426 3468 abscidat.
1477 3409 1650 3478 Quem
1689 3419 1818 3480 opto
1847 3409 2018 3481 magis
2047 3409 2117 3464 ir-

515 3508 1025 3582 rcprebensibiliter
1075 3513 1329 3577 agentem
1377 3503 1640 3575 diligere,
1698 3516 1861 3570 quam
1904 3501 1959 3555 in
2013 3500 2115 3558 hac

516 3601 959 3674 praesumptione,
988 3614 1112 3672 quae
1142 3597 1293 3653 illum
1319 3596 1388 3653 ab
1407 3596 1663 3652 omnibus
1687 3606 1946 3665 separare
1967 3599 2118 3664 pote-

523 3694 617 3762 rit,
648 3693 966 3766 perdurare.
1020 3709 1042 3745 ι

1157 3801 1288 3859 Car.
1319 3800 1475 3857 CCV.

591 3923 728 3978 Item
776 3920 888 3977 Leo
933 3932 1072 3990 papa
1124 3917 1193 3972 ad
1241 3913 1554 3972 Anatolium
1612 3911 1931 3983 episcopum
1977 3916 2120 3964 inter

524 4022 724 4070 cetera
771 4010 828 4066 in
866 4008 972 4064 alia
1020 4005 1252 4078 epistola
1300 4004 1472 4076 (epist.
1523 4002 1580 4073 v)
1631 4001 1866 4058 scribit:
1911 4019 1931 4052 ι
1991 3998 2124 4054 Post

521 4104 617 4164 illa
663 4102 850 4174 itaque
899 4097 1260 4156 ordinationis
1313 4104 1420 4152 tuae
1473 4109 1582 4150 non
1643 4094 1915 4166 inculpata
1969 4093 2121 4164 prin-

525 4196 667 4270 cipia
694 4235 711 4264 ,
777 4201 905 4266 post
979 4188 1449 4248 consecrationem
1496 4187 1821 4242 Antiocheni
1881 4185 2120 4256 episc0pi

525 4303 692 4359 quam
753 4285 964 4342 tibimet
1026 4289 1217 4339 contra
1296 4279 1616 4335 canonicam
1692 4278 1935 4350 regulam
1997 4278 2119 4332 vin-

525 4379 748 4441 dicasli,
774 4375 932 4434 doleo
959 4375 1014 4431 in
1046 4374 1150 4429 hoc
1179 4370 1523 4430 dilectionem
1557 4378 1702 4424 tuam
1726 4385 1848 4425 esse
1874 4384 2122 4441 progres-

524 4484 672 4535 sam,
704 4475 767 4523 ut
791 4462 1192 4523 sacratissimas
1233 4459 1578 4516 Nicaznorum
1611 4474 1878 4514 canonum
1914 4458 2120 4514 consti-

527 4561 768 4617 tutiones
799 4555 1077 4614 conareris
1104 4552 1422 4624 infringere,
1456 4560 1712 4622 tanquam
1739 4558 2039 4622 opportune
2063 4564 2123 4606 se

527 4652 632 4709 tibi
662 4652 768 4707 hoc
791 4658 1007 4720 tempus
1038 4644 1316 4708 obtulerit,
1367 4657 1476 4714 quo
1505 4641 1726 4698 secundi
1756 4641 1979 4697 honoris
2008 4641 2121 4712 pri-

526 4741 784 4814 vilegium
833 4738 992 4795 sedes
1046 4733 1412 4792 Alexandrina
1460 4729 1778 4804 perdiderit,
1827 4738 1885 4786 et
1930 4730 2124 4786 Antio-

530 4833 704 4889 chena
729 4829 972 4886 Ecclesia
1005 4825 1396 4898 proprietatem
1419 4821 1593 4877 tertia:
1622 4819 1902 4892 dignitatis
1931 4819 2129 4874 amise-

531 4925 717 4990 rit,ut
743 4922 829 4979 his
856 4919 992 4976 locis
1021 4917 1130 4987 juri
1161 4925 1255 4971 tuo
1297 4913 1552 4980 subditis,
1597 4925 1787 4967 omnes
1817 4910 2127 4980 metr0poli-

533 5015 647 5071 tani
677 5011 914 5085 episcopi
963 5008 1186 5082 proprio
1233 5006 1441 5062 honore
1476 5004 1781 5075 priventur.
1809 5002 2014 5068 Quibus
2045 5002 2125 5056 in-

533 5103 735 5161 auditis
785 5111 843 5158 et
888 5113 1165 5171 nunquam
1215 5105 1344 5152 ante
1408 5094 1631 5150 tentatis
1683 5093 1759 5148 ita
1813 5091 2128 5163 prmveniris

533 5193 873 5257 excessibus,
912 5199 974 5245 nt
1000 5198 1243 5246 sanctam
1279 5187 1547 5261 synodum
1577 5185 1646 5240 ad
1675 5185 2127 5256 exstinguendam

533 5286 712 5342 solum
737 5283 1014 5349 haeresim,
1036 5291 1094 5338 et
1117 5282 1184 5339 ad
1208 5280 1678 5337 conﬁrmationem
1701 5277 1826 5334 ﬁdei
1851 5277 2132 5333 catholica:

536 5377 718 5433 studio
772 5374 1228 5432 Cbristianissimi
1284 5371 1546 5444 principis
1600 5381 2006 5443 congregatam,
2077 5371 2131 5426 in

537 5467 880 5524 occasionem
902 5466 1138 5522 ambitus
1163 5465 1367 5528 trahas,
1389 5472 1446 5518 et
1472 5470 1531 5517 ut
1551 5461 1954 5518 conniventiam
1977 5476 2131 5516 suam

543 5562 642 5618 tibi
669 5561 830 5618 dedat
858 5561 1132 5633 impellas;
1161 5568 1422 5630 tanquam
1453 5557 1676 5614 refutari
1707 5564 1962 5626 nequeat,
1990 5555 2134 5626 quod

541 5652 730 5711 lllicite
753 5653 987 5710 voluerit
1010 5645 1316 5716 multitudo,
1358 5658 1415 5706 et
1444 5649 1534 5705 illa
1581 5647 1923 5704 Nictenorum
1967 5661 2129 5702 cano-

2217 3438 2414 3494 Leonis
2442 3436 2631 3508 prima:
2656 3435 2826 3500 sedis,
2859 3449 2981 3504 quae
3023 3433 3292 3488 destinata
3319 3439 3376 3486 et
3399 3430 3619 3486 directa
3664 3430 3814 3486 vide-

2217 3529 2379 3585 batur
2403 3528 2471 3583 ad
2505 3526 2866 3583 venerabilem
2910 3533 3114 3580 sancta:
3163 3521 3443 3578 memoria:
3475 3520 3814 3584 Flavianum,

2219 3619 2287 3674 ad
2315 3617 2761 3689 intercipiendam
2791 3615 3052 3688 Eutychis
3098 3613 3530 3685 malignitatem;
3564 3612 3813 3683 quamvis

2219 3712 2392 3767 sancti
2433 3711 2580 3766 Petri
2625 3709 2970 3766 confessione
3013 3708 3170 3762 nobis
3201 3705 3593 3770 concordante,
3631 3715 3688 3759 et
3715 3720 3814 3759 una

2221 3812 2381 3873 atque
2403 3803 2594 3858 similis
2621 3803 2813 3874 pagina
2835 3801 2952 3856 visa
2982 3809 3085 3864 est,
3111 3798 3371 3853 adversus
3391 3797 3814 3853 obtrectantium

2222 3897 2506 3952 audaciam
2545 3895 2826 3951 evidenter
2871 3894 3100 3950 edocere
3148 3892 3402 3948 convenit
3443 3890 3813 3963 integritatem

2222 3985 2349 4042 ﬁdei
2383 3984 2741 4042 credentibus.
2779 4002 2799 4036 ›

2825 4093 2956 4150 CAP.
2992 4091 3213 4150 CCVIII.

2295 4211 2406 4270 Leo
2440 4210 2589 4282 Papa
2624 4209 2679 4264 in
2719 4207 2948 4280 epistola
2991 4221 3154 4276 quam
3197 4213 3399 4260 sanctae
3425 4203 3642 4276 synodo
3683 4201 3813 4272 apud

2224 4302 2618 4359 Chalcedonem
2665 4299 2881 4365 direxit,
2931 4297 3074 4352 inter
3131 4306 3330 4352 uetera
3375 4296 3456 4350 sic
3501 4294 3700 4350 scribit
3743 4293 3813 4364 (in

2223 4392 2416 4448 concil.
2474 4389 2749 4454 Chalccd.,
2777 4405 2836 4460 p.
2882 4403 2967 4453 ut,
3006 4388 3112 4444 sive
3146 4386 3300 4457 epist.
3349 4385 3484 4459 Iﬁ):
3533 4404 3556 4438 ι
3606 4385 3816 4440 Fratres

2227 4483 2558 4546 charissimi,
2585 4483 2654 4538 de
2692 4480 3062 4537 custodiendis
3113 4493 3330 4549 quoque
3373 4486 3697 4533 sanctorum
3724 4475 3818 4531 Pa-

2230 4584 2372 4630 trum
2399 4575 2638 4640 statutis,
2669 4587 2791 4642 quaa
2810 4571 3000 4644 synodi
3020 4569 3248 4625 Nicaeum
3270 4567 3682 4624 inviolabilibus
3705 4573 3820 4622 sunt

2233 4669 2341 4723 ﬁxa
2370 4667 2624 4732 decretis,
2643 4665 3052 4722 observantiam
3076 4669 3277 4717 vestra:
3301 4660 3620 4716 sanctitatis
3648 4660 3822 4715 admo~

2231 4774 2354 4824 neo,
2405 4766 2467 4812 ut
2505 4756 2630 4827 jura
2682 4755 3054 4812 Ecclesiarum
3107 4756 3249 4810 sicut
3299 4754 3368 4808 ab
3411 4751 3521 4807 illis
3570 4749 3822 4808 trecentis

2230 4849 2534 4906 octodecim
2560 4848 2810 4903 Patribus
2838 4846 3099 4902 divinitus
3120 4844 3397 4916 inspiratis
3423 4852 3555 4899 sunt
3581 4843 3822 4900 ordinata

2221 4948 2606 5012 permaneant,
2633 4937 2769 4992 nihil
2791 4936 3029 4991 alienum
3058 4935 3339 5006 improbus
3364 4933 3612 4988 ambitus
3635 4947 3823 4988 concu-

2232 5033 2428 5104 piscat,
2459 5047 2559 5087 nec
2587 5045 2684 5101 per
2713 5027 2941 5084 alterius
2979 5026 3414 5081 imminutionem
3443 5039 3608 5080 suum
3639 5022 3825 5092 aliquis

2230 5131 2441 5192 quaerat
2466 5129 2838 5193 augmentum.
2869 5115 3280 5185 Quantumlibet
3307 5115 3454 5170 enim
3482 5115 3697 5171 exortis
3737 5128 3820 5166 as-

2232 5215 2628 5273 sentationibus
2646 5228 2704 5268 se
2730 5213 2964 5267 instruat
2988 5209 3248 5263 vanitatis
3269 5207 3458 5273 elatio,
3482 5215 3539 5263 et
3559 5205 3821 5277 appetitus

2233 5324 2362 5364 suos
2390 5305 2743 5362 conciliorum
2774 5302 3007 5358 mstimet
3030 5298 3250 5354 nomine
3280 5297 3644 5361 roborandos,
3681 5293 3820 5350 inﬁr-

2237 5414 2384 5453 mum
2429 5407 2591 5466 atque
2636 5395 2850 5449 irritum
2905 5391 3031 5456 erit,
3080 5388 3343 5460 quidquid
3372 5404 3403 5444 a
3443 5388 3817 5458 praedictorum

2233 5485 2458 5542 Patrum
2487 5485 2789 5541 canonibus
2815 5479 3168 5551 discrepat-it.
3201 5498 3222 5532 ι
3445 5494 3447 5497 ·

619 5784 643 5819 'I
671 5777 838 5835 Paulo
873 5784 996 5832 ante
1037 5775 1199 5832 ﬁnem
1238 5779 1344 5829 act.
1389 5770 1454 5837 5,
1495 5770 1546 5825 in
1584 5769 1770 5841 Symb.
1821 5774 2038 5824 centum
2079 5753 2467 5836 quinquaginh
2499 5759 2663 5829 rpisc.
2711 5764 2816 5813 etc.
2861 5755 2914 5810 in
2959 5753 3100 5810 med.
3135 5751 3359 5808 Multum
3393 5750 3557 5807 distat
3603 5745 3666 5802 ab
3692 5745 3803 5800 edit.

563 5865 694 5907 δοτδ.
