4000 6352
221 375 329 433 757

844 519 975 582 CAP.
1016 522 1191 580 CCIX.

295 672 591 746 Gregorius
617 669 846 736 Joanni,
882 669 1136 738 episcopo
1169 664 1514 736 Syracusano
1550 661 1662 733 (lib.
1715 676 1815 724 vn,

220 768 378 838 epist.
406 763 497 828 64)
530 781 542 817 :
577 781 596 814 ι
635 760 872 816 Veniens
909 757 1128 828 quidam
1160 755 1226 811 de
1268 753 1452 808 Sicilia
1503 751 1642 806 dixit
1682 749 1816 804 mihi

221 855 373 929 quod
397 854 562 925 aliqui
592 851 750 906 amici
775 848 914 919 ejus,
939 847 1025 903 vel
1054 845 1248 910 Grieci,
1278 843 1361 898 vel
1383 841 1584 905 Latini,
1611 840 1816 903 nescio,

221 946 383 1019 quasi
416 946 516 1002 sub
552 943 671 1000 zelo
715 949 915 998 sanctae
957 939 1219 994 Romana:
1263 933 1520 991 Ecclesia:
1567 932 1634 986 de
1683 931 1820 985 meis

221 1035 688 1108 disputationibus
741 1036 1152 1087 murmurarent
1198 1027 1441 1083 dicentes
1483 1044 1496 1080 :
1539 1023 1821 1092 Quomodo

220 1128 530 1185 Ecclesiam
587 1121 1236 1192 Constantinopolitanam
1297 1117 1535 1187 disponit
1587 1113 1823 1184 compri-

223 1235 398 1285 mere,
421 1217 515 1288 qui
545 1215 662 1285 ejus
690 1211 1116 1269 consuetudines
1141 1225 1240 1280 per
1283 1210 1466 1265 omnia
1495 1206 1777 1276 sequimur
1796 1205 1828 1259 ?‘

225 1311 327 1368 Cui
350 1327 474 1366 cum
503 1308 740 1363 dicerem
775 1322 788 1359 :
815 1303 962 1372 Quas
989 1300 1306 1372 sequimur?
1336 1297 1614 1369 respondit
1645 1315 1656 1350 :
1683 1296 1821 1363 Quia

227 1400 461 1457 Alleluia
507 1397 613 1454 dici
650 1397 720 1451 ad
757 1395 952 1450 Missas
981 1402 1136 1448 extra
1180 1391 1529 1445 Pentecostes
1577 1397 1820 1457 tempora

226 1490 458 1556 fecistis,
489 1489 616 1559 quia
647 1486 1012 1542 subdiaconos
1037 1482 1298 1552 spoliatos
1327 1480 1623 1551 procedere
1646 1520 1659 1544 ,
1691 1479 1820 1547 quia

231 1579 397 1652 Kyrie
434 1578 630 1633 eleison
669 1575 798 1638 dici,
834 1575 961 1644 quia
984 1573 1288 1628 orationem
1329 1569 1665 1624 Dominicam
1694 1583 1820 1622 mox

230 1680 358 1742 post
406 1669 682 1726 Canonem
731 1667 835 1722 dici
882 1666 1170 1722 statuistis.
1215 1663 1314 1719 Cui
1369 1678 1468 1734 ego
1515 1661 1816 1731 respondi:

231 1763 373 1831 Quia
402 1763 459 1818 in
484 1761 632 1816 nullo
661 1775 852 1816 eorum
879 1759 1040 1812 aliam
1075 1755 1373 1812 Ecclesiam
1407 1756 1579 1809 secuti
1611 1767 1816 1808 sumus.

1364 366 1564 423 LIBER
1602 361 1973 420 soveusus
2014 347 2353 419 caecos;

1843 479 1892 536 Α
1922 475 2154 544 primum
2181 474 2479 537 existimat,
2504 480 2560 527 ut
2588 470 2728 526 bona
2761 484 2880 538 qua:
2909 467 3106 523 viderit
3132 466 3342 521 discere
3374 479 3505 521 con-

3400 351 3504 408 738

1920 575 2146 621 temnat.

1995 676 2012 709 ι
2055 657 2131 711 De
2157 655 2436 726 privilegio
2466 653 2801 725 principatus
2833 651 3144 722 apostolicm
3169 650 3312 706 sedis
3334 666 3506 720 pauca

1918 766 1985 805 ex
2039 749 2220 804 multis
2270 756 2326 802 et
2379 747 2608 802 diversis
2657 744 3069 799 auctoritatibus
3128 741 3406 798 Canonum
3454 751 3530 796 et:

1921 845 2291 900 Romanorum
2324 841 2640 912 pontiﬁcum
2669 839 2892 893 collecta
2918 846 3064 903 sunt,
3095 837 3148 891 in
3187 851 3294 906 quo
3325 835 3510 890 omnia

1921 939 2155 997 concilia
2183 945 2496 993 sanctorum
2551 935 2774 990 Patrum
2819 933 3150 987 unanimiter
3175 930 3520 986 concordare

1919 1032 2190 1096 videntur,
2215 1044 2316 1084 nec
2340 1029 2393 1083 in
2421 1027 2602 1097 aliquo
2629 1027 2887 1080 aberrare
2911 1025 3324 1095 dignoscuntur.
3347 1019 3509 1074 Post—

1920 1141 2084 1196 quam
2136 1124 2281 1178 enim
2331 1120 2722 1177 Constantinus
2779 1118 3078 1187 imperator
3138 1112 3511 1170 monarchiam

1923 1216 2187 1272 mundani
2235 1215 2415 1271 szeculi
2466 1223 2677 1276 tenens,
2727 1213 2819 1266 Dei
2876 1212 3174 1282 inspirante
3225 1206 3516 1262 clementia

1923 1308 2348 1366 Christianitatis
2379 1306 2618 1376 suscepit
2641 1302 3069 1374 signaculum,et
3093 1317 3190 1372 pro
3210 1300 3303 1354 Dei
3327 1313 3530 1353 amores

1923 1407 1979 1454 et
2001 1399 2260 1470 principis
2284 1397 2652 1468 apostolorum
2682 1397 2888 1451 honore
2912 1410 3007 1448 sua
3036 1401 3226 1463 sponte
3258 1392 3516 1446 thronum

1923 1491 2183 1548 Romanae
2212 1491 2364 1546 urbis
2405 1489 2640 1559 reliquit,
2685 1489 2872 1543 dicens
2914 1502 3019 1541 non
3049 1501 3168 1540 esse
3204 1492 3518 1554 competen-

1925 1585 2050 1640 dum
2075 1585 2208 1639 duos
2231 1583 2588 1654 imperatores
2617 1581 2671 1636 in
2699 1597 2807 1635 una
2837 1580 3057 1634 civitate
3090 1578 3248 1634 simul
3273 1579 3536 1632 tractare-

1924 1693 2211 1733 commune
2260 1677 2571 1748 imperium,
2617 1691 2742 1730 eum
2794 1674 2932 1729 alter
2982 1672 3125 1728 foret
3163 1680 3348 1737 teme,
3377 1669 3526 1726 alter

1926 1769 2182 1824 Ecclesia
2207 1769 2484 1840 princeps,
2514 1769 2730 1824 tandem
2775 1776 2836 1822 ut
2870 1767 3085 1823 cunctis
3114 1764 3417 1834 legentibus
3446 1761 3522 1844 lie»

224 1857 366 1913 Nam
405 1864 468 1911 ut
509 1854 724 1910 alleluia
765 1853 855 1908 hic
883 1853 1176 1916 diceretur,
1217 1850 1285 1904 de
1321 1847 1820 1918 Hierosolymorum
1852 1840 1898 1900 Β
1926 1871 2056 1933 qua
2081 1862 2401 1934 Byzantium
2440 1862 2592 1926 adiit,
2640 1861 2728 1916 ubi
2760 1877 2827 1916 ex
2873 1876 2969 1916 suo
3002 1858 3220 1914 nomine
3242 1841 3531 1913 Consum...

225 1947 470 2004 Ecclesia
517 1961 581 2002 ex
643 1944 788 2000 beati
836 1940 1150 2012 Hieronymi
1193 1939 1486 1994 traditione
1513 1978 1528 2003 ,
1577 1946 1821 2006 tempore

226 2042 405 2096 beatm
444 2037 722 2095 memoria:
755 2034 974 2091 Damasi
1001 2047 1153 2105 papae
1198 2031 1432 2086 traditur
1461 2038 1712 2084 tractum.
1754 2027 1822 2081 Et

227 2134 351 2188 ideo
375 2131 546 2200 magis
568 2131 622 2184 in
653 2129 756 2184 hac
785 2143 844 2182 re
873 2126 1020 2182 illam
1045 2123 1492 2181 consuetudinem
1521 2122 1824 2192 amputavi-

230 2238 375 2285 mus,
402 2237 522 2292 quae
564 2220 655 2275 hic
681 2235 711 2274 a
739 2217 943 2274 Grzecis
971 2216 1150 2272 fuerat
1180 2215 1400 2270 tradita.
1447 2211 1825 2268 Snbdiaconos

221 2324 416 2374 autem
443 2311 707 2383 spoliatos
729 2319 791 2364 ut
816 2308 1114 2380 procedere
1141 2306 1401 2370 facerem,
1443 2304 1664 2374 antiqua
1691 2317 1823 2357 con-

229 2405 462 2461 suetudo
483 2401 732 2458 Ecclesia:
748 2400 866 2455 fuit.
891 2398 998 2455 Sed
1020 2399 1163 2470 quod
1186 2397 1386 2469 placuit
1402 2397 1615 2451 cuidam
1640 2403 1826 2449 nostro

231 2494 497 2568 pontiﬁci,
521 2492 705 2549 nescio
726 2491 834 2556 cui,
860 2506 954 2546 eos
983 2490 1210 2546 vestitos
1227 2488 1523 2559 procedere
1545 2485 1822 2558 pnecepit.

237 2587 377 2645 Nam
402 2595 602 2642 vestrze
625 2583 880 2639 Ecclesia:
907 2582 1154 2652 nunquid
1193 2581 1538 2636 traditionem
1569 2596 1598 2634 a
1623 2578 1827 2635 Graecis

238 2676 611 2750 acceperunt?
635 2674 791 2732 Unde
817 2675 1020 2730 habent
1048 2688 1179 2744 ergo
1202 2673 1365 2728 hodie
1381 2712 1396 2736 ,
1423 2681 1482 2725 ut
1510 2671 1827 2726 subdiaconi

237 2771 297 2826 in
327 2767 528 2824 tunicis
559 2766 890 2836 procedant,
925 2764 1030 2820 nisi
1059 2764 1185 2834 quia
1212 2764 1316 2819 hoc
1339 2779 1369 2817 a
1399 2770 1572 2817 matre
1599 2777 1694 2817 sua
1723 2761 1831 2816 lto-

240 2877 405 2918 mana
433 2860 676 2916 Ecclesia
703 2865 1083 2930 perceperant.
1110 2857 1275 2928 Kyrie
1300 2857 1492 2912 eleison
1520 2865 1698 2912 autem
1731 2871 1832 2912 nos

241 2969 420 3025 neque
439 2951 671 3008 dicimus
698 2951 838 3006 sicut
865 2965 896 3005 a
922 2949 1128 3005 Graecis
1154 2949 1371 3014 dicitur,
1398 2948 1525 3018 quia
1551 2948 1602 3002 in
1627 2947 1832 3003 Graecis

239 3062 432 3102 omnes
463 3044 623 3101 simul
647 3045 856 3108 dicunt,
882 3043 1023 3112 apud
1052 3057 1152 3098 nos
1181 3050 1361 3096 autem
1390 3057 1419 3095 a
1449 3041 1662 3096 clericis
1691 3039 1830 3095 dici-

241 3146 355 3201 tur,
387 3151 418 3190 a
453 3135 652 3207 populo
682 3134 1060 3204 respondetur,
1092 3143 1148 3188 et
1175 3133 1398 3188 totidem
1428 3133 1637 3187 vicibus
1663 3133 1830 3187 etiam

1927 1955 2210 2026 tinopolim
2238 1963 2578 2018 construens,
2629 1954 2835 2024 regiam
2866 1953 3050 2008 sedem
3102 1950 3251 2006 fecit.
3280 1947 3514 2002 Proﬁci-

1927 2059 2086 2101 scens
2107 2060 2261 2108 vero,
2284 2045 2584 2100 Romanam
2609 2044 2868 2098 ditionem
2900 2039 3212 2111 apostolica?
3249 2037 3362 2092 sedi
3389 2035 3518 2092 sui»

1922 2137 2152 2210 jugavit,
2185 2152 2393 2192 necnon
2422 2137 2585 2190 etiam
2617 2135 2911 2189 maximam
2935 2141 3146 2202 partem
3169 2125 3521 2184 diversarum

1929 2229 2332 2300 provinciarum
2368 2227 2542 2282 eidem
2568 2225 2818 2297 subjecit.
2843 2224 3086 2293 Denique
3113 2221 3402 2290 subrogata
3425 2213 3520 2287 po-

1936 2317 2152 2385 testate,
2183 2329 2238 2374 et
2263 2317 2576 2374 solemniter
2595 2316 2742 2387 regia
2773 2315 3097 2370 auctoritate
3114 2312 3360 2367 Romano
3391 2305 3527 2380 pou;

1932 2412 2065 2467 tiﬁci
2089 2412 2417 2474 contradita,
2457 2409 2576 2464 loco
2599 2410 2786 2473 cessit,
2808 2416 2863 2462 et
2889 2408 2958 2462 ob
2988 2405 3380 2476 capessendum
3407 2417 3520 2457 cce—

1931 2503 2066 2558 leste
2090 2501 2378 2572 imperium
2409 2501 2540 2564 Deo,
2566 2508 2862 2568 sanctoque
2885 2497 3048 2552 Petro
3071 2497 3334 2558 honorem
3361 2493 3523 2563 regni

1934 2595 1990 2651 in
2017 2602 2306 2665 posterum
2341 2593 2708 2662 ampliandum
2757 2590 2996 2659 reliquit.
3036 2587 3221 2658 Itaque
3247 2584 3528 2656 singulare

1929 2685 2275 2756 privilegium
2305 2692 2361 2740 et
2389 2682 2637 2738 mirabile
2671 2689 3056 2737 testamentum
3088 2689 3202 2735 toto
3229 2689 3356 2733 tunc
3387 2677 3534 2733 orhe~

1932 2778 2212 2848 vulgatum
2238 2775 2551 2846 apostolicze
2577 2775 2691 2830 sedi
2722 2774 2991 2830 conscribi
3017 2773 3204 2844 jussit,
3234 2771 3526 2840 eidemque

1933 2870 2342 2940 obsequendum
2371 2869 2585 2924 diversa
2623 2881 2915 2938 regnorum
2958 2866 3160 2938 praedia
3188 2863 3528 2936 perpetuali-

1935 2972 2020 3020 ter
2047 2962 2338 3033 delegavit,
2375 2973 2670 3029 sacrasque
2711 2959 2858 3028 leges
2887 2957 2940 3012 in
2979 2956 3210 3012 diversis
3238 2954 3525 3010 ordinibus

1934 3065 1990 3111 et
2016 3053 2271 3121 cultibus,
2309 3069 2374 3109 ac
2414 3052 2911 3109 ecclesiasticorum
2951 3050 3389 3106 indumentorum
3425 3063 3522 3103 or-

1939 3148 2158 3203 natibus
2189 3146 2607 3201 innumerabilia
2631 3147 3001 3216 superaddens
3029 3143 3278 3207 donaria,
3302 3141 3535 3196 nobilis-

243 3201 470 3280 Christe-
501 3201 694 3279 eleison
746 3201 980 3292 dicitur,
1035 3225 1179 3294 quod
1226 3225 1367 3295 apud
1412 3223 1635 3280 Grmcos
1679 3224 1829 3279 nullo

1939 3238 2075 3294 sime
2106 3252 2169 3293 ac
2197 3235 2475 3308 splendide
2504 3239 2894 3309 augmentavit,
2941 3238 2995 3292 in
3030 3237 3228 3308 quibus
3250 3235 3414 3290 etiam
3442 3232 3528 3287 in-

241 3317 409 3374 modo
440 3317 659 3373 dicitur.
696 3317 756 3371 ln
785 3316 1119 3386 quotidianis
1157 3325 1339 3372 autem
1370 3315 1551 3372 Missis
1581 3316 1686 3370 alia
1710 3331 1830 3388 qua:

244 3409 352 3464 dici
391 3407 566 3464 solent
604 3415 847 3463 tacemus
878 3425 891 3461 :
937 3409 1312 3464 tantummodo
1346 3407 1508 3479 Kyrie
1542 3407 1736 3464 eleison
1779 3418 1834 3465 et

241 3498 450 3553 Christe
471 3498 666 3554 eleison
705 3499 957 3565 dicimus,
983 3499 1117 3553 utin
1146 3500 1234 3556 his
1261 3500 1659 3570 deprecationis
1681 3501 1832 3556 voci-

240 3591 348 3646 bus
368 3589 527 3660 paulo
543 3590 744 3645 diutius
771 3605 1126 3661 occupemur.
1149 3591 1464 3647 Orationem
1486 3607 1617 3647 vero
1647 3593 1832 3648 Domi-

243 3682 424 3736 nicam
456 3679 658 3735 idcirco
688 3695 814 3735 mox
847 3689 968 3750 post
996 3696 1217 3751 precem
1245 3675 1498 3747 dicimus,
1544 3683 1668 3752 quia
1717 3699 1833 3738 mos

243 3769 611 3840 apostolorum
637 3767 756 3836 fuit,
784 3779 844 3823 ut
865 3769 932 3823 ad
963 3769 1137 3839 ipsam
1160 3769 1500 3826 solummodo
1527 3771 1834 3826 orationem

242 3861 541 3917 oblationis
578 3861 813 3916 hostiam
855 3869 1263 3916 consecrarent.
1295 3861 1363 3916 Et
1403 3861 1559 3916 valde
1585 3863 1715 3916 mihi
1753 3863 1838 3916 iu-

244 3954 578 4011 conveniens
607 3953 783 4008 visum
809 3961 923 4016 est,
956 3962 1015 4008 ut
1039 3968 1256 4024 precem
1287 3968 1449 4022 quam
1477 3952 1840 4010 scholasticus

242 4052 625 4116 composuerat
657 4059 821 4115 super
845 4043 1174 4100 oblationem
1207 4045 1534 4109 diceremus,
1563 4052 1618 4098 et
1660 4045 1834 4116 ipsam

247 4135 593 4190 traditionem
614 4149 778 4204 quam
806 4133 1138 4204 Redemptor
1161 4143 1348 4190 noster
1373 4134 1710 4204 composuit,
1739 4150 1834 4190 su-

241 4240 346 4296 per
373 4222 489 4292 ejus
524 4239 722 4295 corpus
758 4233 814 4278 et
850 4226 1166 4293 sanguinem
1203 4241 1310 4280 non
1356 4225 1678 4281 diceremus.
1729 4226 1838 4283 Sed

243 4325 304 4371 et
330 4313 611 4371 Dominica
640 4317 814 4371 oratio
848 4318 988 4387 apud
1019 4316 1237 4373 Graecos
1260 4319 1328 4373 ab
1351 4319 1495 4373 omni
1526 4319 1723 4389 populo
1752 4320 1838 4375 di-

244 4409 428 4476 citur,
469 4409 610 4480 apud
636 4425 735 4465 nos
767 4425 897 4466 vero
927 4425 959 4465 a
987 4410 1102 4466 solo
1131 4410 1437 4467 sacerdote.
1482 4411 1538 4466 1n
1570 4427 1676 4481 quo
1705 4428 1836 4484 ergo

1934 3337 2020 3385 ter
2048 3329 2154 3384 alia
2178 3329 2486 3399 specialiter
2507 3332 2788 3385 continere
2811 3330 3004 3395 voluit,
3035 3337 3095 3383 ut
3121 3329 3326 3398 apicem
3349 3325 3530 3380 omnis

1935 3419 2279 3489 principatus
2305 3419 2586 3474 Romanus
2610 3435 2746 3490 papa
2779 3435 2944 3490 super
2967 3433 3184 3474 omnem
3221 3415 3528 3472 Ecclesiam

1937 3510 2162 3580 ejusque
2194 3509 2479 3578 pontiﬁces
2504 3510 2815 3578 perenniter
2833 3510 2978 3564 velut
3007 3507 3131 3576 jure
3154 3507 3303 3578 regio
3329 3505 3532 3561 retine-

1939 3610 2044 3656 ret.
2071 3601 2198 3657 Ilaac
2224 3609 2279 3656 et
2305 3601 2409 3655 alia
2447 3616 2608 3671 quam
2644 3601 2907 3672 plurima,
2925 3609 2979 3655 et
3006 3600 3072 3654 ad
3105 3598 3554 3668 computandum.

1941 3694 2346 3763 copiosissima,
2386 3694 2440 3748 in
2474 3694 2664 3749 eodem
2697 3693 3012 3764 releguntur
3039 3691 3340 3763 privilegio,
3370 3689 3552 3760 cujus-

1941 3785 2343 3856 exemplaribus
2381 3785 2747 3841 Ecclesiarum
2796 3786 2850 3840 in
2899 3783 3074 3840 Gallia
3119 3781 3533 3839 consistentium

1943 3877 2180 3931 armaria
2213 3892 2278 3931 ex
2306 3876 2518 3947 integro
2547 3877 2850 3947 poliuntur.

2019 3989 2037 4022 ι
2070 3967 2176 4024 Ista
2202 3985 2324 4024 cum
2356 3967 2432 4024 ita
2461 3968 2589 4035 sint,
2617 3969 2813 4040 oppido
2848 3968 3155 4024 mirandum
3187 3981 3357 4039 quare
3392 3965 3538 4022 Con-

1943 4059 2411 4131 stantinopolitani
2443 4060 2706 4130 praesules
2727 4059 2795 4115 ab
2817 4060 2971 4115 initio
2997 4075 3104 4114 non
3137 4073 3533 4128 sua..-usurpare

1944 4152 2196 4215 audeant,
2242 4152 2546 4221 praesertim
2586 4167 2709 4208 cum
2733 4152 2786 4207 in
2803 4151 2948 4208 nullo
2970 4151 3322 4206 conciliorum
3343 4150 3535 4205 eadem

1943 4245 2074 4300 urbs
2104 4243 2246 4300 inter
2274 4243 2599 4314 principales
2623 4252 3043 4300 connumeretur
3063 4243 3244 4309 sedes,
3267 4242 3535 4299 Constan-

1944 4333 2300 4404 tinopolitano
2340 4343 2589 4405 excepto,
2648 4336 2734 4390 cui
2782 4336 2966 4406 regius
3010 4335 3255 4406 ejusdem
3293 4333 3532 4390 civitatis

1943 4423 2374 4495 semper-arrisit
2399 4423 2574 4480 favor.
2617 4424 2975 4494 Repugnante
3002 4439 3133 4495 ergo
3166 4423 3331 4478 totius
3358 4423 3533 4493 tequi-

243 4501 562 4559 Grzecorum
592 4502 1014 4557 consuetudines
1039 4503 1210 4558 secuti
1250 4517 1471 4568 sumus,
1499 4503 1589 4572 qui
1619 4511 1712 4557 aut
1738 4519 1830 4557 ve-

244 4605 394 4618 ιΑ-,υ-
447 4601 661 4618 ..Διά-.-.-
693 4594 1064 4618 -Α..Α-Α..ἷ.....-..
1122 4601 1212 4618 --.ι
1242 4608 1406 4618 -Α--ΑΑ
1438 4603 1484 4618 Α.
1511 4593 1668 4618 ne”..-
1705 4609 1801 4618 Α-..

1946 4516 2079 4571 talis
2106 4516 2339 4583 ratione,
2389 4516 2516 4571 huic
2558 4515 2768 4571 stolida:
2806 4515 3216 4586 praesumptioni
3244 4513 3388 4568 vires
3415 4521 3539 4568 tan.

244 4605 396 4650 teres
447 4601 664 4649 nostras
693 4594 1091 4664 reparavimus,
1120 4601 1216 4648 aut
1241 4608 1408 4648 novas
1436 4603 1489 4648 et
1511 4593 1671 4649 utiles
1702 4609 1832 4648 con-

243 4686 554 4752 stituimus;
589 4686 644 4741 in
667 4687 865 4756 quibus
891 4693 1069 4742 tamen
1095 4685 1234 4741 alios
1260 4701 1366 4740 non
1396 4687 1692 4756 probamur
1715 4686 1836 4740 imi.-

245 4779 392 4835 tari?
419 4778 563 4850 Ergo
588 4786 772 4834 vestra
803 4778 1046 4834 charitas
1075 4794 1198 4834 cum
1245 4779 1461 4834 occasio
1491 4779 1737 4844 dederit,
1782 4787 1842 4834 ut

244 4867 318 4924 ad
344 4866 706 4924 Catanensem
733 4867 1010 4924 civitatem
1037 4877 1248 4941 pergat,
1277 4868 1358 4924 vel
1399 4869 1454 4924 in
1499 4867 1840 4940 Syracusana

245 4961 518 5028 Ecclesia,
542 4977 634 5019 eos
657 4978 793 5033 quos
815 4963 988 5019 credit
1015 4975 1109 5018 aut
1138 4961 1389 5035 intelligit
1407 4963 1532 5033 quia
1555 4965 1620 5019 de
1648 4964 1750 5020 hac
1782 4979 1840 5020 re

247 5069 599 5111 murmurare
621 5061 940 5127 potuerunt,
968 5055 1112 5112 facta
1144 5055 1506 5112 collocutione
1537 5057 1751 5122 doceat,
1785 5067 1840 5114 et

247 5147 410 5218 quasi
441 5147 546 5202 alia
569 5149 857 5205 occasione
878 5165 972 5205 eos
998 5149 1270 5206 instruere
1290 5165 1398 5204 non
1425 5149 1669 5204 desistat.
1700 5149 1836 5206 Nam

247 5241 321 5297 de
358 5240 961 5313 Constantinopolitana
1004 5241 1246 5298 Ecclesia
1280 5243 1422 5314 quod
1453 5244 1672 5308 dicunt,
1716 5245 1839 5314 quis

247 5347 374 5390 eam
416 5332 626 5388 dubitet
665 5335 779 5390 sedi
809 5334 1119 5405 apostolicze
1157 5349 1278 5390 esse
1319 5335 1655 5406 subjectam?
1684 5335 1837 5403 Quod

248 5433 310 5481 et
359 5425 640 5497 piissimus
693 5430 926 5483 domnus
975 5428 1291 5498 imperator,
1343 5435 1399 5482 et
1445 5427 1615 5482 frater
1654 5439 1839 5484 noster

249 5517 498 5587 ejusdem
523 5519 755 5574 Civitatis
767 5519 1051 5590 episcopus
1073 5519 1286 5574 assidue
1307 5518 1611 5589 proﬁtetur.
1636 5520 1852 5576 Tamen,

250 5609 298 5664 si
325 5609 457 5680 quid
484 5608 610 5664 boni
651 5610 736 5666 vel
770 5610 885 5680 ipsa
915 5611 998 5666 vel
1030 5610 1198 5665 altera
1230 5610 1472 5666 Ecclesia
1509 5611 1696 5675 habet,
1742 5628 1842 5683 ego

251 5711 313 5758 et
342 5701 583 5757 minores
610 5717 760 5759 meos
798 5719 936 5774 quos
972 5705 1040 5759 ab
1072 5703 1276 5760 illicitis
1299 5704 1586 5775 prohibeo,
1621 5706 1672 5760 in
1698 5707 1842 5760 bono

254 5792 464 5850 imitari
497 5802 716 5864 paratus
761 5810 898 5851 sum.
933 5794 1144 5854 Stultus
1181 5804 1264 5852 est
1311 5795 1454 5852 enim
1486 5796 1577 5867 qui
1612 5797 1665 5852 in
1691 5811 1754 5853 eo
1784 5813 1841 5854 se

1947 4615 2057 4660 tum
2101 4606 2319 4661 conanti
2357 4606 2594 4660 latenter
2642 4605 2906 4670 innuens,
2927 4613 3294 4659 consentanea
3340 4618 3538 4675 regum

1944 4697 2192 4753 voluntas
2242 4697 2479 4753 indebite
2526 4697 2922 4764 subministrat,
2955 4714 3022 4752 ex
3060 4713 3167 4768 quo
3194 4697 3325 4752 inibi
3358 4697 3534 4768 impe-

1946 4791 2086 4846 rium
2123 4790 2313 4847 statuit
2358 4791 2562 4847 habere
2613 4799 2796 4862 caput.
2834 4790 3087 4862 Plerique
3125 4790 3394 4861 siquidem
3426 4790 3534 4846 hoc

1944 4881 2222 4953 fastigium
2255 4882 2568 4952 apostolica:
2609 4882 2858 4954 dignitati
2889 4883 3129 4938 debitum
3149 4881 3533 4937 Constantino-

1945 4973 2170 5046 politani
2219 4981 2558 5044 appetentes,
2610 4973 2770 5029 toties
2817 4973 3175 5042 ignominioso
3205 4986 3329 5028 cum
3373 4970 3550 5026 dede-

1945 5081 2073 5121 core
2097 5073 2222 5120 sunt
2268 5064 2489 5129 devicti,
2523 5065 2738 5135 quoties
2766 5073 2978 5119 tumore
3007 5063 3336 5118 extollentize
3361 5059 3543 5117 inﬂati.

1946 5156 1998 5210 id
2033 5170 2193 5225 agere
2233 5154 2435 5209 adorsi.
2479 5153 2613 5208 Nam
2653 5154 2924 5226 relegatur
2959 5154 3184 5225 epistola
3227 5153 3371 5207 beati
3395 5151 3532 5208 Gre-

1945 5247 2081 5318 gorii
2125 5262 2278 5317 papae
2320 5248 2387 5301 ad
2432 5245 2692 5302 Joannem
2742 5246 3399 5318 Constantinopolitanum
3442 5239 3538 5299 an-

1948 5340 2170 5395 tislitem
2202 5338 2316 5411 (lib.
2368 5353 2442 5404 Iv,
2489 5339 2639 5408 epist.
2671 5338 2782 5410 58),
2810 5353 2910 5407 pro
2939 5338 3072 5393 satis
3111 5337 3386 5393 irridendo
3409 5355 3528 5393 am-

1949 5429 2088 5496 bitu,
2119 5430 2292 5500 quise
2317 5431 2370 5484 in
2402 5431 2608 5501 synodo
2629 5431 2717 5486 ubi
2748 5430 2861 5500 ipse
2895 5430 3214 5500 prmsidebat
3245 5430 3527 5484 universa-

1950 5520 2055 5577 lem
2085 5537 2276 5592 papam
2317 5522 2574 5593 appellari
2616 5531 2672 5576 et
2717 5522 2985 5578 conscribi
3036 5521 3184 5586 fecit,
3234 5522 3416 5590 ibique
3440 5524 3535 5592 qui

1951 5615 2146 5686 legerit
2167 5616 2368 5671 clarius
2416 5617 2725 5686 perspicere
2757 5617 2977 5687 poterit,
3011 5631 3132 5672 cum
3155 5623 3355 5685 quanta
3387 5629 3536 5669 seve-

1951 5707 2111 5760 ritate
2137 5722 2261 5761 eum
2289 5707 2582 5777 apostolica
2623 5708 2920 5762 auctoritas
2943 5715 3256 5778 protervum
3288 5717 3553 5772 compro-.

1953 5796 2087 5851 bans
2121 5797 2174 5852 in
2204 5805 2408 5852 tantum
2435 5798 2892 5865 condcmnavcrit,
2924 5808 2980 5851 ut
3008 5797 3254 5853 eumdem
3277 5803 3546 5868 apostatt
