4000 6352
546 315 646 371 759

1296 320 1525 377 AiNE/E
1568 323 1995 384 PARISIENSIS
2031 328 2335 387 EPISCOPI
2376 333 2577 389 LIBER
2616 334 2777 393 ADV.
2817 338 3135 399 GBECOS.

3656 348 3735 408 τεο

544 431 739 501 angelo
777 431 1124 502 :eqniparans
1174 432 1462 490 infeliciter
1491 449 1850 507 compararet,
1906 441 1997 512 qui
2029 448 2200 511 perA
2229 443 2542 516 plerumque
2597 450 2856 507 diaconus
2907 455 3141 523 quodam
3193 455 3331 510 saltu
3390 472 3491 514 non
3535 476 3736 536 percepta

542 520 850 587 superbiam
906 521 1075 577 latera
1119 523 1477 579 distendens:
1513 527 1591 580 sic
1647 527 1818 583 fetido
1858 533 2125 585 eructavit

541 610 781 666 anhelitu
814 626 830 665 :
880 612 948 666 In
995 613 1178 667 cwlum
1207 617 1596 672 conscendam:
1623 635 1781 688 super
1824 631 1969 675 astra
2010 621 2125 676 εωιὶ

539 704 785 759 exaltabo
827 704 1019 759 solium
1048 723 1252 773 meum;
1300 708 1486 763 sedebo
1531 712 1587 764 in
1631 721 1804 766 monte
1831 716 2126 770 testamenti

539 797 595 849 in
636 795 888 852 lateribus
919 796 1216 867 Aquilonis,
1264 801 1545 856 ascendam
1594 820 1751 874 super
1790 804 2124 861 altitudinem

541 876 776 952 nubium,
818 888 1004 944 similis
1054 906 1142 944 ero
1196 890 1469 947 Altissimo
1505 892 1641 964 (Isa.
1694 911 1807 959 Xiv,
1838 894 1915 967 6).
1960 897 2125 969 Cujus

537 981 703 1035 etiam
759 991 936 1037 tumor
986 999 1086 1053 per
1132 1001 1353 1041 omnem
1408 988 1693 1058 epistolam
1741 990 2125 1046 honestissime

538 1073 758 1138 texitur,
786 1084 841 1130 et
864 1075 965 1130 nisi
996 1077 1281 1134 abillicitis
1298 1080 1658 1151 resipisceret,
1688 1083 1937 1137 eumdem
1960 1084 2118 1139 dam-

538 1163 742 1219 nationi
780 1167 1101 1223 submittere
1144 1170 1429 1239 promittit.
1495 1171 1727 1229 Proinde
1772 1173 1939 1228 etiam
1974 1173 2125 1228 Con-

536 1259 788 1314 stantina:
840 1259 1098 1331 Augusta:
1148 1262 1427 1332 epistolam
1474 1264 1679 1334 dirigit,
1730 1273 1790 1319 ut
1836 1266 1888 1319 in
1926 1264 2124 1320 talibus

536 1363 649 1406 tam
696 1352 807 1423 ipsa
842 1368 1002 1421 quam
1036 1353 1330 1422 imperator
1360 1371 1634 1425 nunquam
1661 1372 1942 1411 assensum
1984 1372 2126 1425 pne-

537 1444 717 1506 bcant,
752 1459 818 1499 ne
849 1444 988 1500 forte
1016 1443 1211 1516 aliquis
1244 1445 1529 1500 infidorum
1578 1447 1720 1501 beati
1768 1447 1913 1502 Petri
1959 1448 2123 1519 privi—

534 1535 675 1607 legia
704 1533 1000 1607 infringere
1036 1537 1416 1606 quoquomodo
1441 1547 1709 1605 pertentet
1733 1537 1845 1609 (lib.
1872 1555 1945 1600 iv,
1971 1538 2119 1608 epist.

535 1624 630 1689 δι,
659 1635 705 1679 et
734 1625 804 1678 ad
842 1624 1067 1681 Haurit.
1107 1627 1332 1696 August.
1378 1628 1527 1698 epist.
1574 1627 1643 1681 52
1690 1628 1865 1697 ibid.).
1920 1629 1975 1684 Si
2028 1629 2122 1682 ha-

538 1732 657 1770 rum
699 1716 976 1787 plenitudo
1007 1718 1359 1791 epistolarum
1392 1720 1722 1787 revolvatur,
1749 1722 1942 1778 melius
1972 1722 2119 1778 solli-

535 1805 644 1860 cite
693 1806 1036 1864 addiscentes
1073 1809 1208 1864 satis
1251 1809 1570 1880 abundeque
1606 1813 1900 1882 perdocere
1923 1813 2115 1882 quibit.
2147 1805 2196 1866 B

535 1901 749 1957 Etenim
786 1902 839 1957 in
887 1903 1341 1975 descriptionibus
1387 1905 1751 1959 Romanorum
1782 1906 2117 1975 pontificum,

535 1993 650 2048 haec
685 1994 871 2050 eadem
906 1996 1252 2068 praesumptio
1280 1998 1524 2054 crebrius
1545 2014 1609 2053 ac
1644 2000 1941 2054 districtius
1969 2016 2122 2056 coer—

533 2086 643 2141 cita
673 2089 963 2157 reperitur.

613 2199 631 2231 ι
664 2179 833 2251 Igitur
870 2184 1014 2252 quod
1042 2184 1303 2256 lgnatius,
1334 2184 1940 2257 Constantinopolitanze
1975 2191 2122 2247 sedis

504 2272 844 2341 episcopus,
886 2289 1058 2343 nuper
1099 2275 1449 2345 apostolicam
1494 2277 1675 2331 sedem
1724 2275 1878 2345 juxta
1916 2289 2119 2336 statuta

530 2361 752 2417 Patrum
784 2364 1049 2421 canonice
1073 2366 1396 2432 reclamans,
1422 2367 1640 2438 indigne
1663 2369 1862 2424 dicitur
1894 2372 2117 2426 damna-

528 2463 651 2521 tus;
684 2465 740 2511 et
778 2456 1005 2512 Photius
1032 2459 1336 2530 neophytus
1362 2459 1414 2513 in
1436 2458 1557 2516 loco
1580 2461 1699 2531 ejus
1740 2471 1927 2517 contra
1956 2480 2117 2535 regu-

526 2542 636 2597 lam
685 2544 1111 2602 ecclesiasticam
1164 2548 1509 2611 constitutus,
1560 2565 1669 2604 non
1714 2552 1998 2622 episcopus
2043 2554 2121 2609 di-

531 2638 759 2702 CCﬂtlllS,
787 2638 882 2693 sed
909 2639 1090 2710 potius
1119 2640 1338 2697 invasor
1364 2683 1379 2707 ,
1407 2656 1435 2695 a
1463 2641 1715 2715 conjugio
1741 2644 1885 2701 illico
1912 2645 2119 2702 solutus

523 2739 580 2784 et
611 2739 943 2798 tonsoratus,
973 2742 1234 2803 quantum
1256 2750 1286 2790 a
1309 2736 1519 2792 ratione
1550 2737 1791 2805 aberrat,
1815 2750 2000 2811 aperte
2025 2758 2117 2797 co-

522 2839 788 2896 gnoscere
814 2825 974 2892 valet,
1013 2826 1105 2896 qui
1128 2826 1466 2898 synodalium
1497 2828 1868 2885 deﬁnitionum
1902 2832 2114 2889 inscitia

522 2925 697 2971 caret.
746 2916 852 2972 Pro
878 2918 1041 2974 simili
1074 2918 1356 2975 invasione
1380 2919 1508 2975 olim
1548 2920 1877 2978 miserabilis
1898 2923 2115 2995 dispen~
2147 2939 2149 2943 ‘

523 3008 599 3063 dii
626 3010 850 3065 exitium
893 3027 1054 3083 passa
1089 3022 1170 3068 est
1200 3013 1444 3069 Romana
1491 3014 1758 3083 Ecclesia,
1805 3018 1967 3072 veluti
2010 3018 2113 3075 sub

520 3101 861 3170 temporibus
883 3103 1060 3176 Vigilii
1088 3104 1360 3175 pontiﬁcis
1379 3105 1626 3179 contigit,
1662 3109 1753 3177 qui
1782 3107 1994 3165 Silverii
2019 3125 2112 3169 ve-

522 3193 786 3249 nerabilis
815 3210 967 3265 papae
1005 3197 1189 3251 sedem
1219 3196 1338 3267 ipso
1378 3198 1558 3254 adhuc
1600 3199 1815 3256 vivente
1838 3210 1894 3256 et
1919 3202 2110 3259 exsilio

522 3286 807 3355 deportato
829 3286 1142 3357 turpissime
1185 3286 1237 3340 vi
1274 3287 1542 3357 arripuit;
1585 3304 1793 3344 necnon
1818 3292 1983 3346 etiam
2010 3294 2112 3349 sub

518 3374 681 3434 beato
711 3375 990 3450 Stephano
1042 3393 1204 3449 papa,
1246 3393 1278 3433 a
1329 3388 1520 3435 sancto
1556 3379 1720 3436 Petro
1759 3384 2110 3456 nonagesimo

520 3476 677 3525 sexto
716 3470 928 3535 evenit,
988 3471 1204 3548 quando
1242 3471 1351 3527 dux
1405 3472 1625 3542 quidam
1661 3475 1922 3532 vocabulo
1973 3476 2111 3532 Toto

518 3559 745 3616 fratrem
776 3577 934 3617 suum
972 3561 1387 3619 Constantinum
1424 3564 1604 3620 subito
1648 3567 1916 3623 tousorari
1956 3566 2104 3633 fecit,

517 3660 576 3708 et
589 3652 695 3709 alia
717 3654 805 3711 die
827 3664 1018 3711 contra
1046 3665 1250 3713 statuta
1280 3672 1547 3714 canonum
1572 3658 1713 3715 idem
1742 3660 1797 3715 in
1819 3660 2108 3718 diaconum

517 3754 889 3814 consecratus,
914 3756 969 3803 et
989 3749 1308 3819 proximiori
1340 3750 1621 3808 Dominica
1652 3768 1761 3808 non
1790 3753 1950 3827 digne
1978 3770 2109 3824 pon-

517 3836 652 3895 tifex
691 3839 1022 3896 acclamatus
1038 3881 1054 3908 ,
1078 3842 1173 3897 sed
1192 3844 1372 3912 potius
1394 3843 1614 3899 invasor
1634 3846 1941 3915 apostolica
1961 3847 2107 3903 sedis

508 3930 857 4004 judicandus,
890 3931 1191 3989 Romanam
1214 3934 1512 3990 Ecclesium
1542 3935 1825 3993 discordia
1858 3937 2106 3994 cladibus

512 4034 571 4081 et
593 4026 836 4082 cruentis
858 4026 1163 4083 homicidiis
1186 4026 1411 4083 foedavit
1436 4046 1447 4082 :
1474 4029 1567 4098 qui
1594 4027 1669 4082 ob
1696 4038 1860 4085 tantae
1888 4029 2103 4100 cupidi-

514 4113 644 4169 tatis
668 4114 981 4185 voraginem
1007 4115 1075 4170 ad
1103 4115 1207 4173 hoc
1247 4131 1418 4189 usque
1455 4118 1721 4189 pervenit,
1770 4127 1831 4173 ut
1866 4134 1932 4174 ex
1974 4119 2103 4175 sede

512 4211 730 4275 arrepta
757 4206 1066 4276 turpissime
1096 4206 1441 4277 dejiceretur,
1480 4218 1539 4265 et
1579 4225 1800 4267 carcere
1837 4211 2100 4276 reclusus,

511 4296 730 4353 tandem
753 4312 785 4351 a
812 4296 943 4353 ﬁliis
959 4298 1215 4369 nequitiae
1240 4301 1518 4357 oculorum
1543 4300 1746 4357 lumine
1770 4303 2098 4373 privaretur.

510 4392 617 4447 Ista
638 4391 822 4464 itaque
839 4408 969 4448 cum
983 4393 1131 4450 natio
1149 4391 1459 4450 Graecorum
1486 4396 1819 4466 cognoverit,
1841 4404 1936 4450 aut
1962 4393 2103 4455 forte

505 4484 687 4540 sinon
721 4493 877 4549 ante,
898 4483 987 4540 vel
1008 4501 1153 4544 nunc
1176 4486 1387 4543 discere
1406 4487 1641 4557 poterit,
1670 4486 1960 4542 instantius
1984 4497 2099 4545 stu-
2125 4524 2179 4586 Β

508 4576 770 4646 pendum,
793 4593 896 4635 cur
922 4579 1253 4651 neophytum
1281 4578 1556 4650 extemplo
1577 4580 1766 4635 uxoria
1794 4580 1986 4652 copula
2010 4597 2098 4637 so-

508 4667 681 4724 lutum
707 4669 829 4725 sine
859 4670 1046 4742 aliquo.
1065 4670 1351 4727 intervallo
1374 4679 1430 4727 et
1451 4670 1768 4741 probatione
1792 4679 2097 4743 temporum

504 4757 566 4816 in
602 4760 787 4817 sedem
812 4760 949 4817 falso
976 4762 1218 4818 damnati
1247 4762 1440 4834 lgnatii
1480 4765 1876 4836 subrogaverit.
1922 4762 2025 4820 Vix
2062 4780 2095 4820 a

504 4850 758 4907 muliebri
786 4853 1038 4925 amplexu
1063 4854 1305 4923 avulsus,
1345 4864 1403 4911 et
1433 4874 1465 4912 a
1502 4858 1797 4928 pollutione
1829 4875 2092 4931 corporea

502 4942 737 4998 necdum
760 4944 1000 5016 perfecte
1026 4946 1338 5015 mundatus,
1379 4948 1543 5005 etiam
1578 4949 1631 5005 in
1672 4951 1984 5020 pontiﬁcem
2012 4961 2094 5008 to-

504 5033 617 5093 tius
643 5035 924 5093 munditia:
954 5038 1184 5110 erigitur
1201 5048 1259 5096 et
1282 5049 1572 5097 veneratur
1610 5041 1949 5100 sublimatus.
1996 5043 2092 5101 His

496 5134 562 5181 et
603 5123 726 5181 aliis
755 5134 1137 5199 tempestatum
1181 5133 1434 5203 procellis
1470 5144 1661 5191 sancta
1713 5135 2094 5207 centupliciter

497 5231 766 5273 concussa
794 5217 1033 5278 Ecclesia
1064 5223 1250 5280 horret
1271 5233 1382 5280 tam
1417 5222 1830 5293 nefandissima,
1869 5242 1977 5282 non
2005 5244 2095 5285 so-

499 5308 614 5364 i‘um
642 5325 809 5382 opere
834 5311 1096 5387 perfecta.
1121 5331 1310 5372 verum
1329 5316 1494 5372 etiam
1517 5325 1649 5371 voto
1682 5319 1973 5389 peragendi
2001 5335 2096 5375 co-

499 5401 675 5474 gitatu
711 5413 992 5476 concepta.
1055 5406 1182 5463 Haec
1224 5408 1290 5463 de
1337 5408 1625 5481 privilegio
1667 5409 1950 5480 apostolici
1979 5411 2094 5483 pri~

500 5505 684 5551 matus
718 5496 959 5554 breviter
981 5487 1267 5569 perstricta
1308 5498 1622 5557 subiciant.»

1114 5634 1241 5693 Car.
1305 5635 1459 5695 CCX.

574 5771 652 5824 De
679 5771 780 5825 hor-
822 5779 998 5825 aulrm
1032 5769 1172 5840 quod
1203 5772 1464 5842 quaeritur
1494 5787 1667 5843 quare
1696 5774 1836 5844 apud
1865 5772 2090 5829 Rutulam

2228 534 2584 607 presbyterali
2615 539 2992 599 benedictione
3037 544 3093 598 in
3132 546 3439 616 eplseopum
3465 534 3739 612 subitonus.

2229 638 2490 692 secretur,
2521 632 2809 689 dicendum
2849 637 3209 706 simplicitatis
3240 640 3450 708 aﬂ'ectu,
3484 645 3593 714 quia
3618 648 3740 718 depe-

2228 718 2300 771 rit
2350 721 2632 778 rationalis
2678 728 2960 795 responsio
3003 727 3369 797 hujuscemodi
3410 734 3739 805 astipulaiioni-

2225 814 2327 868 bus
2352 816 2604 881 subnixa,
2632 834 2752 874 cum
2782 821 2869 875 illa
2898 837 3021 892 quae
3047 823 3263 894 ignorat
3287 825 3584 895 depromere
3602 846 3743 889 sermo

2226 906 2497 964 veridicus
2541 910 2734 978 pudice
2782 911 3046 982 refugiat,
3089 916 3327 972 maxime
3353 917 3398 971 si
3431 917 3480 972 in
3516 923 3744 992 propatulo

2225 993 2405 1067 lingua
2427 999 2766 1055 distendatur
2789 1002 3025 1073 eloquio,
3054 1015 3110 1060 et
3147 1022 3483 1077 nequaquam
3505 1014 3745 1067 sustentari

2225 1093 2397 1157 possit
2427 1101 2737 1149 sanctarum
2792 1094 3194 1166 Scripturarum
3244 1101 3468 1155 auxilio.
3514 1101 3651 1157 Vultu
3686 1114 3749 1159 ta-

2224 1196 2348 1237 men
2395 1199 2685 1255 suppresso
2732 1189 2833 1243 sub
2881 1190 3109 1246 arbitrio
3148 1191 3449 1249 intellectus
3496 1200 3748 1254 verecunde

2224 1274 2540 1340 cedendum,
2570 1292 2679 1346 quo
2710 1277 2848 1333 forte
2875 1278 2949 1333 illi
2981 1281 3070 1350 qui
3100 1282 3322 1338 istiuscc
3360 1284 3656 1339 ordinationi
3682 1302 3751 1341 as-

2224 1370 2483 1435 sentiunt,
2514 1373 2618 1427 hoc
2663 1374 2887 1443 intelligi
2913 1376 3101 1440 velint,
3134 1377 3260 1447 quia
3295 1377 3387 1447 qui
3434 1377 3749 1435 benedictione

2182 1520 2185 1524 _
2225 1459 2517 1528 pontificali
2566 1462 2942 1534 perfungitur,
2992 1464 3327 1536 reliquarum
3374 1466 3749 1524 benedictionem

2223 1548 2428 1602 honore
2455 1550 2759 1616 decoretur,
2784 1552 2898 1608 sive
2922 1555 3046 1623 quia
3068 1554 3122 1609 in
3148 1556 3751 1626 consecrationecorporis

2222 1638 2421 1694 Christi
2449 1648 2505 1695 et
2531 1641 2815 1713 sanguinis
2843 1642 3077 1699 officium
3126 1645 3376 1715 praesulis
3403 1661 3467 1701 ac
3500 1647 3750 1719 presbyteri

2222 1729 2451 1799 mystice
2498 1731 2737 1786 uniatur.
2787 1732 2940 1788 Sicut
2969 1734 3113 1789 enim
3150 1735 3204 1789 in
3245 1743 3510 1791 terrarum
3547 1752 3655 1808 rege
3687 1739 3750 1793 di-

2225 1837 2396 1876 versa:
2424 1823 2714 1894 dignitates
2759 1825 3139 1881 ascribuntur:
3171 1843 3299 1883 nam
3341 1821 3666 1899 imperatores
3700 1845 3752 1885 ex

2224 1914 2537 1970 consulibus
2558 1918 2749 1983 creati,
2778 1929 2999 1988 propter
3026 1918 3207 1989 regale
3232 1921 3608 1976 commercium
3625 1935 3753 1991 quon

2224 2007 2351 2063 dam
2403 2023 2513 2064 non
2566 2011 2908 2078 omittebant,
2965 2028 3065 2068 nec
3125 2012 3415 2068 mutabant
3466 2012 3675 2068 consulis
3710 2022 3753 2065 et

2225 2098 2437 2168 patricii
2484 2115 2678 2157 nomen
2734 2119 2747 2155 :
2797 2102 2871 2157 ita
2914 2103 3063 2159 credi
3110 2111 3291 2173 potest
3339 2103 3480 2174 quod
3531 2102 3579 2156 in
3625 2100 3753 2157 subli-

2224 2190 2413 2257 mitate
2482 2191 2703 2261 majoris
2762 2193 3035 2263 pontificis
3095 2193 3364 2249 consistat
3419 2192 3572 2247 etiam
3621 2191 3754 2245 honor

2224 2280 2452 2338 minoris
2513 2282 2833 2338 sacerdotis.
2901 2283 3151 2339 Forsitan
3227 2292 3414 2339 autem
3464 2281 3535 2337 illi
3588 2280 3667 2351 qui
3704 2279 3754 2333 de

2224 2374 2455 2430 diacono
2494 2376 2749 2430 ordinant
2792 2376 3132 2447 episcopum,
3179 2375 3542 2446 praetermissa
3580 2373 3754 2429 benedi-

2222 2466 2401 2522 ctione
2430 2467 2808 2539 presbyterali,
2844 2469 3133 2525 assertioni
3157 2470 3218 2523 Β.
3244 2467 3554 2539 Hieronymi
3582 2467 3627 2521 in
3663 2465 3752 2535 epi-

2219 2557 2356 2629 stola
2381 2556 2650 2628 loquentis
2670 2562 2738 2614 ad
2762 2560 2939 2614 Titum
2977 2576 3044 2616 ex
3080 2573 3236 2630 parte
3271 2561 3589 2616 concredere
3609 2558 3754 2612 viden-

2221 2648 2468 2719 tur,_qui
2511 2648 2746 2706 cilicium
2786 2652 3089 2723 presbyteri
3135 2652 3188 2706 in
3242 2652 3437 2725 aliquo.
3470 2649 3753 2718 compartici-

2215 2740 2333 2810 pari
2359 2738 2593 2795 alIirmat
2621 2742 2924 2797 ministerio
2948 2742 3263 2813 episcopali.
3309 2742 3417 2798 Sed
3444 2757 3510 2797 ne
3537 2740 3658 2796 forte
3677 2739 3753 2793 ali-

2215 2830 2474 2899 quantula
2508 2830 2562 2884 in
2607 2832 2763 2886 nobis
2793 2833 3060 2888 excitetur
3100 2833 3270 2887 motio
3320 2831 3576 2901 majorum
3619 2829 3752 2885 domi-

2214 2934 2431 2986 norum,
2459 2929 2698 2976 nostram
2725 2923 3039 2979 omittentes
3075 2924 3130 2978 in
3172 2922 3337 2992 hujus
3387 2922 3576 2995 negotii
3615 2936 3750 2992 quan-

2216 3008 2369 3065 titate
2406 3009 2799 3077 definitionem,
2846 3012 3013 3083 ipsius
3060 3013 3237 3069 sancti
3284 3012 3587 3085 Hieronymi
3625 3010 3751 3064 verba

2216 3099 2336 3155 sine
2359 3110 2671 3157 nostrorum
2698 3102 3097 3160 intermistione
3114 3105 3417 3160 verborum
3447 3104 3657 3159 fideliter
3678 3116 3752 3172 po-

2216 3208 2410 3249 namus
2440 3192 2521 3264 (S.
2556 3192 2936 3266 Hieronymus,
2961 3194 3056 3269 lib.
3086 3212 3103 3250 l
3138 3196 3194 3251 in
3220 3197 3398 3268 Epist.
3423 3197 3489 3250 ad
3518 3195 3632 3261 Tit.,
3653 3209 3746 3262 cap.

2212 3300 2253 3352 ι,
2294 3284 2373 3357 5).
2417 3283 2557 3340 Sunt
2589 3286 2736 3340 enim
2782 3286 2910 3340 talia
2960 3287 3015 3341 in
3065 3289 3383 3363 supradicta
3417 3286 3647 3359 epistola,
3680 3284 3751 3339 ubi

2213 3376 2354 3433 hanc
2378 3377 2653 3448 eleganter
2682 3379 3272 3448 exponitsententiam:
3300 3379 3373 3433 Et
3403 3378 3664 3434 constituas
3681 3389 3753 3444 per

2210 3468 2442 3522 civitates
2468 3469 2815 3540 presbyteros,
2861 3472 2996 3525 sicut
3021 3488 3114 3543 ego
3149 3471 3245 3525 tibi
3274 3471 3529 3543 disposui.
3554 3469 3751 3525 Audiaut

2209 3561 2447 3631 episcopi
2495 3562 2587 3631 qui
2634 3563 2857 3619 habent
2890 3564 3259 3620 constituendi
3304 3566 3637 3636 presbyteros
3674 3573 3749 3630 per

2209 3650 2372 3705 urbes
2405 3651 2646 3723 singulas
2671 3662 3020 3723 potestatem,
3058 3655 3159 3709 sub
3204 3655 3355 3724 quali
3387 3655 3503 3724 lege
3540 3651 3749 3709 ecclesia-

2208 3741 2359 3797 sticae
2388 3745 2794 3801 constitutionis
2832 3746 2969 3803 ordo
3001 3754 3272 3812 teneatur,
3312 3762 3415 3802 nec
3442 3743 3748 3816 puteutApo—

2207 3835 2329 3890 stoli
2369 3835 2531 3891 verba
2559 3852 2700 3903 esse,
2728 3839 2823 3894 sed
2850 3838 3054 3894 Christi
3095 3840 3190 3909 qui
3240 3839 3313 3894 ad
3347 3838 3628 3909 discipulos
3654 3835 3744 3889 ait:

2208 3923 2312 3991 Qui
2352 3943 2440 3980 vos
2470 3928 2686 3998 spernit,
2727 3944 2809 3982 me
2829 3930 3057 3998 spernit.
3096 3928 3201 3994 Qui
3230 3938 3413 3984 autem
3456 3944 3535 3983 me
3566 3926 3746 3995 spernit.

2204 4018 2398 4085 spernit
2427 4034 2545 4071 eum
2564 4019 2656 4089 qui
2682 4036 2764 4073 me
2784 4020 2947 4074 misit.
2975 4017 3064 4075 Sic
3084 4029 3132 4095 et
3162 4021 3255 4091 qui
3281 4037 3371 4076 vos
3399 4019 3566 4084 audit,
3588 4032 3749 4072 mau-

2203 4108 2301 4162 dit.
2349 4107 2456 4175 Qui
2501 4119 2679 4165 autem
2713 4127 2794 4165 me
2840 4111 3014 4177 audit,
3059 4111 3211 4165 audit
3254 4127 3378 4165 eum
3422 4111 3511 4179 qui
3530 4124 3604 4163 me
3634 4106 3745 4161 misit

2204 4199 2357 4268 (Luc.
2397 4202 2477 4274 χ).
2515 4201 2596 4257 Ex
2627 4217 2735 4273 quo
2768 4202 3116 4259 manifestum
3146 4210 3233 4258 est
3271 4218 3377 4260 eos
3410 4203 3508 4274 qui
3544 4196 3745 4272 Apostoli

2202 4291 2321 4361 lege
2357 4301 2666 4363 contempta
2688 4334 2704 4361 ,
2740 4294 3167 4350 ecclesiasticum
3198 4295 3427 4365 gradum
3450 4309 3558 4373 non
3588 4290 3745 4347 merito

2202 4382 2473 4438 voluerint
2496 4383 2660 4439 alicui
2690 4382 2935 4451 deferre,
2963 4386 3058 4440 sed
3080 4387 3256 4457 gratia
3283 4394 3475 4442 contra
3511 4383 3744 4440 Christum

2203 4475 2405 4543 facere,
2448 4478 2541 4549 qui
2572 4478 2749 4549 qualis
2777 4479 2831 4535 in
2862 4479 3103 4537 Ecclesia
3134 4482 3421 4553 presbyter
3454 4478 3741 4538 constituen-

2205 4566 2310 4623 dus
2331 4567 2402 4622 sit
2422 4582 2518 4637 per
2539 4567 2841 4639 apostolum
2857 4585 3012 4625 suum
3039 4571 3092 4626 in
3120 4573 3473 4642 sequentibus
3498 4574 3742 4627 exsecutus

2204 4667 2309 4715 est.
2359 4657 2571 4731 Moyses
2609 4660 2820 4716 amicus
2860 4662 2979 4727 Dei,
3010 4661 3098 4717 cui
3137 4660 3275 4717 facie
3311 4662 3380 4718 ad
3422 4661 3603 4718 faciem
3630 4657 3741 4712 Deus

2206 4749 2418 4807 locutus
2455 4759 2568 4818 est,
2609 4752 2787 4823 potuit
2841 4752 3031 4823 utique
3069 4767 3415 4810 successores
3451 4748 3741 4823 principatus

2204 4842 2343 4898 ﬁlios
2382 4858 2509 4899 suos
2555 4843 2756 4911 facere,
2800 4853 2857 4899 et
2893 4845 3128 4917 posteris
3165 4845 3441 4918 propriam
3478 4840 3741 4911 relinquere

2204 4936 2558 5007 dignitatem;
2592 4936 2688 4992 sed
2717 4945 3015 4992 extraneas
3054 4936 3121 4992 de
3142 4935 3250 4991 alia
3263 4936 3423 5008 .tribu
3454 4931 3653 5005 eligitur
3670 4924 3741 4981 Je-

2199 5044 2310 5093 sus,
2351 5037 2410 5084 ut
2453 5028 2722 5087 sciremus
2754 5028 3117 5103 principatum
3155 5028 3211 5085 in
3238 5028 3467 5101 populos
3504 5040 3603 5083 non
3639 5032 3738 5077 5³η·

2197 5121 2347 5193 guini
2373 5118 2726 5178 deferendum
2750 5134 2902 5187 esse,
2934 5121 3031 5177 sed
3054 5120 3200 5177 vitae.
3234 5121 3307 5176 At
3334 5134 3477 5176 nunc
3505 5114 3739 5174 cernimus

2199 5214 2463 5285 plurimos
2497 5214 2760 5271 honorem
2799 5212 3123 5273 beneﬁcium
3165 5211 3365 5277 facere,
3402 5218 3463 5265 ut
3487 5222 3587 5263 non
3620 5212 3735 5275 qut!-

2198 5314 2328 5361 rant
2349 5319 2446 5362 eos
2461 5305 2554 5376 qui
2581 5313 2807 5375 possunt
2826 5302 3086 5365 Ecclesiae
3102 5302 3225 5376 plus
3244 5300 3502 5374 prodesse
3522 5304 3574 5353 et
3589 5288 3738 5350 Eccle-

2199 5399 2296 5454 sia:
2326 5397 2538 5468 erigere
2564 5396 2876 5463 columnas;
2906 5396 3003 5452 sed
3032 5409 3171 5467 quos
3209 5392 3295 5449 vel
3323 5391 3424 5463 ipsi
3452 5395 3647 5447 amant.

2198 5506 2429 5563 quorum
2453 5498 2581 5546 sunt
2606 5489 2885 5560 obsequiis
2907 5487 3142 5554 deliniti,
3169 5485 3253 5543 vel
3279 5500 3378 5556 pro
3396 5483 3582 5556 quibus
3603 5483 3736 5576 main:

2198 5598 2320 5637 rum
2352 5583 2620 5654 quispiam
2648 5581 2939 5654 rogaverit,
2967 5589 3025 5637 et
3045 5588 3105 5636 ut
3128 5580 3395 5637 deteriora
3420 5585 3635 5637 taceam.
3660 5582 3734 5639 fil“

2198 5686 2259 5732 ut
2294 5675 2479 5732 clerici
2501 5676 2717 5740 ﬁerent,
2741 5676 3063 5731 muneribus
3078 5674 3455 5744 impetrarunt.
3478 5668 3734 5737 Diligenter

2199 5768 2441 5840 Apostoli
2494 5767 2834 5823 attendamus
2876 5767 3037 5824 verba
3076 5764 3306 5822 dicentis
3335 5783 3346 5821 :
3380 5761 3445 5820 Ut
3490 5757 3731 5816 tonstitlat
