  <div class='ocr_page' id='page_1' title='image "/cluster/home/n/w/nwhite01/storage/ocr_20150623/121/hvd.32044015471642/386.png"; bbox 0 0 4000 6352; ppageno 0'>
   <div class='ocr_carea' id='block_1_1' title="bbox 181 374 267 429">
    <p class='ocr_par' dir='ltr' id='par_1_1' title="bbox 181 374 267 429">
     <span class='ocr_line' id='line_1_1' title="bbox 181 374 267 429; baseline 0 0"><span class='ocrx_word' id='word_1_1' title='bbox 181 374 267 429; x_wconf 72' lang='grc'><strong><em>761</em></strong></span> 
     </span>
    </p>
   </div>
   <div class='ocr_carea' id='block_1_2' title="bbox 843 354 2740 442">
    <p class='ocr_par' dir='ltr' id='par_1_2' title="bbox 843 354 2740 442">
     <span class='ocr_line' id='line_1_2' title="bbox 843 354 2740 442; baseline 0.009 -17"><span class='ocrx_word' id='word_1_2' title='bbox 843 354 1222 430; x_wconf 61' lang='lat' dir='ltr'><strong><em>usususus</em></strong></span> <span class='ocrx_word' id='word_1_3' title='bbox 1259 373 1516 436; x_wconf 66' lang='lat' dir='ltr'><strong><em>mnos.</em></strong></span> <span class='ocrx_word' id='word_1_4' title='bbox 1556 377 1879 434; x_wconf 80' lang='lat' dir='ltr'><strong><em>ARCHIEP.</em></strong></span> <span class='ocrx_word' id='word_1_5' title='bbox 1921 410 1992 421; x_wconf 85' lang='lat'><strong><em>—-</em></strong></span> <span class='ocrx_word' id='word_1_6' title='bbox 2028 379 2304 439; x_wconf 67' lang='lat' dir='ltr'><strong><em>meum</em></strong></span> <span class='ocrx_word' id='word_1_7' title='bbox 2344 382 2740 442; x_wconf 80' lang='lat' dir='ltr'><strong><em>HlSTORlCA.</em></strong></span> 
     </span>
    </p>
   </div>
   <div class='ocr_carea' id='block_1_3' title="bbox 3323 390 3439 450">
    <p class='ocr_par' dir='ltr' id='par_1_3' title="bbox 3323 390 3439 450">
     <span class='ocr_line' id='line_1_3' title="bbox 3323 390 3439 450; baseline 0.034 -3"><span class='ocrx_word' id='word_1_8' title='bbox 3323 390 3439 450; x_wconf 61' lang='lat'><strong><em>763</em></strong></span> 
     </span>
    </p>
   </div>
   <div class='ocr_carea' id='block_1_4' title="bbox 179 482 3441 581">
    <p class='ocr_par' dir='ltr' id='par_1_4' title="bbox 179 482 3441 581">
     <span class='ocr_line' id='line_1_4' title="bbox 179 482 3441 581; baseline 0.007 -38"><span class='ocrx_word' id='word_1_9' title='bbox 179 504 265 560; x_wconf 80' lang='lat' dir='ltr'><strong><em>per</em></strong></span> <span class='ocrx_word' id='word_1_10' title='bbox 291 485 522 541; x_wconf 73' lang='lat' dir='ltr'><strong><em>ciuitates</em></strong></span> <span class='ocrx_word' id='word_1_11' title='bbox 548 482 893 555; x_wconf 70' lang='lat' dir='ltr'><strong><em>presbyteros,</em></strong></span> <span class='ocrx_word' id='word_1_12' title='bbox 931 486 1067 538; x_wconf 83' lang='lat' dir='ltr'><strong><em>sicut</em></strong></span> <span class='ocrx_word' id='word_1_13' title='bbox 1090 500 1186 555; x_wconf 82' lang='lat' dir='ltr'><strong><em>ego</em></strong></span> <span class='ocrx_word' id='word_1_14' title='bbox 1228 487 1321 542; x_wconf 81' lang='lat' dir='ltr'><strong><em>tibi</em></strong></span> <span class='ocrx_word' id='word_1_15' title='bbox 1354 488 1589 558; x_wconf 75' lang='lat' dir='ltr'><strong><em>disposui</em></strong></span> <span class='ocrx_word' id='word_1_16' title='bbox 1615 489 1742 562; x_wconf 79' lang='lat' dir='ltr'><strong><em>(Tit.</em></strong></span> <span class='ocrx_word' id='word_1_17' title='bbox 1773 497 1823 555; x_wconf 80' lang='grc' dir='ltr'><strong>Α</strong></span> <span class='ocrx_word' id='word_1_18' title='bbox 1850 507 2086 560; x_wconf 85' lang='lat' dir='ltr'><strong><em>vocans,</em></strong></span> <span class='ocrx_word' id='word_1_19' title='bbox 2122 506 2310 567; x_wconf 90' lang='lat' dir='ltr'><strong><em>postea</em></strong></span> <span class='ocrx_word' id='word_1_20' title='bbox 2344 501 2564 556; x_wconf 87' lang='lat' dir='ltr'><strong><em>eosdem</em></strong></span> <span class='ocrx_word' id='word_1_21' title='bbox 2597 502 2879 572; x_wconf 83' lang='lat' dir='ltr'><strong><em>episcopos</em></strong></span> <span class='ocrx_word' id='word_1_22' title='bbox 2922 502 3140 561; x_wconf 80' lang='lat' dir='ltr'><strong><em>dixerit.</em></strong></span> <span class='ocrx_word' id='word_1_23' title='bbox 3195 504 3254 563; x_wconf 86' lang='lat' dir='ltr'><strong><em>Si</em></strong></span> <span class='ocrx_word' id='word_1_24' title='bbox 3309 509 3441 581; x_wconf 79' lang='lat' dir='ltr'><strong><em>quis</em></strong></span> 
     </span>
    </p>
   </div>
   <div class='ocr_carea' id='block_1_5' title="bbox 183 574 1748 649">
    <p class='ocr_par' dir='ltr' id='par_1_5' title="bbox 183 574 1748 649">
     <span class='ocr_line' id='line_1_5' title="bbox 183 574 1748 649; baseline 0.001 -14"><span class='ocrx_word' id='word_1_25' title='bbox 183 596 217 645; x_wconf 88' lang='lat' dir='ltr'><strong><em>I,</em></strong></span> <span class='ocrx_word' id='word_1_26' title='bbox 244 578 320 649; x_wconf 69' lang='grc' dir='ltr'><strong><em>ὃ).</em></strong></span> <span class='ocrx_word' id='word_1_27' title='bbox 352 576 453 644; x_wconf 84' lang='lat' dir='ltr'><strong><em>Qui</em></strong></span> <span class='ocrx_word' id='word_1_28' title='bbox 477 574 654 646; x_wconf 80' lang='lat' dir='ltr'><strong>qualis</strong></span> <span class='ocrx_word' id='word_1_29' title='bbox 676 576 963 646; x_wconf 74' lang='lat' dir='ltr'><strong><em>presbyter</em></strong></span> <span class='ocrx_word' id='word_1_30' title='bbox 989 578 1184 632; x_wconf 81' lang='lat' dir='ltr'><strong><em>debeat</em></strong></span> <span class='ocrx_word' id='word_1_31' title='bbox 1216 579 1479 645; x_wconf 77' lang='lat' dir='ltr'><strong><em>ordinari,</em></strong></span> <span class='ocrx_word' id='word_1_32' title='bbox 1525 581 1579 635; x_wconf 90' lang='lat' dir='ltr'><strong><em>in</em></strong></span> <span class='ocrx_word' id='word_1_33' title='bbox 1612 596 1748 637; x_wconf 88' lang='lat' dir='ltr'><strong><em>con-</em></strong></span> 
     </span>
    </p>
   </div>
   <div class='ocr_carea' id='block_1_6' title="bbox 181 667 1753 741">
    <p class='ocr_par' dir='ltr' id='par_1_6' title="bbox 181 667 1753 741">
     <span class='ocr_line' id='line_1_6' title="bbox 181 667 1753 741; baseline 0.004 -18"><span class='ocrx_word' id='word_1_34' title='bbox 181 668 521 739; x_wconf 73' lang='lat' dir='ltr'><strong><em>sequentibus</em></strong></span> <span class='ocrx_word' id='word_1_35' title='bbox 549 667 820 723; x_wconf 82' lang='lat' dir='ltr'><strong><em>disserens</em></strong></span> <span class='ocrx_word' id='word_1_36' title='bbox 838 708 853 732; x_wconf 94' lang='lat'><strong><em>,</em></strong></span> <span class='ocrx_word' id='word_1_37' title='bbox 886 669 988 724; x_wconf 88' lang='lat' dir='ltr'><strong><em>hoc</em></strong></span> <span class='ocrx_word' id='word_1_38' title='bbox 1013 677 1098 724; x_wconf 91' lang='lat' dir='ltr'><strong><em>est</em></strong></span> <span class='ocrx_word' id='word_1_39' title='bbox 1130 688 1144 724; x_wconf 90' lang='lat'><strong>:</strong></span> <span class='ocrx_word' id='word_1_40' title='bbox 1171 669 1232 725; x_wconf 88' lang='lat' dir='ltr'><strong><em>Si</em></strong></span> <span class='ocrx_word' id='word_1_41' title='bbox 1257 673 1373 741; x_wconf 85' lang='lat' dir='ltr'><strong><em>quis</em></strong></span> <span class='ocrx_word' id='word_1_42' title='bbox 1402 683 1475 727; x_wconf 83' lang='lat' dir='ltr'><strong><em>est</em></strong></span> <span class='ocrx_word' id='word_1_43' title='bbox 1510 676 1621 729; x_wconf 84' lang='lat' dir='ltr'><strong><em>sine</em></strong></span> <span class='ocrx_word' id='word_1_44' title='bbox 1649 678 1753 729; x_wconf 79' lang='lat' dir='ltr'><strong><em>cri-</em></strong></span> 
     </span>
    </p>
   </div>
   <div class='ocr_carea' id='block_1_7' title="bbox 180 758 1751 834">
    <p class='ocr_par' dir='ltr' id='par_1_7' title="bbox 180 758 1751 834">
     <span class='ocr_line' id='line_1_7' title="bbox 180 758 1751 834; baseline 0.005 -20"><span class='ocrx_word' id='word_1_45' title='bbox 180 761 329 823; x_wconf 84' lang='lat' dir='ltr'><strong><em>mine,</em></strong></span> <span class='ocrx_word' id='word_1_46' title='bbox 366 758 522 812; x_wconf 89' lang='lat' dir='ltr'><strong><em>unius</em></strong></span> <span class='ocrx_word' id='word_1_47' title='bbox 556 759 738 813; x_wconf 74' lang='lat' dir='ltr'><strong><em>uxoris</em></strong></span> <span class='ocrx_word' id='word_1_48' title='bbox 778 759 878 824; x_wconf 74' lang='lat' dir='ltr'><strong><em>vir,</em></strong></span> <span class='ocrx_word' id='word_1_49' title='bbox 911 768 1017 815; x_wconf 91' lang='lat' dir='ltr'><strong><em>etc.</em></strong></span> <span class='ocrx_word' id='word_1_50' title='bbox 1051 761 1245 817; x_wconf 79' lang='lat' dir='ltr'><strong><em>Postea</em></strong></span> <span class='ocrx_word' id='word_1_51' title='bbox 1278 763 1459 819; x_wconf 86' lang='lat' dir='ltr'><strong><em>intulit</em></strong></span> <span class='ocrx_word' id='word_1_52' title='bbox 1489 784 1502 819; x_wconf 89' lang='lat'>:</span> <span class='ocrx_word' id='word_1_53' title='bbox 1535 764 1751 834; x_wconf 87' lang='lat' dir='ltr'><strong><em>Oportet</em></strong></span> 
     </span>
    </p>
   </div>
   <div class='ocr_carea' id='block_1_8' title="bbox 178 849 1757 928">
    <p class='ocr_par' dir='ltr' id='par_1_8' title="bbox 178 849 1757 928">
     <span class='ocr_line' id='line_1_8' title="bbox 178 849 1757 928; baseline 0.006 -24"><span class='ocrx_word' id='word_1_54' title='bbox 178 852 307 904; x_wconf 83' lang='lat' dir='ltr'><strong><em>enim</em></strong></span> <span class='ocrx_word' id='word_1_55' title='bbox 333 850 627 919; x_wconf 83' lang='lat' dir='ltr'><strong><em>episcopum</em></strong></span> <span class='ocrx_word' id='word_1_56' title='bbox 639 849 751 902; x_wconf 85' lang='lat' dir='ltr'><strong><em>sine</em></strong></span> <span class='ocrx_word' id='word_1_57' title='bbox 763 850 980 904; x_wconf 89' lang='lat' dir='ltr'><strong><em>crimine</em></strong></span> <span class='ocrx_word' id='word_1_58' title='bbox 1004 868 1134 915; x_wconf 86' lang='lat' dir='ltr'><strong><em>esse,</em></strong></span> <span class='ocrx_word' id='word_1_59' title='bbox 1158 863 1409 924; x_wconf 84' lang='lat' dir='ltr'><strong><em>tanquam</em></strong></span> <span class='ocrx_word' id='word_1_60' title='bbox 1433 856 1532 910; x_wconf 90' lang='lat' dir='ltr'><strong><em>Dei</em></strong></span> <span class='ocrx_word' id='word_1_61' title='bbox 1550 858 1757 928; x_wconf 83' lang='lat' dir='ltr'><strong><em>dispen-</em></strong></span> 
     </span>
    </p>
   </div>
   <div class='ocr_carea' id='block_1_9' title="bbox 178 939 1751 1020">
    <p class='ocr_par' dir='ltr' id='par_1_9' title="bbox 178 939 1751 1020">
     <span class='ocr_line' id='line_1_9' title="bbox 178 939 1751 1020; baseline 0.008 -25"><span class='ocrx_word' id='word_1_62' title='bbox 178 951 397 995; x_wconf 85' lang='lat' dir='ltr'><strong><em>satorem</em></strong></span> <span class='ocrx_word' id='word_1_63' title='bbox 447 939 636 1001; x_wconf 85' lang='lat' dir='ltr'><strong><em>tlbid..</em></strong></span> <span class='ocrx_word' id='word_1_64' title='bbox 685 939 761 1011; x_wconf 81' lang='grc'><strong><em>6).</em></strong></span> <span class='ocrx_word' id='word_1_65' title='bbox 813 941 957 997; x_wconf 84' lang='lat' dir='ltr'><strong><em>Idem</em></strong></span> <span class='ocrx_word' id='word_1_66' title='bbox 1011 953 1096 998; x_wconf 89' lang='lat' dir='ltr'><strong><em>est</em></strong></span> <span class='ocrx_word' id='word_1_67' title='bbox 1147 961 1276 1016; x_wconf 82' lang='lat' dir='ltr'><strong><em>ergo</em></strong></span> <span class='ocrx_word' id='word_1_68' title='bbox 1331 948 1612 1020; x_wconf 77' lang='lat' dir='ltr'><strong><em>presbyter</em></strong></span> <span class='ocrx_word' id='word_1_69' title='bbox 1658 953 1751 1020; x_wconf 88' lang='lat' dir='ltr'><strong><em>qui</em></strong></span> 
     </span>
    </p>
   </div>
   <div class='ocr_carea' id='block_1_10' title="bbox 178 1033 1750 1104">
    <p class='ocr_par' dir='ltr' id='par_1_10' title="bbox 178 1033 1750 1104">
     <span class='ocr_line' id='line_1_10' title="bbox 178 1033 1750 1104; baseline 0.006 -17"><span class='ocrx_word' id='word_1_70' title='bbox 178 1033 475 1103; x_wconf 88' lang='lat' dir='ltr'><strong><em>episcopus,</em></strong></span> <span class='ocrx_word' id='word_1_71' title='bbox 524 1041 581 1088; x_wconf 91' lang='lat' dir='ltr'><strong><em>et</em></strong></span> <span class='ocrx_word' id='word_1_72' title='bbox 625 1043 913 1104; x_wconf 73' lang='lat' dir='ltr'><strong><em>antequam</em></strong></span> <span class='ocrx_word' id='word_1_73' title='bbox 948 1036 1147 1091; x_wconf 89' lang='lat' dir='ltr'><strong><em>diaboli</em></strong></span> <span class='ocrx_word' id='word_1_74' title='bbox 1197 1039 1456 1094; x_wconf 89' lang='lat' dir='ltr'><strong><em>instinctu</em></strong></span> <span class='ocrx_word' id='word_1_75' title='bbox 1482 1041 1659 1095; x_wconf 89' lang='lat' dir='ltr'><strong><em>studia</em></strong></span> <span class='ocrx_word' id='word_1_76' title='bbox 1693 1043 1750 1097; x_wconf 91' lang='lat' dir='ltr'><strong><em>in</em></strong></span> 
     </span>
    </p>
   </div>
   <div class='ocr_carea' id='block_1_11' title="bbox 180 1121 1752 1201">
    <p class='ocr_par' dir='ltr' id='par_1_11' title="bbox 180 1121 1752 1201">
     <span class='ocr_line' id='line_1_11' title="bbox 180 1121 1752 1201; baseline 0.006 -23"><span class='ocrx_word' id='word_1_77' title='bbox 180 1121 430 1192; x_wconf 72' lang='lat' dir='ltr'><strong><em>religione</em></strong></span> <span class='ocrx_word' id='word_1_78' title='bbox 460 1123 670 1189; x_wconf 84' lang='lat' dir='ltr'><strong><em>ﬁerent,</em></strong></span> <span class='ocrx_word' id='word_1_79' title='bbox 702 1133 757 1179; x_wconf 91' lang='lat' dir='ltr'><strong><em>et</em></strong></span> <span class='ocrx_word' id='word_1_80' title='bbox 785 1126 1055 1181; x_wconf 74' lang='lat' dir='ltr'><strong><em>diceretur</em></strong></span> <span class='ocrx_word' id='word_1_81' title='bbox 1099 1129 1154 1182; x_wconf 89' lang='lat' dir='ltr'><strong><em>in</em></strong></span> <span class='ocrx_word' id='word_1_82' title='bbox 1183 1131 1393 1199; x_wconf 80' lang='lat' dir='ltr'><strong><em>populis</em></strong></span> <span class='ocrx_word' id='word_1_83' title='bbox 1432 1146 1447 1185; x_wconf 90' lang='lat'><strong>:</strong></span> <span class='ocrx_word' id='word_1_84' title='bbox 1491 1132 1604 1201; x_wconf 84' lang='lat' dir='ltr'><strong><em>Ego</em></strong></span> <span class='ocrx_word' id='word_1_85' title='bbox 1636 1149 1752 1187; x_wconf 88' lang='lat' dir='ltr'><strong><em>sum</em></strong></span> 
     </span>
    </p>
   </div>
   <div class='ocr_carea' id='block_1_12' title="bbox 179 1212 1752 1295">
    <p class='ocr_par' dir='ltr' id='par_1_12' title="bbox 179 1212 1752 1295">
     <span class='ocr_line' id='line_1_12' title="bbox 179 1212 1752 1295; baseline 0.006 -25"><span class='ocrx_word' id='word_1_86' title='bbox 179 1212 358 1279; x_wconf 89' lang='lat' dir='ltr'><strong><em>Pauli,</em></strong></span> <span class='ocrx_word' id='word_1_87' title='bbox 394 1231 488 1284; x_wconf 87' lang='lat' dir='ltr'><strong><em>ego</em></strong></span> <span class='ocrx_word' id='word_1_88' title='bbox 541 1215 749 1286; x_wconf 79' lang='lat' dir='ltr'><strong><em>Apollo,</em></strong></span> <span class='ocrx_word' id='word_1_89' title='bbox 794 1234 889 1287; x_wconf 87' lang='lat' dir='ltr'><strong><em>ego</em></strong></span> <span class='ocrx_word' id='word_1_90' title='bbox 937 1229 1114 1272; x_wconf 86' lang='lat' dir='ltr'><strong><em>autem</em></strong></span> <span class='ocrx_word' id='word_1_91' title='bbox 1162 1219 1352 1291; x_wconf 64' lang='lat' dir='ltr'><strong><em>Cephea</em></strong></span> <span class='ocrx_word' id='word_1_92' title='bbox 1380 1221 1429 1291; x_wconf 88' lang='grc' dir='ltr'><strong><em>(ι</em></strong></span> <span class='ocrx_word' id='word_1_93' title='bbox 1460 1223 1584 1278; x_wconf 79' lang='lat' dir='ltr'><strong><em>Cor.</em></strong></span> <span class='ocrx_word' id='word_1_94' title='bbox 1628 1224 1752 1295; x_wconf 80' lang='lat' dir='ltr'><strong><em>xu),</em></strong></span> 
     </span>
    </p>
   </div>
   <div class='ocr_carea' id='block_1_13' title="bbox 177 1308 1754 1387">
    <p class='ocr_par' dir='ltr' id='par_1_13' title="bbox 177 1308 1754 1387">
     <span class='ocr_line' id='line_1_13' title="bbox 177 1308 1754 1387; baseline 0.006 -24"><span class='ocrx_word' id='word_1_95' title='bbox 177 1308 441 1363; x_wconf 87' lang='lat' dir='ltr'><strong><em>communi</em></strong></span> <span class='ocrx_word' id='word_1_96' title='bbox 465 1309 905 1379; x_wconf 78' lang='lat' dir='ltr'><strong><em>presbyterorum</em></strong></span> <span class='ocrx_word' id='word_1_97' title='bbox 934 1312 1164 1368; x_wconf 90' lang='lat' dir='ltr'><strong><em>consilio</em></strong></span> <span class='ocrx_word' id='word_1_98' title='bbox 1194 1314 1454 1371; x_wconf 64' lang='lat' dir='ltr'><strong><em>Ecclesiae</em></strong></span> <span class='ocrx_word' id='word_1_99' title='bbox 1478 1316 1754 1387; x_wconf 81' lang='lat' dir='ltr'><strong><em>guberna-</em></strong></span> 
     </span>
    </p>
   </div>
   <div class='ocr_carea' id='block_1_14' title="bbox 177 1400 1757 1477">
    <p class='ocr_par' dir='ltr' id='par_1_14' title="bbox 177 1400 1757 1477">
     <span class='ocr_line' id='line_1_14' title="bbox 177 1400 1757 1477; baseline 0.004 -22"><span class='ocrx_word' id='word_1_100' title='bbox 177 1400 386 1456; x_wconf 87' lang='lat' dir='ltr'><strong><em>bantur.</em></strong></span> <span class='ocrx_word' id='word_1_101' title='bbox 411 1400 703 1470; x_wconf 73' lang='lat' dir='ltr'><strong><em>Postquam</em></strong></span> <span class='ocrx_word' id='word_1_102' title='bbox 725 1416 855 1458; x_wconf 88' lang='lat' dir='ltr'><strong><em>vero</em></strong></span> <span class='ocrx_word' id='word_1_103' title='bbox 884 1404 1252 1475; x_wconf 86' lang='lat' dir='ltr'><strong><em>unusquisque</em></strong></span> <span class='ocrx_word' id='word_1_104' title='bbox 1287 1422 1385 1461; x_wconf 89' lang='lat' dir='ltr'><strong><em>eos</em></strong></span> <span class='ocrx_word' id='word_1_105' title='bbox 1410 1423 1547 1476; x_wconf 90' lang='lat' dir='ltr'><strong><em>quos</em></strong></span> <span class='ocrx_word' id='word_1_106' title='bbox 1578 1408 1757 1477; x_wconf 85' lang='lat' dir='ltr'><strong><em>bapti-</em></strong></span> 
     </span>
    </p>
   </div>
   <div class='ocr_carea' id='block_1_15' title="bbox 179 1493 1755 1562">
    <p class='ocr_par' dir='ltr' id='par_1_15' title="bbox 179 1493 1755 1562">
     <span class='ocr_line' id='line_1_15' title="bbox 179 1493 1755 1562; baseline 0.004 -13"><span class='ocrx_word' id='word_1_107' title='bbox 179 1501 394 1549; x_wconf 78' lang='lat' dir='ltr'><strong><em>zaverat</em></strong></span> <span class='ocrx_word' id='word_1_108' title='bbox 415 1493 639 1562; x_wconf 89' lang='lat' dir='ltr'><strong><em>putabat</em></strong></span> <span class='ocrx_word' id='word_1_109' title='bbox 669 1509 819 1560; x_wconf 89' lang='lat' dir='ltr'><strong><em>suos,</em></strong></span> <span class='ocrx_word' id='word_1_110' title='bbox 850 1511 957 1550; x_wconf 91' lang='lat' dir='ltr'><strong><em>non</em></strong></span> <span class='ocrx_word' id='word_1_111' title='bbox 987 1495 1223 1562; x_wconf 90' lang='lat' dir='ltr'><strong><em>Christi,</em></strong></span> <span class='ocrx_word' id='word_1_112' title='bbox 1267 1499 1320 1552; x_wconf 88' lang='lat' dir='ltr'><strong><em>in</em></strong></span> <span class='ocrx_word' id='word_1_113' title='bbox 1355 1507 1473 1553; x_wconf 90' lang='lat' dir='ltr'><strong><em>toto</em></strong></span> <span class='ocrx_word' id='word_1_114' title='bbox 1500 1500 1635 1554; x_wconf 91' lang='lat' dir='ltr'><strong><em>orbe</em></strong></span> <span class='ocrx_word' id='word_1_115' title='bbox 1663 1500 1755 1555; x_wconf 87' lang='lat' dir='ltr'><strong><em>de-</em></strong></span> 
     </span>
    </p>
   </div>
   <div class='ocr_carea' id='block_1_16' title="bbox 178 1590 1755 1664">
    <p class='ocr_par' dir='ltr' id='par_1_16' title="bbox 178 1590 1755 1664">
     <span class='ocr_line' id='line_1_16' title="bbox 178 1590 1755 1664; baseline 0.004 -22"><span class='ocrx_word' id='word_1_116' title='bbox 178 1595 381 1642; x_wconf 89' lang='lat' dir='ltr'><strong><em>cretum</em></strong></span> <span class='ocrx_word' id='word_1_117' title='bbox 413 1596 519 1652; x_wconf 90' lang='lat' dir='ltr'><strong><em>est,</em></strong></span> <span class='ocrx_word' id='word_1_118' title='bbox 543 1597 604 1641; x_wconf 90' lang='lat' dir='ltr'><strong><em>ut</em></strong></span> <span class='ocrx_word' id='word_1_119' title='bbox 633 1604 774 1643; x_wconf 91' lang='lat' dir='ltr'><strong><em>unus</em></strong></span> <span class='ocrx_word' id='word_1_120' title='bbox 800 1590 867 1644; x_wconf 91' lang='lat' dir='ltr'><strong><em>de</em></strong></span> <span class='ocrx_word' id='word_1_121' title='bbox 894 1590 1237 1662; x_wconf 89' lang='lat' dir='ltr'><strong><em>presbyteris</em></strong></span> <span class='ocrx_word' id='word_1_122' title='bbox 1272 1593 1479 1648; x_wconf 89' lang='lat' dir='ltr'><strong><em>electus</em></strong></span> <span class='ocrx_word' id='word_1_123' title='bbox 1499 1609 1755 1664; x_wconf 85' lang='lat' dir='ltr'><strong><em>superpo-</em></strong></span> 
     </span>
    </p>
   </div>
   <div class='ocr_carea' id='block_1_17' title="bbox 178 1680 1757 1755">
    <p class='ocr_par' dir='ltr' id='par_1_17' title="bbox 178 1680 1757 1755">
     <span class='ocr_line' id='line_1_17' title="bbox 178 1680 1757 1755; baseline 0.004 -21"><span class='ocrx_word' id='word_1_124' title='bbox 178 1688 400 1734; x_wconf 86' lang='lat' dir='ltr'><strong><em>neretur</em></strong></span> <span class='ocrx_word' id='word_1_125' title='bbox 429 1680 663 1741; x_wconf 69' lang='lat' dir='ltr'><strong><em>caneris,</em></strong></span> <span class='ocrx_word' id='word_1_126' title='bbox 694 1681 762 1735; x_wconf 87' lang='lat' dir='ltr'><strong><em>ad</em></strong></span> <span class='ocrx_word' id='word_1_127' title='bbox 801 1697 959 1750; x_wconf 83' lang='lat' dir='ltr'><strong><em>quem</em></strong></span> <span class='ocrx_word' id='word_1_128' title='bbox 988 1683 1165 1738; x_wconf 89' lang='lat' dir='ltr'><strong><em>omnis</em></strong></span> <span class='ocrx_word' id='word_1_129' title='bbox 1188 1701 1318 1739; x_wconf 87' lang='lat' dir='ltr'><strong><em>cura</em></strong></span> <span class='ocrx_word' id='word_1_130' title='bbox 1350 1685 1605 1741; x_wconf 67' lang='lat' dir='ltr'><strong><em>Ecclesia:</em></strong></span> <span class='ocrx_word' id='word_1_131' title='bbox 1635 1701 1757 1755; x_wconf 85' lang='lat' dir='ltr'><strong><em>pcr-</em></strong></span> 
     </span>
    </p>
   </div>
   <div class='ocr_carea' id='block_1_18' title="bbox 180 1771 1756 1836">
    <p class='ocr_par' dir='ltr' id='par_1_18' title="bbox 180 1771 1756 1836">
     <span class='ocr_line' id='line_1_18' title="bbox 180 1771 1756 1836; baseline 0.005 -10"><span class='ocrx_word' id='word_1_132' title='bbox 180 1771 403 1836; x_wconf 87' lang='lat' dir='ltr'><strong><em>tineret,</em></strong></span> <span class='ocrx_word' id='word_1_133' title='bbox 449 1781 506 1826; x_wconf 89' lang='lat' dir='ltr'><strong><em>et</em></strong></span> <span class='ocrx_word' id='word_1_134' title='bbox 549 1772 895 1827; x_wconf 88' lang='lat' dir='ltr'><strong><em>schismatum</em></strong></span> <span class='ocrx_word' id='word_1_135' title='bbox 956 1777 1158 1830; x_wconf 83' lang='lat' dir='ltr'><strong><em>semina</em></strong></span> <span class='ocrx_word' id='word_1_136' title='bbox 1210 1777 1543 1832; x_wconf 87' lang='lat' dir='ltr'><strong><em>tollerentur.</em></strong></span> <span class='ocrx_word' id='word_1_137' title='bbox 1597 1778 1756 1834; x_wconf 82' lang='lat' dir='ltr'><strong><em>Putat</em></strong></span> 
     </span>
    </p>
   </div>
   <div class='ocr_carea' id='block_1_19' title="bbox 1853 583 3441 664">
    <p class='ocr_par' dir='ltr' id='par_1_19' title="bbox 1853 583 3441 664">
     <span class='ocr_line' id='line_1_19' title="bbox 1853 583 3441 664; baseline 0.012 -24"><span class='ocrx_word' id='word_1_138' title='bbox 1853 583 1965 641; x_wconf 91' lang='lat' dir='ltr'><strong><em>vult</em></strong></span> <span class='ocrx_word' id='word_1_139' title='bbox 1993 588 2234 659; x_wconf 81' lang='lat' dir='ltr'><strong><em>recipere</em></strong></span> <span class='ocrx_word' id='word_1_140' title='bbox 2266 591 2569 662; x_wconf 87' lang='lat' dir='ltr'><strong><em>epistolam,</em></strong></span> <span class='ocrx_word' id='word_1_141' title='bbox 2606 610 2727 664; x_wconf 67' lang='lat' dir='ltr'><strong><em>qua:</em></strong></span> <span class='ocrx_word' id='word_1_142' title='bbox 2765 594 2866 650; x_wconf 85' lang='lat' dir='ltr'><strong><em>sub</em></strong></span> <span class='ocrx_word' id='word_1_143' title='bbox 2904 598 3122 654; x_wconf 90' lang='lat' dir='ltr'><strong><em>nomine</em></strong></span> <span class='ocrx_word' id='word_1_144' title='bbox 3165 597 3325 658; x_wconf 80' lang='lat' dir='ltr'><strong><em>Pauli</em></strong></span> <span class='ocrx_word' id='word_1_145' title='bbox 3366 601 3441 659; x_wconf 84' lang='lat' dir='ltr'><strong><em>ad</em></strong></span> 
     </span>
    </p>
   </div>
   <div class='ocr_carea' id='block_1_20' title="bbox 1852 676 3439 763">
    <p class='ocr_par' dir='ltr' id='par_1_20' title="bbox 1852 676 3439 763">
     <span class='ocr_line' id='line_1_20' title="bbox 1852 676 3439 763; baseline 0.011 -32"><span class='ocrx_word' id='word_1_146' title='bbox 1852 676 2108 735; x_wconf 61' lang='lat' dir='ltr'><strong><em>Hebratos</em></strong></span> <span class='ocrx_word' id='word_1_147' title='bbox 2133 682 2334 753; x_wconf 86' lang='lat' dir='ltr'><strong><em>scripta</em></strong></span> <span class='ocrx_word' id='word_1_148' title='bbox 2377 696 2482 749; x_wconf 87' lang='lat' dir='ltr'><strong><em>est.</em></strong></span> <span class='ocrx_word' id='word_1_149' title='bbox 2524 695 2579 740; x_wconf 93' lang='lat' dir='ltr'><strong><em>et</em></strong></span> <span class='ocrx_word' id='word_1_150' title='bbox 2618 686 2692 741; x_wconf 91' lang='lat' dir='ltr'><strong><em>ibi</em></strong></span> <span class='ocrx_word' id='word_1_151' title='bbox 2735 688 3016 757; x_wconf 68' lang='lat' dir='ltr'><strong><em>aequaliter</em></strong></span> <span class='ocrx_word' id='word_1_152' title='bbox 3057 691 3201 747; x_wconf 90' lang='lat' dir='ltr'><strong><em>inter</em></strong></span> <span class='ocrx_word' id='word_1_153' title='bbox 3246 691 3439 763; x_wconf 84' lang='lat' dir='ltr'><strong><em>plures</em></strong></span> 
     </span>
    </p>
   </div>
   <div class='ocr_carea' id='block_1_21' title="bbox 1852 769 3440 853">
    <p class='ocr_par' dir='ltr' id='par_1_21' title="bbox 1852 769 3440 853">
     <span class='ocr_line' id='line_1_21' title="bbox 1852 769 3440 853; baseline 0.013 -29"><span class='ocrx_word' id='word_1_154' title='bbox 1852 769 2109 827; x_wconf 82' lang='lat' dir='ltr'><strong><em>Ecclesiae</em></strong></span> <span class='ocrx_word' id='word_1_155' title='bbox 2130 789 2261 828; x_wconf 90' lang='lat' dir='ltr'><strong><em>cura</em></strong></span> <span class='ocrx_word' id='word_1_156' title='bbox 2286 776 2561 831; x_wconf 82' lang='lat' dir='ltr'><strong><em>dividitur.</em></strong></span> <span class='ocrx_word' id='word_1_157' title='bbox 2590 777 2870 850; x_wconf 84' lang='lat' dir='ltr'><strong><em>Siquidem</em></strong></span> <span class='ocrx_word' id='word_1_158' title='bbox 2891 782 2958 836; x_wconf 88' lang='lat' dir='ltr'><strong><em>ad</em></strong></span> <span class='ocrx_word' id='word_1_159' title='bbox 2982 782 3192 853; x_wconf 88' lang='lat' dir='ltr'><strong><em>plebem</em></strong></span> <span class='ocrx_word' id='word_1_160' title='bbox 3215 787 3440 844; x_wconf 81' lang='lat' dir='ltr'><strong><em>scribit:</em></strong></span> 
     </span>
    </p>
   </div>
   <div class='ocr_carea' id='block_1_22' title="bbox 1853 858 3446 946">
    <p class='ocr_par' dir='ltr' id='par_1_22' title="bbox 1853 858 3446 946">
     <span class='ocr_line' id='line_1_22' title="bbox 1853 858 3446 946; baseline 0.012 -32"><span class='ocrx_word' id='word_1_161' title='bbox 1853 858 2047 918; x_wconf 87' lang='lat' dir='ltr'><strong><em>Parete</em></strong></span> <span class='ocrx_word' id='word_1_162' title='bbox 2082 866 2606 936; x_wconf 73' lang='lat' dir='ltr'><strong><em>principibusvestris</em></strong></span> <span class='ocrx_word' id='word_1_163' title='bbox 2634 881 2682 924; x_wconf 87' lang='lat' dir='ltr'><strong><em>et</em></strong></span> <span class='ocrx_word' id='word_1_164' title='bbox 2711 871 2930 941; x_wconf 83' lang='lat' dir='ltr'><strong><em>subjecti</em></strong></span> <span class='ocrx_word' id='word_1_165' title='bbox 2950 883 3109 929; x_wconf 85' lang='lat' dir='ltr'><strong><em>estote</em></strong></span> <span class='ocrx_word' id='word_1_166' title='bbox 3138 890 3157 930; x_wconf 88' lang='lat'><strong><em>:</em></strong></span> <span class='ocrx_word' id='word_1_167' title='bbox 3181 875 3283 946; x_wconf 89' lang='lat' dir='ltr'><strong><em>ipsi</em></strong></span> <span class='ocrx_word' id='word_1_168' title='bbox 3303 878 3446 933; x_wconf 79' lang='lat' dir='ltr'><strong><em>enim</em></strong></span> 
     </span>
    </p>
   </div>
   <div class='ocr_carea' id='block_1_23' title="bbox 1852 955 3445 1035">
    <p class='ocr_par' dir='ltr' id='par_1_23' title="bbox 1852 955 3445 1035">
     <span class='ocr_line' id='line_1_23' title="bbox 1852 955 3445 1035; baseline 0.012 -29"><span class='ocrx_word' id='word_1_169' title='bbox 1852 963 1975 1007; x_wconf 88' lang='lat' dir='ltr'><strong><em>sunt</em></strong></span> <span class='ocrx_word' id='word_1_170' title='bbox 2000 955 2090 1024; x_wconf 87' lang='lat' dir='ltr'><strong><em>qui</em></strong></span> <span class='ocrx_word' id='word_1_171' title='bbox 2113 956 2326 1025; x_wconf 86' lang='lat' dir='ltr'><strong><em>vigilant</em></strong></span> <span class='ocrx_word' id='word_1_172' title='bbox 2347 975 2442 1029; x_wconf 91' lang='lat' dir='ltr'><strong><em>pro</em></strong></span> <span class='ocrx_word' id='word_1_173' title='bbox 2472 961 2748 1016; x_wconf 79' lang='lat' dir='ltr'><strong><em>animabus</em></strong></span> <span class='ocrx_word' id='word_1_174' title='bbox 2778 966 2980 1029; x_wconf 83' lang='lat' dir='ltr'><strong><em>vestris,</em></strong></span> <span class='ocrx_word' id='word_1_175' title='bbox 3003 966 3158 1035; x_wconf 85' lang='lat' dir='ltr'><strong><em>quasi</em></strong></span> <span class='ocrx_word' id='word_1_176' title='bbox 3184 969 3445 1024; x_wconf 77' lang='lat' dir='ltr'><strong><em>rationem</em></strong></span> 
     </span>
    </p>
   </div>
   <div class='ocr_carea' id='block_1_24' title="bbox 1856 1046 3446 1128">
    <p class='ocr_par' dir='ltr' id='par_1_24' title="bbox 1856 1046 3446 1128">
     <span class='ocr_line' id='line_1_24' title="bbox 1856 1046 3446 1128; baseline 0.01 -30"><span class='ocrx_word' id='word_1_177' title='bbox 1856 1046 2147 1110; x_wconf 86' lang='lat' dir='ltr'><strong><em>reddentes.</em></strong></span> <span class='ocrx_word' id='word_1_178' title='bbox 2169 1059 2218 1103; x_wconf 89' lang='lat' dir='ltr'><strong><em>et</em></strong></span> <span class='ocrx_word' id='word_1_179' title='bbox 2244 1066 2306 1104; x_wconf 91' lang='lat' dir='ltr'><strong><em>ne</em></strong></span> <span class='ocrx_word' id='word_1_180' title='bbox 2331 1053 2655 1115; x_wconf 85' lang='lat' dir='ltr'><strong><em>suspirantes</em></strong></span> <span class='ocrx_word' id='word_1_181' title='bbox 2674 1053 2771 1108; x_wconf 91' lang='lat' dir='ltr'><strong><em>hoc</em></strong></span> <span class='ocrx_word' id='word_1_182' title='bbox 2790 1054 2991 1123; x_wconf 84' lang='lat' dir='ltr'><strong><em>faciant</em></strong></span> <span class='ocrx_word' id='word_1_183' title='bbox 3017 1070 3036 1108; x_wconf 94' lang='lat'><strong><em>:</em></strong></span> <span class='ocrx_word' id='word_1_184' title='bbox 3059 1058 3315 1128; x_wconf 85' lang='lat' dir='ltr'><strong><em>siquidem</em></strong></span> <span class='ocrx_word' id='word_1_185' title='bbox 3343 1059 3446 1114; x_wconf 84' lang='lat' dir='ltr'><strong><em>hoc</em></strong></span> 
     </span>
    </p>
   </div>
   <div class='ocr_carea' id='block_1_25' title="bbox 1855 1138 3445 1220">
    <p class='ocr_par' dir='ltr' id='par_1_25' title="bbox 1855 1138 3445 1220">
     <span class='ocr_line' id='line_1_25' title="bbox 1855 1138 3445 1220; baseline 0.011 -30"><span class='ocrx_word' id='word_1_186' title='bbox 1855 1138 1986 1193; x_wconf 83' lang='lat' dir='ltr'><strong><em>utile</em></strong></span> <span class='ocrx_word' id='word_1_187' title='bbox 2006 1141 2146 1194; x_wconf 85' lang='lat' dir='ltr'><strong><em>vobis</em></strong></span> <span class='ocrx_word' id='word_1_188' title='bbox 2169 1151 2246 1196; x_wconf 88' lang='lat' dir='ltr'><strong><em>est</em></strong></span> <span class='ocrx_word' id='word_1_189' title='bbox 2276 1141 2465 1213; x_wconf 83' lang='lat' dir='ltr'><strong><em>(Hebr.</em></strong></span> <span class='ocrx_word' id='word_1_190' title='bbox 2496 1160 2618 1211; x_wconf 83' lang='lat' dir='ltr'><strong><em>xm,</em></strong></span> <span class='ocrx_word' id='word_1_191' title='bbox 2651 1144 2762 1217; x_wconf 78' lang='grc'><strong><em>17).</em></strong></span> <span class='ocrx_word' id='word_1_192' title='bbox 2792 1145 2859 1201; x_wconf 86' lang='lat' dir='ltr'><strong><em>Et</em></strong></span> <span class='ocrx_word' id='word_1_193' title='bbox 2884 1146 3077 1204; x_wconf 84' lang='lat' dir='ltr'><strong><em>Petrus</em></strong></span> <span class='ocrx_word' id='word_1_194' title='bbox 3110 1150 3201 1220; x_wconf 89' lang='lat' dir='ltr'><strong><em>qui</em></strong></span> <span class='ocrx_word' id='word_1_195' title='bbox 3228 1166 3295 1205; x_wconf 77' lang='lat' dir='ltr'><strong><em>ex</em></strong></span> <span class='ocrx_word' id='word_1_196' title='bbox 3317 1149 3445 1207; x_wconf 77' lang='lat' dir='ltr'><strong><em>ﬁdei</em></strong></span> 
     </span>
    </p>
   </div>
   <div class='ocr_carea' id='block_1_26' title="bbox 1854 1230 3449 1314">
    <p class='ocr_par' dir='ltr' id='par_1_26' title="bbox 1854 1230 3449 1314">
     <span class='ocr_line' id='line_1_26' title="bbox 1854 1230 3449 1314; baseline 0.009 -31"><span class='ocrx_word' id='word_1_197' title='bbox 1854 1230 2113 1286; x_wconf 79' lang='lat' dir='ltr'><strong><em>firmitate</em></strong></span> <span class='ocrx_word' id='word_1_198' title='bbox 2143 1235 2353 1304; x_wconf 89' lang='lat' dir='ltr'><strong><em>accepit</em></strong></span> <span class='ocrx_word' id='word_1_199' title='bbox 2403 1250 2623 1299; x_wconf 91' lang='lat' dir='ltr'><strong><em>nomen,</em></strong></span> <span class='ocrx_word' id='word_1_200' title='bbox 2676 1237 2730 1291; x_wconf 93' lang='lat' dir='ltr'><strong><em>in</em></strong></span> <span class='ocrx_word' id='word_1_201' title='bbox 2785 1239 3020 1309; x_wconf 89' lang='lat' dir='ltr'><strong><em>epistola</em></strong></span> <span class='ocrx_word' id='word_1_202' title='bbox 3071 1257 3167 1297; x_wconf 88' lang='lat' dir='ltr'><strong><em>sua</em></strong></span> <span class='ocrx_word' id='word_1_203' title='bbox 3205 1242 3449 1314; x_wconf 86' lang='lat' dir='ltr'><strong><em>loquitur</em></strong></span> 
     </span>
    </p>
   </div>
   <div class='ocr_carea' id='block_1_27' title="bbox 1855 1320 3447 1403">
    <p class='ocr_par' dir='ltr' id='par_1_27' title="bbox 1855 1320 3447 1403">
     <span class='ocr_line' id='line_1_27' title="bbox 1855 1320 3447 1403; baseline 0.007 -29"><span class='ocrx_word' id='word_1_204' title='bbox 1855 1320 2043 1376; x_wconf 87' lang='lat' dir='ltr'><strong><em>dicens</em></strong></span> <span class='ocrx_word' id='word_1_205' title='bbox 2070 1338 2085 1375; x_wconf 91' lang='lat'><strong>:</strong></span> <span class='ocrx_word' id='word_1_206' title='bbox 2121 1320 2461 1394; x_wconf 84' lang='lat' dir='ltr'><strong><em>Presbyteros</em></strong></span> <span class='ocrx_word' id='word_1_207' title='bbox 2481 1342 2604 1396; x_wconf 87' lang='lat' dir='ltr'><strong><em>ergo</em></strong></span> <span class='ocrx_word' id='word_1_208' title='bbox 2629 1326 2684 1380; x_wconf 91' lang='lat' dir='ltr'><strong><em>in</em></strong></span> <span class='ocrx_word' id='word_1_209' title='bbox 2703 1327 2846 1381; x_wconf 80' lang='lat' dir='ltr'><strong><em>vobis</em></strong></span> <span class='ocrx_word' id='word_1_210' title='bbox 2867 1328 3100 1395; x_wconf 88' lang='lat' dir='ltr'><strong><em>obsecro,</em></strong></span> <span class='ocrx_word' id='word_1_211' title='bbox 3122 1332 3447 1403; x_wconf 80' lang='lat' dir='ltr'><strong><em>compresby-</em></strong></span> 
     </span>
    </p>
   </div>
   <div class='ocr_carea' id='block_1_28' title="bbox 1856 1414 3447 1493">
    <p class='ocr_par' dir='ltr' id='par_1_28' title="bbox 1856 1414 3447 1493">
     <span class='ocr_line' id='line_1_28' title="bbox 1856 1414 3447 1493; baseline 0.008 -28"><span class='ocrx_word' id='word_1_212' title='bbox 1856 1422 1952 1478; x_wconf 88' lang='lat' dir='ltr'><strong><em>ter,</em></strong></span> <span class='ocrx_word' id='word_1_213' title='bbox 1978 1422 2027 1467; x_wconf 89' lang='lat' dir='ltr'><strong><em>et</em></strong></span> <span class='ocrx_word' id='word_1_214' title='bbox 2054 1415 2195 1467; x_wconf 89' lang='lat' dir='ltr'><strong><em>testis</em></strong></span> <span class='ocrx_word' id='word_1_215' title='bbox 2224 1414 2418 1469; x_wconf 81' lang='lat' dir='ltr'><strong><em>Christi</em></strong></span> <span class='ocrx_word' id='word_1_216' title='bbox 2420 1417 2759 1486; x_wconf 79' lang='lat' dir='ltr'><strong><em>passionum.</em></strong></span> <span class='ocrx_word' id='word_1_217' title='bbox 2782 1420 2870 1489; x_wconf 89' lang='lat' dir='ltr'><strong><em>qui</em></strong></span> <span class='ocrx_word' id='word_1_218' title='bbox 2892 1429 2938 1473; x_wconf 90' lang='lat' dir='ltr'><strong><em>et</em></strong></span> <span class='ocrx_word' id='word_1_219' title='bbox 2959 1419 3072 1489; x_wconf 88' lang='lat' dir='ltr'><strong><em>ejus</em></strong></span> <span class='ocrx_word' id='word_1_220' title='bbox 3091 1420 3297 1492; x_wconf 71' lang='lat' dir='ltr'><strong><em>gloriae,</em></strong></span> <span class='ocrx_word' id='word_1_221' title='bbox 3327 1439 3447 1493; x_wconf 68' lang='lat' dir='ltr'><strong><em>quas</em></strong></span> 
     </span>
    </p>
   </div>
   <div class='ocr_carea' id='block_1_29' title="bbox 1856 1506 3447 1583">
    <p class='ocr_par' dir='ltr' id='par_1_29' title="bbox 1856 1506 3447 1583">
     <span class='ocr_line' id='line_1_29' title="bbox 1856 1506 3447 1583; baseline 0.006 -25"><span class='ocrx_word' id='word_1_222' title='bbox 1856 1507 1913 1559; x_wconf 89' lang='lat' dir='ltr'><strong><em>in</em></strong></span> <span class='ocrx_word' id='word_1_223' title='bbox 1960 1506 2200 1576; x_wconf 78' lang='lat' dir='ltr'><strong><em>futurum</em></strong></span> <span class='ocrx_word' id='word_1_224' title='bbox 2241 1508 2520 1564; x_wconf 85' lang='lat' dir='ltr'><strong><em>revelanda</em></strong></span> <span class='ocrx_word' id='word_1_225' title='bbox 2552 1518 2650 1574; x_wconf 89' lang='lat' dir='ltr'><strong><em>est,</em></strong></span> <span class='ocrx_word' id='word_1_226' title='bbox 2699 1511 2871 1565; x_wconf 87' lang='lat' dir='ltr'><strong><em>socius</em></strong></span> <span class='ocrx_word' id='word_1_227' title='bbox 2900 1525 3061 1566; x_wconf 90' lang='lat' dir='ltr'><strong><em>sum:</em></strong></span> <span class='ocrx_word' id='word_1_228' title='bbox 3088 1514 3288 1583; x_wconf 86' lang='lat' dir='ltr'><strong><em>pascite</em></strong></span> <span class='ocrx_word' id='word_1_229' title='bbox 3326 1530 3447 1568; x_wconf 86' lang='lat' dir='ltr'><strong><em>eum</em></strong></span> 
     </span>
    </p>
   </div>
   <div class='ocr_carea' id='block_1_30' title="bbox 1856 1598 3444 1674">
    <p class='ocr_par' dir='ltr' id='par_1_30' title="bbox 1856 1598 3444 1674">
     <span class='ocr_line' id='line_1_30' title="bbox 1856 1598 3444 1674; baseline 0.007 -24"><span class='ocrx_word' id='word_1_230' title='bbox 1856 1598 1945 1668; x_wconf 86' lang='lat' dir='ltr'><strong><em>qui</em></strong></span> <span class='ocrx_word' id='word_1_231' title='bbox 1982 1598 2035 1652; x_wconf 90' lang='lat' dir='ltr'><strong><em>in</em></strong></span> <span class='ocrx_word' id='word_1_232' title='bbox 2056 1600 2199 1654; x_wconf 87' lang='lat' dir='ltr'><strong><em>vobis</em></strong></span> <span class='ocrx_word' id='word_1_233' title='bbox 2224 1610 2298 1655; x_wconf 89' lang='lat' dir='ltr'><strong><em>est</em></strong></span> <span class='ocrx_word' id='word_1_234' title='bbox 2321 1618 2525 1671; x_wconf 82' lang='lat' dir='ltr'><strong><em>gregem</em></strong></span> <span class='ocrx_word' id='word_1_235' title='bbox 2551 1601 2786 1667; x_wconf 84' lang='lat' dir='ltr'><strong><em>Domini,</em></strong></span> <span class='ocrx_word' id='word_1_236' title='bbox 2813 1620 2916 1657; x_wconf 92' lang='lat' dir='ltr'><strong><em>non</em></strong></span> <span class='ocrx_word' id='word_1_237' title='bbox 2940 1604 3094 1674; x_wconf 87' lang='lat' dir='ltr'><strong><em>quasi</em></strong></span> <span class='ocrx_word' id='word_1_238' title='bbox 3122 1621 3239 1658; x_wconf 90' lang='lat' dir='ltr'><strong><em>cum</em></strong></span> <span class='ocrx_word' id='word_1_239' title='bbox 3267 1622 3444 1660; x_wconf 82' lang='lat' dir='ltr'><strong><em>neces-</em></strong></span> 
     </span>
    </p>
   </div>
   <div class='ocr_carea' id='block_1_31' title="bbox 1855 1691 3446 1767">
    <p class='ocr_par' dir='ltr' id='par_1_31' title="bbox 1855 1691 3446 1767">
     <span class='ocr_line' id='line_1_31' title="bbox 1855 1691 3446 1767; baseline 0.006 -25"><span class='ocrx_word' id='word_1_240' title='bbox 1855 1691 2028 1754; x_wconf 86' lang='lat' dir='ltr'><strong><em>sitate,</em></strong></span> <span class='ocrx_word' id='word_1_241' title='bbox 2051 1693 2141 1745; x_wconf 86' lang='lat' dir='ltr'><strong><em>sed</em></strong></span> <span class='ocrx_word' id='word_1_242' title='bbox 2167 1692 2456 1747; x_wconf 82' lang='lat' dir='ltr'><strong><em>voluntarie</em></strong></span> <span class='ocrx_word' id='word_1_243' title='bbox 2479 1691 2532 1763; x_wconf 88' lang='grc' dir='ltr'><strong><em>(Ι</em></strong></span> <span class='ocrx_word' id='word_1_244' title='bbox 2556 1691 2704 1749; x_wconf 87' lang='lat' dir='ltr'><strong><em>Petr.</em></strong></span> <span class='ocrx_word' id='word_1_245' title='bbox 2723 1709 2776 1759; x_wconf 90' lang='lat' dir='ltr'><strong><em>v,</em></strong></span> <span class='ocrx_word' id='word_1_246' title='bbox 2794 1694 2867 1765; x_wconf 85' lang='lat' dir='ltr'><strong><em>l).</em></strong></span> <span class='ocrx_word' id='word_1_247' title='bbox 2894 1695 3017 1751; x_wconf 66' lang='lat' dir='ltr'><strong><em>Haec</em></strong></span> <span class='ocrx_word' id='word_1_248' title='bbox 3042 1704 3351 1767; x_wconf 84' lang='lat' dir='ltr'><strong><em>propterea,</em></strong></span> <span class='ocrx_word' id='word_1_249' title='bbox 3382 1706 3446 1753; x_wconf 86' lang='lat' dir='ltr'><strong><em>ut</em></strong></span> 
     </span>
    </p>
   </div>
   <div class='ocr_carea' id='block_1_32' title="bbox 1857 1781 3437 1861">
    <p class='ocr_par' dir='ltr' id='par_1_32' title="bbox 1857 1781 3437 1861">
     <span class='ocr_line' id='line_1_32' title="bbox 1857 1781 3437 1861; baseline 0.006 -27"><span class='ocrx_word' id='word_1_250' title='bbox 1857 1781 2268 1837; x_wconf 85' lang='lat' dir='ltr'><strong><em>ostenderemus</em></strong></span> <span class='ocrx_word' id='word_1_251' title='bbox 2300 1784 2439 1853; x_wconf 87' lang='lat' dir='ltr'><strong><em>apud</em></strong></span> <span class='ocrx_word' id='word_1_252' title='bbox 2463 1792 2678 1841; x_wconf 85' lang='lat' dir='ltr'><strong><em>veteres</em></strong></span> <span class='ocrx_word' id='word_1_253' title='bbox 2706 1786 2924 1842; x_wconf 88' lang='lat' dir='ltr'><strong><em>eosdem</em></strong></span> <span class='ocrx_word' id='word_1_254' title='bbox 2958 1785 3126 1843; x_wconf 84' lang='lat' dir='ltr'><strong><em>fuisse</em></strong></span> <span class='ocrx_word' id='word_1_255' title='bbox 3155 1789 3437 1861; x_wconf 81' lang='lat' dir='ltr'><strong><em>presbyte—</em></strong></span> 
     </span>
    </p>
   </div>
   <div class='ocr_carea' id='block_1_33' title="bbox 179 1859 3440 1946">
    <p class='ocr_par' dir='ltr' id='par_1_33' title="bbox 179 1859 3440 1946">
     <span class='ocr_line' id='line_1_33' title="bbox 179 1859 3440 1946; baseline 0.007 -34"><span class='ocrx_word' id='word_1_256' title='bbox 179 1859 374 1929; x_wconf 83' lang='lat' dir='ltr'><strong><em>aliquis</em></strong></span> <span class='ocrx_word' id='word_1_257' title='bbox 397 1876 504 1915; x_wconf 93' lang='lat' dir='ltr'><strong><em>non</em></strong></span> <span class='ocrx_word' id='word_1_258' title='bbox 531 1861 965 1931; x_wconf 87' lang='lat' dir='ltr'><strong><em>Scripturarum,</em></strong></span> <span class='ocrx_word' id='word_1_259' title='bbox 987 1867 1081 1920; x_wconf 90' lang='lat' dir='ltr'><strong><em>sed</em></strong></span> <span class='ocrx_word' id='word_1_260' title='bbox 1108 1876 1348 1921; x_wconf 87' lang='lat' dir='ltr'><strong><em>nostram</em></strong></span> <span class='ocrx_word' id='word_1_261' title='bbox 1380 1883 1500 1922; x_wconf 75' lang='lat' dir='ltr'><strong><em>esse</em></strong></span> <span class='ocrx_word' id='word_1_262' title='bbox 1536 1879 1759 1924; x_wconf 79' lang='lat' dir='ltr'><strong><em>senten—</em></strong></span> <span class='ocrx_word' id='word_1_263' title='bbox 1793 1859 1838 1918; x_wconf 83' lang='grc' dir='ltr'><strong>Β</strong></span> <span class='ocrx_word' id='word_1_264' title='bbox 1867 1888 1956 1927; x_wconf 89' lang='lat' dir='ltr'><strong><em>ros</em></strong></span> <span class='ocrx_word' id='word_1_265' title='bbox 1982 1888 2122 1943; x_wconf 89' lang='lat' dir='ltr'><strong><em>quos</em></strong></span> <span class='ocrx_word' id='word_1_266' title='bbox 2155 1874 2472 1945; x_wconf 85' lang='lat' dir='ltr'><strong><em>episcopos;</em></strong></span> <span class='ocrx_word' id='word_1_267' title='bbox 2500 1876 2762 1946; x_wconf 81' lang='lat' dir='ltr'><strong><em>paulatim</em></strong></span> <span class='ocrx_word' id='word_1_268' title='bbox 2790 1893 2919 1933; x_wconf 88' lang='lat' dir='ltr'><strong><em>vero</em></strong></span> <span class='ocrx_word' id='word_1_269' title='bbox 2957 1887 3015 1933; x_wconf 92' lang='lat' dir='ltr'><strong><em>ut</em></strong></span> <span class='ocrx_word' id='word_1_270' title='bbox 3039 1859 3440 1934; x_wconf 84' lang='lat' dir='ltr'><strong><em>dissensionum</em></strong></span> 
     </span>
    </p>
   </div>
   <div class='ocr_carea' id='block_1_34' title="bbox 181 1949 1754 2025">
    <p class='ocr_par' dir='ltr' id='par_1_34' title="bbox 181 1949 1754 2025">
     <span class='ocr_line' id='line_1_34' title="bbox 181 1949 1754 2025; baseline 0.009 -24"><span class='ocrx_word' id='word_1_271' title='bbox 181 1949 330 2015; x_wconf 87' lang='lat' dir='ltr'><strong><em>tiam,</em></strong></span> <span class='ocrx_word' id='word_1_272' title='bbox 353 1950 661 2020; x_wconf 85' lang='lat' dir='ltr'><strong><em>episcopum</em></strong></span> <span class='ocrx_word' id='word_1_273' title='bbox 691 1960 746 2007; x_wconf 92' lang='lat' dir='ltr'><strong><em>et</em></strong></span> <span class='ocrx_word' id='word_1_274' title='bbox 767 1955 1140 2025; x_wconf 78' lang='lat' dir='ltr'><strong><em>presbyterum</em></strong></span> <span class='ocrx_word' id='word_1_275' title='bbox 1169 1972 1332 2009; x_wconf 85' lang='lat' dir='ltr'><strong><em>llnllm</em></strong></span> <span class='ocrx_word' id='word_1_276' title='bbox 1357 1972 1499 2022; x_wconf 85' lang='lat' dir='ltr'><strong><em>esse,</em></strong></span> <span class='ocrx_word' id='word_1_277' title='bbox 1526 1969 1584 2013; x_wconf 92' lang='lat' dir='ltr'><strong><em>et</em></strong></span> <span class='ocrx_word' id='word_1_278' title='bbox 1608 1958 1754 2015; x_wconf 83' lang='lat' dir='ltr'><strong><em>aliud</em></strong></span> 
     </span>
    </p>
   </div>
   <div class='ocr_carea' id='block_1_35' title="bbox 178 2041 1817 2118">
    <p class='ocr_par' dir='ltr' id='par_1_35' title="bbox 178 2041 1817 2118">
     <span class='ocr_line' id='line_1_35' title="bbox 178 2041 1817 2118; baseline 0.007 -22"><span class='ocrx_word' id='word_1_279' title='bbox 178 2041 372 2105; x_wconf 64' lang='lat' dir='ltr'><strong><em>artatis,</em></strong></span> <span class='ocrx_word' id='word_1_280' title='bbox 400 2041 544 2097; x_wconf 88' lang='lat' dir='ltr'><strong><em>aliud</em></strong></span> <span class='ocrx_word' id='word_1_281' title='bbox 570 2058 689 2098; x_wconf 89' lang='lat' dir='ltr'><strong><em>esse</em></strong></span> <span class='ocrx_word' id='word_1_282' title='bbox 713 2060 906 2103; x_wconf 87' lang='lat' dir='ltr'><strong><em>nomen</em></strong></span> <span class='ocrx_word' id='word_1_283' title='bbox 946 2046 1145 2101; x_wconf 83' lang='lat' dir='ltr'><strong><em>ollicii?</em></strong></span> <span class='ocrx_word' id='word_1_284' title='bbox 1171 2048 1391 2118; x_wconf 79' lang='lat' dir='ltr'><strong><em>Relegat</em></strong></span> <span class='ocrx_word' id='word_1_285' title='bbox 1418 2050 1657 2118; x_wconf 88' lang='lat' dir='ltr'><strong><em>Apostoli</em></strong></span> <span class='ocrx_word' id='word_1_286' title='bbox 1689 2053 1755 2107; x_wconf 83' lang='lat' dir='ltr'><strong><em>ad</em></strong></span> <span class='ocrx_word' id='word_1_287' title='bbox 1814 2064 1817 2069; x_wconf 79' lang='lat'><strong>‘</strong></span> 
     </span>
    </p>
   </div>
   <div class='ocr_carea' id='block_1_36' title="bbox 178 2131 1755 2201">
    <p class='ocr_par' dir='ltr' id='par_1_36' title="bbox 178 2131 1755 2201">
     <span class='ocr_line' id='line_1_36' title="bbox 178 2131 1755 2201; baseline 0.006 -16"><span class='ocrx_word' id='word_1_288' title='bbox 178 2131 549 2201; x_wconf 87' lang='lat' dir='ltr'><strong><em>Pbilippeuses</em></strong></span> <span class='ocrx_word' id='word_1_289' title='bbox 574 2134 741 2187; x_wconf 86' lang='lat' dir='ltr'><strong><em>verba</em></strong></span> <span class='ocrx_word' id='word_1_290' title='bbox 771 2134 999 2189; x_wconf 87' lang='lat' dir='ltr'><strong><em>dicentis</em></strong></span> <span class='ocrx_word' id='word_1_291' title='bbox 1040 2152 1054 2189; x_wconf 88' lang='lat'><strong>:</strong></span> <span class='ocrx_word' id='word_1_292' title='bbox 1095 2133 1299 2191; x_wconf 83' lang='lat' dir='ltr'><strong><em>Paulus</em></strong></span> <span class='ocrx_word' id='word_1_293' title='bbox 1340 2149 1387 2191; x_wconf 86' lang='lat' dir='ltr'><strong><em>et</em></strong></span> <span class='ocrx_word' id='word_1_294' title='bbox 1439 2137 1755 2194; x_wconf 77' lang='lat' dir='ltr'><strong><em>Timotlueus</em></strong></span> 
     </span>
    </p>
   </div>
   <div class='ocr_carea' id='block_1_37' title="bbox 178 2222 1758 2304">
    <p class='ocr_par' dir='ltr' id='par_1_37' title="bbox 178 2222 1758 2304">
     <span class='ocr_line' id='line_1_37' title="bbox 178 2222 1758 2304; baseline 0.007 -27"><span class='ocrx_word' id='word_1_295' title='bbox 178 2225 308 2277; x_wconf 79' lang='lat' dir='ltr'><strong><em>servi</em></strong></span> <span class='ocrx_word' id='word_1_296' title='bbox 340 2222 535 2278; x_wconf 87' lang='lat' dir='ltr'><strong><em>Christi</em></strong></span> <span class='ocrx_word' id='word_1_297' title='bbox 554 2223 707 2289; x_wconf 74' lang='lat' dir='ltr'><strong><em>Iesu,</em></strong></span> <span class='ocrx_word' id='word_1_298' title='bbox 739 2227 975 2281; x_wconf 87' lang='lat' dir='ltr'><strong><em>omnibus</em></strong></span> <span class='ocrx_word' id='word_1_299' title='bbox 996 2231 1191 2283; x_wconf 83' lang='lat' dir='ltr'><strong><em>sanctis</em></strong></span> <span class='ocrx_word' id='word_1_300' title='bbox 1211 2232 1269 2284; x_wconf 91' lang='lat' dir='ltr'><strong><em>in</em></strong></span> <span class='ocrx_word' id='word_1_301' title='bbox 1289 2230 1493 2285; x_wconf 81' lang='lat' dir='ltr'><strong><em>Christo</em></strong></span> <span class='ocrx_word' id='word_1_302' title='bbox 1517 2232 1647 2287; x_wconf 84' lang='lat' dir='ltr'><strong><em>Jesu</em></strong></span> <span class='ocrx_word' id='word_1_303' title='bbox 1668 2235 1758 2304; x_wconf 85' lang='lat' dir='ltr'><strong><em>qui</em></strong></span> 
     </span>
    </p>
   </div>
   <div class='ocr_carea' id='block_1_38' title="bbox 168 2312 1758 2393">
    <p class='ocr_par' dir='ltr' id='par_1_38' title="bbox 168 2312 1758 2393">
     <span class='ocr_line' id='line_1_38' title="bbox 168 2312 1758 2393; baseline 0.008 -27"><span class='ocrx_word' id='word_1_304' title='bbox 168 2324 292 2391; x_wconf 59' lang='lat' dir='ltr'><strong><em>.sunt</em></strong></span> <span class='ocrx_word' id='word_1_305' title='bbox 313 2313 573 2384; x_wconf 77' lang='lat' dir='ltr'><strong><em>Philippis</em></strong></span> <span class='ocrx_word' id='word_1_306' title='bbox 599 2312 716 2370; x_wconf 83' lang='lat' dir='ltr'><strong><em>cum</em></strong></span> <span class='ocrx_word' id='word_1_307' title='bbox 742 2318 992 2387; x_wconf 82' lang='lat' dir='ltr'><strong><em>episcopis</em></strong></span> <span class='ocrx_word' id='word_1_308' title='bbox 1008 2329 1055 2373; x_wconf 88' lang='lat' dir='ltr'><strong><em>et</em></strong></span> <span class='ocrx_word' id='word_1_309' title='bbox 1081 2320 1337 2387; x_wconf 85' lang='lat' dir='ltr'><strong><em>diaconis,</em></strong></span> <span class='ocrx_word' id='word_1_310' title='bbox 1357 2324 1526 2393; x_wconf 82' lang='lat' dir='ltr'><strong><em>gratia</em></strong></span> <span class='ocrx_word' id='word_1_311' title='bbox 1551 2325 1692 2378; x_wconf 86' lang='lat' dir='ltr'><strong><em>vobis</em></strong></span> <span class='ocrx_word' id='word_1_312' title='bbox 1712 2335 1758 2380; x_wconf 90' lang='lat' dir='ltr'><strong><em>et</em></strong></span> 
     </span>
    </p>
   </div>
   <div class='ocr_carea' id='block_1_39' title="bbox 179 2406 1759 2482">
    <p class='ocr_par' dir='ltr' id='par_1_39' title="bbox 179 2406 1759 2482">
     <span class='ocr_line' id='line_1_39' title="bbox 179 2406 1759 2482; baseline 0.008 -25"><span class='ocrx_word' id='word_1_313' title='bbox 179 2421 303 2473; x_wconf 73' lang='lat' dir='ltr'><strong><em>pax,</em></strong></span> <span class='ocrx_word' id='word_1_314' title='bbox 330 2415 388 2460; x_wconf 86' lang='lat' dir='ltr'><strong><em>et</em></strong></span> <span class='ocrx_word' id='word_1_315' title='bbox 416 2406 624 2477; x_wconf 84' lang='lat' dir='ltr'><strong><em>reliqua</em></strong></span> <span class='ocrx_word' id='word_1_316' title='bbox 665 2408 885 2479; x_wconf 85' lang='lat' dir='ltr'><strong><em>(Philip.</em></strong></span> <span class='ocrx_word' id='word_1_317' title='bbox 914 2424 956 2475; x_wconf 81' lang='grc' dir='ltr'><strong><em>ι,</em></strong></span> <span class='ocrx_word' id='word_1_318' title='bbox 989 2410 1065 2479; x_wconf 77' lang='grc'><strong><em>1).</em></strong></span> <span class='ocrx_word' id='word_1_319' title='bbox 1096 2411 1328 2482; x_wconf 88' lang='lat' dir='ltr'><strong><em>Philippi</em></strong></span> <span class='ocrx_word' id='word_1_320' title='bbox 1365 2430 1469 2467; x_wconf 85' lang='lat' dir='ltr'><strong><em>una</em></strong></span> <span class='ocrx_word' id='word_1_321' title='bbox 1501 2422 1585 2468; x_wconf 84' lang='lat' dir='ltr'><strong><em>est</em></strong></span> <span class='ocrx_word' id='word_1_322' title='bbox 1631 2418 1759 2470; x_wconf 90' lang='lat' dir='ltr'><strong><em>urbs</em></strong></span> 
     </span>
    </p>
   </div>
   <div class='ocr_carea' id='block_1_40' title="bbox 179 2495 1762 2574">
    <p class='ocr_par' dir='ltr' id='par_1_40' title="bbox 179 2495 1762 2574">
     <span class='ocr_line' id='line_1_40' title="bbox 179 2495 1762 2574; baseline 0.006 -25"><span class='ocrx_word' id='word_1_323' title='bbox 179 2495 527 2563; x_wconf 72' lang='lat' dir='ltr'><strong><em>Macedoniae,</em></strong></span> <span class='ocrx_word' id='word_1_324' title='bbox 552 2509 607 2552; x_wconf 90' lang='lat' dir='ltr'><strong><em>et</em></strong></span> <span class='ocrx_word' id='word_1_325' title='bbox 624 2509 773 2555; x_wconf 91' lang='lat' dir='ltr'><strong><em>certe</em></strong></span> <span class='ocrx_word' id='word_1_326' title='bbox 795 2501 849 2553; x_wconf 90' lang='lat' dir='ltr'><strong><em>in</em></strong></span> <span class='ocrx_word' id='word_1_327' title='bbox 872 2517 976 2556; x_wconf 84' lang='lat' dir='ltr'><strong><em>una</em></strong></span> <span class='ocrx_word' id='word_1_328' title='bbox 996 2503 1215 2558; x_wconf 82' lang='lat' dir='ltr'><strong><em>civitate</em></strong></span> <span class='ocrx_word' id='word_1_329' title='bbox 1240 2504 1441 2574; x_wconf 88' lang='lat' dir='ltr'><strong><em>plures,</em></strong></span> <span class='ocrx_word' id='word_1_330' title='bbox 1473 2515 1533 2559; x_wconf 91' lang='lat' dir='ltr'><strong><em>ut</em></strong></span> <span class='ocrx_word' id='word_1_331' title='bbox 1561 2520 1762 2560; x_wconf 89' lang='lat' dir='ltr'><strong><em>nuncu-</em></strong></span> 
     </span>
    </p>
   </div>
   <div class='ocr_carea' id='block_1_41' title="bbox 182 2593 1761 2673">
    <p class='ocr_par' dir='ltr' id='par_1_41' title="bbox 182 2593 1761 2673">
     <span class='ocr_line' id='line_1_41' title="bbox 182 2593 1761 2673; baseline 0.011 -29"><span class='ocrx_word' id='word_1_332' title='bbox 182 2600 385 2660; x_wconf 89' lang='lat' dir='ltr'><strong><em>pantur</em></strong></span> <span class='ocrx_word' id='word_1_333' title='bbox 411 2593 649 2664; x_wconf 86' lang='lat' dir='ltr'><strong><em>episcopi</em></strong></span> <span class='ocrx_word' id='word_1_334' title='bbox 678 2611 800 2652; x_wconf 87' lang='lat' dir='ltr'><strong><em>esse</em></strong></span> <span class='ocrx_word' id='word_1_335' title='bbox 821 2613 928 2652; x_wconf 90' lang='lat' dir='ltr'><strong><em>non</em></strong></span> <span class='ocrx_word' id='word_1_336' title='bbox 965 2610 1233 2669; x_wconf 86' lang='lat' dir='ltr'><strong><em>poterant.</em></strong></span> <span class='ocrx_word' id='word_1_337' title='bbox 1261 2603 1365 2658; x_wconf 87' lang='lat' dir='ltr'><strong><em>Sed</em></strong></span> <span class='ocrx_word' id='word_1_338' title='bbox 1386 2606 1512 2673; x_wconf 86' lang='lat' dir='ltr'><strong><em>quia</em></strong></span> <span class='ocrx_word' id='word_1_339' title='bbox 1542 2606 1761 2660; x_wconf 89' lang='lat' dir='ltr'><strong><em>eosdem</em></strong></span> 
     </span>
    </p>
   </div>
   <div class='ocr_carea' id='block_1_42' title="bbox 179 2680 1759 2767">
    <p class='ocr_par' dir='ltr' id='par_1_42' title="bbox 179 2680 1759 2767">
     <span class='ocr_line' id='line_1_42' title="bbox 179 2680 1759 2767; baseline 0.011 -35"><span class='ocrx_word' id='word_1_340' title='bbox 179 2683 462 2752; x_wconf 82' lang='lat' dir='ltr'><strong><em>episcopos</em></strong></span> <span class='ocrx_word' id='word_1_341' title='bbox 491 2685 582 2740; x_wconf 89' lang='lat' dir='ltr'><strong><em>illo</em></strong></span> <span class='ocrx_word' id='word_1_342' title='bbox 611 2687 664 2741; x_wconf 92' lang='lat' dir='ltr'><strong><em>in</em></strong></span> <span class='ocrx_word' id='word_1_343' title='bbox 705 2680 946 2758; x_wconf 62' lang='lat' dir='ltr'><strong><em>tempore</em></strong></span> <span class='ocrx_word' id='word_1_344' title='bbox 976 2707 1110 2759; x_wconf 89' lang='lat' dir='ltr'><strong><em>quos</em></strong></span> <span class='ocrx_word' id='word_1_345' title='bbox 1147 2696 1494 2767; x_wconf 84' lang='lat' dir='ltr'><strong><em>presbyteros</em></strong></span> <span class='ocrx_word' id='word_1_346' title='bbox 1522 2697 1759 2766; x_wconf 82' lang='lat' dir='ltr'><strong><em>appella-</em></strong></span> 
     </span>
    </p>
   </div>
   <div class='ocr_carea' id='block_1_43' title="bbox 178 2772 1761 2858">
    <p class='ocr_par' dir='ltr' id='par_1_43' title="bbox 178 2772 1761 2858">
     <span class='ocr_line' id='line_1_43' title="bbox 178 2772 1761 2858; baseline 0.01 -31"><span class='ocrx_word' id='word_1_347' title='bbox 178 2772 307 2827; x_wconf 85' lang='lat' dir='ltr'><strong><em>bant</em></strong></span> <span class='ocrx_word' id='word_1_348' title='bbox 336 2815 353 2839; x_wconf 90' lang='lat'><strong><em>,</em></strong></span> <span class='ocrx_word' id='word_1_349' title='bbox 410 2788 694 2846; x_wconf 86' lang='lat' dir='ltr'><strong><em>propterea</em></strong></span> <span class='ocrx_word' id='word_1_350' title='bbox 755 2782 1123 2840; x_wconf 78' lang='lat' dir='ltr'><strong><em>indifferenter</em></strong></span> <span class='ocrx_word' id='word_1_351' title='bbox 1175 2787 1242 2842; x_wconf 89' lang='lat' dir='ltr'><strong><em>de</em></strong></span> <span class='ocrx_word' id='word_1_352' title='bbox 1284 2788 1550 2858; x_wconf 83' lang='lat' dir='ltr'><strong><em>episcopis</em></strong></span> <span class='ocrx_word' id='word_1_353' title='bbox 1604 2789 1761 2858; x_wconf 87' lang='lat' dir='ltr'><strong><em>quasi</em></strong></span> 
     </span>
    </p>
   </div>
   <div class='ocr_carea' id='block_1_44' title="bbox 178 2866 1785 2936">
    <p class='ocr_par' dir='ltr' id='par_1_44' title="bbox 178 2866 1785 2936">
     <span class='ocr_line' id='line_1_44' title="bbox 178 2866 1785 2936; baseline 0.011 -18"><span class='ocrx_word' id='word_1_354' title='bbox 178 2866 513 2936; x_wconf 79' lang='lat' dir='ltr'><strong><em>presbyteris</em></strong></span> <span class='ocrx_word' id='word_1_355' title='bbox 544 2878 631 2925; x_wconf 86' lang='lat' dir='ltr'><strong><em>est</em></strong></span> <span class='ocrx_word' id='word_1_356' title='bbox 668 2871 896 2930; x_wconf 90' lang='lat' dir='ltr'><strong><em>locutus.</em></strong></span> <span class='ocrx_word' id='word_1_357' title='bbox 928 2875 1119 2933; x_wconf 85' lang='lat' dir='ltr'><strong><em>Adhuc</em></strong></span> <span class='ocrx_word' id='word_1_358' title='bbox 1152 2879 1314 2934; x_wconf 88' lang='lat' dir='ltr'><strong><em>alicui</em></strong></span> <span class='ocrx_word' id='word_1_359' title='bbox 1364 2880 1468 2936; x_wconf 87' lang='lat' dir='ltr'><strong><em>hoc</em></strong></span> <span class='ocrx_word' id='word_1_360' title='bbox 1514 2880 1785 2935; x_wconf 52' lang='lat' dir='ltr'><strong><em>videatur»</em></strong></span> 
     </span>
    </p>
   </div>
   <div class='ocr_carea' id='block_1_45' title="bbox 179 2956 1761 3041">
    <p class='ocr_par' dir='ltr' id='par_1_45' title="bbox 179 2956 1761 3041">
     <span class='ocr_line' id='line_1_45' title="bbox 179 2956 1761 3041; baseline 0.013 -34"><span class='ocrx_word' id='word_1_361' title='bbox 179 2956 513 3026; x_wconf 76' lang='lat' dir='ltr'><strong><em>ambiguum,</em></strong></span> <span class='ocrx_word' id='word_1_362' title='bbox 557 2961 660 3015; x_wconf 85' lang='lat' dir='ltr'><strong><em>nisi</em></strong></span> <span class='ocrx_word' id='word_1_363' title='bbox 709 2962 881 3020; x_wconf 85' lang='lat' dir='ltr'><strong><em>altero</em></strong></span> <span class='ocrx_word' id='word_1_364' title='bbox 929 2969 1240 3024; x_wconf 89' lang='lat' dir='ltr'><strong><em>testimonio</em></strong></span> <span class='ocrx_word' id='word_1_365' title='bbox 1274 2971 1675 3041; x_wconf 89' lang='lat' dir='ltr'><strong><em>comprobetur.</em></strong></span> <span class='ocrx_word' id='word_1_366' title='bbox 1703 2971 1761 3027; x_wconf 91' lang='lat' dir='ltr'><strong><em>In</em></strong></span> 
     </span>
    </p>
   </div>
   <div class='ocr_carea' id='block_1_46' title="bbox 1857 1966 3445 2037">
    <p class='ocr_par' dir='ltr' id='par_1_46' title="bbox 1857 1966 3445 2037">
     <span class='ocr_line' id='line_1_46' title="bbox 1857 1966 3445 2037; baseline 0.003 -17"><span class='ocrx_word' id='word_1_367' title='bbox 1857 1966 2125 2037; x_wconf 88' lang='lat' dir='ltr'><strong><em>plantaria</em></strong></span> <span class='ocrx_word' id='word_1_368' title='bbox 2156 1967 2549 2034; x_wconf 88' lang='lat' dir='ltr'><strong><em>evellerentur,</em></strong></span> <span class='ocrx_word' id='word_1_369' title='bbox 2577 1969 2646 2024; x_wconf 88' lang='lat' dir='ltr'><strong><em>ad</em></strong></span> <span class='ocrx_word' id='word_1_370' title='bbox 2675 1984 2839 2023; x_wconf 91' lang='lat' dir='ltr'><strong><em>unum</em></strong></span> <span class='ocrx_word' id='word_1_371' title='bbox 2873 1984 3090 2024; x_wconf 89' lang='lat' dir='ltr'><strong><em>omnem</em></strong></span> <span class='ocrx_word' id='word_1_372' title='bbox 3122 1969 3445 2025; x_wconf 63' lang='lat' dir='ltr'><strong><em>sollicitudio</em></strong></span> 
     </span>
    </p>
   </div>
   <div class='ocr_carea' id='block_1_47' title="bbox 1859 2058 3445 2132">
    <p class='ocr_par' dir='ltr' id='par_1_47' title="bbox 1859 2058 3445 2132">
     <span class='ocr_line' id='line_1_47' title="bbox 1859 2058 3445 2132; baseline 0.003 -20"><span class='ocrx_word' id='word_1_373' title='bbox 1859 2073 1981 2112; x_wconf 90' lang='lat' dir='ltr'><strong><em>nem</em></strong></span> <span class='ocrx_word' id='word_1_374' title='bbox 2010 2073 2132 2113; x_wconf 89' lang='lat' dir='ltr'><strong><em>esse</em></strong></span> <span class='ocrx_word' id='word_1_375' title='bbox 2160 2058 2412 2114; x_wconf 87' lang='lat' dir='ltr'><strong><em>delatam.</em></strong></span> <span class='ocrx_word' id='word_1_376' title='bbox 2436 2059 2589 2114; x_wconf 90' lang='lat' dir='ltr'><strong><em>Sicut</em></strong></span> <span class='ocrx_word' id='word_1_377' title='bbox 2607 2076 2737 2131; x_wconf 78' lang='lat' dir='ltr'><strong><em>ergo</em></strong></span> <span class='ocrx_word' id='word_1_378' title='bbox 2757 2060 3063 2132; x_wconf 87' lang='lat' dir='ltr'><strong><em>presbyteri</em></strong></span> <span class='ocrx_word' id='word_1_379' title='bbox 3090 2061 3270 2117; x_wconf 89' lang='lat' dir='ltr'><strong><em>sciunt</em></strong></span> <span class='ocrx_word' id='word_1_380' title='bbox 3289 2077 3350 2117; x_wconf 85' lang='lat' dir='ltr'><strong><em>se</em></strong></span> <span class='ocrx_word' id='word_1_381' title='bbox 3376 2076 3445 2116; x_wconf 77' lang='lat' dir='ltr'><strong><em>ex</em></strong></span> 
     </span>
    </p>
   </div>
   <div class='ocr_carea' id='block_1_48' title="bbox 1858 2148 3452 2224">
    <p class='ocr_par' dir='ltr' id='par_1_48' title="bbox 1858 2148 3452 2224">
     <span class='ocr_line' id='line_1_48' title="bbox 1858 2148 3452 2224; baseline 0.003 -20"><span class='ocrx_word' id='word_1_382' title='bbox 1858 2148 2115 2204; x_wconf 67' lang='lat' dir='ltr'><strong><em>Ecclesiae</em></strong></span> <span class='ocrx_word' id='word_1_383' title='bbox 2142 2151 2534 2206; x_wconf 87' lang='lat' dir='ltr'><strong><em>consuetudine</em></strong></span> <span class='ocrx_word' id='word_1_384' title='bbox 2571 2151 2621 2206; x_wconf 90' lang='lat' dir='ltr'><strong><em>ei</em></strong></span> <span class='ocrx_word' id='word_1_385' title='bbox 2662 2152 2756 2220; x_wconf 89' lang='lat' dir='ltr'><strong><em>qui</em></strong></span> <span class='ocrx_word' id='word_1_386' title='bbox 2795 2152 2899 2207; x_wconf 88' lang='lat' dir='ltr'><strong><em>sibi</em></strong></span> <span class='ocrx_word' id='word_1_387' title='bbox 2932 2154 3253 2224; x_wconf 65' lang='lat' dir='ltr'><strong><em>praepositus</em></strong></span> <span class='ocrx_word' id='word_1_388' title='bbox 3282 2151 3452 2209; x_wconf 80' lang='lat' dir='ltr'><strong><em>fuerit</em></strong></span> 
     </span>
    </p>
   </div>
   <div class='ocr_carea' id='block_1_49' title="bbox 1860 2240 3453 2316">
    <p class='ocr_par' dir='ltr' id='par_1_49' title="bbox 1860 2240 3453 2316">
     <span class='ocr_line' id='line_1_49' title="bbox 1860 2240 3453 2316; baseline 0.003 -21"><span class='ocrx_word' id='word_1_389' title='bbox 1860 2255 1982 2295; x_wconf 89' lang='lat' dir='ltr'><strong><em>esse</em></strong></span> <span class='ocrx_word' id='word_1_390' title='bbox 2013 2240 2320 2310; x_wconf 89' lang='lat' dir='ltr'><strong><em>subjectos;</em></strong></span> <span class='ocrx_word' id='word_1_391' title='bbox 2368 2241 2443 2296; x_wconf 89' lang='lat' dir='ltr'><strong><em>ita</em></strong></span> <span class='ocrx_word' id='word_1_392' title='bbox 2473 2240 2712 2311; x_wconf 90' lang='lat' dir='ltr'><strong><em>episcopi</em></strong></span> <span class='ocrx_word' id='word_1_393' title='bbox 2741 2243 2989 2297; x_wconf 87' lang='lat' dir='ltr'><strong><em>noverint</em></strong></span> <span class='ocrx_word' id='word_1_394' title='bbox 3023 2258 3082 2298; x_wconf 88' lang='lat' dir='ltr'><strong><em>se</em></strong></span> <span class='ocrx_word' id='word_1_395' title='bbox 3122 2244 3294 2316; x_wconf 80' lang='lat' dir='ltr'><strong><em>magis</em></strong></span> <span class='ocrx_word' id='word_1_396' title='bbox 3319 2259 3453 2300; x_wconf 88' lang='lat' dir='ltr'><strong><em>con-</em></strong></span> 
     </span>
    </p>
   </div>
   <div class='ocr_carea' id='block_1_50' title="bbox 1859 2329 3453 2401">
    <p class='ocr_par' dir='ltr' id='par_1_50' title="bbox 1859 2329 3453 2401">
     <span class='ocr_line' id='line_1_50' title="bbox 1859 2329 3453 2401; baseline 0.003 -17"><span class='ocrx_word' id='word_1_397' title='bbox 1859 2330 2144 2384; x_wconf 82' lang='lat' dir='ltr'><strong><em>suetudine</em></strong></span> <span class='ocrx_word' id='word_1_398' title='bbox 2207 2345 2369 2400; x_wconf 91' lang='lat' dir='ltr'><strong><em>quam</em></strong></span> <span class='ocrx_word' id='word_1_399' title='bbox 2430 2329 2802 2401; x_wconf 89' lang='lat' dir='ltr'><strong><em>dispositionis</em></strong></span> <span class='ocrx_word' id='word_1_400' title='bbox 2863 2332 3159 2387; x_wconf 69' lang='lat' dir='ltr'><strong><em>Dominicaa</em></strong></span> <span class='ocrx_word' id='word_1_401' title='bbox 3221 2333 3453 2388; x_wconf 85' lang='lat' dir='ltr'><strong><em>veritate</em></strong></span> 
     </span>
    </p>
   </div>
   <div class='ocr_carea' id='block_1_51' title="bbox 1860 2422 3452 2494">
    <p class='ocr_par' dir='ltr' id='par_1_51' title="bbox 1860 2422 3452 2494">
     <span class='ocr_line' id='line_1_51' title="bbox 1860 2422 3452 2494; baseline 0.004 -19"><span class='ocrx_word' id='word_1_402' title='bbox 1860 2422 2193 2492; x_wconf 89' lang='lat' dir='ltr'><strong><em>presbyteris</em></strong></span> <span class='ocrx_word' id='word_1_403' title='bbox 2242 2438 2365 2478; x_wconf 88' lang='lat' dir='ltr'><strong><em>esse</em></strong></span> <span class='ocrx_word' id='word_1_404' title='bbox 2418 2424 2675 2494; x_wconf 87' lang='lat' dir='ltr'><strong><em>majores.</em></strong></span> <span class='ocrx_word' id='word_1_405' title='bbox 2723 2433 2779 2479; x_wconf 91' lang='lat' dir='ltr'><strong><em>et</em></strong></span> <span class='ocrx_word' id='word_1_406' title='bbox 2821 2424 2875 2479; x_wconf 91' lang='lat' dir='ltr'><strong><em>in</em></strong></span> <span class='ocrx_word' id='word_1_407' title='bbox 2921 2440 3215 2480; x_wconf 90' lang='lat' dir='ltr'><strong><em>commune</em></strong></span> <span class='ocrx_word' id='word_1_408' title='bbox 3250 2426 3452 2482; x_wconf 84' lang='lat' dir='ltr'><strong><em>debere</em></strong></span> 
     </span>
    </p>
   </div>
   <div class='ocr_carea' id='block_1_52' title="bbox 1864 2512 3446 2586">
    <p class='ocr_par' dir='ltr' id='par_1_52' title="bbox 1864 2512 3446 2586">
     <span class='ocr_line' id='line_1_52' title="bbox 1864 2512 3446 2586; baseline 0.003 -19"><span class='ocrx_word' id='word_1_409' title='bbox 1864 2512 2163 2567; x_wconf 77' lang='lat' dir='ltr'><strong><em>Ecclesium</em></strong></span> <span class='ocrx_word' id='word_1_410' title='bbox 2188 2528 2396 2584; x_wconf 80' lang='lat' dir='ltr'><strong><em>regere,</em></strong></span> <span class='ocrx_word' id='word_1_411' title='bbox 2423 2514 2697 2569; x_wconf 89' lang='lat' dir='ltr'><strong><em>imitantes</em></strong></span> <span class='ocrx_word' id='word_1_412' title='bbox 2727 2513 2968 2586; x_wconf 82' lang='lat' dir='ltr'><strong><em>Moysen,</em></strong></span> <span class='ocrx_word' id='word_1_413' title='bbox 2999 2516 3091 2584; x_wconf 91' lang='lat' dir='ltr'><strong><em>qui</em></strong></span> <span class='ocrx_word' id='word_1_414' title='bbox 3121 2530 3245 2571; x_wconf 92' lang='lat' dir='ltr'><strong><em>cum</em></strong></span> <span class='ocrx_word' id='word_1_415' title='bbox 3277 2516 3446 2571; x_wconf 80' lang='lat' dir='ltr'><strong><em>habe-</em></strong></span> 
     </span>
    </p>
   </div>
   <div class='ocr_carea' id='block_1_53' title="bbox 1823 2592 3563 2678">
    <p class='ocr_par' dir='ltr' id='par_1_53' title="bbox 1823 2592 3563 2678">
     <span class='ocr_line' id='line_1_53' title="bbox 1823 2592 3563 2678; baseline 0 -15"><span class='ocrx_word' id='word_1_416' title='bbox 1823 2650 1836 2664; x_wconf 91' lang='lat'><strong><em>.</em></strong></span> <span class='ocrx_word' id='word_1_417' title='bbox 1862 2614 1951 2660; x_wconf 91' lang='lat' dir='ltr'><strong><em>rct</em></strong></span> <span class='ocrx_word' id='word_1_418' title='bbox 1979 2606 2031 2660; x_wconf 91' lang='lat' dir='ltr'><strong><em>in</em></strong></span> <span class='ocrx_word' id='word_1_419' title='bbox 2056 2613 2325 2676; x_wconf 87' lang='lat' dir='ltr'><strong><em>petestate</em></strong></span> <span class='ocrx_word' id='word_1_420' title='bbox 2358 2605 2504 2661; x_wconf 87' lang='lat' dir='ltr'><strong><em>solus</em></strong></span> <span class='ocrx_word' id='word_1_421' title='bbox 2536 2620 2770 2676; x_wconf 61' lang='lat' dir='ltr'><strong><em>praeesse</em></strong></span> <span class='ocrx_word' id='word_1_422' title='bbox 2796 2606 2990 2677; x_wconf 89' lang='lat' dir='ltr'><strong><em>populo</em></strong></span> <span class='ocrx_word' id='word_1_423' title='bbox 3018 2606 3208 2672; x_wconf 85' lang='lat' dir='ltr'><strong><em>Israel,</em></strong></span> <span class='ocrx_word' id='word_1_424' title='bbox 3234 2618 3452 2678; x_wconf 88' lang='lat' dir='ltr'><strong><em>septua-</em></strong></span> <span class='ocrx_word' id='word_1_425' title='bbox 3556 2592 3563 2599; x_wconf 15' lang='lat' dir='ltr'>K</span> 
     </span>
    </p>
   </div>
   <div class='ocr_carea' id='block_1_54' title="bbox 1863 2695 3452 2768">
    <p class='ocr_par' dir='ltr' id='par_1_54' title="bbox 1863 2695 3452 2768">
     <span class='ocr_line' id='line_1_54' title="bbox 1863 2695 3452 2768; baseline 0.002 -17"><span class='ocrx_word' id='word_1_426' title='bbox 1863 2699 2012 2768; x_wconf 83' lang='lat' dir='ltr'><strong><em>ginta</em></strong></span> <span class='ocrx_word' id='word_1_427' title='bbox 2034 2697 2197 2765; x_wconf 79' lang='lat' dir='ltr'><strong><em>elegit</em></strong></span> <span class='ocrx_word' id='word_1_428' title='bbox 2216 2712 2337 2751; x_wconf 92' lang='lat' dir='ltr'><strong><em>cum</em></strong></span> <span class='ocrx_word' id='word_1_429' title='bbox 2357 2697 2553 2766; x_wconf 89' lang='lat' dir='ltr'><strong><em>quibus</em></strong></span> <span class='ocrx_word' id='word_1_430' title='bbox 2573 2698 2835 2767; x_wconf 86' lang='lat' dir='ltr'><strong><em>populum</em></strong></span> <span class='ocrx_word' id='word_1_431' title='bbox 2842 2695 3132 2765; x_wconf 74' lang='lat' dir='ltr'><strong><em>iudicaret.</em></strong></span> <span class='ocrx_word' id='word_1_432' title='bbox 3159 2695 3452 2754; x_wconf 86' lang='lat' dir='ltr'><strong><em>Videamus</em></strong></span> 
     </span>
    </p>
   </div>
   <div class='ocr_carea' id='block_1_55' title="bbox 1864 2787 3451 2859">
    <p class='ocr_par' dir='ltr' id='par_1_55' title="bbox 1864 2787 3451 2859">
     <span class='ocr_line' id='line_1_55' title="bbox 1864 2787 3451 2859; baseline 0.001 -17"><span class='ocrx_word' id='word_1_433' title='bbox 1864 2787 2030 2859; x_wconf 78' lang='lat' dir='ltr'><strong><em>igitur</em></strong></span> <span class='ocrx_word' id='word_1_434' title='bbox 2051 2787 2225 2856; x_wconf 89' lang='lat' dir='ltr'><strong><em>qualis</em></strong></span> <span class='ocrx_word' id='word_1_435' title='bbox 2246 2788 2533 2858; x_wconf 87' lang='lat' dir='ltr'><strong><em>presbyter</em></strong></span> <span class='ocrx_word' id='word_1_436' title='bbox 2556 2787 2670 2842; x_wconf 88' lang='lat' dir='ltr'><strong><em>sive</em></strong></span> <span class='ocrx_word' id='word_1_437' title='bbox 2697 2787 2982 2859; x_wconf 87' lang='lat' dir='ltr'><strong><em>episcopus</em></strong></span> <span class='ocrx_word' id='word_1_438' title='bbox 3002 2788 3335 2844; x_wconf 88' lang='lat' dir='ltr'><strong><em>ordinandus</em></strong></span> <span class='ocrx_word' id='word_1_439' title='bbox 3357 2789 3451 2844; x_wconf 89' lang='lat' dir='ltr'><strong><em>sit.</em></strong></span> 
     </span>
    </p>
   </div>
   <div class='ocr_carea' id='block_1_56' title="bbox 1865 2882 3457 2955">
    <p class='ocr_par' dir='ltr' id='par_1_56' title="bbox 1865 2882 3457 2955">
     <span class='ocr_line' id='line_1_56' title="bbox 1865 2882 3457 2955; baseline 0.002 -17"><span class='ocrx_word' id='word_1_440' title='bbox 1865 2882 1928 2938; x_wconf 88' lang='lat' dir='ltr'><strong><em>Si</em></strong></span> <span class='ocrx_word' id='word_1_441' title='bbox 1961 2883 2077 2953; x_wconf 86' lang='lat' dir='ltr'><strong><em>quis</em></strong></span> <span class='ocrx_word' id='word_1_442' title='bbox 2105 2893 2180 2938; x_wconf 88' lang='lat' dir='ltr'><strong><em>est</em></strong></span> <span class='ocrx_word' id='word_1_443' title='bbox 2215 2883 2327 2937; x_wconf 86' lang='lat' dir='ltr'><strong><em>sine</em></strong></span> <span class='ocrx_word' id='word_1_444' title='bbox 2369 2883 2612 2947; x_wconf 84' lang='lat' dir='ltr'><strong><em>crimine,</em></strong></span> <span class='ocrx_word' id='word_1_445' title='bbox 2657 2884 2814 2938; x_wconf 86' lang='lat' dir='ltr'><strong><em>unius</em></strong></span> <span class='ocrx_word' id='word_1_446' title='bbox 2842 2884 3024 2938; x_wconf 74' lang='lat' dir='ltr'><strong><em>uxoris</em></strong></span> <span class='ocrx_word' id='word_1_447' title='bbox 3051 2886 3160 2949; x_wconf 84' lang='lat' dir='ltr'><strong><em>vir,</em></strong></span> <span class='ocrx_word' id='word_1_448' title='bbox 3188 2885 3328 2955; x_wconf 77' lang='lat' dir='ltr'><strong><em>ﬁlios</em></strong></span> <span class='ocrx_word' id='word_1_449' title='bbox 3355 2885 3457 2941; x_wconf 83' lang='lat' dir='ltr'><strong><em>ha-</em></strong></span> 
     </span>
    </p>
   </div>
   <div class='ocr_carea' id='block_1_57' title="bbox 1865 2973 3457 3044">
    <p class='ocr_par' dir='ltr' id='par_1_57' title="bbox 1865 2973 3457 3044">
     <span class='ocr_line' id='line_1_57' title="bbox 1865 2973 3457 3044; baseline 0.002 -15"><span class='ocrx_word' id='word_1_450' title='bbox 1865 2975 1986 3029; x_wconf 86' lang='lat' dir='ltr'><strong><em>bens</em></strong></span> <span class='ocrx_word' id='word_1_451' title='bbox 2030 2975 2244 3044; x_wconf 81' lang='lat' dir='ltr'><strong><em>ﬁdeles;</em></strong></span> <span class='ocrx_word' id='word_1_452' title='bbox 2284 2991 2389 3029; x_wconf 89' lang='lat' dir='ltr'><strong><em>non</em></strong></span> <span class='ocrx_word' id='word_1_453' title='bbox 2432 2974 2488 3028; x_wconf 92' lang='lat' dir='ltr'><strong><em>in</em></strong></span> <span class='ocrx_word' id='word_1_454' title='bbox 2527 2974 2865 3029; x_wconf 84' lang='lat' dir='ltr'><strong><em>accusatione</em></strong></span> <span class='ocrx_word' id='word_1_455' title='bbox 2912 2973 3176 3041; x_wconf 66' lang='lat' dir='ltr'><strong><em>luxurie,</em></strong></span> <span class='ocrx_word' id='word_1_456' title='bbox 3219 2986 3311 3031; x_wconf 87' lang='lat' dir='ltr'><strong><em>aut</em></strong></span> <span class='ocrx_word' id='word_1_457' title='bbox 3351 2994 3457 3032; x_wconf 93' lang='lat' dir='ltr'><strong><em>non</em></strong></span> 
     </span>
    </p>
   </div>
   <div class='ocr_carea' id='block_1_58' title="bbox 179 3045 3454 3138">
    <p class='ocr_par' dir='ltr' id='par_1_58' title="bbox 179 3045 3454 3138">
     <span class='ocr_line' id='line_1_58' title="bbox 179 3045 3454 3138; baseline 0.007 -38"><span class='ocrx_word' id='word_1_458' title='bbox 179 3045 405 3105; x_wconf 81' lang='lat' dir='ltr'><strong><em>Actibus</em></strong></span> <span class='ocrx_word' id='word_1_459' title='bbox 426 3054 787 3121; x_wconf 88' lang='lat' dir='ltr'><strong><em>apostolorum</em></strong></span> <span class='ocrx_word' id='word_1_460' title='bbox 810 3061 1068 3130; x_wconf 89' lang='lat' dir='ltr'><strong><em>scriptum</em></strong></span> <span class='ocrx_word' id='word_1_461' title='bbox 1083 3071 1167 3118; x_wconf 87' lang='lat' dir='ltr'><strong><em>est</em></strong></span> <span class='ocrx_word' id='word_1_462' title='bbox 1193 3063 1329 3135; x_wconf 84' lang='lat' dir='ltr'><strong><em>(Act.</em></strong></span> <span class='ocrx_word' id='word_1_463' title='bbox 1355 3081 1449 3129; x_wconf 80' lang='lat' dir='ltr'><strong><em>xx,</em></strong></span> <span class='ocrx_word' id='word_1_464' title='bbox 1478 3066 1593 3135; x_wconf 76' lang='lat' dir='ltr'><strong><em>i7),</em></strong></span> <span class='ocrx_word' id='word_1_465' title='bbox 1618 3066 1760 3134; x_wconf 89' lang='lat' dir='ltr'><strong><em>quod</em></strong></span> <span class='ocrx_word' id='word_1_466' title='bbox 1862 3067 2116 3122; x_wconf 84' lang='lat' dir='ltr'><strong><em>subditos.</em></strong></span> <span class='ocrx_word' id='word_1_467' title='bbox 2152 3065 2364 3136; x_wconf 88' lang='lat' dir='ltr'><strong><em>Oportet</em></strong></span> <span class='ocrx_word' id='word_1_468' title='bbox 2399 3066 2537 3120; x_wconf 88' lang='lat' dir='ltr'><strong><em>enim</em></strong></span> <span class='ocrx_word' id='word_1_469' title='bbox 2572 3066 2873 3138; x_wconf 83' lang='lat' dir='ltr'><strong><em>episcopum</em></strong></span> <span class='ocrx_word' id='word_1_470' title='bbox 2915 3066 3028 3121; x_wconf 86' lang='lat' dir='ltr'><strong><em>sine</em></strong></span> <span class='ocrx_word' id='word_1_471' title='bbox 3066 3068 3286 3121; x_wconf 88' lang='lat' dir='ltr'><strong><em>crimine</em></strong></span> <span class='ocrx_word' id='word_1_472' title='bbox 3321 3083 3454 3134; x_wconf 86' lang='lat' dir='ltr'><strong><em>esse,</em></strong></span> 
     </span>
    </p>
   </div>
   <div class='ocr_carea' id='block_1_59' title="bbox 180 3144 3349 3229">
    <p class='ocr_par' dir='ltr' id='par_1_59' title="bbox 180 3144 3349 3229">
     <span class='ocr_line' id='line_1_59' title="bbox 180 3144 3349 3229; baseline 0.007 -36"><span class='ocrx_word' id='word_1_473' title='bbox 180 3153 302 3195; x_wconf 90' lang='lat' dir='ltr'><strong><em>cum</em></strong></span> <span class='ocrx_word' id='word_1_474' title='bbox 326 3144 567 3201; x_wconf 86' lang='lat' dir='ltr'><strong><em>venisset</em></strong></span> <span class='ocrx_word' id='word_1_475' title='bbox 585 3150 859 3215; x_wconf 84' lang='lat' dir='ltr'><strong><em>apostolus</em></strong></span> <span class='ocrx_word' id='word_1_476' title='bbox 872 3152 1070 3209; x_wconf 88' lang='lat' dir='ltr'><strong><em>Paulus</em></strong></span> <span class='ocrx_word' id='word_1_477' title='bbox 1083 3154 1345 3222; x_wconf 86' lang='lat' dir='ltr'><strong><em>Miletum,</em></strong></span> <span class='ocrx_word' id='word_1_478' title='bbox 1364 3159 1570 3229; x_wconf 86' lang='lat' dir='ltr'><strong><em>miserit</em></strong></span> <span class='ocrx_word' id='word_1_479' title='bbox 1589 3159 1765 3228; x_wconf 84' lang='lat' dir='ltr'><strong><em>Ephe—</em></strong></span> <span class='ocrx_word' id='word_1_480' title='bbox 1797 3217 1835 3229; x_wconf 49' lang='grc' dir='ltr'><strong>Α</strong></span> <span class='ocrx_word' id='word_1_481' title='bbox 1865 3168 2117 3229; x_wconf 86' lang='lat' dir='ltr'><strong><em>tanquam</em></strong></span> <span class='ocrx_word' id='word_1_482' title='bbox 2139 3158 2236 3213; x_wconf 90' lang='lat' dir='ltr'><strong><em>Dei</em></strong></span> <span class='ocrx_word' id='word_1_483' title='bbox 2259 3158 2692 3229; x_wconf 86' lang='lat' dir='ltr'><strong><em>dispensatorem,</em></strong></span> <span class='ocrx_word' id='word_1_484' title='bbox 2719 3167 2776 3214; x_wconf 92' lang='lat' dir='ltr'><strong><em>et</em></strong></span> <span class='ocrx_word' id='word_1_485' title='bbox 2803 3157 3010 3228; x_wconf 87' lang='lat' dir='ltr'><strong><em>reliqua</em></strong></span> <span class='ocrx_word' id='word_1_486' title='bbox 3041 3157 3172 3228; x_wconf 82' lang='lat' dir='ltr'><strong><em>(Tit.</em></strong></span> <span class='ocrx_word' id='word_1_487' title='bbox 3202 3173 3245 3223; x_wconf 80' lang='grc' dir='ltr'><strong><em>ι,</em></strong></span> <span class='ocrx_word' id='word_1_488' title='bbox 3269 3157 3349 3228; x_wconf 88' lang='grc'><strong><em>6).</em></strong></span> 
     </span>
    </p>
   </div>
   <div class='ocr_carea' id='block_1_60' title="bbox 179 3217 3460 3320">
    <p class='ocr_par' dir='ltr' id='par_1_60' title="bbox 179 3217 3460 3320">
     <span class='ocr_line' id='line_1_60' title="bbox 179 3217 3460 3320; baseline 0.007 -37"><span class='ocrx_word' id='word_1_489' title='bbox 179 3242 326 3293; x_wconf 80' lang='lat' dir='ltr'><strong><em>sum,</em></strong></span> <span class='ocrx_word' id='word_1_490' title='bbox 376 3242 434 3288; x_wconf 86' lang='lat' dir='ltr'><strong><em>et</em></strong></span> <span class='ocrx_word' id='word_1_491' title='bbox 477 3239 751 3294; x_wconf 87' lang='lat' dir='ltr'><strong><em>vocaverit</em></strong></span> <span class='ocrx_word' id='word_1_492' title='bbox 792 3244 1146 3315; x_wconf 88' lang='lat' dir='ltr'><strong><em>presbyteros</em></strong></span> <span class='ocrx_word' id='word_1_493' title='bbox 1191 3217 1431 3316; x_wconf 86' lang='lat' dir='ltr'><strong><em>ejusdem</em></strong></span> <span class='ocrx_word' id='word_1_494' title='bbox 1486 3217 1759 3314; x_wconf 62' lang='lat' dir='ltr'><strong><em>Ecclesiae,</em></strong></span> <span class='ocrx_word' id='word_1_495' title='bbox 1790 3217 1836 3279; x_wconf 59' lang='grc' dir='ltr'><strong><em>ί)</em></strong></span> <span class='ocrx_word' id='word_1_496' title='bbox 1943 3217 2001 3306; x_wconf 80' lang='lat' dir='ltr'><strong><em>Si</em></strong></span> <span class='ocrx_word' id='word_1_497' title='bbox 2031 3260 2212 3306; x_wconf 89' lang='lat' dir='ltr'><strong><em>autem</em></strong></span> <span class='ocrx_word' id='word_1_498' title='bbox 2253 3217 2640 3306; x_wconf 76' lang='lat' dir='ltr'><strong><em>controversiae</em></strong></span> <span class='ocrx_word' id='word_1_499' title='bbox 2687 3249 2906 3305; x_wconf 80' lang='lat' dir='ltr'><strong><em>fortuna</em></strong></span> <span class='ocrx_word' id='word_1_500' title='bbox 2946 3250 3052 3305; x_wconf 89' lang='lat' dir='ltr'><strong><em>iste</em></strong></span> <span class='ocrx_word' id='word_1_501' title='bbox 3081 3249 3242 3304; x_wconf 82' lang='lat' dir='ltr'><strong><em>alicui</em></strong></span> <span class='ocrx_word' id='word_1_502' title='bbox 3269 3249 3460 3320; x_wconf 78' lang='lat' dir='ltr'><strong><em>displi-</em></strong></span> 
     </span>
    </p>
   </div>
   <div class='ocr_carea' id='block_1_61' title="bbox 180 3322 3459 3414">
    <p class='ocr_par' dir='ltr' id='par_1_61' title="bbox 180 3322 3459 3414">
     <span class='ocr_line' id='line_1_61' title="bbox 180 3322 3459 3414; baseline 0.006 -39"><span class='ocrx_word' id='word_1_503' title='bbox 180 3323 381 3389; x_wconf 88' lang='lat' dir='ltr'><strong><em>quibus</em></strong></span> <span class='ocrx_word' id='word_1_504' title='bbox 430 3337 616 3396; x_wconf 87' lang='lat' dir='ltr'><strong><em>postea</em></strong></span> <span class='ocrx_word' id='word_1_505' title='bbox 662 3331 806 3387; x_wconf 89' lang='lat' dir='ltr'><strong><em>inter</em></strong></span> <span class='ocrx_word' id='word_1_506' title='bbox 836 3322 1049 3403; x_wconf 54' lang='lat' dir='ltr'><strong><em>&#39;ctetera</em></strong></span> <span class='ocrx_word' id='word_1_507' title='bbox 1091 3337 1162 3390; x_wconf 86' lang='lat' dir='ltr'><strong><em>sit</em></strong></span> <span class='ocrx_word' id='word_1_508' title='bbox 1214 3338 1467 3394; x_wconf 85' lang='lat' dir='ltr'><strong><em>locutus:</em></strong></span> <span class='ocrx_word' id='word_1_509' title='bbox 1500 3339 1764 3395; x_wconf 87' lang='lat' dir='ltr'><strong><em>Attendite</em></strong></span> <span class='ocrx_word' id='word_1_510' title='bbox 1871 3344 2117 3409; x_wconf 85' lang='lat' dir='ltr'><strong><em>cueriut,</em></strong></span> <span class='ocrx_word' id='word_1_511' title='bbox 2144 3336 2250 3399; x_wconf 88' lang='lat' dir='ltr'><strong><em>non</em></strong></span> <span class='ocrx_word' id='word_1_512' title='bbox 2283 3342 2638 3414; x_wconf 86' lang='lat' dir='ltr'><strong><em>supercilium</em></strong></span> <span class='ocrx_word' id='word_1_513' title='bbox 2666 3342 2895 3398; x_wconf 90' lang='lat' dir='ltr'><strong><em>tumoris</em></strong></span> <span class='ocrx_word' id='word_1_514' title='bbox 2920 3340 3122 3399; x_wconf 86' lang='lat' dir='ltr'><strong><em>Christi</em></strong></span> <span class='ocrx_word' id='word_1_515' title='bbox 3158 3341 3459 3412; x_wconf 89' lang='lat' dir='ltr'><strong><em>imputetur</em></strong></span> 
     </span>
    </p>
   </div>
   <div class='ocr_carea' id='block_1_62' title="bbox 179 3416 3455 3505">
    <p class='ocr_par' dir='ltr' id='par_1_62' title="bbox 179 3416 3455 3505">
     <span class='ocr_line' id='line_1_62' title="bbox 179 3416 3455 3505; baseline 0.007 -38"><span class='ocrx_word' id='word_1_516' title='bbox 179 3416 348 3482; x_wconf 74' lang='lat' dir='ltr'><strong><em>vobis,</em></strong></span> <span class='ocrx_word' id='word_1_517' title='bbox 374 3428 426 3472; x_wconf 83' lang='lat' dir='ltr'><strong><em>et</em></strong></span> <span class='ocrx_word' id='word_1_518' title='bbox 460 3423 602 3475; x_wconf 87' lang='lat' dir='ltr'><strong><em>omni</em></strong></span> <span class='ocrx_word' id='word_1_519' title='bbox 630 3424 803 3494; x_wconf 86' lang='lat' dir='ltr'><strong><em>gregi,</em></strong></span> <span class='ocrx_word' id='word_1_520' title='bbox 835 3427 890 3479; x_wconf 90' lang='lat' dir='ltr'><strong><em>in</em></strong></span> <span class='ocrx_word' id='word_1_521' title='bbox 914 3444 1018 3498; x_wconf 91' lang='lat' dir='ltr'><strong><em>quo</em></strong></span> <span class='ocrx_word' id='word_1_522' title='bbox 1043 3446 1133 3484; x_wconf 84' lang='lat' dir='ltr'><strong><em>vos</em></strong></span> <span class='ocrx_word' id='word_1_523' title='bbox 1169 3429 1402 3501; x_wconf 82' lang='lat' dir='ltr'><strong><em>Spiritus</em></strong></span> <span class='ocrx_word' id='word_1_524' title='bbox 1428 3442 1642 3486; x_wconf 86' lang='lat' dir='ltr'><strong><em>sanctus</em></strong></span> <span class='ocrx_word' id='word_1_525' title='bbox 1666 3449 1763 3501; x_wconf 81' lang='grc' dir='ltr'><strong><em>ρο·-</em></strong></span> <span class='ocrx_word' id='word_1_526' title='bbox 1866 3435 2198 3499; x_wconf 85' lang='lat' dir='ltr'><strong><em>vernaculis,</em></strong></span> <span class='ocrx_word' id='word_1_527' title='bbox 2228 3435 2355 3505; x_wconf 90' lang='lat' dir='ltr'><strong><em>quia</em></strong></span> <span class='ocrx_word' id='word_1_528' title='bbox 2402 3450 2509 3489; x_wconf 85' lang='lat' dir='ltr'><strong><em>non</em></strong></span> <span class='ocrx_word' id='word_1_529' title='bbox 2544 3434 2851 3489; x_wconf 89' lang='lat' dir='ltr'><strong><em>evidentior</em></strong></span> <span class='ocrx_word' id='word_1_530' title='bbox 2876 3434 2930 3488; x_wconf 92' lang='lat' dir='ltr'><strong><em>in</em></strong></span> <span class='ocrx_word' id='word_1_531' title='bbox 2953 3431 3179 3504; x_wconf 69' lang='lat' dir='ltr'><strong><em>praefata</em></strong></span> <span class='ocrx_word' id='word_1_532' title='bbox 3202 3434 3455 3505; x_wconf 87' lang='lat' dir='ltr'><strong><em>proposi-</em></strong></span> 
     </span>
    </p>
   </div>
   <div class='ocr_carea' id='block_1_63' title="bbox 179 3506 3460 3594">
    <p class='ocr_par' dir='ltr' id='par_1_63' title="bbox 179 3506 3460 3594">
     <span class='ocr_line' id='line_1_63' title="bbox 179 3506 3460 3594; baseline 0.008 -38"><span class='ocrx_word' id='word_1_533' title='bbox 179 3506 283 3558; x_wconf 83' lang='lat' dir='ltr'><strong><em>suit</em></strong></span> <span class='ocrx_word' id='word_1_534' title='bbox 312 3508 583 3579; x_wconf 88' lang='lat' dir='ltr'><strong><em>episcopos</em></strong></span> <span class='ocrx_word' id='word_1_535' title='bbox 612 3528 822 3582; x_wconf 81' lang='lat' dir='ltr'><strong><em>pascere</em></strong></span> <span class='ocrx_word' id='word_1_536' title='bbox 842 3514 1136 3571; x_wconf 82' lang='lat' dir='ltr'><strong><em>Ecclesium</em></strong></span> <span class='ocrx_word' id='word_1_537' title='bbox 1160 3518 1276 3582; x_wconf 88' lang='lat' dir='ltr'><strong><em>Dei,</em></strong></span> <span class='ocrx_word' id='word_1_538' title='bbox 1302 3537 1462 3589; x_wconf 88' lang='lat' dir='ltr'><strong><em>quam</em></strong></span> <span class='ocrx_word' id='word_1_539' title='bbox 1491 3522 1767 3592; x_wconf 86' lang='lat' dir='ltr'><strong><em>acquisivit</em></strong></span> <span class='ocrx_word' id='word_1_540' title='bbox 1867 3526 2014 3583; x_wconf 85' lang='lat' dir='ltr'><strong><em>tione</em></strong></span> <span class='ocrx_word' id='word_1_541' title='bbox 2042 3525 2216 3594; x_wconf 88' lang='lat' dir='ltr'><strong><em>potuit</em></strong></span> <span class='ocrx_word' id='word_1_542' title='bbox 2237 3524 2467 3580; x_wconf 88' lang='lat' dir='ltr'><strong><em>inveniri</em></strong></span> <span class='ocrx_word' id='word_1_543' title='bbox 2495 3524 2777 3594; x_wconf 87' lang='lat' dir='ltr'><strong><em>responsio</em></strong></span> <span class='ocrx_word' id='word_1_544' title='bbox 2811 3523 3132 3588; x_wconf 85' lang='lat' dir='ltr'><strong><em>rationalis,</em></strong></span> <span class='ocrx_word' id='word_1_545' title='bbox 3164 3538 3286 3593; x_wconf 65' lang='lat' dir='ltr'><strong><em>quin</em></strong></span> <span class='ocrx_word' id='word_1_546' title='bbox 3312 3524 3460 3581; x_wconf 64' lang='lat' dir='ltr'><strong><em>video</em></strong></span> 
     </span>
    </p>
   </div>
   <div class='ocr_carea' id='block_1_64' title="bbox 179 3596 3182 3688">
    <p class='ocr_par' dir='ltr' id='par_1_64' title="bbox 179 3596 3182 3688">
     <span class='ocr_line' id='line_1_64' title="bbox 179 3596 3182 3688; baseline 0.007 -42"><span class='ocrx_word' id='word_1_547' title='bbox 179 3596 439 3664; x_wconf 84' lang='lat' dir='ltr'><strong><em>sanguine</em></strong></span> <span class='ocrx_word' id='word_1_548' title='bbox 479 3615 576 3653; x_wconf 91' lang='lat' dir='ltr'><strong><em>suo</em></strong></span> <span class='ocrx_word' id='word_1_549' title='bbox 629 3600 817 3672; x_wconf 87' lang='lat' dir='ltr'><strong><em>(lbid.,</em></strong></span> <span class='ocrx_word' id='word_1_550' title='bbox 882 3604 995 3672; x_wconf 69' lang='lat'><strong><em>28).</em></strong></span> <span class='ocrx_word' id='word_1_551' title='bbox 1056 3607 1122 3661; x_wconf 88' lang='lat' dir='ltr'><strong><em>Et</em></strong></span> <span class='ocrx_word' id='word_1_552' title='bbox 1170 3608 1258 3662; x_wconf 91' lang='lat' dir='ltr'><strong><em>hic</em></strong></span> <span class='ocrx_word' id='word_1_553' title='bbox 1314 3609 1622 3679; x_wconf 82' lang='lat' dir='ltr'><strong><em>diligentius</em></strong></span> <span class='ocrx_word' id='word_1_554' title='bbox 1673 3612 1770 3665; x_wconf 85' lang='lat' dir='ltr'><strong><em>ob-</em></strong></span> <span class='ocrx_word' id='word_1_555' title='bbox 1868 3617 1997 3675; x_wconf 89' lang='lat' dir='ltr'><strong><em>licet</em></strong></span> <span class='ocrx_word' id='word_1_556' title='bbox 2022 3617 2365 3688; x_wconf 79' lang='lat' dir='ltr'><strong><em>praestantior</em></strong></span> <span class='ocrx_word' id='word_1_557' title='bbox 2391 3624 2536 3672; x_wconf 89' lang='lat' dir='ltr'><strong><em>esset</em></strong></span> <span class='ocrx_word' id='word_1_558' title='bbox 2561 3615 2891 3672; x_wconf 88' lang='lat' dir='ltr'><strong><em>auctoritate</em></strong></span> <span class='ocrx_word' id='word_1_559' title='bbox 2913 3613 3182 3670; x_wconf 89' lang='lat' dir='ltr'><strong><em>docentis.</em></strong></span> 
     </span>
    </p>
   </div>
   <div class='ocr_carea' id='block_1_65' title="bbox 180 3695 2487 3773">
    <p class='ocr_par' dir='ltr' id='par_1_65' title="bbox 180 3695 2487 3773">
     <span class='ocr_line' id='line_1_65' title="bbox 180 3695 2487 3773; baseline 0.01 -33"><span class='ocrx_word' id='word_1_560' title='bbox 180 3696 419 3771; x_wconf 86' lang='lat' dir='ltr'><strong><em>servate,</em></strong></span> <span class='ocrx_word' id='word_1_561' title='bbox 453 3695 722 3763; x_wconf 88' lang='lat' dir='ltr'><strong><em>quomodo</em></strong></span> <span class='ocrx_word' id='word_1_562' title='bbox 746 3697 903 3752; x_wconf 89' lang='lat' dir='ltr'><strong><em>unius</em></strong></span> <span class='ocrx_word' id='word_1_563' title='bbox 932 3699 1167 3755; x_wconf 87' lang='lat' dir='ltr'><strong><em>civitatis</em></strong></span> <span class='ocrx_word' id='word_1_564' title='bbox 1187 3699 1386 3769; x_wconf 86' lang='lat' dir='ltr'><strong><em>Ephesi</em></strong></span> <span class='ocrx_word' id='word_1_565' title='bbox 1420 3702 1773 3773; x_wconf 86' lang='lat' dir='ltr'><strong><em>presbyteros</em></strong></span> <span class='ocrx_word' id='word_1_566' title='bbox 2481 3700 2487 3706; x_wconf 73' lang='grc'><em>’</em></span> 
     </span>
    </p>
   </div>
   <div class='ocr_carea' id='block_1_66' title="bbox 1422 4014 2220 4089">
    <p class='ocr_par' dir='ltr' id='par_1_66' title="bbox 1422 4014 2220 4089">
     <span class='ocr_line' id='line_1_66' title="bbox 1422 4014 2220 4089; baseline -0.003 -1"><span class='ocrx_word' id='word_1_567' title='bbox 1422 4043 1588 4089; x_wconf 67' lang='lat' dir='ltr'><strong><em>anno</em></strong></span> <span class='ocrx_word' id='word_1_568' title='bbox 1631 4014 1864 4088; x_wconf 63' lang='lat' dir='ltr'><strong><em>nostra!</em></strong></span> <span class='ocrx_word' id='word_1_569' title='bbox 1915 4045 2220 4089; x_wconf 70' lang='lat' dir='ltr'><strong><em>necum.</em></strong></span> 
     </span>
    </p>
   </div>
   <div class='ocr_carea' id='block_1_67' title="bbox 1170 4204 2490 4371">
    <p class='ocr_par' dir='ltr' id='par_1_67' title="bbox 1170 4204 2490 4371">
     <span class='ocr_line' id='line_1_67' title="bbox 1170 4204 2490 4371; baseline -0.002 -1"><span class='ocrx_word' id='word_1_570' title='bbox 1170 4204 2490 4371; x_wconf 75' lang='lat' dir='ltr'><strong><em>HERARDUS</em></strong></span> 
     </span>
    </p>
   </div>
   <div class='ocr_carea' id='block_1_68' title="bbox 701 4478 2936 4598">
    <p class='ocr_par' dir='ltr' id='par_1_68' title="bbox 701 4478 2936 4598">
     <span class='ocr_line' id='line_1_68' title="bbox 701 4478 2936 4598; baseline 0 -5"><span class='ocrx_word' id='word_1_571' title='bbox 701 4482 1590 4598; x_wconf 83' lang='lat' dir='ltr'><strong><em>TURONENSIS</em></strong></span> <span class='ocrx_word' id='word_1_572' title='bbox 1682 4478 2936 4597; x_wconf 83' lang='lat' dir='ltr'><strong><em>ARCHIEPISCOPUS.</em></strong></span> 
     </span>
    </p>
   </div>
   <div class='ocr_carea' id='block_1_69' title="bbox 3267 4688 3468 4764">
    <p class='ocr_par' dir='ltr' id='par_1_69' title="bbox 3267 4688 3468 4764">
     <span class='ocr_line' id='line_1_69' title="bbox 3267 4688 3468 4764; baseline -0.01 -19"><span class='ocrx_word' id='word_1_573' title='bbox 3267 4724 3277 4764; x_wconf 51' lang='grc' dir='ltr'><strong><em>ξ</em></strong></span> <span class='ocrx_word' id='word_1_574' title='bbox 3326 4688 3468 4745; x_wconf 45' lang='grc' dir='ltr'><strong><em>ὄκλὲ</em></strong></span> 
     </span>
    </p>
   </div>
   <div class='ocr_carea' id='block_1_70' title="bbox 1015 4840 2622 4904">
    <p class='ocr_par' dir='ltr' id='par_1_70' title="bbox 1015 4840 2622 4904">
     <span class='ocr_line' id='line_1_70' title="bbox 1015 4840 2622 4904; baseline 0.002 -3"><span class='ocrx_word' id='word_1_575' title='bbox 1015 4840 1350 4903; x_wconf 81' lang='grc' dir='ltr'><strong><em>ΝΟΤΙΤῙΑ</em></strong></span> <span class='ocrx_word' id='word_1_576' title='bbox 1393 4840 1829 4904; x_wconf 81' lang='lat' dir='ltr'><strong><em>HISTORICA</em></strong></span> <span class='ocrx_word' id='word_1_577' title='bbox 1869 4842 1988 4903; x_wconf 81' lang='lat' dir='ltr'><strong><em>EX</em></strong></span> <span class='ocrx_word' id='word_1_578' title='bbox 2031 4841 2265 4903; x_wconf 82' lang='lat' dir='ltr'><strong><em>GALL.</em></strong></span> <span class='ocrx_word' id='word_1_579' title='bbox 2311 4840 2622 4904; x_wconf 83' lang='lat' dir='ltr'><strong><em>CHRIST.</em></strong></span> 
     </span>
    </p>
   </div>
   <div class='ocr_carea' id='block_1_71' title="bbox 253 5137 3523 5213">
    <p class='ocr_par' dir='ltr' id='par_1_71' title="bbox 253 5137 3523 5213">
     <span class='ocr_line' id='line_1_71' title="bbox 253 5137 3523 5213; baseline -0.001 -15"><span class='ocrx_word' id='word_1_580' title='bbox 253 5142 557 5213; x_wconf 68' lang='lat' dir='ltr'><strong><em>mussans</em></strong></span> <span class='ocrx_word' id='word_1_581' title='bbox 603 5139 915 5213; x_wconf 77' lang='lat' dir='ltr'><strong><em>designatur</em></strong></span> <span class='ocrx_word' id='word_1_582' title='bbox 974 5139 1415 5213; x_wconf 81' lang='lat' dir='ltr'><strong><em>archiepiscopus</em></strong></span> <span class='ocrx_word' id='word_1_583' title='bbox 1461 5139 1564 5195; x_wconf 87' lang='lat' dir='ltr'><strong><em>sub</em></strong></span> <span class='ocrx_word' id='word_1_584' title='bbox 1619 5154 1767 5213; x_wconf 88' lang='lat' dir='ltr'><strong><em>anno</em></strong></span> <span class='ocrx_word' id='word_1_585' title='bbox 1796 5142 1846 5203; x_wconf 90' lang='lat' dir='ltr'><strong><em>D</em></strong></span> <span class='ocrx_word' id='word_1_586' title='bbox 1871 5139 2109 5213; x_wconf 74' lang='lat' dir='ltr'><strong><em>an._862,</em></strong></span> <span class='ocrx_word' id='word_1_587' title='bbox 2130 5147 2186 5194; x_wconf 93' lang='lat' dir='ltr'><strong><em>et</em></strong></span> <span class='ocrx_word' id='word_1_588' title='bbox 2202 5138 2578 5213; x_wconf 75' lang='lat' dir='ltr'><strong><em>Snessionensi</em></strong></span> <span class='ocrx_word' id='word_1_589' title='bbox 2600 5154 2686 5202; x_wconf 83' lang='grc' dir='ltr'><strong>ιιι.</strong></span> <span class='ocrx_word' id='word_1_590' title='bbox 2712 5154 2803 5195; x_wconf 91' lang='lat' dir='ltr'><strong><em>an.</em></strong></span> <span class='ocrx_word' id='word_1_591' title='bbox 2826 5138 2954 5213; x_wconf 77' lang='lat' dir='ltr'><strong><em>_8t_i_6.</em></strong></span> <span class='ocrx_word' id='word_1_592' title='bbox 2975 5138 3094 5213; x_wconf 82' lang='lat' dir='ltr'><strong><em>Quo</em></strong></span> <span class='ocrx_word' id='word_1_593' title='bbox 3118 5137 3237 5195; x_wconf 89' lang='lat' dir='ltr'><strong><em>loco</em></strong></span> <span class='ocrx_word' id='word_1_594' title='bbox 3258 5137 3314 5195; x_wconf 90' lang='lat' dir='ltr'><strong><em>in</em></strong></span> <span class='ocrx_word' id='word_1_595' title='bbox 3343 5140 3458 5212; x_wconf 78' lang='lat' dir='ltr'><strong><em>epi-</em></strong></span> <span class='ocrx_word' id='word_1_596' title='bbox 3483 5166 3523 5201; x_wconf 66' lang='grc' dir='ltr'><strong><em>τι·</em></strong></span> 
     </span>
    </p>
   </div>
   <div class='ocr_carea' id='block_1_72' title="bbox 180 5208 3454 5294">
    <p class='ocr_par' dir='ltr' id='par_1_72' title="bbox 180 5208 3454 5294">
     <span class='ocr_line' id='line_1_72' title="bbox 180 5208 3454 5294; baseline -0 -25"><span class='ocrx_word' id='word_1_597' title='bbox 180 5214 297 5271; x_wconf 79' lang='lat'><strong><em>855</em></strong></span> <span class='ocrx_word' id='word_1_598' title='bbox 315 5208 747 5294; x_wconf 71' lang='lat' dir='ltr'><strong><em>,_uti_asserttuf</em></strong></span> <span class='ocrx_word' id='word_1_599' title='bbox 773 5212 829 5294; x_wconf 80' lang='lat' dir='ltr'><strong><em>in</em></strong></span> <span class='ocrx_word' id='word_1_600' title='bbox 856 5210 1129 5293; x_wconf 73' lang='lat' dir='ltr'><strong><em>breviario</em></strong></span> <span class='ocrx_word' id='word_1_601' title='bbox 1163 5208 1681 5294; x_wconf 61' lang='lat' dir='ltr'><strong><em>capitulorumquaa</em></strong></span> <span class='ocrx_word' id='word_1_602' title='bbox 1710 5211 1764 5294; x_wconf 84' lang='lat' dir='ltr'><strong><em>in</em></strong></span> <span class='ocrx_word' id='word_1_603' title='bbox 1872 5209 2308 5294; x_wconf 40' lang='lat' dir='ltr'><strong><em>stola-“synodica</em></strong></span> <span class='ocrx_word' id='word_1_604' title='bbox 2355 5213 2745 5294; x_wconf 65' lang='lat' dir='ltr'><strong><em>episcoporum</em></strong></span> <span class='ocrx_word' id='word_1_605' title='bbox 2772 5211 2839 5266; x_wconf 89' lang='lat' dir='ltr'><strong><em>ad</em></strong></span> <span class='ocrx_word' id='word_1_606' title='bbox 2865 5208 3145 5294; x_wconf 73' lang='lat' dir='ltr'><strong><em>Nicolaum</em></strong></span> <span class='ocrx_word' id='word_1_607' title='bbox 3165 5208 3454 5294; x_wconf 43' lang='lat' dir='ltr'><strong><em>.sumuLum</em></strong></span> 
     </span>
    </p>
   </div>
   <div class='ocr_carea' id='block_1_73' title="bbox 178 5279 3454 5352">
    <p class='ocr_par' dir='ltr' id='par_1_73' title="bbox 178 5279 3454 5352">
     <span class='ocr_line' id='line_1_73' title="bbox 178 5279 3454 5352; baseline -0.002 -11"><span class='ocrx_word' id='word_1_608' title='bbox 178 5284 401 5352; x_wconf 80' lang='lat' dir='ltr'><strong><em>synodo</em></strong></span> <span class='ocrx_word' id='word_1_609' title='bbox 431 5282 501 5337; x_wconf 89' lang='lat' dir='ltr'><strong><em>ab</em></strong></span> <span class='ocrx_word' id='word_1_610' title='bbox 527 5282 778 5338; x_wconf 89' lang='lat' dir='ltr'><strong><em>omnibus</em></strong></span> <span class='ocrx_word' id='word_1_611' title='bbox 808 5281 975 5351; x_wconf 90' lang='lat' dir='ltr'><strong><em>ipsius</em></strong></span> <span class='ocrx_word' id='word_1_612' title='bbox 1002 5279 1257 5352; x_wconf 66' lang='lat' dir='ltr'><strong><em>parmene</em></strong></span> <span class='ocrx_word' id='word_1_613' title='bbox 1293 5280 1666 5352; x_wconf 75' lang='lat' dir='ltr'><strong><em>sacerdotibus</em></strong></span> <span class='ocrx_word' id='word_1_614' title='bbox 1707 5289 1767 5352; x_wconf 85' lang='lat' dir='ltr'><strong><em>et</em></strong></span> <span class='ocrx_word' id='word_1_615' title='bbox 1871 5279 2183 5352; x_wconf 81' lang='lat' dir='ltr'><strong><em>pontiﬁcem</em></strong></span> <span class='ocrx_word' id='word_1_616' title='bbox 2211 5279 2913 5352; x_wconf 71' lang='lat' dir='ltr'><strong><em>memorantur_Brittonum</em></strong></span> <span class='ocrx_word' id='word_1_617' title='bbox 2944 5281 3000 5337; x_wconf 92' lang='lat' dir='ltr'><strong><em>in</em></strong></span> <span class='ocrx_word' id='word_1_618' title='bbox 3028 5280 3303 5352; x_wconf 82' lang='lat' dir='ltr'><strong><em>provincia</em></strong></span> <span class='ocrx_word' id='word_1_619' title='bbox 3341 5279 3454 5337; x_wconf 84' lang='lat' dir='ltr'><strong><em>Tn-</em></strong></span> 
     </span>
    </p>
   </div>
   <div class='ocr_carea' id='block_1_74' title="bbox 178 5349 3457 5435">
    <p class='ocr_par' dir='ltr' id='par_1_74' title="bbox 178 5349 3457 5435">
     <span class='ocr_line' id='line_1_74' title="bbox 178 5349 3457 5435; baseline -0.001 -25"><span class='ocrx_word' id='word_1_620' title='bbox 178 5349 408 5435; x_wconf 75' lang='lat' dir='ltr'><strong><em>clericis</em></strong></span> <span class='ocrx_word' id='word_1_621' title='bbox 424 5353 662 5435; x_wconf 62' lang='lat' dir='ltr'><strong><em>tenenda</em></strong></span> <span class='ocrx_word' id='word_1_622' title='bbox 686 5349 976 5434; x_wconf 71' lang='lat' dir='ltr'><strong><em>ordinavit.</em></strong></span> <span class='ocrx_word' id='word_1_623' title='bbox 1103 5350 1189 5435; x_wconf 66' lang='lat' dir='ltr'><strong><em>his</em></strong></span> <span class='ocrx_word' id='word_1_624' title='bbox 1214 5352 1417 5435; x_wconf 74' lang='lat' dir='ltr'><strong><em>mentio</em></strong></span> <span class='ocrx_word' id='word_1_625' title='bbox 1447 5350 1764 5435; x_wconf 77' lang='lat' dir='ltr'><strong><em>habetur_in</em></strong></span> <span class='ocrx_word' id='word_1_626' title='bbox 1871 5349 2059 5435; x_wconf 57' lang='lat' dir='ltr'><strong><em>rouica</em></strong></span> <span class='ocrx_word' id='word_1_627' title='bbox 2083 5351 2435 5435; x_wconf 66' lang='lat' dir='ltr'><strong><em>escursiones</em></strong></span> <span class='ocrx_word' id='word_1_628' title='bbox 2460 5369 2476 5406; x_wconf 89' lang='lat'><strong>:</strong></span> <span class='ocrx_word' id='word_1_629' title='bbox 2506 5370 2541 5435; x_wconf 25' lang='grc' dir='ltr'><strong><em>Δί.</em></strong></span> <span class='ocrx_word' id='word_1_630' title='bbox 2565 5349 2838 5435; x_wconf 80' lang='lat' dir='ltr'><strong><em>Vestram,</em></strong></span> <span class='ocrx_word' id='word_1_631' title='bbox 2868 5349 3131 5435; x_wconf 75' lang='lat' dir='ltr'><strong><em>siquidem</em></strong></span> <span class='ocrx_word' id='word_1_632' title='bbox 3154 5366 3260 5435; x_wconf 77' lang='lat' dir='ltr'><strong><em>non</em></strong></span> <span class='ocrx_word' id='word_1_633' title='bbox 3276 5350 3457 5435; x_wconf 52' lang='lat' dir='ltr'><strong><em>Latere</em></strong></span> 
     </span>
    </p>
   </div>
   <div class='ocr_carea' id='block_1_75' title="bbox 179 5419 3509 5490">
    <p class='ocr_par' dir='ltr' id='par_1_75' title="bbox 179 5419 3509 5490">
     <span class='ocr_line' id='line_1_75' title="bbox 179 5419 3509 5490; baseline -0.001 -11"><span class='ocrx_word' id='word_1_634' title='bbox 179 5422 471 5480; x_wconf 84' lang='lat' dir='ltr'><strong><em>chronicis</em></strong></span> <span class='ocrx_word' id='word_1_635' title='bbox 494 5421 874 5479; x_wconf 77' lang='lat' dir='ltr'><strong><em>Vindocinensi</em></strong></span> <span class='ocrx_word' id='word_1_636' title='bbox 918 5430 974 5475; x_wconf 92' lang='lat' dir='ltr'><strong><em>et</em></strong></span> <span class='ocrx_word' id='word_1_637' title='bbox 1016 5419 1389 5488; x_wconf 77' lang='lat' dir='ltr'><strong><em>Malleacensi,</em></strong></span> <span class='ocrx_word' id='word_1_638' title='bbox 1426 5422 1568 5490; x_wconf 91' lang='lat' dir='ltr'><strong><em>quod</em></strong></span> <span class='ocrx_word' id='word_1_639' title='bbox 1593 5421 1768 5477; x_wconf 87' lang='lat' dir='ltr'><strong><em>serius</em></strong></span> <span class='ocrx_word' id='word_1_640' title='bbox 1872 5421 2227 5479; x_wconf 89' lang='lat' dir='ltr'><strong><em>beatitudinis</em></strong></span> <span class='ocrx_word' id='word_1_641' title='bbox 2252 5421 2635 5478; x_wconf 81' lang='lat' dir='ltr'><strong><em>excellentiam</em></strong></span> <span class='ocrx_word' id='word_1_642' title='bbox 2668 5419 2949 5489; x_wconf 65' lang='lat' dir='ltr'><strong><em>novimus,</em></strong></span> <span class='ocrx_word' id='word_1_643' title='bbox 2973 5421 3252 5478; x_wconf 68' lang='lat' dir='ltr'><strong><em>dimcesim</em></strong></span> <span class='ocrx_word' id='word_1_644' title='bbox 3276 5420 3455 5478; x_wconf 84' lang='lat' dir='ltr'><strong><em>Turo-</em></strong></span> <span class='ocrx_word' id='word_1_645' title='bbox 3506 5446 3509 5451; x_wconf 90' lang='grc'><strong>·</strong></span> 
     </span>
    </p>
   </div>
   <div class='ocr_carea' id='block_1_76' title="bbox 177 5490 1770 5563">
    <p class='ocr_par' dir='ltr' id='par_1_76' title="bbox 177 5490 1770 5563">
     <span class='ocr_line' id='line_1_76' title="bbox 177 5490 1770 5563; baseline -0.002 -13"><span class='ocrx_word' id='word_1_646' title='bbox 177 5493 590 5563; x_wconf 83' lang='lat' dir='ltr'><strong><em>ordinationem</em></strong></span> <span class='ocrx_word' id='word_1_647' title='bbox 632 5491 858 5563; x_wconf 73' lang='lat' dir='ltr'><strong><em>Herardi</em></strong></span> <span class='ocrx_word' id='word_1_648' title='bbox 887 5490 1129 5563; x_wconf 74' lang='lat' dir='ltr'><strong><em>assignat</em></strong></span> <span class='ocrx_word' id='word_1_649' title='bbox 1150 5492 1255 5563; x_wconf 84' lang='lat' dir='ltr'><strong><em>sub</em></strong></span> <span class='ocrx_word' id='word_1_650' title='bbox 1278 5507 1370 5563; x_wconf 80' lang='lat' dir='ltr'><strong><em>an.</em></strong></span> <span class='ocrx_word' id='word_1_651' title='bbox 1405 5492 1529 5563; x_wconf 80' lang='lat'><strong><em>858.</em></strong></span> <span class='ocrx_word' id='word_1_652' title='bbox 1548 5491 1770 5563; x_wconf 85' lang='lat' dir='ltr'><strong><em>Consti-</em></strong></span> 
     </span>
    </p>
   </div>
   <div class='ocr_carea' id='block_1_77' title="bbox 180 5560 1771 5634">
    <p class='ocr_par' dir='ltr' id='par_1_77' title="bbox 180 5560 1771 5634">
     <span class='ocr_line' id='line_1_77' title="bbox 180 5560 1771 5634; baseline 0 -16"><span class='ocrx_word' id='word_1_653' title='bbox 180 5565 369 5634; x_wconf 87' lang='lat' dir='ltr'><strong><em>tuitur</em></strong></span> <span class='ocrx_word' id='word_1_654' title='bbox 387 5562 624 5634; x_wconf 74' lang='lat' dir='ltr'><strong><em>concilio</em></strong></span> <span class='ocrx_word' id='word_1_655' title='bbox 642 5561 783 5634; x_wconf 79' lang='lat' dir='ltr'><strong><em>apud</em></strong></span> <span class='ocrx_word' id='word_1_656' title='bbox 813 5560 1143 5634; x_wconf 79' lang='lat' dir='ltr'><strong><em>Saponarias</em></strong></span> <span class='ocrx_word' id='word_1_657' title='bbox 1164 5560 1419 5634; x_wconf 15' lang='lat' dir='ltr'><strong><em>jndersin</em></strong></span> <span class='ocrx_word' id='word_1_658' title='bbox 1434 5562 1617 5634; x_wconf 87' lang='lat' dir='ltr'><strong><em>libello</em></strong></span> <span class='ocrx_word' id='word_1_659' title='bbox 1644 5578 1771 5634; x_wconf 90' lang='lat' dir='ltr'><strong><em>pro-</em></strong></span> 
     </span>
    </p>
   </div>
   <div class='ocr_carea' id='block_1_78' title="bbox 182 5631 1767 5702">
    <p class='ocr_par' dir='ltr' id='par_1_78' title="bbox 182 5631 1767 5702">
     <span class='ocr_line' id='line_1_78' title="bbox 182 5631 1767 5702; baseline -0.001 -12"><span class='ocrx_word' id='word_1_660' title='bbox 182 5633 543 5690; x_wconf 87' lang='lat' dir='ltr'><strong><em>clamationis</em></strong></span> <span class='ocrx_word' id='word_1_661' title='bbox 586 5631 760 5688; x_wconf 86' lang='lat' dir='ltr'><strong><em>Caroli</em></strong></span> <span class='ocrx_word' id='word_1_662' title='bbox 799 5633 945 5702; x_wconf 77' lang='lat' dir='ltr'><strong><em>regis</em></strong></span> <span class='ocrx_word' id='word_1_663' title='bbox 988 5632 1252 5687; x_wconf 88' lang='lat' dir='ltr'><strong><em>adversus</em></strong></span> <span class='ocrx_word' id='word_1_664' title='bbox 1294 5631 1767 5696; x_wconf 65' lang='lat' dir='ltr'><strong><em>Venilonem,&#39;Se-</em></strong></span> 
     </span>
    </p>
   </div>
   <div class='ocr_carea' id='block_1_79' title="bbox 178 5702 1770 5772">
    <p class='ocr_par' dir='ltr' id='par_1_79' title="bbox 178 5702 1770 5772">
     <span class='ocr_line' id='line_1_79' title="bbox 178 5702 1770 5772; baseline 0.001 -13"><span class='ocrx_word' id='word_1_665' title='bbox 178 5718 492 5759; x_wconf 73' lang='lat' dir='ltr'><strong><em>uouentem</em></strong></span> <span class='ocrx_word' id='word_1_666' title='bbox 537 5702 1033 5772; x_wconf 88' lang='lat' dir='ltr'><strong><em>archiepiscopum,</em></strong></span> <span class='ocrx_word' id='word_1_667' title='bbox 1070 5718 1159 5758; x_wconf 87' lang='lat' dir='ltr'><strong><em>an.</em></strong></span> <span class='ocrx_word' id='word_1_668' title='bbox 1188 5702 1325 5768; x_wconf 83' lang='lat'><strong><em>859;</em></strong></span> <span class='ocrx_word' id='word_1_669' title='bbox 1362 5705 1447 5760; x_wconf 88' lang='lat' dir='ltr'><strong><em>cui</em></strong></span> <span class='ocrx_word' id='word_1_670' title='bbox 1479 5706 1770 5760; x_wconf 84' lang='lat' dir='ltr'><strong><em>commoni-</em></strong></span> 
     </span>
    </p>
   </div>
   <div class='ocr_carea' id='block_1_80' title="bbox 183 5773 1766 5846">
    <p class='ocr_par' dir='ltr' id='par_1_80' title="bbox 183 5773 1766 5846">
     <span class='ocr_line' id='line_1_80' title="bbox 183 5773 1766 5846; baseline 0.001 -15"><span class='ocrx_word' id='word_1_671' title='bbox 183 5774 398 5831; x_wconf 82' lang='lat' dir='ltr'><strong><em>torium</em></strong></span> <span class='ocrx_word' id='word_1_672' title='bbox 424 5774 626 5846; x_wconf 72' lang='lat' dir='ltr'><strong><em>dirigit,</em></strong></span> <span class='ocrx_word' id='word_1_673' title='bbox 658 5773 1103 5843; x_wconf 79' lang='lat' dir='ltr'><strong><em>subscriptuqu</em></strong></span> <span class='ocrx_word' id='word_1_674' title='bbox 1122 5773 1351 5830; x_wconf 79' lang='lat' dir='ltr'><strong><em>habetur</em></strong></span> <span class='ocrx_word' id='word_1_675' title='bbox 1371 5774 1423 5832; x_wconf 90' lang='lat' dir='ltr'><strong><em>in</em></strong></span> <span class='ocrx_word' id='word_1_676' title='bbox 1448 5774 1766 5832; x_wconf 81' lang='lat' dir='ltr'><strong><em>Tuciacensi</em></strong></span> 
     </span>
    </p>
   </div>
   <div class='ocr_carea' id='block_1_81' title="bbox 1872 5490 3457 5555">
    <p class='ocr_par' dir='ltr' id='par_1_81' title="bbox 1872 5490 3457 5555">
     <span class='ocr_line' id='line_1_81' title="bbox 1872 5490 3457 5555; baseline -0.001 -7"><span class='ocrx_word' id='word_1_677' title='bbox 1872 5494 2053 5549; x_wconf 87' lang='lat' dir='ltr'><strong><em>nicam</em></strong></span> <span class='ocrx_word' id='word_1_678' title='bbox 2079 5493 2396 5548; x_wconf 85' lang='lat' dir='ltr'><strong><em>austeritate</em></strong></span> <span class='ocrx_word' id='word_1_679' title='bbox 2414 5490 2741 5555; x_wconf 87' lang='lat' dir='ltr'><strong><em>Brittonum,</em></strong></span> <span class='ocrx_word' id='word_1_680' title='bbox 2775 5492 2985 5548; x_wconf 93' lang='lat' dir='ltr'><strong><em>diutino</em></strong></span> <span class='ocrx_word' id='word_1_681' title='bbox 3002 5508 3031 5547; x_wconf 90' lang='lat' dir='ltr'><strong><em>a</em></strong></span> <span class='ocrx_word' id='word_1_682' title='bbox 3054 5507 3150 5548; x_wconf 90' lang='lat' dir='ltr'><strong><em>sua</em></strong></span> <span class='ocrx_word' id='word_1_683' title='bbox 3171 5491 3457 5555; x_wconf 78' lang='lat' dir='ltr'><strong><em>metuopoli</em></strong></span> 
     </span>
    </p>
   </div>
   <div class='ocr_carea' id='block_1_82' title="bbox 1871 5562 3452 5633">
    <p class='ocr_par' dir='ltr' id='par_1_82' title="bbox 1871 5562 3452 5633">
     <span class='ocr_line' id='line_1_82' title="bbox 1871 5562 3452 5633; baseline -0.002 -15"><span class='ocrx_word' id='word_1_684' title='bbox 1871 5562 2139 5619; x_wconf 86' lang='lat' dir='ltr'><strong><em>divulsam</em></strong></span> <span class='ocrx_word' id='word_1_685' title='bbox 2164 5564 2487 5633; x_wconf 88' lang='lat' dir='ltr'><strong><em>penitusque</em></strong></span> <span class='ocrx_word' id='word_1_686' title='bbox 2513 5562 2836 5633; x_wconf 83' lang='lat' dir='ltr'><strong><em>discissam:</em></strong></span> <span class='ocrx_word' id='word_1_687' title='bbox 2873 5564 2948 5618; x_wconf 84' lang='lat' dir='ltr'><strong><em>ita</em></strong></span> <span class='ocrx_word' id='word_1_688' title='bbox 2996 5571 3087 5627; x_wconf 91' lang='lat' dir='ltr'><strong><em>ut,</em></strong></span> <span class='ocrx_word' id='word_1_689' title='bbox 3130 5564 3271 5617; x_wconf 89' lang='lat' dir='ltr'><strong><em>sicut</em></strong></span> <span class='ocrx_word' id='word_1_690' title='bbox 3292 5562 3452 5633; x_wconf 70' lang='lat' dir='ltr'><strong><em>idem</em></strong></span> 
     </span>
    </p>
   </div>
   <div class='ocr_carea' id='block_1_83' title="bbox 1871 5631 3453 5705">
    <p class='ocr_par' dir='ltr' id='par_1_83' title="bbox 1871 5631 3453 5705">
     <span class='ocr_line' id='line_1_83' title="bbox 1871 5631 3453 5705; baseline -0.003 -15"><span class='ocrx_word' id='word_1_691' title='bbox 1871 5631 2179 5705; x_wconf 81' lang='lat' dir='ltr'><strong><em>Turonicus</em></strong></span> <span class='ocrx_word' id='word_1_692' title='bbox 2189 5643 2293 5688; x_wconf 90' lang='lat' dir='ltr'><strong><em>met</em></strong></span> <span class='ocrx_word' id='word_1_693' title='bbox 2303 5631 2635 5705; x_wconf 72' lang='lat' dir='ltr'><strong><em>repetitanus</em></strong></span> <span class='ocrx_word' id='word_1_694' title='bbox 2649 5632 2945 5699; x_wconf 80' lang='lat' dir='ltr'><strong><em>Herardus,</em></strong></span> <span class='ocrx_word' id='word_1_695' title='bbox 2962 5634 3270 5705; x_wconf 87' lang='lat' dir='ltr'><strong><em>pariterque</em></strong></span> <span class='ocrx_word' id='word_1_696' title='bbox 3290 5631 3453 5705; x_wconf 69' lang='lat' dir='ltr'><strong><em>Nam-</em></strong></span> 
     </span>
    </p>
   </div>
   <div class='ocr_carea' id='block_1_84' title="bbox 1871 5701 3452 5787">
    <p class='ocr_par' dir='ltr' id='par_1_84' title="bbox 1871 5701 3452 5787">
     <span class='ocr_line' id='line_1_84' title="bbox 1871 5701 3452 5787; baseline -0.003 -28"><span class='ocrx_word' id='word_1_697' title='bbox 1871 5705 2082 5787; x_wconf 73' lang='lat' dir='ltr'><strong><em>neticus</em></strong></span> <span class='ocrx_word' id='word_1_698' title='bbox 2122 5701 2389 5787; x_wconf 52' lang='lat' dir='ltr'><strong><em>aetat-dus</em></strong></span> <span class='ocrx_word' id='word_1_699' title='bbox 2415 5702 2684 5787; x_wconf 75' lang='lat' dir='ltr'><strong><em>frequenti</em></strong></span> <span class='ocrx_word' id='word_1_700' title='bbox 2726 5701 2999 5787; x_wconf 57' lang='lat' dir='ltr'><strong><em>indagine,</em></strong></span> <span class='ocrx_word' id='word_1_701' title='bbox 3032 5716 3240 5787; x_wconf 78' lang='lat' dir='ltr'><strong><em>necnon</em></strong></span> <span class='ocrx_word' id='word_1_702' title='bbox 3284 5701 3452 5787; x_wconf 74' lang='lat' dir='ltr'><strong><em>etiam</em></strong></span> 
     </span>
    </p>
   </div>
   <div class='ocr_carea' id='block_1_85' title="bbox 1871 5770 3458 5851">
    <p class='ocr_par' dir='ltr' id='par_1_85' title="bbox 1871 5770 3458 5851">
     <span class='ocr_line' id='line_1_85' title="bbox 1871 5770 3458 5851; baseline -0.004 -18"><span class='ocrx_word' id='word_1_703' title='bbox 1871 5778 1923 5833; x_wconf 86' lang='lat' dir='ltr'><strong><em>in</em></strong></span> <span class='ocrx_word' id='word_1_704' title='bbox 1955 5778 2233 5845; x_wconf 54' lang='lat' dir='ltr'><strong><em>praemissa</em></strong></span> <span class='ocrx_word' id='word_1_705' title='bbox 2262 5770 2605 5851; x_wconf 70' lang='lat' dir='ltr'><strong><em>Suessionica</em></strong></span> <span class='ocrx_word' id='word_1_706' title='bbox 2630 5777 2836 5845; x_wconf 81' lang='lat' dir='ltr'><strong><em>synodo</em></strong></span> <span class='ocrx_word' id='word_1_707' title='bbox 2858 5770 3103 5831; x_wconf 63' lang='lat' dir='ltr'><strong><em>Evidenti</em></strong></span> <span class='ocrx_word' id='word_1_708' title='bbox 3126 5782 3287 5840; x_wconf 81' lang='lat' dir='ltr'><strong><em>atque</em></strong></span> <span class='ocrx_word' id='word_1_709' title='bbox 3316 5770 3458 5827; x_wconf 79' lang='lat' dir='ltr'><strong><em>ntul-</em></strong></span> 
     </span>
    </p>
   </div>
  </div>
