4000 6352
474 367 584 424 ’165
1622 360 1926 417 HERARDI
1966 360 2125 416 TURl

2188 359 2225 414 l.
2269 359 2587 416 ARCHIEP.
3658 360 3776 414 764

477 479 646 550 tiplicl
677 477 849 549 stylo,
883 477 1084 550 pariter
1111 483 1167 530 et
1209 490 1460 550 sermone
1499 474 1654 550 nobis
1695 475 2045 537 intimavere.
2079 482 2124 536 Α
2156 487 2252 544 per
2279 473 2538 550 Carolum
2579 472 3233 550 piiss_imum;e_gem,_de
3255 471 3381 528 villa
3411 473 3648 550 Lirado,
3697 481 3778 533 ad

467 543 582 620 ja'm
611 543 917 620 vicenuse't
939 563 1004 602 eo
1035 546 1158 601 licet
1188 545 1461 614 paululum
1511 547 1653 600 adsit
1689 561 1895 620 annus,
1925 561 2049 620 quo
2155 543 2317 620 gnam
2361 544 2740 620 declinationis
2775 543 3087 620 confugium
3137 543 3414 610 facerent,
3448 545 3509 620 _si
3558 561 3776 602 eorum

475 614 761 692 tyrannica
814 618 1034 692 feritate
1082 625 1384 692 resumpta,
1429 631 1528 692 nec
1574 616 2047 692 comprovincialia
2156 614 2558 692 fraternitatem
2587 629 2920 692 paganorum
2951 614 3220 692 incursus
3262 617 3669 692 pervaderent,
3706 628 3779 673 ut

473 684 597 747 cum
626 689 894 744 Turonico
923 687 1338 755 metropolitano
1367 685 1645 741 celebrent
1667 684 1922 750 concilia,
1953 701 2050 740 nec
2155 684 2656 740 babettabularium
2681 684 2737 740 S.
2759 684 3231 740 MartiniJnterim
3253 701 3375 740 cum
3399 685 3775 754 Nomenoius,

474 762 532 816 in
564 760 936 830 episcoporum
964 757 1493 830 consecrationibus,
1523 758 1593 830 ad
1612 755 1858 811 eumdem
1896 757 2052 830 quid-
2155 755 2264 808 dux
2292 756 2721 830 Britannorum,
2754 755 2908 830 quiue
2936 765 3170 830 quatuor
3193 757 3596 830 episcopatibus
3637 758 3778 812 Bri-

471 825 634 900 quaiii
661 825 982 900 respiciant,
1011 829 1085 883 illi
1113 843 1325 896 quoque
1353 827 1632 900 sedinullo
1655 837 1812 900 pacto
1839 843 1898 882 se
1918 825 2050 882 Sub-
2156 825 2356 900 tannia:
2393 835 2595 900 septem
2622 825 2768 900 fecit,
2797 825 2970 900 tribus
2997 828 3152 900 novis
3172 825 3498 900 constitutis,
3533 827 3586 900 in
3613 843 3779 897 prae-

472 893 622 959 dant.
654 893 903 953 lnte'rl'uit
935 893 1256 954 Trecassino
1297 897 1526 954 concilio
1562 893 1806 968 an.'867,
1833 908 1888 952 et
1915 914 2047 954 con-
2149 893 2418 963 judicium
2441 893 2777 968 Turonensis
2801 897 3223 968 archiepiscopi,
3249 899 3429 952 sedem
3457 893 3780 953 Dolis'essc

469 970 655 1025 ventui
702 969 993 1038 praesulatu
1051 969 1376 1024 Rhemensis
1423 969 1712 1038 provincia».
1757 967 2052 1023 Hincmaro
2149 968 2425 1037 jussisset,
2453 976 2508 1022 et
2527 967 2763 1037 episcopi
2796 968 3089 1037 provinciae
3122 969 3446 1023 Aremoricte
3468 1009 3483 1031 ,
3517 983 3550 1022 a
3572 969 3776 1022 Turo-

470 1037 905 1109 metropOlitano,
933 1055 1032 1110 pro
1055 1039 1304 1094 examine
1328 1037 1632 1110 Vuiliberti,
1654 1037 1904 1094 'l‘uronici
1929 1039 2051 1110 pagi
2155 1038 2339 1094 nensis
2369 1038 2770 1110 metropolitani
2819 1039 2901 1110 sui
2943 1038 3322 1110 iurisdictione
3358 1039 3768 1110 se_subduxis-

471 1107 755 1182 indigenae.
786 1107 1904 1182 ordin'andi‘episcopiCatalaunensis{ad
1927 1107 2052 1182 eum
2156 1118 2313 1182 sent,
2361 1107 2639 1182 obstitere!
2668 1109 2862 1182 F_ra_nci
2914 1107 2979 1164 ac
3026 1108 3348 1180 pontiﬁces,
3398 1107 3663 1182 Nicolaus
3708 1110 3773 1163 in

468 1179 610 1234 vero
627 1181 876 1251 dirigitur
904 1179 1128 1305 epistola
1154 1179 1355 1235 Nicolai
1380 1195 1553 1250 papa},
1576 1188 1632 1233 et
1655 1195 1780 1248 cap.
1812 1180 1900 1244 10,
1932 1179 2052 1233 Νο-
2153 1179 2344 1248 primis
2369 1219 2385 1240 ,
2435 1180 2528 1250 qui
2576 1180 2643 1233 ad
2695 1179 3038 1235 Salomonem
3088 1195 3270 1250 regem
3316 1181 3563 1234 scribens

469 1260 581 1303 tum
605 1253 696 1305 sit.
719 1261 909 1305 antest.
972 1289 986 1304 .
1011 1251 1211 1305 Littera
1231 1251 1503 1305 Hincmari
1530 1251 1668 1305 apud
1694 1250 2052 1305 Flodoardum
2156 1265 2246 1302 an.
2272 1248 2376 1304 866
2396 1290 2410 1305 .
2441 1265 2526 1305 eo.
2561 1250 2663 1305 56.
2705 1250 2906 1304 nullam
2937 1251 3005 1305 ad
3045 1251 3161 1305 haec
3194 1259 3438 1305 tempora
3475 1259 3774 1304 exstitisse

469 1260 581 1321 tum
605 1253 696 1314 sit,
719 1248 909 1321 quazst.
936 1248 986 1305 1.
1011 1251 1211 1305 Littera
1231 1248 1503 1305 Hincmari
1530 1251 1668 1321 apud
1694 1250 2052 1305 Flodoardum
2156 1265 2246 1302 an.
2272 1248 2376 1304 866
2396 1290 2410 1313 ,
2441 1248 2526 1320 ep.
2561 1250 2630 1304 56
2649 1290 2663 1313 ,
2705 1250 2906 1321 nullam
2937 1251 3005 1305 ad
3045 1248 3171 1305 haec
3194 1259 3438 1319 tempora
3475 1250 3776 1321 exstitisse

469 1319 564 1374 lib.
595 1337 675 1386 ut,
705 1319 824 1390 cap.
857 1321 947 1386 20,
979 1331 1033 1376 et
1057 1323 1214 1390 epist.
1242 1322 1342 1376 118
1371 1321 1504 1390 Lupi
1533 1319 1919 1375 Ferrarieusis.
1947 1321 2056 1391 No-
2159 1319 2486 1374 memoriam
2511 1321 2783 1382 observat,
2817 1319 3090 1375 Brittones
3117 1321 3297 1391 inisua
3323 1321 3547 1391 regione
3583 1319 3773 1373 ullam

469 1391 712 1444 minatur
739 1389 873 1445 etin
912 1389 1112 1447 tabulis
1150 1389 1484 1447 l‘undationis
1516 1391 1745 1446 abbatis:
1775 1391 1834 1446 S.
1867 1390 2055 1446 Salva-
2160 1391 2418 1446 habuisse
2465 1391 2839 1459 metropolim;
2884 1392 2979 1446 sed
3028 1389 3317 1446 discidium
3353 1389 3456 1445 sub
3490 1389 3773 1444 Innocen-

469 1461 605 1515 toris
624 1461 689 1531 de
707 1462 997 1531 Villalupe;
1017 1473 1296 1531 ratamque
1311 1463 1474 1517 habet
1487 1462 1831 1516 donationem
1855 1461 2056 1516 fac-tam
2161 1462 2221 1515 tii
2249 1460 2315 1514 ιιι
2338 1462 2653 1531 pontiﬁcatu
2689 1461 2987 1525 dirimitur,
3018 1471 3079 1516 ut
3120 1462 3381 1516 observat
3425 1459 3772 1515 Sirmundtts

469 1545 560 1584 an.
595 1530 700 1587 862
739 1530 1005 1588 fratribus
1047 1530 1292 1588 ecclesia:
1328 1533 1388 1588 S.
1428 1531 1645 1587 Martini
1691 1531 2055 1598 Turonensis,
2162 1532 2306 1586 notis
2337 1530 2403 1587 ad
2435 1530 2613 1587 Caroli
2638 1531 2790 1587 Calvi
2819 1531 3086 1603 Capitula.

475 1705 3748 1732 ————-——t——————-—————-—————_——_———_—

1363 1862 2073 1980 CAPIT-ULA
2166 1861 2863 2012 HERARDI,

1635 2079 2114 2125 ARCHIEPISCOPI
2150 2080 2544 2125 TURONENSIS
2571 2109 2588 2139 ,

1316 2202 1591 2266 Collecta
1625 2221 1703 2264 ea:
1733 2201 2214 2282 Capitulart'bus
2250 2219 2466 2280 regum
2493 2201 2913 2263 Francorum.

1489 2349 1506 2412 (
1529 2347 1667 2412 Apud
1691 2345 1964 2408 Baluzlum,
1991 2345 2198 2409 Capitul.
2225 2352 2340 2398 tom.
2369 2345 2414 2411 1,
2438 2359 2550 2412 pag.
2576 2347 2716 2398 1285.
2740 2345 2758 2409 )

549 2581 834 2663 Capitula
883 2583 1178 2663 excerpta
1207 2594 1327 2663 _ex_
1361 2591 1628 2655 corpore
1664 2579 2037 2663 sanctorum
2071 2574 2428 2663 .Canonum.
2484 2570 2968 2663 pernecessaria
3016 2570 3097 2663 ab
3149 2571 3444 2663 I_Ierardo
3471 2617 3488 2644 ,
3522 2583 3766 2663 sancta;

471 2650 806 2724 Turo'nicaa
839 2659 1012 2723 sedis
1047 2650 1533 2734 archiepiscopo
1576 2661 1740 2734 nutu
1776 2652 2024 2734 divino,
2060 2651 2133 2734 in
2167 2651 2623 2734 sanctaipsius
2654 2650 2909 2734 synodo
2933 2650 3226 2734 tetienda
3259 2654 3643 2718 memoriter
3679 2660 3761 2718 ab

471 2741 773 2804 omnibus
803 2739 1012 2820 ipsius
1041 2728 1324 2818 parteciaa
1352 2728 1798 2798 sacerdotibus
1830 2738 1892 2794 et
1921 2729 2188 2794 clericis.
2230 2728 2667 2811 omnibusque
2691 2728 3098 2795 volentibus.

535 2885 597 2943 In
640 2884 859 2940 nomine
900 2881 996 2938 Dei
1037 2881 1224 2938 solius.
1257 2881 1403 2953 Ego,
1436 2879 1745 2945 llerardus,
1777 2878 2056 2934 immerito
2086 2883 2133 2944 Β
2165 2877 2374 2947 turpia,
2418 2887 2582 2948 atque
2623 2887 2896 2944 mercata,
2928 2894 3216 2935 causarum
3258 2881 3583 2945 audientize,
3623 2898 3760 2938 con-

482 2977 867 3035 furonensium
890 2973 1312 3046 pontifex,anno
1339 2971 1736 3028 incarnationis
1759 2970 2059 3026 Dominicte
2165 2977 2468 3040 ventusque
2494 2968 2725 3040 publici,
2757 2969 2962 3042 absque
2999 2969 3384 3027 ecclesiasticis
3420 2973 3761 3043 prohibean-

471 3069 606 3134 858,
629 3067 988 3123 ordinationis
1025 3079 1240 3136 quoque
1284 3072 1482 3120 nostra:
1517 3079 1579 3118 nt
1601 3103 1616 3129 ,
1646 3062 1936 3118 indictione
1971 3077 2058 3130 vi,

472 3172 702 3215 cernens
747 3155 1043 3211 Ecclesiam
1089 3153 1222 3209 mihi
1268 3153 1612 3209 commissam
1658 3151 1856 3224 partim
1894 3150 2063 3223 negli-

472 3248 688 3321 gentia,
739 3255 958 3316 torpore
1001 3244 1088 3300 vel
1129 3243 1368 3310 desidia,
1414 3243 1614 3313 partim
1659 3242 2060 3314 prmsidentium

479 3338 546 3412 υ.
577 3336 1024 3410 prtecedentium]
1048 3335 1254 3391 incuria
1276 3335 1618 3390 sacerdotum
1641 3344 1804 3405 atque
1825 3334 2060 3405 ignavia,

472 3431 644 3486 variis
667 3438 724 3483 et
752 3429 1056 3484 innumeris
1089 3427 1334 3483 cladibus
1361 3425 1530 3490 allici,
1565 3426 1794 3483 excidiis
1824 3425 2058 3491 concuti,

469 3530 558 3588 et,
585 3521 730 3592 quod
769 3519 917 3576 dictu
962 3518 1456 3590 actuque‘gravius
1495 3519 1612 3574 fore
1652 3517 2058 3588 comperimus,

475 3611 707 3668 diversis
734 3611 1041 3666 animarum
1082 3610 1294 3680 laqueis
1321 3625 1387 3665 ac
1424 3609 1755 3680 quotidianis
1781 3609 2063 3666 erroribus

472 3704 756 3774 deperire,
804 3702 1096 3767 instinctu,
1128 3709 1187 3756 ut
1226 3701 1531 3767 credimus,
1575 3701 1943 3757 miserationis
1967 3716 2061 3757 sn-

471 3807 676 3864 pernae,
705 3791 1032 3863 perpaucula
1054 3805 1228 3861 eaque
1243 3791 1531 3847 admodum
1553 3792 1861 3848 necessaria
1881 3806 2064 3846 sacra-

476 3902 598 3940 rum
648 3885 1078 3940 admonitiouum
1124 3884 1349 3939 collecta
1401 3883 1668 3955 capitula,
1716 3885 2062 3941 sacerdotum

477 3974 645 4028 totius
675 3973 831 4029 nobis
855 3972 1078 4028 creditae
1105 3973 1356 4042 parmcim
1379 3973 1618 4043 generali
1657 3973 1711 4028 in
1751 3975 1884 4030 urbe
1917 3973 2064 4030 sedis

475 4074 678 4136 nostra:
706 4063 1011 4117 coadunata
1040 4078 1151 4116 xvii
1178 4063 1404 4117 Kalend.
1426 4062 1570 4118 Junii
1596 4065 1821 4136 synodo,
1849 4064 2064 4135 publice

477 4153 733 4218 recitari;
774 4161 830 4208 et
865 4161 925 4207 ut
969 4151 1040 4206 ad
1076 4152 1320 4207 omnium
1355 4153 1702 4222 praesentium
1730 4154 1976 4209 notitiam
2007 4163 2066 4210 et

2171 3067 2283 3114 tur.

2232 3151 2320 3206 lll.
2359 3152 2421 3218 (ι,
2465 3151 2554 3217 16,
2582 3152 2674 3220 21,
2715 3152 2814 3220 62;
2843 3168 2897 3220 ν,
2929 3152 3027 3220 69;
3060 3168 3138 3219 vr,
3177 3151 3270 3220 66,
3307 3152 3441 3219 2l5;
3480 3153 3665 3208 Addit.
3695 3171 3758 3218 ιι,

2159 3244 2251 3299 21.
2283 3243 2416 3302 Vide
2444 3243 2654 3318 Regim,
2683 3246 2774 3303 lib.
2806 3264 2847 3304 tt
2868 3289 2884 3313 ,
2917 3265 3034 3319 cup.
3063 3247 3214 3316 564.)
3246 3248 3324 3303 De
3358 3248 3558 3320 ignotis
3597 3264 3760 3322 ange-

2161 3335 2338 3392 lorum
2369 3337 2710 3410 aliorumque
2735 3349 3049 3395 sanctorum
3072 3340 3403 3407 nominibus,
3435 3350 3498 3395 ut
3528 3357 3637 3395 non
3675 3357 3760 3397 re.

2165 3429 2422 3486 citentur.
2465 3431 2534 3487 Et
2575 3434 2641 3488 de
2684 3431 2978 3500 maleﬁcis,
3021 3431 3484 3497 incantatoribus,
3525 3431 3757 3497 divinis,

2165 3525 2464 3595 sortilegis,
2497 3525 2828 3592 somniariis,
2858 3525 3283 3598 tempestuariis,
3307 3534 3364 3579 et
3385 3524 3646 3580 brevibus
3662 3539 3759 3594 pro

2164 3612 2476 3685 frigoribus,
2511 3623 2566 3671 et
2589 3615 2656 3670 de
2684 3614 3001 3671 mulieribus
3024 3606 3305 3681 veneﬁcis,
3327 3623 3383 3670 et
3409 3630 3530 3684 qua:
3544 3614 3758 3670 diversa

2165 3703 2374 3777 ﬁngunt
2408 3714 2689 3776 portenta,
2725 3715 2784 3762 ut
2822 3706 3215 3778 prohibeantur
3250 3715 3307 3762 et
3343 3705 3560 3777 publica
3589 3706 3760 3778 parui-

2166 3798 2338 3853 tentia
2374 3799 2693 3854 multentur.

2233 3888 2324 3944 IV.
2354 3888 2416 3962 (ι,
2446 3889 2503 3956 2,
2532 3889 2621 3956 82,
2647 3889 2780 3956 156;
2825 3905 2879 3956 v,
2908 3889 3011 3952 40;
3039 3905 3093 3944 vr
3113 3931 3127 3954 ,
3153 3887 3305 3960 2l7.)
3338 3887 3411 3945 Ut
3443 3887 3628 3943 clerici
3664 3902 3758 3957 per

2167 3987 2409 4048 tempora
2451 3979 2747 4034 constituta
2793 3979 2864 4034 ad
2912 3979 3313 4035 ordinationem
3354 3977 3626 4048 gradatim
3667 3990 3757 4031 ve-

2166 4071 2336 4135 niant,
2363 4079 2418 4126 et
2439 4086 2548 4126 non
2577 4070 2835 4137 confuse;
2867 4080 2920 4127 et
2948 4078 3007 4125 ut
3052 4069 3186 4126 ﬁdes
3211 4079 3268 4124 et
3294 4069 3406 4124 vita
3443 4085 3661 4136 eorum,
3690 4067 3756 4122 li-

2163 4158 2348 4214 bertas
2384 4168 2438 4215 et
2481 4169 2721 4232 tempora
2751 4161 3116 4232 inquirantur.

477 4240 888 4312 intelligentiam
911 4241 1196 4312 pervenire
1220 4239 1483 4306 valerent,
1506 4231 1689 4297 coram
1712 4245 1920 4300 cunctis
1942 4259 2068 4314 per-
2093 4248 2125 4312 ε

2247 4246 2308 4301 V.
2337 4250 2400 4320 (ι,
2428 4248 2495 4315 5;
2520 4231 2604 4315 ιιι,
2628 4249 2727 4315 90;
2755 4265 2809 4315 v,
2833 4231 2934 4317 38;
2957 4266 3032 4315 vr,
3055 4249 3194 4314 578;
3219 4264 3319 4314 vn,
3341 4249 3459 4321 55.)
3484 4247 3563 4304 De
3581 4250 3755 4306 usuris

477 4329 581 4402 legi
612 4331 840 4386 fecimus
867 4339 924 4385 et
951 4329 1176 4386 revolvi.
1203 4329 1272 4385 Et
1305 4331 1558 4400 quoniam
1587 4334 1882 4389 auctoritas
1909 4351 2066 4392 sacra

477 4438 748 4480 canonum
776 4422 907 4477 nulli
937 4421 1280 4478 sacerdotum
1302 4438 1543 4480 canones
1569 4425 1822 4497 ignorare
1849 4428 2066 4498 permit-

476 4515 573 4581 tit,
613 4530 685 4571 ne
735 4530 1062 4587 quemquam
1101 4515 1156 4570 in
1202 4515 1410 4587 reliquo
1455 4517 1613 4573 nobis
1651 4520 2065 4577 commissorum

477 4608 639 4678 hujus
665 4607 873 4663 ordinis
898 4617 1178 4678 expertem
1202 4608 1519 4666 noverimus
1556 4625 1822 4667 canonum
1840 4654 1854 4679 ,
1878 4611 2070 4671 decre-

477 4699 660 4755 vimus
701 4701 1012 4772 pariterque
1065 4701 1400 4772 injunximus
1451 4713 1706 4776 excerpta
1753 4723 1852 4778 per
1895 4708 2067 4764 nostri

477 4789 680 4847 laboris
719 4794 958 4849 studium
993 4795 1110 4851 haec
1155 4797 1365 4852 modica
1411 4799 1797 4871 succinctaque
1831 4801 2070 4873 capitula

484 4899 928 4956 unumquemque
954 4887 1158 4942 habere
1187 4888 1240 4942 in
1270 4898 1570 4959 posterum.

554 4991 581 5020 ι
606 4980 734 5035 CAP.
761 4981 800 5034 Ι.
832 4980 1110 5052 (Capitul.,
1133 4982 1227 5037 lib.
1251 4999 1349 5054 vit,
1381 5003 1496 5056 cap.
1515 4986 1665 5058 264.)
1683 4986 1755 5043 Ut
1783 4987 1834 5041 in
1859 4987 2068 5058 synodo

479 5070 633 5144 prius
652 5073 930 5142 generales
957 5088 1152 5140 causae,
1179 5091 1300 5145 quae
1327 5078 1393 5132 ad
1429 5095 1672 5134 normam
1704 5081 1867 5137 totius
1887 5081 2072 5137 Eccle—

483 5163 580 5218 size
625 5164 935 5232 pertinent,
983 5164 1278 5235 ﬁniantur,
1329 5178 1517 5240 postea
1574 5173 1840 5243 speciales
1895 5173 2071 5229 venti-

482 5251 685 5306 lentur.
1078 5259 1082 5262 '

553 5339 618 5394 ll.
649 5341 714 5411 (ι,
741 5340 825 5408 15,
857 5341 946 5408 75,
977 5344 1108 5411 159;
1134 5362 1189 5414 v,
1222 5348 1357 5415 155;
1392 5366 1467 5417 vi,
1498 5351 1618 5418 189,
1647 5352 1773 5420 205,
1798 5353 1937 5420 518;
1971 5373 2068 5422 vti,

481 5428 633 5503 276.)
669 5429 745 5487 De
772 5433 860 5488 die
895 5435 1207 5503 Dominica,
1237 5448 1298 5493 ut
1330 5455 1360 5493 a
1391 5456 1614 5512 vespera
1646 5459 1816 5514 usque
1851 5445 1916 5500 ad
1944 5461 2069 5502 ves-

484 5537 671 5593 peram
719 5525 1056 5596 celebretur;
1095 5539 1150 5586 et
1195 5539 1256 5586 ut
1301 5532 1520 5588 servilia
1569 5551 1763 5606 opera,
1810 5547 1868 5593 et
1908 5538 2071 5594 verba

2170 4338 2421 4395 omnibus
2451 4339 2700 4396 ﬁdelibus
2723 4341 3095 4411 prohibendis,
3124 4340 3340 4396 clericis
3375 4355 3442 4396 ac
3482 4339 3656 4396 laicis.
3695 4340 3757 4395 Et

2169 4429 2236 4484 de
2263 4432 2533 4488 mensuris
2558 4440 2614 4488 et
2638 4433 2989 4504 ponderibus,
3025 4441 3085 4489 ut
3112 4433 3277 4506 iusta:
3312 4440 3368 4489 et
3398 4433 3641 4504 aequales
3666 4432 3757 4487 ba-

2169 4519 2422 4576 beantur.

2241 4614 2328 4670 Vl.
2363 4617 2425 4686 (l,
2451 4617 2566 4690 22.)
2595 4615 2662 4674 Ut
2687 4633 2791 4674 nec
2816 4617 3006 4675 clerici
3031 4635 3132 4677 nec
3159 4619 3411 4676 monachi
3438 4619 3510 4676 ad
3537 4620 3756 4677 sarcula-

2170 4707 2252 4764 ria
2280 4708 2493 4778 negotia
2527 4718 2828 4766 transeant.

2243 4798 2351 4854 Vll.
2383 4800 2444 4872 (ι,
2475 4800 2570 4866 28,
2603 4801 2702 4868 58;
2726 4817 2778 4869 v,
2803 4801 2918 4875 70.)
2946 4802 3018 4860 Ut
3055 4802 3101 4858 si
3139 4801 3327 4858 clerici
3367 4810 3464 4858 aut
3508 4801 3755 4858 monachi

2172 4891 2314 4946 inter
2341 4907 2400 4947 se
2427 4892 2631 4948 habent
2667 4895 2917 4964 negotia,
2948 4893 3089 4964 apud
3125 4894 3438 4964 episcopum
3483 4893 3755 4956 ﬁniantur,

2171 4991 2228 5038 et
2256 4997 2363 5038 non
2390 4983 2532 5054 apud
2557 4983 2869 5040 saaculares.
2895 4985 2990 5038 Sin
3013 4983 3172 5048 alias,
3201 4984 3752 5039 excommunicentur.

2246 5075 2380 5130 Vill.
2427 5077 2557 5146 (vn,
2597 5076 2752 5148 210.)
2795 5076 2864 5132 Ut
2905 5076 3086 5132 nullus
3127 5075 3393 5131 laicorum
3434 5087 3755 5146 quemquam

2172 5169 2499 5226 clericorum
2529 5172 2735 5241 absque
2779 5169 3048 5242 permissu
3083 5168 3322 5240 episcopi
3365 5167 3658 5239 compellat
3693 5164 3754 5220 ad

2174 5278 2369 5319 causas
2399 5264 2480 5319 ire
2508 5263 2575 5318 ad
2602 5262 2894 5333 publicum.
2919 5262 2987 5317 Et
3011 5262 3102 5332 qui
3133 5261 3353 5328 fecerit,
3389 5260 3564 5316 donec
3599 5259 3754 5316 corri-

2175 5363 2285 5426 gat,
2315 5355 2382 5409 ab
2408 5343 2664 5410 Ecclesia:
2690 5354 2949 5409 societate
2977 5352 3230 5424 pellatur.

2244 5445 2335 5500 IX.
2370 5446 2432 5518 (ι,
2455 5445 2546 5511 52,
2569 5445 2668 5513 76;
2700 5461 2752 5510 ν,
2786 5445 2874 5512 72,
2904 5446 3011 5500 516
3039 5453 3094 5501 et
3117 5443 3262 5516 seq.)
3296 5443 3368 5501 Ut
3396 5445 3532 5501 ﬁdes
3569 5444 3754 5516 pradio

2176 5546 2330 5594 cetur
2367 5538 2620 5596 omnibus
2658 5538 2907 5596 ﬁdelibus
2946 5554 2977 5593 a
3023 5537 3390 5611 presbyteris,
3426 5537 3751 5603 incarnatio,

555 5700 1338 5796 “j‘idfjnte‘rucarolillagni
1369 5725 1550 5796 opera.
1579 5712 1900 5789 Patrologiaz
1928 5723 2060 5774 tom.
2105 5716 2320 5785 XCVII,
2354 5717 2632 5776 Benedicti
2675 5719 2889 5777 diaconi
2923 5719 3316 5780 Collectionem
3343 5723 3745 5796 Capitularium,

482 5785 548 5826 ex
581 5789 686 5844 qua
716 5775 832 5832 bmc
849 5786 1063 5848 sumpta
1089 5789 1214 5834 sunt
1240 5775 1462 5851 passim.
1491 5783 1648 5840 Eutr.
