4000 6352
539 337 641 390 767

1675 335 1983 391 HEBARDI
2035 334 2296 391 TL‘RON.
2338 333 2654 390 ARCHIEP.
3635 343 3711 404 tet

535 450 744 504 ratione
770 448 1052 516 copuletur
1088 447 1360 515 coniugio,
1404 455 1461 500 et
1503 460 1676 514 usque
1717 447 1785 500 ad
1826 447 2112 516 septimam
2141 453 2189 509 Α
2219 446 2383 500 fuerit
2425 446 2926 518 excommunicatus
2967 447 3241 519 episcopo,
3285 457 3337 504 et
3376 464 3440 504 ex
3478 451 3715 514 ministerio

534 539 940 611 generationem
971 537 1252 608 progenies
1279 537 1619 591 observetur.

604 629 864 685 XXXVII.
911 631 982 700 (v,
1028 629 1148 684 I80.
1196 628 1333 681 Add.
1373 643 1433 691 ιι,
1470 627 1582 694 17.)
1617 628 1766 694 Quod
1811 646 1916 685 non
1955 629 2118 686 liceat

535 723 746 776 mulieri
777 721 954 776 velum
999 729 1092 774 aut
1119 729 1311 790 sponte
1357 729 1452 774 aut
1487 730 1674 775 coacte
1719 722 1885 776 semel
1934 736 2118 776 susce-

535 823 684 882 ptum
731 829 1054 882 quacunque
1099 814 1311 868 ratione
1341 813 1592 882 rejicere,
1628 815 1752 871 licet
1783 816 1834 870 in
1866 816 2117 872 domibus

530 904 762 972 propriis
785 912 962 958 vestes
985 906 1226 958 tnutarit.

605 991 884 1047 XXXVIII.
920 994 996 1063 (v,
1030 995 1176 1064 I67.)
1216 994 1285 1050 Ut
1311 995 1488 1050 nullus
1531 996 1699 1050 lilium
1747 998 1835 1052 vel
1881 997 2044 1053 ﬁliam
2084 1015 2115 1054 a

530 1085 680 1140 fonte
708 1087 997 1154 suscipiat,
1027 1103 1127 1142 nec
1166 1102 1286 1142 eam
1328 1088 1492 1141 ducat
1529 1089 1684 1158 cujus
1724 1088 1892 1143 ﬁlium
1924 1091 2112 1144 tenuit.

528 1178 682 1246 Quod
705 1180 748 1233 si
779 1180 978 1234 inventi
1005 1191 1150 1242 sunt,
1178 1189 1515 1250 separentur.

601 1269 841 1324 XXXIX.
875 1269 953 1339 (v,
985 1271 1112 1334 515,
1133 1271 1268 1335 522;
1296 1286 1369 1333 vt,
1401 1271 1489 1334 99,
1522 1269 1664 1334 402;
1694 1285 1793 1335 vit,
1824 1270 1949 1324 35L
1979 1271 2113 1325 Add.

527 1362 1139 1428 lv,8.)Utdoceantur
1185 1363 1369 1432 plebes
1418 1362 1559 1416 nulla
1607 1371 1792 1417 contra
1837 1364 2118 1432 episcoros

529 1455 768 1524 graviter
795 1454 876 1507 vel
907 1454 1099 1509 leviter
1139 1470 1318 1523 agere,
1354 1469 1452 1509 nec
1501 1455 1633 1524 ipsis
1672 1454 1977 1518 detrahere,
2025 1455 2117 1510 sed

529 1545 810 1599 humiliter
829 1561 894 1599 ac
928 1555 1242 1600 reverenter
1271 1547 1324 1600 in
1367 1546 1579 1600 cunctis
1615 1546 1868 1612 obedire;
1895 1557 1949 1600 et
1974 1547 2116 1617 quod

475 1623 488 1630 ”
527 1650 717 1689 eorum
746 1635 941 1703 injuria
982 1637 1249 1691 referatur
1282 1638 1348 1691 ad
1387 1637 1590 1701 Deum,
1617 1637 1770 1705 cujus
1799 1654 2006 1693 summa
2038 1639 2113 1692 le-

530 1724 747 1792 gatione
771 1723 1084 1795 funguntur.
1111 1727 1174 1779 Et
1203 1734 1262 1779 ut
1290 1742 1444 1796 rcges
1467 1726 1548 1779 vel
1571 1727 1862 1796 principes,
1888 1744 1984 1797 pro
2005 1729 2118 1797 qui-

2219 553 2378 593 sacro
2403 538 2696 607 quidquam
2727 538 3034 608 contigerit,
3066 540 3367 594 nullatenus
3387 556 3524 610 spem
3549 549 3716 603 restito.

2220 629 2382 683 tionis
2410 629 2667 684 inveniat.

2289 719 2394 774 LII.
2422 719 2520 790 (vr,
2551 720 2666 789 77.)
2707 720 2777 776 Ut
2799 721 2891 791 qui
2915 736 3110 790 aquam
3144 731 3500 778 consecratam
3524 725 3622 780 vult
3652 743 3718 785 ae-

2219 811 2397 880 cipere
2427 812 2480 864 in
2512 810 2749 866 Sabbato
2778 821 2968 866 sancto
2997 811 3081 866 vel
3115 811 3454 876 Pentecoste,
3482 826 3591 871 ante
3615 819 3720 874 inlu-

2217 902 2423 956 sionem
2447 903 2758 957 chrismatis
2780 912 2978 957 sumat.
3015 902 3150 957 Nam
3171 903 3258 958 illa
3280 905 3569 963 chrismatis
3587 910 3724 966 minio

2219 993 2285 1046 ad
2311 995 2709 1062 regenerandos
2738 996 2990 1065 pertinet.

2289 1083 2417 1137 LIII.
2451 1091 2534 1147 (ιι,
2563 1083 2668 1150 40;
2720 1101 2797 1146 vr,
2830 1087 2954 1148 I70,
2986 1089 3081 1143 I9I
3107 1105 3121 1154 ;
3149 1103 3249 1153 vn,
3275 1089 3423 1161 472.)
3471 1090 3535 1147 Ut
3553 1095 3729 1164 populus

2219 1173 2542 1242 praedicetur
2569 1183 2628 1228 ut
2657 1175 2957 1231 oblationes
2987 1177 3098 1232 Deo
3127 1177 3394 1242 offerant,
3439 1188 3490 1234 et
3522 1191 3575 1235 ut
3611 1186 3728 1238 tertia

2219 1264 2498 1320 Dominica
2528 1264 2611 1318 vel
2638 1276 2828 1334 quarta
2852 1268 3288 1333 communicent,
3320 1269 3623 1326 abstinentes
3643 1288 3689 1327 se
3707 1288 3730 1327 a

2219 1348 2430 1408 luxuria
2481 1356 2822 1424 propriisque
2871 1357 3168 1422 uxoribus,
3207 1367 3264 1412 et
3309 1357 3521 1428 reliquis
3563 1361 3731 1428 illicitis,

2221 1445 2324 1498 nisi
2358 1443 2496 1498 forte
2531 1446 2904 1500 criminalibus
2928 1447 3100 1517 culpis
3128 1449 3236 1502 sint
3263 1448 3521 1518 impliciti.

2291 1532 2425 1588 LIV.
2459 1537 2558 1600 (vt,
2592 1535 2716 1598 I69,
2748 1535 2893 1604 I7l.)
2937 1535 3006 1590 Ut
3042 1537 3190 1605 signa
3216 1537 3492 1607 pulsentur
3523 1539 3646 1594 horis
3669 1552 3744 1597 αι’

2222 1628 2451 1682 ionicis.
2491 1627 2556 1680 Et
2585 1637 2642 1681 ut
2670 1627 2847 1681 nullus
2887 1643 2946 1680 se
2973 1644 3072 1698 per
3099 1629 3447 1684 ambitionem
3475 1631 3607 1685 alteri
3631 1648 3734 1701 prte-

2221 1717 2398 1782 ferat,
2448 1718 2542 1772 sed
2590 1732 2778 1772 omnes
2826 1728 3123 1788 agnoscant
3172 1727 3383 1790 tempus
3431 1736 3532 1776 suae
3569 1723 3736 1778 ordina-

530 1813 632 1868 bus
670 1830 828 1869 orare
869 1817 1173 1886 quibusque
1203 1827 1422 1886 propter
1463 1817 1628 1869 Deum
1673 1817 1828 1870 subdi
1873 1819 2118 1888 praecipi-
2148 1805 2194 1863 Β
2227 1810 2406 1863 “onis.

529 1921 671 1969 mur,
705 1907 882 1961 nullus
913 1907 1234 1964 maledicere
1257 1909 1337 1963 vel
1370 1909 1656 1963 detrahere
1679 1918 1988 1978 prmsumat.

603 1992 718 2048 XL.
751 1996 825 2065 (ι,
869 1997 970 2062 85;
1007 2013 1061 2059 v,
1086 1998 1221 2060 2H;
1261 2014 1361 2061 vn,
1394 1998 1532 2062 292,
1571 1997 1694 2052 468.
1737 1999 1874 2052 Add.
1901 2015 1974 2063 tv,
2003 1999 2115 2072 56.)

530 2084 606 2140 De
638 2102 824 2141 manso
860 2088 1069 2158 integro
1097 2090 1386 2158 unicuique
1421 2090 1678 2144 Ecclesia:
1713 2089 1918 2158 absque
1949 2106 2118 2146 censu

529 2175 613 2230 vel
645 2177 925 2244 temporali
963 2179 1188 2233 servitio
1233 2179 1432 2233 dando.
1464 2179 1532 2234 Et
1566 2180 1706 2250 quod
1741 2195 1928 2236 omnes
1965 2181 2118 2236 dotes

528 2269 878 2324 ecclesiarum
911 2271 976 2324 ad
1003 2273 1126 2342 jura
1153 2273 1460 2341 pertineant
1488 2273 1744 2342 episcopi.

602 2361 736 2417 XLI.
769 2363 865 2432 (tv,
899 2364 995 2428 I7;
1025 2381 1080 2428 ν,
1105 2365 1228 2428 106,
1253 2363 1405 2434 255.)
1441 2364 1756 2436 Quicunque
1786 2367 2000 2421 viduam
2031 2367 2117 2422 in-

529 2454 610 2508 fra
645 2455 865 2524 triginta
893 2457 1007 2511 dies
1030 2458 1310 2512 viduitatis
1337 2457 1558 2511 invitam
1597 2458 1680 2512 vel
1722 2459 1992 2514 volentem
2028 2475 2118 2515 ac-

526 2548 751 2616 ceperit,
786 2548 927 2604 ultra
954 2563 1076 2604 eam
1117 2565 1224 2604 non
1267 2549 1531 2618 attingat,
1563 2559 1620 2604 et
1651 2550 1898 2606 adulterii
1927 2567 2116 2622 pmnas

527 2633 666 2691 luat.

599 2729 754 2784 XLII.
789 2729 874 2802 (ιι,
901 2732 1000 2796 59ς
1027 2750 1082 2797 v,
1114 2733 1265 2800 271.)
1299 2733 1369 2789 Ut
1404 2735 1696 2790 inrestuosi
1718 2777 1732 2800 ,
1763 2743 1818 2790 et
1847 2737 1938 2806 qui
1967 2737 2113 2793 deci-

529 2834 648 2874 mas
679 2837 785 2875 non
816 2823 978 2887 dant,
1010 2841 1117 2878 non
1170 2827 1612 2894 constringantur
1656 2843 1753 2898 per
1790 2827 1997 2900 gladios
2029 2829 2114 2884 vel

529 2924 894 2978 sacramenta,
926 2917 1020 2970 sed
1044 2916 1410 2972 ecclesiastice
1437 2920 1802 2988 corrigantur.

599 3000 779 3058 XLIII.
807 3005 997 3073 (Ibid.,
1021 3007 1166 3077 525.)
1190 3008 1259 3063 Ut
1281 3010 1580 3080 presbyteri
1622 3025 1718 3079 per
1739 3019 1975 3066 mercata
2003 3027 2110 3066 non

527 3093 854 3150 discurrant.
890 3112 986 3151 nec
1019 3097 1308 3153 indiscrete
1335 3099 1525 3152 domos
1555 3100 1907 3165 circumeant,
1937 3110 1992 3156 et
2017 3117 2112 3156 co-

2289 1897 2396 1953 LV.
2431 1899 2616 1968 (Ibid.,
2646 1900 2766 1963 I73,
2801 1902 2948 1971 I95.)
2991 1901 3060 1958 Ut
3083 1918 3240 1959 nemo
3279 1917 3309 1956 a
3353 1918 3503 1959 sacro
3526 1902 3738 1962 fonteali-

2217 2007 2376 2062 quen
2401 1994 2690 2061 suscipiat,
2724 1995 2824 2049 nisi
2859 1994 3171 2066 Orationem
3204 1997 3527 2052 dominicam
3549 2009 3597 2053 et
3619 1999 3739 2070 Sym-

2219 2085 2399 2140 bolum
2438 2086 2590 2156 juxta
2637 2087 2873 2157 linguam
2924 2104 3076 2142 suam
3122 2098 3175 2142 et
3219 2089 3542 2144 intellectum
3583 2099 3738 2147 teneat.

2218 2175 2284 2232 Et
2312 2193 2502 2232 omnes
2526 2178 2827 2246 intelligant
2848 2189 3063 2246 pactum
3088 2182 3228 2248 quod
3253 2196 3378 2234 cum
3404 2181 3507 2236 Deo
3531 2181 3739 2238 fecean

2288 2265 2420 2320 LVI.
2459 2266 2647 2336 (lbid.,
2676 2267 2822 2339 I78.)
2853 2268 2922 2322 Ut
2953 2270 3252 2340 presbyteri
3293 2272 3554 2336 chrisma,
3589 2273 3740 2338 oleum,

2222 2368 2277 2413 et
2327 2360 2718 2416 Eucharistiam
2764 2377 2980 2431 semper
3024 2362 3254 2417 habeant
3282 2403 3298 2424 ,
3345 2372 3404 2418 ut
3444 2366 3601 2434 parati
3633 2365 3743 2420 inve-

2217 2451 2455 2506 niantur.

2287 2543 2443 2597 LVII.
2478 2542 2664 2613 (Ibid.,
2694 2544 2780 2607 29,
2814 2545 2960 2607 I95.)
2996 2546 3067 2602 Ut
3089 2561 3278 2602 omnes
3310 2547 3554 2618 primitiae
3577 2546 3742 2619 frugum

2215 2633 2611 2688 benedictionis
2639 2637 2808 2702 gratia
2841 2636 2908 2690 ad
2941 2637 3224 2690 ecclesiam
3253 2638 3582 2691 deferantur.

2287 2723 2460 2776 LVIII.
2496 2723 2683 2790 (lbid.,
2718 2725 2813 2778 l97
2842 2735 2894 2779 et
2919 2727 3144 2795 seq.)Ut
3169 2729 3444 2798 exsequiae
3469 2741 3746 2785 mortuorum

2216 2829 2338 2869 cum
2384 2813 2530 2868 luctu
2577 2825 2788 2869 secreto
2833 2825 2887 2870 et
2932 2819 3113 2873 cordis
3139 2821 3343 2889 gemitu
3374 2823 3521 2876 Iiant.
3557 2822 3747 2891 Etpsal-

2215 2919 2334 2959 mos
2360 2905 2688 2974 ignorantes,
2721 2906 2880 2976 Kyrie
2902 2909 3096 2963 eleison
3127 2911 3198 2966 ibi
3231 2923 3464 2981 canant;
3511 2924 3564 2969 et
3602 2924 3652 2970 ut
3677 2914 3749 2969 tri.

2213 2997 2359 3066 ginta
2392 2998 2578 3052 diebus
2609 3001 2766 3052 amici
2792 3009 2847 3055 et
2872 3011 3130 3068 parentes
3154 3019 3251 3072 pro
3279 3007 3364 3060 eis
3389 3015 3563 3076 agant.

2285 3088 2417 3143 LIX.
2449 3089 2638 3160 (Ibid.,
2663 3092 2817 3164 206.)
2836 3091 2906 3147 Ut
2934 3095 3237 3165 presbyteri
3269 3098 3336 3153 de
3365 3099 3751 3170 occultisjussioa

531 3185 952 3241 messationibus
977 3199 1033 3241 et
1061 3189 1419 3244 ebrietatibus
1439 3205 1544 3244 non
1575 3190 1906 3258 inserviant,
1935 3208 2002 3249 ne
2029 3192 2111 3248 fa-

2218 3196 2286 3236 ne
2316 3182 2550 3250 episcopi
2587 3185 2914 3253 paenitentes
2951 3187 3334 3253 reconcilient;
3385 3199 3441 3245 et
3477 3191 3603 3245 sicut
3627 3205 3750 3259 supra

529 3289 676 3328 mam
708 3275 862 3330 malae
897 3277 1167 3345 opinionis
1195 3277 1497 3332 incurrant.

599 3363 782 3422 XLIV.
815 3366 877 3437 (ι,
911 3368 1044 3434 150;
1077 3385 1131 3434 v,
1159 3369 1310 3442 527.)
1340 3369 1412 3426 Ut
1439 3386 1528 3426 res
1551 3388 1688 3442 quas
1729 3374 1784 3429 in
1826 3377 1999 3432 sacris
2025 3393 2116 3431 or-

527 3457 750 3513 dinibus
769 3459 1149 3530 acquisierint,
1177 3462 1414 3531 propriis
1435 3463 1680 3519 ecclesiis
1709 3465 2112 3536 derelinquant;

529 3547 904 3606 hatreditarias
925 3565 1055 3606 vero
1073 3549 1231 3620 juxta
1257 3553 1542 3610 arbitrium
1570 3558 1803 3627 propriae
1823 3559 2116 3616 voluntatis

527 3639 874 3698 distribuant.

596 3731 756 3790 XLV.
793 3736 979 3808 (lbid.,
1014 3738 1164 3808 572.)
1205 3739 1276 3795 Ut
1303 3743 1609 3814 presbyteri
1654 3759 1847 3814 aquam
1887 3746 2114 3802 benedi-

524 3830 670 3876 ctam
704 3839 827 3878 cum
855 3826 968 3881 suis
993 3829 1208 3898 populis
1245 3829 1298 3882 in
1325 3830 1556 3886 circuitu
1579 3832 1936 3888 ecclesiarum
1960 3835 2112 3890 defe-

525 3920 672 3976 rant,
694 3921 751 3966 et
778 3922 837 3967 ut
860 3916 1117 3970 scrutinia
1149 3917 1203 3971 in
1229 3917 1363 3974 locis
1389 3928 1445 3975 et
1478 3922 1816 3992 temporibus
1843 3925 2114 3980 constitu-

523 3999 595 4053 tis
621 4016 727 4053 non
757 4001 1046 4072 negligant.

598 4085 780 4142 XLVI.
798 4089 984 4160 (Ibid.,
1001 4092 1125 4147 582.
1151 4093 1291 4148 Add.
1323 4111 1407 4161 ιιι,
1434 4095 1546 4166 72.)
1569 4097 1646 4154 De
1667 4099 2115 4158 aediﬁcationibus

522 4175 907 4245 ecclesiarum,
956 4188 1016 4234 ut
1061 4182 1242 4238 nullus
1287 4194 1445 4241 antea
1495 4186 1904 4245 fundamentum
1947 4191 2117 4262 jaciat

522 4264 701 4321 donec
725 4267 1010 4339 episcopus
1032 4271 1234 4337 veniat,
1262 4282 1318 4328 et
1343 4273 1397 4328 in
1429 4276 1606 4330 medio
1628 4291 1846 4332 crucem
1871 4277 2034 4350 ligat;
2057 4289 2114 4335 et

520 4357 603 4413 sic
630 4368 852 4430 accepta
879 4361 1026 4428 dote,
1058 4365 1408 4421 construendi
1435 4366 1712 4422 licentiam
1741 4368 1966 4425 tribuat.

593 4449 799 4506 XLVII.
837 4457 902 4523 (t,
931 4456 1064 4522 I5l;
1108 4473 1164 4523 v,
1193 4457 1320 4513 266.
1352 4458 1491 4513 Add.
1523 4475 1608 4526 ιιι,
1630 4460 1745 4532 85.)
1796 4459 1870 4516 Ut
1903 4461 2112 4531 episco-

519 4556 642 4612 pus,
679 4553 774 4599 aut
801 4548 1105 4619 presbyter,
1145 4549 1210 4604 de
1238 4550 1359 4605 loco
1396 4551 1617 4622 ignobili
1647 4552 1714 4606 ad
1749 4552 1982 4608 nobilem
2012 4570 2110 4624 per

526 4633 878 4690 ambitionem
913 4651 1022 4692 non
1061 4647 1335 4702 transeat,
1366 4655 1467 4696 nec
1505 4641 1794 4712 quisquam
1835 4643 2110 4699 inferioris

519 4725 729 4781 ordinis
748 4726 1001 4785 clericus.

592 4815 824 4874 XLVIII.
857 4819 955 4890 (vt,
984 4820 1126 4886 200;
1159 4837 1256 4888 vn,
1287 4823 1441 4896 245.)
1478 4822 1534 4878 Si
1555 4825 1840 4897 presbyter
1866 4833 1954 4880 aut
1985 4825 2105 4880 dia-

521 4920 694 4962 conus
721 4909 924 4966 deserit
953 4912 1242 4968 ecclesiam
1273 4929 1425 4968 suam
1447 4955 1463 4980 ,
1508 4915 1831 4986 deponatur,
1874 4917 1976 4972 nisi
2009 4933 2107 4986 pe-

519 4998 712 5054 titione
739 5002 916 5072 populi
935 5041 950 5068 ,
982 5004 1311 5075 licentiaque
1339 5007 1610 5076 episcopi,
1640 5017 1694 5064 et
1724 5010 1956 5066 utilitate
1985 5026 2105 5065 ma-

514 5103 643 5157 jort.

597 5177 778 5234 XLIX.
819 5183 917 5250 (vr,
947 5183 1036 5248 73,
1070 5185 1161 5240 75.
1188 5186 1327 5240 Add.
1352 5203 1412 5252 ιι,
1446 5187 1557 5258 10.)
1597 5188 1668 5244 Ut
1692 5191 1978 5261 presbyter
1997 5190 2104 5249 ιιοῆ

518 5270 752 5342 amplius
781 5288 942 5342 quam
973 5291 1135 5332 unam
1165 5279 1452 5335 ecclesiam
1485 5280 1712 5338 habeat.
1753 5284 1895 5339 sicut
1933 5294 1989 5341 et
2022 5287 2108 5341 vir

519 5375 682 5416 unam
715 5378 960 5420 uxorem.

591 5453 652 5509 L.
682 5454 777 5526 (vr,
811 5459 923 5531 61.)
967 5460 1035 5517 Ut
1077 5465 1379 5536 presbyteri
1429 5474 1486 5520 et
1531 5466 1779 5534 diaconi,
1812 5468 1856 5523 si
1885 5469 1938 5523 in
1963 5470 2104 5524 bella

518 5557 644 5599 cum
676 5549 842 5603 armis
872 5555 1268 5621 processerint,
1308 5555 1383 5609 ita
1420 5556 1760 5626 deponantur
1789 5568 1848 5614 ut
1878 5575 1979 5615 nec
2009 5559 2109 5613 lai-

515 5651 638 5692 cam
665 5644 1099 5700 communionem
1133 5647 1383 5701 habeant.

592 5727 676 5783 LI.
716 5731 876 5799 (Add.
910 5751 979 5798 tv,
1013 5736 1126 5804 5-1.)
1183 5736 1239 5790 Si
1287 5737 1408 5807 quis
1439 5755 1466 5793 τι
1493 5741 1698 5811 synodo
1725 5742 1858 5798 vela
1888 5744 2104 5813 preprio

2217 3272 2620 3341 praemisimus,
2686 3274 3026 3330 infirmantes
3075 3275 3363 3333 absolvant
3410 3289 3467 3336 et
3506 3279 3752 3334 communi-

2219 3371 2362 3417 cent.

2286 3450 2398 3506 LX.
2429 3452 2617 3523 (Ibid.,
2651 3453 2802 3525 207.)
2822 3453 3008 3510 Mulier
3034 3463 3158 3527 post
3183 3464 3403 3527 partum
3429 3457 3598 3513 statim
3617 3465 3668 3511 ut
3685 3471 3750 3510 vo-

2217 3541 2414 3609 luerit,
2455 3544 2558 3599 nisi
2605 3544 2746 3601 forte
2786 3547 2858 3602 sit
2884 3546 3127 3602 adultera
3153 3587 3168 3613 ,
3199 3548 3371 3604 intret
3393 3549 3682 3612 ecclesiam,
3706 3560 3754 3600 ac

2215 3631 2332 3688 Deo
2361 3634 2562 3690 referat
2589 3637 2814 3706 gratias.

2286 3722 2422 3779 LXI.
2475 3727 2538 3795 (ι,
2570 3727 2701 3792 158;
2749 3743 2809 3793 ιι,
2838 3729 2940 3794 '55;
2983 3745 3059 3794 vt,
3105 3729 3254 3800 I89.)
3313 3729 3395 3787 De
3425 3729 3755 3786 festivitatiqu

2215 3815 2341 3868 anni
2377 3829 2496 3884 qua:
2518 3814 2700 3871 feriari
2729 3816 2993 3884 debeant,
3024 3819 3079 3874 id
3106 3827 3190 3874 est
3224 3819 3403 3874 Natali
3429 3819 3755 3884 Domini,sano

2213 3907 2286 3962 cti
2318 3906 2610 3979 Stephani,
2641 3911 2816 3966 sancti
2842 3911 3101 3978 Joannis,
3132 3921 3188 3968 et
3213 3913 3608 3977 Innocentium,
3634 3921 3753 3966 octa-

2213 4013 2312 4054 vas
2341 4000 2572 4065 Domini,
2608 4001 2929 4072 Epiphania,
2959 4013 3013 4058 et
3046 4002 3435 4059 Purilicatione
3462 4011 3648 4058 sancta:
3671 3999 3756 4054 lla-

2214 4090 2330 4154 riae,
2367 4098 2422 4146 et
2445 4091 2847 4164 Assumptione,
2879 4104 2935 4149 et
2957 4094 3294 4150 Ascensione
3321 4095 3552 4160 Domini,
3575 4103 3624 4149 et
3647 4092 3755 4148 Pen-

2214 4191 2438 4250 tecoste,
2464 4183 2623 4240 Missa
2653 4186 2827 4241 sancti
2855 4185 3082 4241 Joannis
3107 4186 3368 4256 Baptistae
3385 4226 3402 4252 ,
3434 4183 3754 4255 apostolorum

2212 4273 2358 4331 Petri
2383 4285 2439 4332 et
2462 4276 2636 4343 Pauli,
2666 4277 2841 4333 sancti
2882 4277 3186 4342 Michaelis,
3215 4286 3380 4348 atque
3406 4278 3633 4333 omnium
3653 4273 3758 4329 Satt-

2211 4376 2444 4434 ctorum,
2479 4368 2652 4424 sancti
2686 4367 2924 4433 Martini,
2956 4376 3010 4424 et
3031 4368 3206 4424 sancti
3232 4367 3498 4434 Andreae,
3528 4377 3754 4422 eteorum

2213 4474 2443 4528 quorum
2471 4473 2698 4528 corpora
2735 4474 2800 4514 ac
2825 4458 3018 4515 debita:
3044 4458 3423 4515 venerationes
3451 4458 3502 4512 in
3529 4457 3649 4512 locis
3673 4455 3758 4510 sin-

2137 4533 2190 4593 Ῑ)
2215 4551 2352 4621 gulis
2377 4559 2729 4622 peraguntur.

2284 4641 2442 4696 LXII.
2461 4641 2786 4713 (Ibid.,l87,
2813 4643 3090 4699 330.Add.
3121 4659 3181 4709 ιι,
3211 4642 3416 4714 25.)οι
3435 4641 3614 4697 diebus
3634 4635 3758 4692 festis

2207 4731 2539 4804 jejuniorum
2570 4749 2601 4789 a
2628 4733 2945 4806 coniugibus
2989 4749 3050 4790 se
3088 4735 3427 4799 abstineant;
3457 4742 3511 4789 et
3536 4731 3648 4800 quia
3672 4743 3755 4782 non

2211 4833 2296 4877 est
2324 4838 2582 4879 concessa
2611 4839 2749 4878 uxor
2770 4840 2933 4879 causa
2962 4823 3219 4888 libidinis,
3251 4824 3345 4879 sed
3379 4824 3631 4885 ﬁliorum,
3664 4834 3756 4873 om-

2212 4911 2298 4966 nia
2326 4912 2717 4981 prohibeantur
2746 4911 2950 4975 illicita,
2976 4921 3338 4982 parcatnrqne
3365 4928 3394 4965 a
3423 4912 3594 4969 licitis.

2279 5003 2460 5059 LXIII.
2491 5005 2592 5075 (VI,
2620 5003 2741 5068 105,
2775 5004 2896 5068 112,
2923 5005 3052 5069 394,
3079 5005 3213 5070 404,
3228 5005 3380 5078 407.)
3422 5005 3492 5061 Ut
3515 4999 3756 5076 privilegia

2210 5095 2456 5150 ecclesiis
2490 5111 2747 5151 concessa
2793 5106 3046 5151 maneant
3076 5097 3417 5168 incorrupta;
3467 5107 3518 5151 et
3543 5095 3627 5165 qui
3657 5107 3754 5146 cor-

2210 5188 2436 5256 ruperit.
2467 5202 2658 5259 poenas
2689 5189 2802 5242 luat
2828 5189 3120 5261 sacrilegii.

2281 5277 2466 5332 LXIV.
2500 5277 2576 5349 (v,
2606 5278 2745 5344 405;
2775 5295 2848 5344 vt,
2875 5279 3012 5346 595;
3045 5295 3140 5343 vn,
3174 5279 3319 5350 I993)
3358 5279 3568 5343 Laicis,
3592 5290 3755 5351 quam-

2212 5371 2295 5426 vis
2321 5369 2604 5441 religiosis,
2647 5373 2715 5426 de
2752 5371 2994 5426 ecclesiae
3021 5371 3249 5442 negotiis
3273 5371 3610 5443 disponendis
3634 5365 3753 5422 nulla

2213 5462 2483 5517 tribuatur
2529 5462 2796 5529 facultas,
2845 5463 2970 5533 quia
3017 5463 3084 5518 ad
3128 5464 3364 5534 ipsorum
3392 5463 3756 5519 damnationem

2211 5553 2444 5622 pertinet

2283 5643 2443 5699 LXV.
2479 5645 2572 5714 (vt,
2605 5646 2728 5709 404,
2753 5646 2879 5712 405,
2903 5646 3028 5702 407.
3054 5650 3190 5703 Αάά.
3225 5665 3296 5712 tv,
3329 5649 3442 5720 57.)
3467 5644 3755 5711 Omniaane

2215 5739 2324 5818 Deo
2353 5737 2672 5807 olleruntttr,
2706 5751 3018 5797 consecrata
3055 5743 3340 5809 habentur,
3371 5742 3422 5796 in
3455 5738 3642 5801 vineis,
3673 5743 3755 5787 trr-
