4000 6352
187 373 286 432 769

1687 367 1880 424 CAPIT
1891 367 2045 424 ULA.

3371 376 3474 429 770

186 498 262 550 rls
283 533 299 557 ,
328 491 496 563 sylvis
523 532 537 556 ,
567 489 888 545 utensilibus
911 529 924 553 ,
955 489 1294 544 vestimentis
1319 529 1334 550 ,
1365 489 1650 557 pecoribus
1674 528 1689 549 ,
1719 497 1774 539 et
1803 490 1851 548 Α
1878 483 1943 536 ad
1971 463 2145 537 noctis
2172 483 2386 538 initlum
2408 499 2512 539 non
2537 485 2805 555 jejunant,
2829 485 3388 551 exeommunieentur.
3417 499 3474 542 et

185 585 413 654 reliquis
435 583 903 654 possessionibus;
935 591 992 636 nt
1025 597 1146 649 quae
1175 581 1426 635 Ecclesia:
1453 591 1605 645 sunt,
1658 581 1776 634 sine

185 677 350 731 dubio
382 675 606 739 Christi,
637 675 728 744 qui
753 660 981 744 sponsus
1002 674 1119 743 ejus
1147 682 1251 737 est,
1280 675 1406 726 sint.

262 765 450 822 LXVI.
485 771 581 838 (γι,
607 766 759 835 121.)
796 766 946 832 Quod
989 763 1302 832 conj‘unctio
1342 763 1599 834 spiritalis
1632 777 1776 817 com-

186 861 385 914 matris
416 860 654 913 maxime
695 859 769 912 sit
808 867 1086 927 peccatum
1110 899 1124 922 ,
1153 866 1209 911 et
1237 858 1357 912 ideo
1388 858 1772 925 separandum,

182 960 239 1004 et
266 951 446 1021 capite
473 949 557 1003 vel
587 949 778 1003 exsilio
801 949 1183 1002 damnandum.

251 1043 461 1098 LXVII.
505 1042 692 1114 (Ibid,
717 1041 846 1107 250,
880 1041 1006 1104 240,
1039 1041 1164 1096 452.
1204 1041 1343 1094 Add.
1375 1057 1433 1104 ιι,
1463 1041 1580 1111 25.)
1621 1039 1774 1106 Quod

180 1137 419 1192 debeant
451 1135 554 1189 viri
589 1151 786 1189 uxores
816 1149 943 1188 suas
974 1133 1226 1204 diligere,
1255 1135 1441 1203 eisque
1462 1143 1523 1187 ut
1548 1134 1659 1187 vasi
1688 1134 1772 1187 in-

179 1225 368 1283 feriori
392 1227 693 1282 custodiam
719 1235 771 1281 et
805 1225 986 1280 omnia
1023 1226 1326 1280 necessaria
1361 1225 1663 1296 providere.

249 1320 480 1377 LXVIII.
535 1321 611 1390 (γ,
637 1319 730 1385 25,
779 1319 880 1382 59;
927 1335 1022 1383 vn,
1054 1317 1108 1381 4,
1152 1318 1239 1381 78,
1293 1318 1416 1382 155,
1459 1318 1576 1382 165,
1623 1319 1772 1391 275.)

182 1413 342 1482 Quod
373 1413 552 1468 omnis
571 1413 706 1466 ordo
737 1411 1058 1466 clericorum
1095 1411 1348 1480 episcopo
1375 1426 1472 1466 suo
1503 1411 1775 1481 subjectus

176 1513 434 1568 maneat,
466 1511 522 1557 et
562 1503 628 1558 ad
670 1502 788 1572 ejus
809 1501 1012 1572 judicia
1039 1511 1360 1566 concurrat,
1389 1503 1632 1573 nihilque
1656 1503 1776 1559 sine

175 1610 244 1650 eo
270 1603 583 1663 przesnmat.
624 1592 778 1660 Quod
806 1592 897 1661 qui
929 1592 1140 1654 fecerit,
1165 1592 1508 1662 degradetur.

245 1685 437 1740 LXIX.
466 1686 542 1757 (γ,
571 1685 663 1750 25,
696 1684 790 1750 26,
814 1685 882 1739 62
908 1700 923 1748 ς
954 1700 1052 1748 γιι,
1077 1684 1163 1748 10,
1194 1681 1345 1752 474.)
1371 1682 1440 1738 Ut
1463 1699 1744 1738 excommu

173 1778 375 1832 nieatis
418 1793 578 1833 nemo
609 1777 1007 1841 communicet,
1056 1791 1157 1831 nec
1188 1777 1659 1846 perturbatoribus
1681 1792 1770 1832 ec-

171 1869 466 1924 clesiarum
496 1885 556 1925 se
578 1871 825 1923 misceat.
1289 1907 1296 1913 .

241 1961 409 2016 LXX.
438 1966 536 2030 (γι,
577 1962 714 2028 561;
765 1978 862 2026 γιι,
904 1962 996 2026 85,
1028 1960 1176 2032 l00.)
1236 1960 1306 2016 Ut
1331 1961 1658 2016 criminosus
1685 1961 1769 2015 lo-

169 2068 301 2109 cum
327 2053 617 2107 accusandi
652 2068 760 2107 non
794 2053 1020 2118 habeat;
1053 2062 1107 2106 et
1127 2052 1219 2120 qui
1248 2067 1414 2106 unum
1435 2052 1641 2107 crimen
1660 2066 1769 2106 non

176 2147 467 2218 approbat,
495 2146 560 2201 ad
593 2146 737 2200 aliud
767 2161 872 2200 non
903 2147 1238 2200 admittatur.

248 2235 439 2292 LXXI.
486 2236 580 2307 (γι,
613 2236 749 2300 581ς
780 2252 875 2299 vn,
905 2235 1026 2290 ll6.
1057 2235 1194 2289 Add.
1237 2251 1310 2299 tv,
1340 2236 1418 2304 5.)
1478 2235 1550 2289 Ut
1591 2234 1769 2290 nullus

168 2328 583 2384 accusationem
621 2329 884 2399 suscipiat
921 2329 1236 2398 priusquam
1269 2329 1429 2383 rebus
1456 2329 1569 2383 suis
1611 2327 1771 2382 resti-

166 2429 222 2474 ιιι
231 2437 264 2474 8
274 2429 325 2474 Ill
335 2437 378 2474 Γ.

240 2510 451 2566 LXXII.
487 2511 572 2583 (γ,
617 2512 751 2577 H7;
781 2528 888 2578 vn,
921 2511 1070 2582 166.)
1103 2510 1272 2567 Nemo
1314 2511 1545 2579 accipiat
1595 2509 1768 2565 eccle—

167 2601 311 2655 siam
349 2601 466 2655 sine
497 2601 712 2656 datione
739 2609 795 2656 et
819 2617 1082 2656 consensu
1115 2601 1318 2670 proprii
1350 2602 1608 2670 episcopi.

239 2688 481 2744 LXXIII.
526 2696 603 2760 (γ,
629 2690 696 2754 2,
729 2692 993 2758 γιι,α150,
1017 2691 1168 2763 251.)
1217 2691 1282 2746 Ut
1313 2692 1554 2746 discendi
1591 2692 1765 2762 gratia

164 2777 238 2831 ad
285 2778 562 2832 civitatem
593 2781 678 2834 vel
725 2781 791 2834 ad
832 2781 947 2836 loca
1001 2782 1292 2836 constituta
1336 2781 1638 2850 presbvteri
1669 2796 1762 2835 ve—

167 2870 333 2922 niant
359 2871 810 2941 quadragesimali
840 2883 1102 2942 tempore.

241 2958 480 3014 LXXIV.
512 2961 628 3032 (vn,
655 2963 774 3025 l06,
799 2963 932 3029 455;
962 2979 1060 3028 vn,
1086 2964 1208 3027 152,
1238 2963 1362 3017 556.
1394 2963 1532 3016 Add.
1559 2977 1619 3026 ιι,
1645 2962 1762 3033 25.)

164 3051 243 3107 Ut
296 3051 364 3106 de
393 3053 630 3116 incestis,
664 3055 926 3121 inlirmis,
971 3056 1390 3125 pmnitentibus,
1439 3065 1494 3109 et
1538 3056 1764 3110 mortuis

161 3157 392 3197 omnem
423 3143 838 3199 sollicitudinem
868 3153 922 3200 et
945 3160 1130 3200 curam
1177 3147 1409 3201 habeant
1429 3145 1758 3212 presbvteri,

162 3243 220 3290 et
252 3236 590 3291 concubinas
612 3237 832 3290 omnino
857 3237 1196 3306 prohibeant.

237 3325 460 3381 LXXV.
489 3327 678 3399 (lbid.,
709 3329 761 3382 6.
795 3327 1040 3382 Gratia».
1071 3329 1194 3381 dist.
1224 3329 1292 3382 50
1317 3329 1383 3383 de
1423 3328 1580 3383 Cons.
1608 3329 1661 3382 6.
1692 3327 1764 3383 Ut

155 3415 387 3486 jejuni.)
419 3416 490 3470 Ut
529 3415 696 3484 jejuni
746 3421 814 3472 ad
865 3418 1330 3472 conﬁrmationem
1367 3421 1590 3474 veniant
1643 3434 1763 3487 per-

160 3506 332 3561 fecta:
361 3509 574 3572 :etatis;
605 3516 664 3568 et,
683 3519 1007 3563 moneantur
1044 3510 1406 3564 confessiones
1433 3511 1562 3564 dare
1588 3510 1759 3579 prius,

157 3608 222 3652 ut
253 3599 443 3651 mundi
471 3599 670 3653 donum
699 3603 869 3654 sancti
901 3601 1136 3671 Spiritus
1162 3603 1378 3656 valeant
1401 3587 1667 3670 accipere.

231 3687 478 3742 LXXVI.
528 3691 644 3761 (vu,
691 3691 964 3755 119,150,
1007 3693 1129 3756 147,
1166 3692 1285 3756 148,
1319 3693 1468 3762 465.)
1505 3693 1573 3748 Ut
1613 3695 1759 3748 omni

155 3797 314 3837 anno
337 3783 626 3853 parochias
649 3783 886 3852 episcopi
915 3792 1140 3855 gyrent;
1172 3794 1228 3839 et
1256 3794 1314 3838 ut
1341 3785 1639 3855 presbyteri
1675 3802 1762 3839 ra-

155 3874 373 3928 tionem
416 3874 506 3928 sui
553 3873 841 3928 ministerii
891 3890 955 3929 ac
994 3875 1328 3931 creditorum
1367 3877 1611 3930 omnium
1656 3876 1759 3944 ipsi

153 3967 420 4022 reddant.
627 4009 632 4012 .

225 4055 499 4116 LXXVII.
545 4056 812 4128 (Capitul.
845 4056 1024 4111 Caroli
1054 4057 1218 4123 Calvi,
1247 4059 1330 4111 tit.
1356 4073 1452 4121 vn,
1482 4075 1597 4127 cap.
1631 4057 1753 4128 72.)

153 4146 240 4202 De
267 4147 674 4202 'venditionibus
702 4146 1094 4216 sepulcrorum,
1124 4148 1192 4202 de
1220 4148 1302 4202 his
1333 4149 1421 4216 qui
1451 4164 1550 4218 pro
1577 4148 1758 4219 sepul-

153 4239 308 4294 turis
335 4255 558 4293 munera
586 4241 844 4310 exigunt,
886 4250 946 4296 ut
988 4241 1252 4296 severiter
1272 4242 1570 4309 puniantur
1595 4251 1652 4296 et
1675 4241 1757 4297 di-

153 4331 528 4399 stringantur.
640 4377 642 4380 ,

228 4417 518 4476 LXXVIII.
551 4422 672 4493 (γιι,
696 4421 823 4476 225.
849 4421 989 4475 Add.
1015 4438 1093 4487 ιγ,
1115 4423 1230 4494 71.)
1259 4422 1334 4478 Ne
1359 4423 1640 4494 presbyter
1664 4423 1757 4479 be-

152 4510 527 4566 nedictionem
578 4510 791 4582 publice
840 4511 1069 4569 fundere
1111 4530 1274 4586 super
1316 4515 1570 4585 populum
1619 4531 1750 4584 prte-

147 4615 322 4655 surna
332 4609 372 4653 ι.

231 4710 476 4766 LXXIX.
507 4714 627 4783 (vn,
655 4713 808 4786 218.)
838 4715 939 4782 Qui
977 4715 1261 4770 ecclesiam
1292 4717 1606 4772 tricennarii
1632 4713 1758 4789 jtlre

150 4800 635 4872 possederit,nulli
664 4805 919 4874 deinceps
945 4807 1264 4862 subtrahere
1291 4808 1468 4863 liceat.
1502 4835 1508 4841 -

232 4911 452 4967 LXXX.
487 4912 843 4990 (lbid.,255.)
867 4917 1292 4989 Quodeamdem
1324 4934 1541 4990 pinnam
1565 4937 1754 4991 passu-

151 5017 260 5058 rus
288 5007 362 5059 sit
405 5015 722 5072 accusator,
749 5007 794 5060 si
835 5010 1158 5065 convincere
1203 5025 1310 5065 non
1353 5021 1564 5082 potest,
1589 5029 1752 5084 quam

147 5108 314 5161 reus,
344 5095 390 5150 si
420 5097 597 5154 victus
623 5097 804 5154 fuerit.

231 5211 474 5268 LXXXI.
516 5211 708 5285 (Ibid.,
738 5215 885 5287 261.)
910 5215 1013 5286 Qui
1050 5234 1138 5274 res
1166 5219 1409 5276 ecclesia:
1454 5221 1752 5287 invadunt,

146 5293 402 5370 vastant,
434 5307 518 5364 vel
559 5310 850 5380 diripiunt,
901 5313 943 5367 si
981 5321 1232 5368 monente
1275 5314 1528 5384 episcopo
1559 5331 1665 5370 non
1695 5331 1754 5371 se

145 5401 526 5467 correxerint,
551 5405 1112 5460 excommunicentur.

233 5486 495 5572 LXXXII.
523 5518 620 5588 (VI,
645 5519 780 5585 571;
808 5536 904 5586 vn,
930 5519 1082 5592 279.)
1111 5520 1184 5578 Ut
1211 5520 1332 5576 laici
1365 5522 1504 5577 infra
1539 5524 1752 5580 cancel-

147 5605 248 5660 los
271 5622 378 5662 non
402 5617 574 5678 stent,
604 5620 660 5666 et
699 5621 756 5666 ut
795 5611 998 5668 oblatio
1022 5613 1220 5683 nopqu
1259 5614 1394 5669 l‘oris
1429 5625 1580 5685 septa
1612 5616 1752 5672 reci-

144 5705 363 5771 piatur.

231 5785 519 5848 LXXXIII.
553 5793 743 5867 (lbid.,
773 5795 924 5868 280.)
948 5795 1046 5864 Qui
1081 5797 1308 5853 sabbato
1327 5797 1549 5856 Pascha:
1576 5817 1753 5875 usque

1880 590 1910 628 a
1944 574 2184 644 paschali
2213 576 2594 630 communione
2621 585 2995 631 secernantur.

1950 665 2237 720 LXXXIV.
2264 667 2452 737 (Ibid,
2477 668 2600 722 557.
2626 669 2766 722 Add.
2808 684 2884 733 tv,
2913 667 3025 737 14.)
3050 667 3204 736 Quod
3233 669 3288 724 in
3319 672 3471 726 omni

1880 772 2044 811 causa
2073 758 2286 826 capitali
2329 772 2423 812 seu
2455 769 2650 824 status,
2698 775 2804 814 non
2852 775 2950 829 per
2993 761 3348 831 advocatum,
3375 765 3472 820 Sed

1877 863 1978 919 per
2006 864 2315 917 personam,
2345 849 2415 902 sit
2446 850 2736 917 agendum.

1949 938 2210 994 LXXXV.
2243 940 2360 1009 (vn,
2388 939 2538 1010 578.)
2572 940 2638 995 Ut
2667 942 2968 1013 presbyteri
3015 942 3086 997 ab
3118 943 3371 1006 omnibus
3399 945 3468 998 vi-

1879 1034 1969 1090 tiis
2002 1051 2061 1090 se
2090 1044 2347 1102 caveant,
2379 1046 2435 1091 et
2468 1034 2724 1104 subjectis
2763 1038 3015 1092 ducatum
3061 1038 3300 1094 ctelestis
3343 1037 3468 1093 vita!

1877 1127 2089 1196 praeben
2097 1136 2174 1179 ιιι.

1947 1215 2233 1271 LXXXVI.
2266 1216 2334 1274 Ut
2365 1217 2666 1289 presbyteri
2693 1217 2882 1275 domos
2911 1219 3197 1291 religiosas
3232 1221 3468 1278 habeant

1875 1316 1932 1362 et
1962 1307 2129 1362 nitida
2161 1309 2504 1364 vestimenta.

1947 1399 2252 1456 LXXXVII.
2284 1388 2359 1473 (γ,
2391 1402 2527 1467 158;
2551 1418 2648 1466 vn,
2678 1402 2827 1471 579.)
2856 1403 2927 1460 Ut
2949 1405 3271 1475 regulariter
3295 1407 3468 1476 poeni-

1878 1494 2074 1548 tentias
2101 1495 2248 1559 deut,
2278 1505 2335 1550 et
2358 1496 2411 1550 in
2436 1495 2729 1566 iudicando
2755 1496 3068 1568 aequitatem
3106 1498 3382 1567 habeant,
3405 1509 3463 1556 et

1875 1597 2100 1636 munera
2131 1584 2253 1638 inde
2283 1601 2388 1639 non
2418 1585 2660 1655 exigant.

1946 1673 2274 1730 LXXXVIII.
2311 1676 2511 1747 (Ibid.,
2554 1676 2717 1749 582.)
2767 1678 2958 1734 Mulier
3016 1674 3135 1749 quin
3191 1681 3466 1738 dormiens

1876 1763 2045 1820 lilium
2077 1782 2233 1821 suum
2272 1769 2560 1839 opprimit,
2605 1785 2699 1825 sex
2734 1772 3198 1842 annispteniteat.
3228 1771 3324 1828 Vir
3347 1774 3466 1846 ejus

1803 1849 1851 1908 B
1880 1856 1924 1909 si
1956 1857 2008 1910 in
2037 1857 2198 1913 domo
2226 1856 2388 1914 fuerit
2408 1899 2424 1925 ,
2451 1871 2702 1929 quatuor.
2730 1859 2790 1916 Si
2820 1862 2874 1916 in
2900 1878 3009 1917 uno
3049 1862 3266 1928 lectulo,
3299 1864 3462 1933 simili

1873 1949 2054 2015 modo,
2080 1951 2215 2005 duos
2257 1952 2310 2006 in
2345 1965 2484 2022 pane
2512 1961 2567 2006 et
2593 1968 2752 2023 aqua,
2782 1952 3019 2022 reliquos
3061 1955 3129 2009 ad
3175 1955 3464 2010 arbitrium

1873 2042 2196 2108 sacerdotis,
2223 2040 2381 2111 juxta
2408 2043 2726 2113 qualitatem
2767 2058 3013 2115 personae
3038 2053 3093 2100 et
3121 2044 3306 2100 ﬂetum
3346 2061 3464 2118 pte-

1872 2135 2117 2189 nitentis.
2538 2186 2540 2189 .

1939 2227 2226 2283 LXXXIX.
2261 2229 2453 2301 (lbid.,
2487 2229 2640 2301 165.)
2669 2230 2741 2287 Ut
2767 2245 2996 2301 sponsus
3023 2239 3082 2286 et
3109 2246 3305 2301 sponsa
3335 2247 3460 2286 cum

1868 2319 2121 2388 precibus
2165 2328 2220 2374 et
2261 2320 2624 2376 oblationibus
2663 2338 2693 2376 a
2727 2323 3007 2377 sacerdote
3045 2323 3458 2388 benedicantur,

1869 2418 1923 2463 et
1952 2409 2156 2479 legibus
2196 2421 2484 2481 sponsetur
2510 2428 2574 2468 ac
2616 2413 2850 2472 doletur.
2895 2423 2949 2469 et
2992 2429 3023 2468 a
3072 2415 3458 2485 paranympbis

1869 2493 2235 2567 custodiatur,
2289 2511 2346 2557 et
2389 2503 2602 2571 publice
2660 2504 3080 2573 solemniterque
3131 2505 3454 2572 accipiatur.

1869 2594 2036 2648 Biduo
2067 2610 2130 2648 ac
2157 2595 2333 2649 triduo
2373 2595 2699 2660 abstineant,
2731 2604 2785 2650 et
2815 2596 3073 2650 doceatur
3099 2595 3179 2649 eis
3205 2605 3263 2648 ut
3290 2596 3457 2650 casti-

1869 2692 2031 2738 tatem
2065 2685 2204 2739 inter
2235 2700 2294 2740 se
2319 2686 2660 2748 custodiant,
2701 2687 2972 2756 certisque
2996 2687 3456 2756 temporibusnuo
3560 2682 3576 2689 ’

1866 2773 2036 2837 bant,
2074 2783 2133 2828 ut
2168 2775 2339 2840 ﬁlios,
2373 2792 2481 2830 non
2525 2777 2770 2846 spurios,
2801 2776 2895 2831 sed
2935 2775 3304 2833 hereditarios
3343 2776 3457 2832 Deo

1865 2875 1921 2920 et
1948 2865 2143 2920 sa'culo
2173 2877 2453 2936 generem.
3212 2917 3218 2924 .

1940 2955 2050 3010 XC.
2081 2963 2146 3024 (ι,
2175 2957 2242 3022 6;
2275 2973 2362 3022 γι,
2393 2956 2540 3028 120.)
2573 2957 2647 3012 De
2677 2957 2761 3012 bis
2804 2956 2898 3028 qui
2939 2957 3132 3013 missas
3173 2967 3376 3013 canunt
3401 2968 3458 3014 et

1865 3062 1972 3101 non
1999 3047 2439 3112 communicant,
2465 3047 2733 3116 quomodo
2764 3055 2990 3118 possunt
3030 3047 3213 3103 dicere
3254 3047 3454 3103 Sacrae

1867 3155 2133 3198 crementa
2156 3161 2275 3216 qua:
2303 3142 2658 3212 Sumpsimus?
2685 3154 2741 3200 et
2765 3153 2978 3198 caetera.

1787 3209 1833 3271 C
1871 3195 1907 3198 ’ί
1939 3195 2285 3305 meis,
2306 3195 2472 3306 mi)
2487 3195 2663 3290 ora.
2689 3195 2742 3288 ἐπὶ
2765 3195 2915 3288 4...;
2928 3195 3155 3289 concilia
3180 3195 3457 3290 celebren-

1869 3336 1975 3388 tur,
2013 3337 2068 3382 ct
2114 3342 2273 3381 nemo
2319 3326 2436 3395 plus
2480 3326 2534 3380 in
2584 3341 2908 3395 unoquoque
2935 3340 3098 3394 quam
3143 3325 3454 3394 quindecim

1867 3417 2060 3470 diebus
2089 3425 2414 3470 remoretur.
3315 3467 3322 3475 ,

1937 3507 2091 3562 XCII.
2125 3509 2242 3579 (γιι,
2278 3507 2370 3571 ιρο,
2403 3507 2552 3578 122.)
2596 3506 2674 3560 De
2705 3507 3038 3570 interdictis,
3068 3507 3210 3576 quod
3234 3508 3329 3577 qui
3375 3508 3456 3562 in-

1867 3600 2095 3655 terdicta
2141 3601 2400 3655 canonica
2444 3615 2664 3654 servare
2696 3601 3107 3668 contempserit,
3143 3600 3342 3670 gradus
3371 3599 3455 3654 sui

1864 3691 2102 3761 periculo
2127 3691 2444 3761 subjacebit.
2473 3691 2605 3745 Item
2631 3692 2675 3746 si
2707 3692 2830 3760 quis
2859 3691 3199 3745 sacerdotum
3237 3691 3319 3744 vel
3344 3691 3454 3746 cle-

1865 3785 2104 3838 ricorum
2147 3794 2335 3838 contra
2385 3781 2671 3837 interdicta
2723 3797 2993 3839 canonum
3034 3781 3252 3848 fecerit,
3286 3799 3318 3836 a
3355 3794 3455 3837 suo

1862 3882 1947 3928 est
1973 3871 2149 3928 ollicio
2177 3874 2595 3928 submovendus.
3326 3928 3331 3933 ,

1933 3962 2111 4020 XCIII.
2145 3964 2222 4020 De
2248 3963 2453 4018 Pascha
2480 3963 2762 4028 annotina,
2793 3971 2852 4016 ut
2881 3974 3298 4019 rememoretur.

1905 4054 2114 4118 XCIV.
2157 4058 2254 4126 (γι,
2285 4056 2399 4126 74.)
2445 4055 2520 4110 De
2563 4055 2750 4110 litania
2788 4054 3034 4110 Romana
3066 4070 3140 4110 γιι
3186 4055 3454 4116 Kalendas

1863 4144 2007 4211 Maii,
2039 4157 2097 4201 ut
2121 4157 2532 4202 rememoretur.
3281 4201 3284 4204 .
3343 4215 3346 4217 Α
3485 4205 3490 4211 ,

1932 4237 2092 4294 XCV.
2124 4239 2199 4309 (γ,
2231 4239 2353 4294 150.
2384 4239 2523 4295 Add.
2557 4255 2638 4306 ιιι,
2677 4238 2825 4312 122.)
2869 4239 2945 4294 De
2974 4239 3165 4295 diebus
3193 4239 3451 4311 Rogatio-

1859 4347 2010 4397 num,
2042 4340 2101 4386 ut
2127 4341 2440 4387 reverenter
2461 4348 2525 4388 ac
2554 4333 2793 4388 studiose
2819 4333 3022 4404 absque
3045 4334 3291 4406 turpibus
3309 4334 3452 4405 jocis

1860 4432 1916 4476 et
1938 4423 2118 4478 verbis
2131 4422 2495 4489 celebrentur,
2512 4431 2570 4478 ut
2593 4423 2770 4478 nullus
2791 4424 2846 4478 in
2872 4425 2950 4479 eis
2974 4425 3222 4494 prandia,
3246 4440 3454 4481 comes-

1860 4512 2118 4580 sationes,
2141 4515 2487 4584 diversasque
2509 4515 2758 4590 potiones
2782 4529 2879 4585 per
2895 4515 3108 4570 diversa
3128 4514 3245 4571 loca
3268 4515 3450 4570 facere

1861 4611 2177 4673 pra‘sumat.
3212 4655 3215 4660 ,
3292 4653 3295 4656 .

1933 4692 2114 4748 XCVI.
2147 4693 2370 4762 (Concil.
2409 4696 2727 4766 Aquisgran.
2758 4695 2821 4760 II,
2851 4697 2932 4750 tit.
2979 4713 3052 4762 ιι,
3085 4713 3202 4768 cap.
3245 4696 3325 4768 9.)
3371 4697 3450 4752 De

1857 4787 2182 4844 lectionibus
2207 4787 2406 4857 vigiliae
2432 4788 2654 4856 Pascha:
2679 4797 2734 4845 et
2757 4788 3126 4844 Pentecostes.

1931 4883 2135 4939 XCVII.
2169 4883 2250 4955 (ιι.
2277 4884 2392 4955 55.)
2423 4885 2498 4940 De
2541 4895 2664 4942 octo
2708 4885 2899 4940 diebus
2940 4883 3190 4951 Pascltae,
3215 4883 3450 4955 qualiter

1856 4975 2043 5032 feriari
2079 4975 2328 5042 debeant,
2357 4985 2412 5030 et
2439 4977 2506 5031 de
2534 4975 2870 5032 Pentecoste.

1928 5067 2154 5124 XCVIII.
2184 5068 2301 5139 (vn,
2333 5069 2447 5141 42.)
2477 5070 2552 5126 De
2583 5070 2841 5127 dilatione
2865 5080 3165 5142 temporum
3195 5085 3323 5142 erga
3349 5085 3448 5126 eos

1861 5162 1950 5231 qui
1979 5160 2046 5214 ad
2092 5175 2278 5215 sacros
2321 5160 2540 5215 ordines
2585 5161 3114 5230 provehuntur..Qui
3144 5176 3203 5216 se
3246 5161 3444 5218 divina:

1860 5250 2063 5305 militia:
2091 5250 2388 5320 mancipari
2415 5250 2706 5313 desiderat,
2730 5252 2844 5306 sive
2871 5252 3014 5307 inter
3040 5253 3296 5318 lectores,
3328 5253 3444 5308 sive

1860 5342 2001 5396 inter
2027 5341 2331 5396 exorcistas
2367 5341 2739 5411 quinquennio
2778 5350 3048 5397 teneatur.
3077 5343 3283 5399 Exinde
3311 5357 3440 5408 aco-

1859 5431 2038 5502 lythus
2061 5431 2145 5486 vel
2173 5431 2533 5487 subdiaconus
2573 5441 2808 5502 quatuor
2833 5433 2990 5489 annis
3013 5442 3152 5500 stet;
3177 5442 3232 5490 et
3270 5434 3352 5490 sic
3386 5435 3441 5489 in

1856 5522 2230 5578 benedictione
2243 5522 2580 5588 diaconatus,
2598 5523 2643 5576 si
2664 5531 2927 5589 meretur,
2957 5526 3182 5580 accedat
3209 5539 3224 5578 :
3249 5524 3305 5579 in
3331 5539 3441 5592 quo

1855 5617 2045 5673 ordine
2058 5618 2296 5687 quinque
2315 5618 2493 5684 annis,
2512 5618 2555 5674 si
2581 5617 2851 5690 inculpate
2875 5634 2935 5674 se
2957 5619 3207 5689 gesserit,
3231 5619 3440 5672 haerere

1843 5709 2102 5773 debebit;
2138 5717 2193 5763 et
2221 5718 2406 5779 postea
2431 5710 2710 5780 probatus,
2734 5710 2990 5767 sacerdos
3012 5709 3292 5766 ellicietur.
3345 5751 3353 5762 .

1930 5797 2108 5855 XCIX.
2143 5800 2220 5874 (γ,
2251 5800 2350 5869 57;
2384 5816 2488 5868 γιι,
2516 5801 2630 5871 45.)
2655 5802 2731 5858 De
2771 5802 3108 5859 confessione
3151 5800 3436 5856 scelerum.
