4000 6352
582 335 681 389 771
1718 329 2023 386 IIERARDI
2063 324 2323 383 TUBON.
2360 328 2400 379 Α
2413 324 2679 381 RCHIEP.
3707 332 3779 388 lii

583 450 930 507 Manifestum
957 457 1045 505 est
1080 463 1205 503 eum
1235 446 1480 502 conﬁteri
1521 446 1724 500 crimen
1756 445 1849 516 qui
1883 444 2086 500 indulto
2124 451 2178 497 et
2207 445 2255 503 Α
2283 439 2364 495 vel
2389 442 2674 503 seducunt,
2704 439 2827 494 licet
2850 438 2981 509 ipsis
3008 448 3065 494 et
3093 438 3403 510 parentibus
3433 443 3692 510 conveniat,
3716 463 3782 505 eas

586 543 839 614 delegato
866 542 970 598 sibi
990 541 1195 612 judicio
1226 540 1490 611 purgandi
1516 554 1574 594 se
1601 540 1810 593 ratione
1835 554 1939 592 non
1963 540 2133 591 utitur
2158 555 2171 591 :
2280 547 2479 586 uxores
2506 549 2615 586 non
2644 532 2903 586 habeam.

586 634 722 688 nihil
748 634 894 689 enim
917 635 1145 688 interest
1166 639 1347 685 utrum
1372 632 1425 685 in
1448 631 1701 701 praesenti
1726 631 1977 684 examine
1995 631 2178 684 omnia
2350 616 2484 672 CXL
2519 618 2637 688 (VII,
2670 617 2794 681 582,
2820 615 2970 687 400.)
3004 614 3081 671 Ne
3102 617 3243 673 ullus
3273 618 3525 675 laicorum
3566 623 3783 694 plusquam

587 736 711 791 qua:
732 723 799 777 de
825 738 891 777 eo
925 722 1067 777 dicta
1093 729 1241 786 sunt,
1270 723 1711 789 comprobentur,
1735 722 1880 791 quod
1921 720 2035 790 ipsa
2059 719 2179 790 ejus
2280 712 2421 765 duas
2456 727 2655 766 uxores
2695 712 2914 766 habeat.
2947 711 3101 777 Quod
3130 725 3258 766 vero
3298 722 3448 768 extra
3476 722 3569 780 est,
3596 716 3653 770 ad
3674 718 3783 773 adul-

586 813 833 867 absentia
855 828 955 882 pro
989 812 1331 867 confessione
1354 813 1635 867 consistat.
2283 806 2472 858 torium
2504 805 2759 875 pertinet.
2792 804 3053 860 Similiter
3079 814 3133 859 et
3156 805 3369 861 mulier.

656 904 720 959 C.
762 905 880 976 (vn,
910 903 1024 974 62.)
1057 902 1209 970 Quod
1234 904 1520 973 poenitenti
1569 903 1711 957 nulla
1746 903 1895 958 lucra
1936 904 2179 974 negotia-
2350 895 2506 951 CXlI.
2553 896 2623 951 Ut
2680 898 2732 950 in
2783 896 3218 951 Christianorum
3246 914 3353 951 non
3383 898 3593 954 saltetur
3619 903 3785 971 nuptiis,

583 994 751 1050 tionis
772 1011 1027 1051 exercere
1051 998 1358 1051 conveniat.
1386 997 1450 1051 Et
1475 1006 1534 1051 ut
1563 996 1760 1065 injusta
1786 999 1965 1069 populi
1988 1000 2178 1068 petitio
2279 996 2334 1043 ει
2364 1004 2394 1042 ³
2420 988 2878 1059 Quinquasesima
2908 1003 3078 1061 usque
3106 998 3329 1045 οειίινδε
3354 989 3564 1047 Ρεεοιιπ
3588 1008 3677 1048 που
3695 994 3787 1049 “alii

586 1082 781 1140 ellectu
808 1094 1015 1139 careat.
2279 1081 2500 1149 nuptiae.

656 1175 741 1232 Cl.
768 1176 957 1245 (Ibid.,
979 1178 1123 1249 107.)
1143 1178 1499 1235 Accusatores
1519 1180 1880 1237 calumniosos
1898 1181 1983 1236 vel
2006 1182 2180 1253 suspi-

2349 1171 2528 1227 CXIII.
2563 1172 2681 1244 (vn,
2713 1172 2840 1235 217,
2869 1171 2994 1227 598.
3021 1171 3163 1226 Add.
3196 1187 3286 1234 ιιι,
3316 1171 3429 1243 17.)
3462 1171 3527 1228 Ut
3550 1173 3718 1241 clerici,
3748 1176 3785 1232 in

583 1267 765 1324 ciosos
791 1284 950 1325 nemo
973 1272 1253 1341 suscipiat,
1292 1288 1449 1326 nemo
1474 1274 1677 1327 audiat.
2279 1277 2600 1333 (ιυθουηίιυθ
2632 1264 2899 1318 εθάίιίοηθ
2942 1279 3093 1317 arma
3141 1263 3451 1326 άεῑιιιθτίιιῑν
3496 1275 3607 1334 Ροδι
3639 1266 3789 1336 ἀθροείο

654 1357 764 1414 CII.
791 1359 983 1431 (Ibid.,
1005 1362 1156 1432 507.)
1178 1363 1536 1419 Accusatores
1558 1374 1612 1419 et
1641 1367 2014 1421 accusationes
2042 1382 2178 1437 quas

2281 1354 2483 1410 tionem
2533 1354 2684 1426 gravi
2734 1354 3074 1425 paenitentia:
3117 1354 3172 1408 in
3215 1368 3441 1409 carcere
3494 1355 3785 1410 retrudantur.

580 1450 766 1506 saeculi
788 1451 937 1523 leges
955 1468 1063 1508 non
1089 1454 1404 1523 admittunt,
1429 1471 1698 1513 canonum
1721 1473 1937 1528 quoque
1959 1460 2176 1514 decreta
2278 1447 2454 1503 Aiilel‘
2488 1448 2536 1503 Si
2572 1448 2765 1514 armis,
2793 1447 2954 1519 εθείερ
2994 1446 3082 1503 νει
3112 1447 3295 1503 εειδείε
3322 1447 3409 1502 “Si
3451 1446 3649 1511 Ῑυθτίηῑ»
3672 1448 3786 1517 ἀθρο-

580 1552 887 1598 removent.
2281 1552 2502 1595 nantur.

654 1634 786 1692 CIII.
819 1636 916 1710 (vt,
942 1636 1068 1703 559,
1109 1638 1245 1703 562;
1272 1654 1367 1703 VII,
1403 1639 1552 1711 112.)
1579 1638 1821 1706 Quorum
1863 1639 2015 1705 ﬁdes,
2042 1641 2171 1705 vita,

2352 1631 2535 1687 CXIV.
2571 1638 2665 1703 (vt,
2706 1631 2838 1699 196;
2876 1647 2973 1697 vn,
3005 1631 3158 1702 205.)
3181 1631 3410 1699 Quando
3432 1631 3635 1702 populus
3657 1632 3707 1686 ad
3727 1647 3785 1687 ec-

579 1734 638 1781 et
658 1726 883 1785 libertas
902 1730 1166 1796 nescitur,
1192 1746 1297 1786 non
1321 1732 1531 1801 possint
1551 1733 1861 1790 sacerdotes
1884 1748 2171 1801 accusare;
2280 1722 2477 1777 οὶθδίθε
2527 1722 2737 1777 Venerii-
2774 1737 2872 1791 ρον
2901 1722 3018 1777 dies
3054 1722 3346 1785 εοιθηῖηθδο
3392 1732 3481 1776 θυι
3507 1724 3787 1777 communi“?

581 1830 688 1873 nec
712 1819 847 1875 viles
874 1836 1141 1890 personae,
1165 1822 1270 1877 nisi
1301 1823 1354 1877 in
1386 1825 1621 1895 propriis
1643 1826 1843 1881 causis.
2200 1812 2251 1874 B
2280 1815 2444 1886 Kyrie
2490 1814 2682 1870 eleison
2729 1823 2970 1879 cantent,
3018 1823 3110 1870 aut
3168 1816 3514 1886 singulariter
3559 1817 3785 1870 orationem

655 1907 787 1999 Cl}.
825 1909 1079 1981 (Capitul.
1115 1928 1208 1976 vn,
1262 1914 1389 1969 456.
1441 1914 1581 1970 Add.
1633 1933 1709 1983 tv,
1772 1916 1887 1988 27.)
1928 1917 1984 1973 Si
2047 1918 2171 1990 quis
2273 1912 2477 1974 dicant,
2506 1918 2561 1963 et
2589 1910 2643 1963 in
2668 1909 2897 1963 ecclesia
2927 1924 3049 1964 cum
3078 1908 3299 1963 silentio
3329 1918 3488 1972 stent,
3518 1918 3667 1978 etpro
3691 1920 3785 1963 seet

577 1996 811 2055 oleribus
845 2000 901 2055 in
930 2001 1199 2058 criminali
1222 2003 1310 2058 vel
1334 2004 1526 2060 leviori
1559 2021 1725 2061 causa
1766 2007 2028 2076 pulsatur,
2080 2009 2169 2063 vel
2271 2020 2372 2074 pro
2393 2004 2542 2059 omni
2568 2002 2768 2073 p0pulo
2794 2002 2890 2057 Dei
2927 2011 3106 2066 orent,
3137 2003 3307 2057 corda
3330 2018 3541 2071 semper
3561 2002 3619 2055 ad
3644 2002 3786 2056 caelum

578 2088 635 2143 in
662 2088 957 2146 discrimen
986 2093 1180 2162 capitis
1209 2096 1533 2162 accersitur,
1567 2112 1675 2151 non
1703 2098 1886 2151 statim
1917 2111 2041 2152 reus
2068 2114 2170 2154 aes-
2272 2096 2536 2151 habentes
2565 2102 2780 2157 erecta;
2805 2102 2862 2147 et
2890 2102 3217 2147 moneantur
3246 2104 3306 2147 ut
3338 2093 3626 2157 luminaria,
3655 2093 3787 2148 incen-

575 2179 805 2235 timatur
824 2180 920 2252 qui
957 2184 1203 2239 accusari
1226 2187 1423 2255 potuit,
1450 2203 1549 2243 nec
1571 2188 1875 2257 subjectam
1902 2190 2167 2246 innocen-
2272 2203 2414 2252 sum,
2457 2195 2513 2241 et
2557 2184 2852 2249 buccellas,
2881 2193 2939 2239 et
2977 2185 3255 2239 fructuum
3294 2185 3559 2255 primitias
3598 2184 3782 2245 afferant.

577 2268 713 2325 tiam
737 2269 988 2328 facimus.
1016 2271 1124 2329 Sed
1142 2275 1391 2346 quisquis
1414 2277 1503 2333 ille
1531 2280 1727 2349 estqui
1755 2280 1966 2334 crimen
1994 2281 2170 2336 inten-
2271 2278 2415 2333 sicut
2462 2276 2723 2346 scriptum
2762 2285 2846 2330 est
2878 2293 2891 2329 :
2927 2273 3149 2328 Honora
3180 2274 3471 2328 Dominum
3514 2276 3571 2328 de
3593 2286 3667 2329 tua
3699 2276 3786 2329 ειιο

572 2360 674 2424 dit,
715 2364 784 2418 ad
812 2362 1078 2433 judicium
1124 2367 1432 2438 episcopale
1459 2370 1665 2434 veniat,
1698 2385 1893 2425 nomen
1925 2372 2003 2426 rei
2030 2372 2168 2427 indi-
2270 2370 2467 2424 stantia
2491 2366 2674 2439 (Prov.
2716 2383 2801 2432 ιιι,
2851 2366 2928 2438 9).
2962 2367 3030 2420 Et
3078 2366 3132 2420 in
3163 2366 3375 2421 eisdem
3407 2368 3597 2422 sanctis
3631 2367 3785 2428 diebus,

570 2460 681 2519 cet,
723 2454 1109 2526 vinculumque
1154 2458 1528 2529 inscriptionis
1572 2463 1820 2531 arripiat.
1864 2462 2167 2535 Cognoscat
2270 2476 2375 2517 nec
2405 2460 2460 2515 in
2497 2459 2710 2529 plateis,
2754 2474 2856 2513 nec
2885 2458 2942 2512 in
2987 2458 3263 2523 domibus,
3304 2460 3513 2513 cantica
3550 2458 3695 2528 turpia
3725 2457 3782 2511 vel

569 2549 927 2609 similitudine
976 2554 1165 2609 habita
1208 2556 1360 2625 prius
1408 2556 1689 2626 dignitatis
1715 2557 2163 2624 mstimationem;
2270 2552 2571 2617 luxuriosa,
2597 2552 2934 2615 saltationes,
2960 2550 3045 2605 vel
3070 2550 3185 2605 lusa
3207 2549 3419 2605 faciant
3442 2550 3782 2613 diabolica;sed

569 2656 674 2698 nec
698 2643 800 2700 sibi
829 2644 946 2702 fore
972 2646 1251 2703 licentiam
1285 2648 1361 2704 rei
1407 2651 1729 2705 mentiendi.
1758 2650 2165 2709 Calumniantes
2270 2643 2506 2713 aliquem
2547 2642 2848 2713 Sapiemem
2874 2649 2928 2696 ει
2962 2641 3165 2695 bonum
3201 2642 3480 2695 hominem
3508 2641 3776 2703 conveniant.

570 2733 640 2789 ad
668 2736 902 2792 similem
931 2738 1098 2794 vitam
1124 2750 1315 2811 poscat
1335 2741 1631 2797 similitudo
1656 2743 1926 2814 supplicii.
2266 2746 2324 2791 et
2350 2737 2424 2792 ibi
2448 2737 2607 2792 bonis
2633 2735 2981 2796 lectionibus.
3004 2751 3124 2805 qua:
3150 2737 3216 2791 ad
3249 2736 3448 2791 anima:
3476 2736 3672 2790 salutem
3688 2749 3775 2804 per-

637 2824 748 2881 CV.
782 2827 852 2899 (ι,
899 2828 963 2893 9;
993 2844 1063 2895 v,
1103 2829 1230 2896 525,
1271 2831 1407 2897 571;
1446 2848 1525 2898 vr,
1566 2832 1693 2899 194,
1735 2833 1877 2899 569;
1903 2849 1998 2900 vn,
2032 2834 2159 2899 225,

2268 2826 2463 2889 tinent,
2501 2826 2807 2881 intendant.
2841 2824 3198 2881 Revertentes
3240 2827 3313 2882 de
3359 2828 3576 2883 ecclesia
3598 2825 3781 2880 similiter

566 2913 698 2981 260,
722 2915 856 2983 425,
895 2916 1049 2989 421.)
1077 2919 1149 2975 Ut
1186 2921 1489 2992 presbyteri
1519 2923 1737 2978 modum
1766 2922 2045 2994 proprium
2078 2940 2162 2979 re-
2268 2925 2511 2981 cantent,
2539 2926 2596 2971 et
2636 2931 2826 2972 eorum
2854 2925 3104 2986 pastores
3134 2926 3406 2973 exeuntes
3446 2917 3523 2973 vel
3568 2918 3783 2972 redeuntes

565 3017 921 3077 cognoscant,
954 3010 1008 3065 id
1052 3020 1138 3068 est
1186 3028 1307 3083 quae
1336 3014 1562 3070 alterius
1589 3025 1716 3071 sunt
1741 3030 1847 3072 non
1873 3026 2145 3088 appetant;

2266 3005 2335 3060 ad
2366 3022 2615 3077 campos,
2650 3016 2713 3061 ut
2743 3022 2875 3061 vera
2907 3007 3287 3063 cbristianitas
3319 3010 3372 3063 in
3410 3010 3488 3064 cis
3512 3018 3781 3079 agnoscatur.

565 3098 892 3155 nec‘altaria
917 3102 1300 3169 submoveant,
1333 3105 1420 3160 vel
1452 3114 1651 3161 caetera
1674 3108 1949 3178 prohibita
1973 3121 2145 3181 agant,

2203 3168 2234 3181 __
2336 3097 2497 3155 CXV.
2531 3097 2724 3170 (Ibid.,
2773 3097 2927 3169 547.)
2977 3098 3305 3154 Moneantur
3334 3117 3519 3156 omnes
3562 3100 3710 3155 ﬁdeles
3739 3099 3783 3153 de

574 3190 647 3246 Et
678 3198 743 3247 ut
759 3192 1005 3249 ecclesia:
1033 3168 1329 3251 luminibus
1357 3168 1693 3269 ceterisque.
1709 3168 2038 3257 decorentur
2072 3218 2161 3258 οι·-
2188 3168 2236 3233 c
2268 3188 2537 3245 ειιθτίιδῑθ
2563 3199 2619 3244 ει
2647 3190 3037 3259 hospitalium:
3071 3197 3131 3244 ιη
3158 3193 3419 3247 noverim
3455 3193 3571 3263 quia
3603 3206 3704 3244 νθη
3724 3201 3782 3244 ⁸⁵⁸

565 3283 808 3340 natibus.
843 3285 914 3341 Et
936 3295 999 3341 ut
1020 3287 1339 3356 presbyteri
1372 3289 1572 3346 missas
1595 3306 1720 3347 cum
1735 3291 1995 3349 sandaliis
2020 3292 2145 3350 cele

2265 3282 2508 3337 charitas
2530 3281 2700 3336 Deum
2731 3282 2954 3353 diligere
3003 3283 3296 3354 plusquam
3325 3301 3406 3353 se,
3453 3296 3506 3341 et
3543 3285 3778 3357 proximum

563 3377 749 3434 brent.
2265 3386 2524 3448 tanquam
2556 3392 2637 3443 se,
2677 3385 2733 3433 et
2759 3378 2853 3448 qui
2882 3377 3019 3433 nihil
3044 3378 3159 3433 vult
3188 3378 3379 3436 facere
3406 3381 3522 3435 aliis
3554 3379 3673 3450 quod
3706 3374 3778 3430 sibi

631 3470 768 3528 CVI.
814 3470 892 3546 (ν,
936 3472 1188 3541 596ςινι,
1227 3474 1359 3542 206,
1392 3476 1520 3542 515,
1558 3477 1693 3544 581;
1724 3494 1825 3541 vn,
1859 3479 1985 3543 579,
2016 3479 2155 3549 456;

2264 3482 2372 3523 non
2398 3466 2512 3522 vult
2556 3466 2698 3522 ﬁeri.
2728 3466 2832 3535 Qui
2860 3469 3009 3523 enim
3048 3468 3107 3524 in
3140 3469 3267 3525 cibo
3308 3483 3366 3526 et
3394 3481 3538 3543 potu,
3574 3468 3725 3525 dandis
3743 3474 3780 3520 et

560 3573 641 3627 Vt,
664 3559 804 3629 ‘02;
840 3577 943 3631 vn,
968 3562 1121 3634 551.)
1172 3564 1246 3621 Ut
1282 3566 1594 3623 sacerdotes
1630 3568 1698 3623 de
1728 3567 2018 3639 incognitis
2056 3571 2159 3626 sibi
2264 3558 2595 3629 accipiendis
2634 3560 2816 3625 rebus,
2850 3561 3175 3617 charitatem
3220 3573 3406 3633 putat,
3442 3573 3597 3627 errat,
3626 3563 3780 3616 dicente

560 3654 730 3711 rebus
768 3654 907 3711 nihil
947 3654 1197 3726 judicare
1246 3668 1581 3729 praesumant
1620 3661 1939 3732 priusquam
1964 3671 2159 3717 cuncta
2265 3654 2555 3725 Aposlolo:
2592 3656 2830 3727 Regnum
2871 3657 2973 3712 Dei
3008 3676 3113 3714 non
3152 3670 3230 3715 est
3272 3679 3397 3717 esca
3446 3672 3494 3717 et
3535 3670 3680 3733 polus,
3718 3658 3779 3711 sed

561 3761 685 3817 quae
712 3756 865 3820 gesta
892 3757 1020 3805 sunt
1044 3750 1317 3807 veraciter
1341 3752 1587 3819 audiant,
1610 3761 1667 3809 et
1689 3754 1963 3810 neminem
1994 3754 2141 3809 laede-

2254 3747 2473 3816 justitia
2517 3758 2565 3802 et
2595 3766 2702 3819 pax
2731 3748 2906 3821 (Rom.
2939 3766 3053 3818 xxv,
3085 3752 3198 3823 17).
3233 3752 3348 3810 Sed
3377 3765 3433 3810 et
3475 3754 3517 3809 si
3566 3754 3662 3823 ipsa
3693 3762 3778 3804 cum

558 3851 625 3893 re
649 3837 737 3894 vel
758 3839 1080 3907 detrahere;
1122 3857 1222 3898 nec
1251 3857 1579 3913 quemquam
1623 3852 1751 3899 ante
1789 3842 1995 3913 justum
2016 3844 2161 3913 judi-
2264 3840 2444 3895 studio
2481 3839 2768 3896 charitatis
2810 3841 2963 3907 ﬁant,
3001 3843 3144 3899 bona
3173 3855 3329 3911 sunt,
3376 3854 3433 3901 et
3462 3846 3594 3901 inter
3611 3844 3781 3897 virtutes

558 3926 706 3983 cium
727 3928 1010 3999 damnent,
1036 3948 1136 3988 nec
1158 3935 1380 4004 proprio
1405 3935 1634 3992 arbitrio
1677 3934 1950 4005 judicent.
1999 3937 2159 3994 Prius
2263 3932 2647 4001 computanda-
2678 3932 2869 3998 Mller.
2901 3934 3083 3989 seculi
3110 3943 3267 3990 actus
3294 3947 3441 3991 sunt-

561 4018 820 4087 probent,
855 4028 913 4075 et
935 4022 1018 4076 sic
1053 4019 1333 4090 judicent;
1382 4040 1492 4079 non
1526 4026 1672 4081 enim
1700 4027 1793 4095 qui
1844 4039 2155 4097 accusatur,
2334 4021 2516 4077 CXVI.
2561 4023 2680 4094 (vn,
2708 4024 2862 4096 407.)
2910 4025 2987 4080 De
3016 4026 3361 4082 orationibus
3388 4037 3443 4081 et
3482 4018 3775 4092 eleemosyuis

560 4108 661 4164 sed
689 4109 783 4179 qni
820 4111 1181 4178 convincitur,
1227 4130 1355 4170 reus
1395 4126 1500 4171 est.
1532 4116 1601 4171 Et
1647 4117 1919 4172 neminem
1963 4118 2159 4175 laedere
2262 4121 2319 4168 et
2343 4114 2635 4169 missarum
2664 4115 3121 4173 celebrationibus
3148 4134 3249 4189 pro
3302 4118 3547 4174 ﬁdelibus
3574 4112 3778 4171 defunctis

558 4200 649 4256 vel
678 4200 966 4258 detrahere
990 4203 1110 4260 sine
1137 4220 1304 4262 causa
1326 4210 1651 4275 concedant,
1680 4211 1928 4281 exemplo
1950 4211 2155 4278 Mariae,
2264 4207 2509 4278 agendiS.
2537 4208 2736 4278 quibus
2774 4210 2926 4281 impii
2956 4226 3148 4266 carere
3194 4212 3427 4277 debent;
3458 4209 3681 4282 quoniam
3707 4217 3778 4259 ηθε

558 4306 684 4363 qua
701 4291 874 4365 Moysi
903 4303 1130 4366 propter
1171 4296 1563 4370 Ethiopissam
1590 4303 1850 4367 detrahit,
1898 4314 1952 4360 et
1995 4305 2158 4375 1οριιω
2262 4314 2452 4354 eorum
2478 4300 2824 4372 eleemosyna
2858 4318 2888 4355 a
2921 4302 3300 4358 sacerdotibus
3338 4303 3426 4358 vel
3468 4300 3664 4370 reliquis
3686 4296 3779 4350 ﬁde

558 4382 909 4441 immunditia
952 4386 1181 4443 multata
1206 4399 1311 4445 est.
1347 4391 1416 4446 Et
1440 4393 1610 4448 David
1642 4394 1697 4449 in
1747 4394 1876 4450 Saul
1904 4406 2154 4463 unctum,
2262 4389 2402 4446 libus
2452 4390 2770 4461 accipienda
2812 4401 2926 4459 est,
2968 4408 3072 4449 nec
3120 4393 3403 4464 sepultura
3456 4391 3669 4448 ﬁdelium
3711 4384 3777 4438 ιτί·

557 4472 688 4531 licet
710 4485 897 4533 nosset
924 4493 956 4533 a
988 4479 1100 4535 Deo
1133 4480 1407 4551 abiectum
1430 4494 1485 4539 et
1519 4486 1885 4556 reprobatum,
1932 4504 2153 4545 manum
2263 4483 2498 4537 linenda-

558 4568 783 4624 mittere
827 4569 1031 4626 timuit.
1071 4571 1334 4630 Similiter
1370 4584 1425 4631 et
1455 4592 1556 4632 nos
1596 4578 2011 4649 vituperationis
2039 4597 2138 4637 ma-

2198 4562 2237 4623 D
2333 4573 2540 4629 CXVII.
2580 4574 2768 4645 (Ibid.,
2799 4576 2951 4649 546.)
2988 4575 3140 4645 Quod
3165 4595 3272 4634 non
3302 4580 3517 4636 valeant
3543 4576 3778 4645 Scrime

555 4669 689 4710 num
717 4657 787 4713 ab
806 4660 1062 4716 omnibus
1088 4660 1339 4719 ﬁdelibus
1367 4666 1775 4724 subtrahamus.
2258 4674 2449 4720 contra
2487 4665 2704 4721 decreta
2732 4682 3003 4723 canonum
3035 4669 3120 4723 vel
3149 4672 3361 4727 sancita
3391 4670 3693 4742 pontiﬁcum.

626 4744 784 4802 CVII.
833 4749 957 4819 (vn,
1003 4751 1093 4816 65,
1132 4752 1286 4825 452.)
1324 4754 1396 4809 Ut
1438 4759 1739 4828 presbyteri
1782 4761 1924 4816 sicut
1962 4763 2156 4821 ordine
2329 4754 2552 4809 CXViii-
2605 4758 2703 4828 (Vl.
2736 4757 2873 4824 542;
2906 4774 3008 4824 VII.
3037 4760 3127 4825 7i.
3167 4760 3322 4832 2λίπε)
3357 4761 3425 4818 Ui
3459 4761 3575 4815 Ῑὶιεε
3612 4764 3657 4810 ει
3684 4765 3777 4808 ο⁰⁰¹

555 4837 877 4907 sanctiores,
916 4840 994 4896 ita
1020 4842 1212 4908 verbo,
1243 4843 1480 4909 incessu,
1521 4854 1578 4901 et
1605 4856 1728 4902 actu
1763 4851 1874 4904 sint
1898 4867 2153 4908 reveren-
2258 4849 2525 4904 tentiones
2547 4889 2563 4915 .
2596 4850 2729 4905 τίκίιέ
2771 4859 2827 4905 el
2869 4850 3049 4923 iurgia
3077 4892 3094 4918 ο
3144 4854 3288 4907 Sicut
3314 4852 3587 4910 discordia?
3605 4843 3774 4905 θιαίίλο

556 4927 750 4995 tiores,
806 4930 934 5001 quia
986 4931 1252 4989 celsitudo
1295 4933 1561 5004 graduum
1610 4939 1913 5007 graviorem
1942 4946 2149 5009 peccati
2250 4930 2656 5012 prOhibeantur,
2688 4952 2743 4997 et
2762 4959 2869 5014 pax
2898 4954 2953 4999 et
2986 4946 3277 5001 concordia
3315 4948 3641 5017 pnedicetur.

554 5016 691 5074 facit
719 5022 1014 5078 cumulum.

2306 5034 2510 5091 CXIX.
2547 5036 2653 5107 (ιιι,
2695 5036 2793 5101 31;
2846 5052 2901 5102 ν,
2952 5037 3087 5103 185;
3128 5054 3223 5101 vn,
3268 5016 3543 5106 165,291,
3581 5026 3775 5101 450.)Ut

627 5108 806 5166 CVIII.
851 5112 1013 5183 (Add.
1047 5131 1130 5182 ιιι,
1165 5117 1227 5172 41
1251 5135 1266 5184 ;
1292 5118 1432 5173 Add.
1472 5136 1549 5185 iv,
1582 5120 1673 5185 90,
1704 5122 1852 5193 152.)
1888 5123 1960 5180 Ut
1999 5141 2149 5195 prcs-
2252 5128 2478 5183 dillinita
2503 5129 2729 5184 crimina
2758 5129 2937 5185 nullus
2964 5130 3225 5187 refricare
3254 5133 3469 5186 audeat.

551 5200 731 5273 byteri
758 5211 815 5258 et
837 5203 1022 5260 clerici
1052 5217 1179 5263 ante
1210 5225 1269 5265 se
1289 5209 1414 5278 joca
1440 5214 1618 5280 turpia
1644 5212 1761 5268 ﬁeri
1792 5230 1899 5269 non
1926 5218 2149 5286 permit-
2321 5218 2485 5275 CXX.
2512 5221 2628 5291 (vn,
2657 5221 2786 5287 242,
2812 5221 2961 5292 245.)
2991 5222 3143 5290 Quod
3165 5225 3488 5293 pmnitentes
3513 5237 3541 5277 a
3568 5212 3772 5276 conviviis

553 5299 704 5358 iam;
736 5293 831 5350 80d
869 5310 1133 5366 Paupertas
1160 5308 1219 5355 et
1266 5301 1573 5372 indigentes
1603 5303 1671 5359 ad
1709 5319 1928 5362 mensas
1956 5322 2141 5363 secum
2247 5323 2303 5369 et
2324 5315 2663 5369 ornamentis
2704 5323 2868 5383 atque
2907 5313 3029 5368 alba
3070 5324 3220 5369 veste
3249 5315 3521 5369 abstinere
3560 5309 3768 5365 debeant;

552 5383 812 5475 habeant,
833 5396 889 5443 et
918 5387 1131 5459 legatur
1155 5393 1236 5448 eis
1265 5393 1445 5449 lectio.
2247 5413 2304 5460 et
2344 5406 2623 5461 discordes
2653 5405 2926 5475 pellantur
2970 5406 3038 5459 ab
3080 5406 3312 5462 ecclesia
3338 5409 3508 5462 donec
3542 5402 3601 5457 ad
3626 5409 3768 5471 pacem

621 5474 760 5532 CIX.
791 5478 869 5549 (v,
896 5478 1019 5536 156.
1052 5483 1192 5538 Αάά.
1218 5500 1304 5552 m,
1331 5486 1447 5557 52.)
1477 5486 1536 5543 1η
1565 5489 1811 5546 ccclesiis
1830 5491 1915 5546 vel
1942 5490 1994 5546 in
2041 5492 2141 5547 do-

914 5478 1019 5536 i56.
1052 5483 1192 5538 Add.
1218 5500 1304 5552 nt,
1331 5486 1447 5557 52.)
1477 5486 1536 5543 1η
1565 5489 1811 5546 ccclesiis
1830 5491 1915 5546 vel
1942 5490 1994 5546 in
2041 5492 2141 5547 do-
2248 5497 2494 5552 redeant.

550 5572 731 5632 mibus
774 5590 1077 5651 earumque
1132 5584 1287 5641 atriis
1333 5585 1533 5655 placita
1577 5587 1858 5643 saecularia
1914 5590 2140 5647 minime
2317 5587 2503 5643 CXXI.
2538 5589 2599 5657 (ι,
2624 5589 2687 5657 7;
2720 5604 2774 5655 v,
2795 5588 2888 5655 25,
2920 5588 2988 5648 6:
3021 5606 3120 5657 vn,
3162 5592 3252 5659 10,
3296 5592 3424 5659 295,
3446 5589 3585 5660 474.)
3619 5587 3681 5642 De
3706 5578 3767 5634 bis

548 5664 703 5722 ﬁant.
2245 5698 2383 5751 quos
2427 5683 2710 5753 presbyter
2739 5685 3317 5753 excommunicaverit,
3351 5696 3411 5741 ut
3438 5686 3564 5739 alius
3589 5692 3667 5736 eos
3686 5686 3762 5728 ηοη

620 5754 737 5813 CX.
790 5761 908 5833 (vn,
954 5765 1106 5838 395.)
1149 5766 1250 5834 Qui
1299 5768 1517 5839 rapiunt
1568 5770 1817 5840 feminas,
1863 5773 2133 5841 furantur,
2244 5775 2490 5846 recipiat.
