4000 6352
201 307 306 364 775

1233 313 1816 371 COMMONITORIUM
1857 318 1947 372 AD
1993 319 2415 378 VENILONEM.

3380 337 3480 390 771

267 415 476 472 CXXII.
525 417 587 486 (ι,
630 418 729 484 62;
767 435 840 484 vr,
873 419 998 475 574.
1050 421 1189 476 Add.
1225 440 1308 490 ιιι,
1351 425 1466 496 91.)
1501 425 1570 481 Ut
1598 425 1785 481 Chris-
1815 435 1861 491 Α
1893 431 2088 484 nodum
2113 432 2536 503 iuprmtermisso
2563 452 2889 507 occurrant;
2923 442 3008 498 sln
3033 443 3485 513 alias,-eondem-

194 507 329 564 tiani
375 508 444 562 ab
472 509 650 564 otioso
678 525 929 567 sermone
967 521 1024 567 et
1053 511 1381 580 juramentis
1423 532 1482 571 se
1528 526 1780 572 caveant.

263 597 498 654 CXXIII.
529 607 626 670 (v1,
648 600 786 667 505;
810 619 906 666 vn,
943 603 1065 668 149,
1098 605 1223 660 457.
1257 607 1396 660 Add.
1431 624 1506 674 tv,
1536 609 1652 681 60.)
1681 609 1783 676 Qui

190 698 383 748 contra
407 700 608 745 statuta
634 696 896 750 canonica
929 696 1140 763 fecerit,
1166 698 1335 754 laicus
1360 704 1776 768 communione,

192 780 424 836 clericus
448 784 691 853 privetur
721 786 947 841 honore.

261 873 497 931 CXXIV.
532 876 691 948 (Add.
725 893 806 944 ιιι,
849 879 964 950 2!.)
993 880 1065 938 Ut
1094 881 1280 938 fideles
1317 899 1376 939 se
1413 883 1721 941 abstineant
1749 901 1780 941 a

190 971 338 1024 coitu
379 974 778 1043 praegnantium
809 991 1063 1042 uxorum,
1097 987 1152 1032 et
1189 988 1470 1034 menstruo
1514 989 1779 1052 tempore.

259 1057 468 1115 CXXV.
500 1062 565 1132 (ι,
593 1061 681 1116 68.
708 1061 849 1117 Αάιι.
893 1080 932 1131 ι,
963 1065 1029 1132 5;
1065 1083 1137 1133 vr,
1162 1066 1316 1139 259.)
1364 1068 1433 1124 Ut
1473 1072 1779 1143 presbyteri

185 1159 500 1221 computum
527 1152 756 1207 discant.

257 1241 494 1298 CXXVI.
527 1244 648 1314 (vn,
675 1245 802 1310 205,
831 1247 983 1319 257.)
1017 1248 1085 1304 Ut
1114 1253 1330 1321 superbi
1357 1253 1542 1310 clerici
1569 1264 1624 1310 et
1648 1256 1774 1314 laici

185 1335 741 1392 excommunicentur.
774 1339 842 1394 Et
870 1350 926 1394 ut
958 1342 1219 1410 patientia
1247 1354 1303 1399 et
1328 1347 1637 1416 humilitas,
1661 1366 1780 1406 cas-

186 1424 314 1478 titas
341 1433 395 1478 et
422 1425 734 1483 humanitas
762 1431 831 1486 ab
861 1433 1114 1488 omnibus
1144 1437 1490 1506 prmdicetur.

254 1513 512 1572 CXXVII.
542 1519 704 1588 (Add.
731 1537 806 1589 tv,
839 1523 955 1596 55.)
987 1525 1042 1582 Si
1081 1529 1203 1597 quis
1229 1541 1508 1600 potentum
1546 1537 1778 1604 quemli-

179 1605 275 1662 bet
298 1609 687 1680 exspoliaverit
713 1614 798 1669 vel
821 1619 1177 1686 oppresserit,
1209 1636 1306 1692 per
1324 1625 1771 1693 praedicationem

176 1700 525 1756 sacerdotum
564 1707 810 1760 revocari
843 1708 1024 1764 debet.

1889 534 2108 578 nentur.

1958 615 2243 672 CXXXIV.
2287 619 2448 688 (Add.
2493 637 2565 684 tv,
2597 621 2710 694 8|.)
2742 623 2817 680 De
2856 626 2961 692 his,
2993 628 3084 698 qui
3110 630 3211 685 sibi
3238 647 3481 702 quacun-

1887 720 1992 774 que
2022 707 2347 776 negligentia
2387 720 2615 765 mortem
2652 713 2909 778 inferunt,
2945 728 3040 771 aut
3064 734 3164 789 pro
3212 723 3325 776 suis
3353 738 3474 777 see-

1885 798 2092 853 lerihus
2113 803 2430 869 puniuntur,
2460 803 2601 858 nulla
2630 821 2730 874 pro
2752 807 2832 862 eis
2863 808 2958 863 ﬁat
2977 809 3201 878 oblatio,
3233 830 3332 869 nec
3353 831 3478 872 cum

1884 890 2107 961 psalmis
2133 891 2200 944 ad
2234 893 2543 962 sepulturas
2570 897 2858 953 ducantur.

1955 981 2216 1038 CXXXV.
2272 984 2330 1056 (ι,
2365 985 2495 1051 I57;
2529 1003 2582 1051 v,
2609 989 2733 1044 276.
2765 991 2903 1045 Add.
2954 1009 3028 1060 tv,
3061 995 3184 1062 I00,
3220 999 3368 1071 166.)
3397 999 3474 1057 De

1885 1072 1990 1138 his,
2023 1074 2113 1143 qui
2141 1075 2381 1131 decimas
2412 1077 2740 1135 abstrahunt
2763 1082 3027 1154 ecclesia),
3059 1087 3125 1141 ad
3157 1103 3316 1157 quam
3349 1106 3476 1160 per-

1884 1166 2076 1230 tinent,
2119 1175 2175 1220 et
2218 1177 2442 1237 propter
2475 1185 2700 1225 munera
2743 1174 2827 1228 vel
2860 1175 3096 1246 aliquam
3127 1180 3472 1238 occasionem

1883 1253 2036 1308 alteri
2076 1257 2227 1324 dant,
2255 1260 2428 1316 donec
2457 1262 2768 1331 restituant,
2814 1267 2883 1322 ab
2913 1268 3158 1325 ecclesiae
3205 1272 3470 1329 societate

1879 1344 2164 1414 pellantur.

1950 1436 2235 1493 CXXXVI.
2270 1441 2346 1512 (γ,
2380 1441 2524 1515 II2.)
2553 1443 2750 1502 Laicus
2793 1463 2898 1501 non
2930 1449 3090 1504 debet
3125 1452 3179 1506 in
3227 1454 3462 1511 ecclesia

1877 1529 2090 1598 publice
2120 1531 2406 1588 lectionem
2428 1536 2680 1605 recitare,
2705 1554 2806 1594 nec
2837 1539 3072 1608 alleluia,
3107 1543 3202 1599 sed
3225 1545 3469 1616 psalmos

1877 1629 1932 1674 et
1971 1623 2335 1690 reSponsoria.

1946 1709 2256 1768 CXXXVII.
2311 1715 2430 1786 (vn,
2482 1717 2631 1789 585.)
2693 1719 2766 1776 Ut
2813 1722 2881 1776 ad
2920 1726 3359 1794 praedicationem
3411 1740 3468 1786 et

251 1786 528 1846 CXXVIII.
563 1793 627 1864 (ι,
655 1793 759 1860 24;
785 1811 842 1861 v,
873 1796 975 1862 28;
1007 1815 1104 1865 vn,
1143 1799 1256 1872 I5.)
1287 1801 1357 1857 Ut
1400 1808 1769 1879 unusquisque
1798 1801 1846 1861 Β
1876 1803 2341 1860 confirmationem
2393 1786 2630 1880 episcopi
2673 1826 2865 1867 omnes
2893 1786 3088 1870 devote
3115 1818 3461 1884 conveniant,

179 1879 234 1934 in
264 1895 330 1935 eo
354 1880 495 1950 loco,
526 1883 582 1940 in
609 1901 716 1957 quo
737 1889 1062 1947 constitutus
1090 1901 1193 1958 est,
1222 1893 1296 1949 ibi
1318 1905 1552 1965 maneat,
1576 1915 1676 1956 nec
1700 1903 1768 1957 ad

176 1970 279 2026 alia
306 1978 566 2030 transeat.

245 2060 480 2118 CXXIX.
515 2064 588 2137 (v,
622 2067 713 2122 55.
741 2069 881 2124 Add.
917 2087 1002 2135 ιιι,
1028 2072 1146 2143 50.)
1175 2074 1255 2130 De
1276 2079 1382 2130 reis
1413 2078 1478 2130 ad
1506 2078 1764 2135 ecclesias

174 2151 261 2208 vel
285 2155 353 2208 ad
374 2170 560 2211 earum
583 2160 722 2214 atria
753 2161 1208 2234 confugientibus,
1236 2175 1295 2220 ut
1331 2167 1458 2222 inde
1493 2185 1600 2225 non
1640 2171 1764 2227 abs-

178 2248 484 2304 trahantur.

241 2338 455 2396 CXXX.
496 2342 560 2415 (ι,
607 2344 730 2411 10ος
767 2361 825 2412 v,
856 2346 992 2414 226;
1033 2364 1108 2415 vt,
1142 2349 1276 2415 I55;
1319 2367 1416 2416 vn,
1446 2353 1568 2408 I79.
1616 2354 1756 2409 Add.

174 2446 246 2497 Iv,
276 2431 422 2503 I88.)
455 2434 524 2490 Ut
551 2437 727 2493 nullus
753 2440 964 2495 occulte
990 2441 1206 2511 nuptias
1233 2442 1421 2510 faciat,
1453 2460 1554 2502 nec
1577 2447 1749 2518 virgi-

172 2537 295 2577 nem
331 2525 416 2579 vel
443 2525 661 2582 viduam
697 2540 967 2586 sacratam
994 2532 1175 2586 ducat.

241 2615 475 2674 CXXXI.
502 2621 620 2691 (vn,
642 2622 768 2689 257,
816 2624 968 2694 511.)
997 2625 1190 2681 Clerici
1239 2627 1378 2683 tardi
1403 2629 1472 2683 ad
1515 2628 1753 2686 ollicium

171 2717 266 2764 aut
281 2710 622 2781 ﬂagellentur
651 2723 746 2771 aut
778 2719 1339 2774 excommunicentur.

239 2803 494 2860 CXXXII.
521 2809 618 2880 (vr,
645 2809 767 2865 I92.
796 2809 937 2864 Add.
973 2827 1046 2877 Iv,
1080 2811 1226 2882 I55.)
1262 2811 1451 2867 Nullus
1492 2813 1752 2869 sacerdo-

171 2907 282 2952 tum
313 2896 551 2954 decimas
581 2915 704 2954 cum
737 2901 830 2955 lite
857 2910 912 2957 et
933 2899 1114 2974 jurgio
1153 2903 1437 2974 suscipiat,
1480 2904 1575 2958 sed
1604 2919 1751 2973 pra:-

167 2990 439 3046 dicatione
462 3000 518 3047 et
540 2993 927 3050 admonitione.

236 3081 517 3140 CXXXIII.
556 3086 632 3158 (v,
663 3086 767 3152 60;
800 3103 898 3152 vu,
930 3086 1020 3156 51,
1047 3087 1202 3159 460.)
1247 3086 1318 3144 Ut
1359 3089 1541 3144 vocati
1569 3089 1638 3144 ad
1667 3104 1752 3160 sy-

1869 1895 2028 1963 eique
2061 1895 2292 1951 fideliter
2319 1899 2634 1956 ministrent
2661 1913 2716 1956 et
2744 1905 3020 1959 obediant.

1845 2049 1850 2054 ,
1936 1987 2264 2044 CXXXVIII.
2305 1991 2666 2066 (lbid.,27l.)
2706 1997 2782 2051 De
2822 1998 2906 2052 his
2939 1998 3030 2068 qui
3061 2000 3307 2057 ecclesiis
3349 2003 3463 2060 vim

1864 2075 2125 2142 inferunt,
2171 2089 2266 2134 aut
2293 2080 2522 2139 clericos
2549 2083 2811 2154 injuriare
2836 2098 3196 2156 praesumunt,
3227 2099 3286 2145 ut
3323 2107 3460 2146 ana-

1865 2169 2310 2229 thematizentur.

1931 2259 2220 2316 CXXXIX.
2274 2262 2346 2319 Ut
2381 2263 2474 2334 qui
2513 2265 2679 2320 alium
2728 2267 2782 2321 in
2829 2269 2985 2339 culpa
3025 2284 3123 2325 sua
3166 2269 3460 2328 defendere

1860 2349 1944 2406 vel
1973 2365 2236 2407 excusare
2264 2353 2476 2418 nititur,
2503 2358 3038 2415 excommunicetur.

1929 2443 2086 2500 CXL.
2129 2444 2198 2500 Ut
2240 2445 2420 2501 nullus
2447 2449 2792 2503 sacerdotum
2839 2452 3052 2522 ignoret
3099 2453 3228 2522 quid
3278 2455 3351 2508 sIt
3397 2453 3456 2508 in

1857 2535 2064 2607 synodo
2108 2537 2482 2602 constitutum,
2533 2538 2631 2593 sed
2671 2541 2924 2596 omnibus
2947 2544 3177 2612 cognitis
3203 2544 3453 2599 certatim

1855 2628 2248 2699 obtemperent.

1929 2718 2055 2774 Hmc
2108 2733 2240 2774 vero
2281 2718 2566 2775 brevitatis
2607 2720 2809 2787 studio,
2856 2731 2920 2777 ut
2959 2721 3379 2794 praelibavimus,
3418 2741 3452 2782 a

1855 2811 2014 2865 nobis
2053 2809 2276 2865 collecta
2319 2811 2572 2866 omnibus
2601 2814 2806 2868 nostris
2841 2815 3213 2871 sacerdotibus
3244 2817 3452 2872 haben-

1854 2901 1922 2955 da
1950 2900 2273 2966 statuimus;
2308 2900 2563 2968 quoniam
2594 2901 2725 2971 ipsis
2744 2913 2800 2956 et
2836 2902 3091 2971 subjectis
3117 2905 3310 2959 ovibus
3331 2905 3448 2959 hac

1854 2993 2044 3048 eadem
2073 2993 2211 3048 bene
2242 2992 2426 3046 habita
2454 3003 2509 3047 et
2528 2993 2799 3050 intellecta
2829 2996 3082 3052 omnibus
3109 2996 3286 3052 modis
3312 3011 3442 3068 pro-

1855 3085 2038 3140 futura
2068 3085 2464 3156 cognoscimus.

163 3228 3434 3260 ——————_—_—'—-—_-————'_——-——-—"

816 3358 2043 3478 COMMONITORIUM
2155 3354 2788 3468 HERARDI

1341 3573 1824 3619 Αιιοωενιεςοιιι
1866 3571 2263 3615 TURONENSIS

1011 3701 1106 3755 AD
1139 3697 1541 3756 VENILONEM
1581 3696 1914 3753 SENONUM
1962 3693 2590 3751 ARCIIIEPISCOPUM.

1213 3830 1380 3895 (Apud
1423 3830 1603 3894 Labb.,
1628 3829 1772 3883 Cone.
1803 3838 1918 3882 tom.
1944 3829 2080 3895 Vlll,
2109 3844 2219 3896 pag.
2245 3830 2383 3894 691.)

1665 3958 1868 3979 ηυ---

219 4080 530 4140 Venerabili
557 4079 828 4149 Veniloni,
858 4081 1132 4146 Senonum
1159 4080 1570 4152 archiepiscopo
1589 4123 1604 4148 ,
1629 4081 1738 4137 Ηε-
1769 4068 1814 4132 C
1848 4083 2169 4140 industriam
2197 4083 2262 4137 ad
2299 4097 2396 4137 vos
2425 4081 2647 4150 exsequi
2674 4083 3008 4152 procurabit.
3037 4083 3105 4139 Et
3133 4083 3238 4141 hoc"
3255 4085 3431 4160 ipsum

148 4190 362 4233 nanus
383 4175 557 4245 gratia
579 4173 776 4228 divina:
796 4173 1014 4245 pietatis
1039 4171 1372 4228 Turonensis
1401 4173 1740 4243 metropolis,

149 4266 427 4324 immerito
457 4265 602 4330 licet,
652 4265 956 4336 episcopus,
1004 4263 1233 4320 salutem
1279 4263 1334 4318 in
1391 4263 1642 4331 Domino,
1686 4273 1743 4320 et

145 4367 468 4431 perpetuam
490 4372 700 4427 pacem.

217 4450 441 4505 Certum
470 4446 893 4502 habeatvestrae
941 4446 1254 4520 sagacitatis
1303 4444 1542 4513 dilectio,
1593 4444 1742 4517 lega-

147 4540 358 4594 tionem
388 4537 555 4593 totius
577 4537 794 4609 synodi,
825 4552 945 4606 quae
971 4538 1027 4591 in
1051 4536 1245 4592 vicinia
1295 4535 1560 4591 conﬂuxit
1605 4537 1734 4591 Tul-

143 4629 404 4694 Iensium,
431 4637 644 4684 nosmet
679 4627 748 4682 ad
785 4637 1022 4681 vestram
1050 4626 1431 4696 paternitatem
1463 4627 1738 4682 communi

146 4719 378 4774 decreto
398 4718 723 4786 suscepisse.
754 4715 992 4770 Litteras
1020 4716 1185 4769 etiam
1224 4729 1294 4768 ex
1339 4715 1599 4784 synodica
1639 4729 1739 4769 vo-

143 4811 370 4865 catione
410 4809 566 4864 vobis
591 4807 943 4880 perferendas
973 4821 1126 4861 more
1147 4806 1521 4861 ecclesiastico
1548 4807 1618 4861 ab
1639 4822 1735 4862 ea-

142 4903 274 4956 dem
305 4900 513 4971 synodo
538 4915 638 4954 nos
665 4899 992 4970 percepisse.
1025 4897 1292 4968 Deinceps
1319 4913 1448 4954 vero
1491 4910 1734 4955 nostram

137 4989 466 5062 parvitatem
493 4990 642 5061 gravi
683 4989 875 5044 scitote
927 4995 1205 5058 gravatam
1253 4987 1620 5042 incommodo.
1667 4988 1735 5042 Et

1847 4177 1989 4248 apud
2016 4183 2372 4230 memoratam
2401 4173 2609 4229 obtinui
2632 4175 2916 4246 synodum,
2945 4186 3004 4230 ut
3027 4176 3072 4231 si
3096 4178 3435 4248 quolibet,ut

1846 4283 1906 4324 se
1931 4269 2168 4323 humana
2199 4265 2468 4336 fragilitas
2501 4265 2685 4332 habet,
2716 4266 3007 4336 languore,
3040 4269 3180 4324 sicut
3197 4279 3252 4326 et
3279 4272 3429 4328 acci-

1844 4357 1945 4421 dit,
1970 4356 2268 4421 detinerer,
2293 4354 2545 4409 eumdem
2584 4364 2772 4410 nostra
2821 4355 2957 4422 vice,
2995 4369 3216 4429 accepta
3245 4360 3314 4415 ab
3339 4375 3434 4415 ea-

1843 4445 1964 4501 dem
2015 4445 2225 4516 synodo
2265 4445 2590 4501 auctoritate
2633 4446 2876 4501 omnium
2907 4448 3242 4518 etjussione,
3274 4451 3433 4507 vobis

1841 4534 2152 4606 dirigerem.
2176 4533 2451 4604 Rogamus
2471 4548 2624 4603 ergo,
2641 4543 2698 4590 et
2722 4545 2783 4590 ut
2811 4545 3019 4606 patrem
3041 4533 3423 4595 charissimum

1840 4622 2176 4693 fratremque
2197 4622 2678 4678 familiarissimum
2705 4640 2930 4680 monere
2948 4628 3348 4696 przesumimus,
3363 4639 3426 4684 ut

1839 4715 2082 4786 diligenti
2114 4723 2380 4784 cautaque
2411 4714 2788 4782 sollicitudine,
2815 4718 3024 4773 cunctis
3061 4733 3182 4788 quae
3209 4719 3280 4774 ad
3323 4735 3422 4778 vos

1839 4808 2162 4864 deferuntur
2190 4808 2526 4878 perSpectis,
2553 4808 2708 4863 vobis
2733 4809 2834 4879 ipsi
2866 4808 3153 4865 consulere
3177 4825 3285 4866 non
3326 4812 3422 4868 de-

1839 4899 2102 4954 trectetis.
2130 4897 2275 4952 Sano
2298 4911 2515 4968 quoque
2548 4909 2603 4952 et
2631 4898 2860 4968 sapienti
2884 4899 3115 4956 consilio
3152 4913 3420 4970 procure-

1838 4991 1927 5055 tis,
1959 5004 2027 5044 ne
2054 4988 2222 5052 vobis,
2251 4998 2306 5044 et
2327 4987 2474 5043 omni
2502 4998 2694 5044 nostro
2721 4989 2921 5054 ordini,
2953 4989 3196 5045 infantia:
3229 5000 3419 5048 notam

139 5079 414 5151 quoniam
443 5078 682 5150 praefatae
709 5079 902 5148 synodi
941 5077 1204 5132 institutis
1236 5092 1336 5147 pro
1379 5085 1508 5132 voto
1537 5092 1733 5148 parere
1833 5081 2205 5153 prxetendatis.
2234 5079 2302 5134 Et
2323 5079 2369 5134 si
2393 5079 2524 5150 quid
2553 5079 2608 5134 in
2637 5079 2723 5134 his
2752 5095 2872 5149 qua:
2889 5079 3042 5134 vobis
3061 5080 3416 5149 objiciuntur,

136 5188 250 5228 non
283 5187 446 5243 posse
471 5187 614 5226 nunc
634 5181 877 5226 nostram
904 5177 1120 5224 constat
1143 5169 1413 5234 inertiam,
1430 5169 1652 5223 fratrem
1676 5177 1732 5224 et
1833 5173 2162 5231 conscientia
2191 5182 2329 5228 teste
2354 5171 2799 5244 reprehensihile,
2823 5182 2917 5228 aut
2943 5173 3082 5230 forte
3108 5174 3418 5232 damnabile

133 5263 590 5319 consacerdotem
621 5272 904 5327 nostrum,
940 5272 1140 5316 nostrze
1168 5261 1283 5316 sedi
1311 5261 1470 5316 cilicii
1525 5261 1729 5318 honore
1825 5264 2117 5334 judicatur,
2145 5263 2444 5335 praevenire
2471 5264 2645 5319 modis
2684 5264 2962 5329 omnibus,
3007 5273 3064 5319 et
3115 5273 3418 5337 opportune

130 5357 434 5428 attiguum,
478 5355 796 5412 Rothertum
823 5396 838 5422 ,
889 5355 1322 5410 Cenomanorum
1373 5354 1683 5425 episcopum
1710 5396 1726 5421 ,

1833 5357 2114 5426 detergere
2142 5355 2421 5410 studeatis.
2453 5353 2520 5407 Et
2547 5354 2804 5423 quoniam
2829 5356 3007 5410 omnis
3049 5357 3249 5426 gradus
3286 5371 3419 5427 pon-

126 5457 325 5503 nostra
350 5448 468 5503 vice
494 5463 657 5518 super
687 5442 924 5515 iujuncta
963 5446 1118 5501 nobis
1165 5444 1436 5516 legatione
1482 5443 1724 5501 fraterno
1755 5431 1806 5490 Ῑ)
1833 5445 2042 5501 tificalis
2072 5444 2299 5510 ordinis,
2323 5444 2490 5500 totius
2515 5459 2677 5512 quam
2710 5444 3073 5514 praemisimus
3109 5445 3320 5517 synodi,
3345 5461 3416 5502 ex

125 5554 290 5594 more
323 5539 760 5594 remandavimus
789 5539 994 5608 pariter
1019 5546 1075 5592 et
1104 5536 1498 5606 postulavimus
1526 5535 1595 5590 ad
1627 5551 1720 5592 vos
1828 5539 2061 5608 impacta
2103 5537 2258 5592 vobis
2305 5534 2611 5604 huiusmodi
2660 5535 2932 5591 calumnia
2985 5537 3411 5604 scandalizatur,

120 5647 367 5704 pergere
397 5648 410 5686 :
441 5631 532 5703 qui
561 5632 740 5687 omnia
771 5631 926 5686 nobis
968 5641 1155 5686 sancta
1203 5630 1412 5700 synodo
1465 5643 1723 5684 reveren-
1829 5627 2176 5728 compatitur,
2222 5625 2489 5731 tristatur,
2516 5634 2598 5730 Oet
2639 5626 2992 5731 eongemisciot
3035 5645 3048 5683 :
3099 5643 3219 5731 vos,
3243 5641 3408 5698 quem

119 5732 215 5781 ter
246 5722 490 5794 injuncta
519 5724 783 5794 intrepide
811 5723 966 5795 juxta
1007 5721 1264 5778 divinitus
1305 5721 1409 5778 sibi
1464 5720 1720 5777 collatam
1829 5735 2050 5777 causam
2081 5717 2306 5788 hujusce
2328 5717 2564 5776 Izesionis
2595 5732 2717 5774 esse
2740 5720 3133 5791 comperimus,
3167 5729 3224 5775 et
3247 5731 3442 5792 quem.
