4000 6352
530 379 634 433 775

1695 372 1996 428 ιιιξιιΑιιυι
2039 366 2298 423 τυλοΝ.
2341 369 2661 425 Αιιυιιιιῖρ.

3711 378 3807 433 776

528 504 876 565 oportuerat,
908 493 1202 549 secundum
1231 493 1545 561 Apostolum
1565 531 1581 556 ,
1613 493 1982 546 testimonium
2017 493 2113 546 ha-
2142 501 2189 557 Α
2221 493 2438 562 quirere
2454 490 2992 561 procuretis,olmixe
3019 489 3349 562 ﬂagimmus,
3378 494 3512 549 etin
3542 495 3806 550 charitste

533 588 662 643 bere
685 585 756 641 ab
781 586 864 641 his
897 587 1061 640 etiam
1090 585 1180 655 qui
1212 583 1346 638 foris
1397 593 1543 647 sunt,
1592 585 1898 649 hortamur,
1944 583 2116 638 ﬁdeli-

532 689 724 747 terque
751 677 1110 748 suggerimus,
1126 687 1184 731 ut
1207 686 1300 730 aut
1329 677 1420 731 uni
1443 679 1697 747 episcopo
1719 692 1817 744 pro
1839 679 2112 742 omnibus,

532 779 628 824 aut
649 769 891 840 pluribus
909 784 1006 836 pro
1027 769 1261 832 cunctis,
1277 768 1592 823 satisfacere
1616 783 1713 838 pro
1739 778 1980 839 tempore
2006 784 2112 823 non

533 860 832 931 gravemini
881 861 1080 915 vestris
1126 860 1369 930 apicibus
1415 860 1586 914 sacris
1643 877 1654 912 :
1706 860 1974 928 simulque
2006 874 2114 928 quo

533 952 736 1022 regiam
780 953 1146 1023 dignationem
1176 953 1328 1006 vobis
1356 952 1766 1020 acceptabiiem,
1794 952 1934 1005 sicut
1959 951 2111 1005 vobis

531 1055 586 1099 et
615 1045 761 1099 omni
791 1055 972 1100 vestro
999 1046 1215 1115 expedit
1241 1045 1409 1116 gregi,
1440 1043 1859 1108 satisfaciendo,
1890 1043 2110 1096 humili-

531 1145 724 1208 terque
750 1138 918 1210 ipsius
943 1139 1232 1194 hilaritatis
1262 1138 1604 1193 clemcntiam
1649 1134 1986 1206 impetrando
2015 1148 2109 1188 ac-

536 1320 3028 1348 ——-———————————-—-———————————-——————\

2226 583 2440 638 sincera
2468 581 2846 651 eompatiendo
2874 598 3180 651 precamur.
3217 583 3406 640 Valere
3445 596 3691 640 vestram
3715 603 3802 656 pa-

2227 678 2535 731 ternitatem
2573 675 2712 729 votis
2735 676 2987 729 omnibus
3012 677 3370 745 postulamus,
3393 687 3448 733 et
3477 687 3534 733 ut
3567 688 3806 734 nostrain

2193 841 2197 845 ζ
2225 769 2540 840 petitionem
2569 766 2860 822 ellicaciter
2885 769 3194 836 suscipiatis
3215 786 3436 826 oramus
3461 788 3476 834 ;
3517 781 3690 840 utque
3712 788 3801 826 no-

2223 870 2389 915 stram
2420 859 2829 913 unauimitatem
2861 873 2931 911 ex
2960 860 3123 912 vestri
3167 875 3328 914 causa
3385 864 3450 915 ad
3503 863 3802 932 aliquantu-

2221 951 2357 1015 lam,
2419 949 2548 1019 quin
2599 948 2774 1018 potius
2821 946 2889 1000 ad
2941 948 3240 1018 integram,
3283 952 3584 1020 perducere
3641 964 3804 1008 certe-

2220 1043 2294 1124 tis
2319 1041 2598 1104 laetitiam,
2631 1036 2858 1108 supplici
2902 1040 3267 1106 postulatione
3298 1057 3589 1098 monenms
3611 1084 3627 1109 ,
3657 1053 3806 1116 pater

2219 1132 2551 1187 beatissime.

3031 1313 3802 1345 —————————‘

1243 1477 1280 1521 ⁸
1338 1482 1523 1595 AN
1535 1482 1827 1596 NUN
1840 1479 2332 1596 TIATIO
2453 1480 3082 1596 HERARDI

1709 1698 2182 1741 ABCHIEPISCOPI
2229 1697 2622 1740 TURONENSIS

1086 1848 1268 1928 Regis
1313 1845 1554 1924 (Caroli
1593 1844 1793 1924 Calvi)
1829 1863 1900 1905 ac
1930 1843 2156 1923 synodi
2195 1844 2671 1922 (Sucssionensis
2701 1844 2816 1925 ιιι),
2835 1844 3025 1938 jussu
3049 1849 3242 1927 facta,

531 2017 625 2081 Ne
683 2015 919 2078 mirum
970 2017 1052 2077 sit
1121 2013 1296 2095 quod
1344 2031 1531 2076 causa
1575 2013 1708 2091 jam
1759 2017 1904 2071 ante
1957 2009 2488 2097 delinitaiterum
2545 2007 2612 2097 in
2669 2005 2786 2096 hac
2837 2008 3089 2097 synodo
3141 2017 3572 2097 retractetur;
3608 2024 3675 2078 et
3703 2032 3811 2083 cur

694 2097 979 2173 reginam
1010 2087 1280 2156 uxorem
1315 2109 1496 2154 suam
1533 2087 1644 2153 rex
1681 2099 1808 2152 tam
1843 2105 1987 2150 sero
2019 2104 2191 2149 nunc
2240 2088 2496 2148 tandem
2547 2087 2625 2148 ab
2661 2087 2984 2164 episcopis
3017 2088 3308 2151 benedici
3332 2092 3653 2170 postulet.

2096 2229 2312 2243 ‘——_

604 2317 910 2374 Auctoritas
943 2331 1120 2380 saera,
1157 2323 1212 2369 et
1243 2313 1458 2384 specula
1486 2311 1795 2376 ministerii,
1833 2310 2105 2396 unde‘vo-
2139 2317 2187 2375 Β
2214 2324 2372 2376 super
2399 2316 2590 2360 terram
2618 2307 2682 2359 de
2712 2307 2853 2360 omni
2885 2324 2962 2371 re,
2997 2307 3084 2376 ﬁet
3126 2309 3232 2363 illis
3275 2310 3492 2378 (Matth.
3527 2317 3714 2390 xvm).
3744 2317 3812 2380 Et

529 2409 616 2464 bis
644 2417 881 2463 vestram
917 2405 1146 2461 salutem
1180 2405 1427 2458 nuntiare
1455 2402 1737 2467 debemus,
1767 2401 1982 2465 fratres,
2016 2415 2114 2454 nos

531 2507 898 2562 commonent,
930 2507 990 2552 ut
1017 2512 1232 2567 semper
1275 2497 1444 2552 simus
1488 2497 1660 2565 parati
1693 2496 1760 2549 ad
1792 2494 2116 2550 satisfactio-

532 2607 654 2647 nem
687 2590 836 2646 omni
877 2589 1121 2658 poscenti
1161 2603 1258 2642 nos
1289 2589 1554 2642 rationem
1585 2588 1651 2641 de
1685 2600 1748 2640 ea
1779 2601 1899 2654 qua:
1928 2587 1982 2638 in
2015 2601 2114 2638 no-

528 2681 614 2735 bis
639 2689 724 2736 est
747 2694 842 2749 spe
869 2688 927 2733 et
953 2679 1058 2732 (ide
1087 2677 1137 2749 (1
1173 2675 1320 2732 Petr.
1349 2679 1455 2746 ιιι),
1501 2687 1560 2733 ut
1601 2677 1686 2731 illa
1717 2693 1838 2747 quae
1881 2678 2112 2747 agimus,

528 2787 636 2841 qua
684 2770 982 2824 intentione
1027 2783 1092 2823 ac
1135 2768 1238 2823 (ide
1279 2784 1524 2838 agan'uts,
1555 2777 1610 2821 et
1636 2784 1742 2837 qua
1773 2783 1867 2838 spe
1897 2767 2053 2821 nobis
2081 2783 2116 2822 a

529 2861 640 2916 Deo
669 2861 1006 2916 remunerari
1032 2861 1320 2915 credamus
1349 2875 1411 2914 ea
1449 2875 1569 2929 qua:
1620 2867 1768 2913 recta
1817 2860 2116 2913 intentione

527 2953 759 3020 agimus,
798 2951 1101 3006 ministerio
1143 2962 1331 3006 nostro
1361 2951 1688 3016 commissis,
1715 2951 1830 3005 sive
1859 2951 2116 3020 simplici-

529 3052 634 3106 ter,
665 3041 779 3095 sive
815 3055 921 3095 non
955 3041 1276 3110 simpliciter
1301 3041 1688 3108 quaerentibus,
1718 3039 1800 3094 vel
1833 3055 1936 3093 non
1967 3055 2114 3108 quac-

532 3129 782 3183 rentibus
832 3129 1181 3192 intimemus,
1231 3143 1299 3182 ne
1343 3136 1436 3182 aut
1487 3129 1757 3198 simplices
1809 3130 2116 3198 suspicione

531 3220 763 3274 sinistra
798 3219 852 3274 in
881 3221 1094 3274 actibus
1123 3220 1326 3274 nostris
1356 3219 1649 3284 offendant,
1681 3229 1774 3274 aut
1808 3222 2002 3290 impuri
2031 3222 2112 3276 lo-

532 3326 660 3366 cum
709 3311 1028 3367 detrahendi
1078 3326 1176 3366 nos
1228 3312 1563 3366 invenientes
1611 3313 1946 3381 delinquant.
2001 3313 2116 3367 Hoc

528 3401 676 3456 enim
726 3401 1125 3472 speculatorum
1167 3400 1401 3456 oﬂicium
1452 3413 1556 3466 est,
1603 3417 1712 3472 quo
1763 3403 1980 3457 nomine
2015 3418 2114 3456 nos

527 3491 768 3562 episcopi
819 3506 926 3546 non
970 3493 1166 3546 merito
1208 3493 1304 3546 sed
1341 3493 1513 3562 gratia
1563 3494 1907 3548 nominamur
1941 3510 1972 3547 a
2011 3493 2116 3547 Do-

528 3584 702 3649 mino,
757 3593 818 3638 ut
871 3585 1224 3658 imminentia.
1259 3587 1652 3656 prospicientes
1699 3587 1977 3658 pericula,
2030 3587 2115 3642 his

2218 2397 2344 2467 quia
2374 2397 2516 2451 Deus
2555 2412 2697 2466 s'epe
2747 2411 2900 2450 suam
2946 2407 3115 2451 mutet
3162 2403 3513 2464 sententiam.
3561 2421 3810 2465 necessa-

2214 2487 2356 2540 rium
2388 2485 2621 2539 vidimus
2658 2496 2716 2538 ut
2747 2486 2812 2539 de
2846 2486 3028 2540 multis
3072 2504 3235 2542 unum
3289 2493 3670 2549 testimonium
3717 2514 3809 2554 no-

2215 2577 2299 2630 bis
2328 2576 2578 2630 oumibus
2619 2577 3051 2646 amplectendum
3099 2581 3361 2648 dicamus,
3398 2585 3474 2637 ait
3502 2586 3804 2645 Dominus:

2216 2665 2273 2721 Si
2316 2667 2498 2720 dixero
2544 2667 2702 2736 impio
2735 2684 2752 2722 .'
2785 2667 2955 2722 Morte
2991 2671 3246 2733 morieris,
3279 2685 3325 2726 et
3353 2675 3442 2728 ille
3469 2677 3668 2748 impius
3693 2699 3809 2737 con.

2213 2774 2389 2811 versus
2419 2757 2574 2827 fuerit
2601 2777 2633 2811 α
2667 2759 2746 2812 ria
2784 2777 2880 2812 sua
2918 2778 3078 2829 prava
3104 2803 3117 2825 ,
3165 2773 3210 2816 et
3240 2764 3419 2832 fecerit
3459 2767 3730 2835 judicium
3766 2785 3809 2826 et

2206 2847 2495 2918 justitiam,
2517 2847 2622 2900 vita
2645 2850 2773 2901 rivet
2799 2859 2845 2901 et
2870 2867 2972 2902 non
2998 2853 3278 2913 morietur;
3306 2871 3482 2909 omnes
3509 2860 3810 2928 iniquitates

2215 2938 2328 3006 ejus
2369 2956 2499 3009 quas
2549 2939 2669 3008 fecit
2713 2942 2766 2993 in
2811 2940 3065 2996 oblivione
3091 2956 3241 2998 erunt
3269 2963 3446 3000 coram
3475 2967 3562 3004 me
3591 2953 3807 3021 (Ezech.

2215 3035 2392 3101 xviu).
2446 3033 2580 3087 Nam
2604 3043 2659 3087 et
2686 3044 2807 3104 post
2836 3035 2971 3106 legis
3011 3038 3269 3092 duritiam
3319 3057 3482 3110 quam
3528 3045 3685 3099 dedit
3721 3062 3812 3115 per

2216 3125 2435 3195 angelos
2462 3124 2515 3178 in
2547 3140 2710 3179 manu
2741 3125 2933 3197 Moysi,
2963 3129 3112 3182 dedit
3140 3129 3415 3202 Evangelii
3453 3136 3695 3205 gratiam
3724 3153 3814 3206 per

2216 3217 2488 3284 apostolos
2516 3226 2572 3271 et
2603 3233 2792 3271 eorum
2833 3234 3179 3275 successores
3218 3225 3468 3278 omnibus
3503 3229 3812 3294 praedicau-

2219 3307 2367 3360 dam.
2404 3306 2540 3374 Quia
2572 3317 2630 3361 ut
2660 3317 2880 3363 sanctus
2906 3309 3034 3374 Leo,
3070 3313 3375 3379 apostolica:
3406 3317 3554 3370 sedis
3583 3333 3813 3387 magnus

2214 3405 2463 3460 ornatus,
2503 3395 2634 3450 dicit
2665 3397 2859 3468 (Epist.
2907 3399 2976 3452 ad
3018 3399 3296 3454 Rusticum
3342 3402 3809 3476 Narbonensem):

2227 3487 2425 3543 «Sicut
2478 3497 2608 3542 sunt
2653 3490 2901 3559 quasdam
2955 3506 3076 3559 qua:
3126 3493 3269 3546 nulla
3319 3506 3549 3562 possunt
3605 3499 3814 3552 ratione

2218 3579 2482 3643 converti,
2511 3579 2587 3632 ita
2618 3579 2786 3632 multa
2813 3588 2960 3645 sunt,
2989 3595 3110 3649 qua:
3134 3591 3227 3636 aut
3253 3599 3350 3652 pro
3370 3586 3813 3643 consideratione

529 3691 762 3744 quorum
819 3675 1052 3730 salutem
1117 3691 1409 3746 suscepere
1464 3677 1719 3732 tuendam
1776 3679 2113 3733 annuntient.
2143 3675 2189 3737 C
2219 3678 2460 3733 θειθῐυῐη,
2489 3678 2581 3723 θυι
2612 3684 2711 3739 ι)Γο
2742 3671 3068 3726 ιιθοθεεὶιειῑθ
3102 3687 3283 3727 rerum
3314 3686 3571 3744 oporteat
3611 3688 3815 3749 tempe-

528 3764 896 3835 Quapropter,
956 3764 1187 3829 fratres,
1249 3769 1607 3836 quorumdam
1665 3768 2114 3838 cogitationibus,

527 3858 884 3926 quorumdam
909 3873 1041 3912 vero
1064 3859 1248 3914 verbis
1271 3859 1584 3914 satisfacere
1613 3860 1812 3915 bonum
1839 3862 2112 3924 duximus,

528 3951 621 4018 qui
647 3949 888 4017 cogitant
921 3947 1082 4014 forte,
1114 3965 1179 4004 ac
1205 3951 1407 4014 dicunt,
1453 3951 1706 4020 quoniam
1744 3960 1900 4006 antea
1927 3951 1982 4005 in
2012 3953 2115 4006 hoc

529 4038 720 4096 eodem
763 4039 882 4092 loco
920 4048 1047 4094 ante
1090 4039 1291 4109 aliquot
1321 4055 1491 4095 annos
1513 4041 1728 4110 quidam
1758 4051 2022 4106 nostrum,
2059 4051 2115 4097 et

533 4132 894 4199 quorumdam
930 4142 1236 4186 nostrorum
1270 4132 1598 4194 decessores,
1645 4133 1906 4203 synodum
1941 4134 2114 4188 tenui-

533 4233 674 4280 mus,
713 4227 769 4273 et
795 4220 1042 4275 eamdem
1087 4236 1328 4285 causam,
1373 4236 1534 4290 quam
1579 4233 1708 4275 tunc
1746 4221 2110 4286 difiinivimus,

531 4324 677 4364 nunc
703 4324 942 4380 quoque,
985 4312 1141 4381 quasi
1182 4327 1288 4366 non
1335 4311 1498 4366 fuerit
1533 4313 1671 4367 bene
1709 4311 1948 4375 diﬂiuita,
1989 4329 2111 4367 cum

528 4403 695 4457 etiam
717 4413 772 4458 et
798 4418 829 4458 a
854 4402 994 4458 Sede
1015 4404 1309 4473 apostolica
1329 4407 1400 4460 sit
1431 4407 1733 4467 terminata,
1763 4408 2108 4469 mutavimus,

527 4503 587 4550 et
609 4496 680 4551 ob
709 4495 765 4551 id
794 4504 980 4550 nostra
1025 4499 1293 4552 sententia
1333 4498 1455 4553 vilis
1494 4500 1662 4568 possit
1710 4501 1917 4564 haberi,
1957 4500 2111 4570 quasi

528 4587 600 4641 ad
629 4587 982 4642 mobilitatem
1036 4587 1284 4643 humanae
1331 4589 1520 4658 gratia:
1565 4599 1778 4644 nostras
1817 4590 2112 4644 sententias

529 4677 902 4744 immutemus,
932 4677 1041 4744 vel,
1071 4687 1132 4732 ut
1153 4679 1398 4734 dicamus
1422 4679 1680 4748 apertius,
1704 4679 2108 4744 venumdemus.

529 4767 648 4823 Non
677 4770 751 4823 ita
773 4779 877 4834 est,
911 4768 1131 4833 fratres,
1171 4770 1426 4840 quoniam
1462 4770 1516 4824 iu
1547 4769 1836 4840 episc0pali
1869 4770 2114 4823 ministe-

530 4860 614 4914 rio
639 4875 746 4914 non
775 4868 860 4916 est
887 4859 982 4915 Est
1005 4868 1062 4914 et
1088 4859 1228 4925 Non,
1275 4861 1370 4915 sed
1413 4875 1626 4929 semper
1663 4860 1772 4921 Est,
1811 4861 1862 4913 id
1889 4868 1974 4913 est
2002 4868 2113 4913 sta-

531 4947 715 5002 bilitas
744 4949 799 5002 in
829 4948 920 5002 illo
948 4957 1069 5003 est:
1100 4949 1226 5018 quia
1257 4948 1312 5002 in
1342 4947 1558 5002 Christo
1589 4948 1691 5002 hoc
1717 4963 1931 5001 sacrum
1960 4947 2113 5000 mini-

2224 3761 2364 3814 rari:
2383 3762 2463 3815 sic
2484 3771 2684 3826 tamen,
2702 3771 2760 3815 ut
2783 3765 2926 3830 quod
2952 3765 3284 3832 sequendum
3309 3765 3474 3822 fuerit
3501 3770 3812 3838 inventum,

2220 3867 2325 3907 nec
2371 3855 2658 3924 praeceptis
2695 3855 3023 3924 evangelicis
3051 3859 3406 3922 contrarimn,
3439 3876 3547 3916 nec
3576 3863 3814 3920 decretis

2219 3955 2529 4000 sanctorum
2576 3947 2884 4001 inveniatur
2933 3947 3244 4004 adversum.
3274 3971 3293 4003 ι
3349 3952 3502 4019 Quod
3547 3965 3605 4009 et
3632 3956 3687 4010 in
3713 3957 3811 4012 hac

2217 4052 2380 4092 causa
2429 4053 2618 4091 sumus
2665 4039 2856 4102 secuti,
2907 4040 3048 4094 sicut
3075 4041 3128 4094 in
3155 4043 3358 4098 sanctis
3385 4047 3809 4105 auctoritatibus

2218 4128 2546 4194 invenimus,
2576 4129 2668 4198 qui
2711 4129 2765 4182 in
2807 4129 3014 4199 psalmo
3043 4132 3290 4188 canimus
3315 4149 3328 4187 :
3359 4133 3734 4194 Misericordia
3761 4149 3810 4194 et

2216 4222 2404 4275 veritas
2441 4221 2772 4276 obviavemnt
2797 4223 2918 4288 sibi,
2941 4224 3157 4293 justitia
3181 4237 3227 4279 et
3255 4244 3360 4297 pax
3403 4229 3662 4286 osculata
3693 4243 3808 4286 sunt

2218 4311 2388 4382 (Psal.
2412 4315 2655 4381 Lxxxlv),
2669 4321 2724 4367 et
2739 4329 2952 4384 semper
2969 4331 3131 4386 super
3150 4319 3630 4390 exaltetjudicium
3646 4326 3808 4380 mise-

2216 4406 2484 4469 ricordia,
2531 4407 2742 4461 dicente
2785 4408 3044 4478 Apostoto
3091 4427 3104 4463 :
3160 4412 3344 4465 Adhuc
3391 4413 3809 4470 excellentiorens

2215 4495 2350 4548 viam
2393 4495 2536 4550 vobis
2575 4497 2940 4551 demonstrabo
2969 4498 3019 4570 (I
3048 4498 3172 4553 Cor.
3206 4501 3328 4572 xu),
3369 4503 3419 4556 id
3456 4513 3540 4558 est
3575 4506 3810 4560 Charita-

2215 4603 2350 4654 tem,
2396 4605 2515 4660 quae
2545 4591 2800 4646 omnibus
2849 4593 3122 4648 desiderat
3171 4595 3439 4660 misereri,
3493 4607 3549 4651 et
3598 4600 3811 4654 cunctis

2214 4683 2331 4736 vult
2363 4683 2416 4736 in
2453 4698 2740 4737 commune
2789 4683 3074 4752 prolicere.
3126 4685 3375 4741 Perfecta
3405 4689 3554 4742 enim
3588 4699 3719 4743 sunt
3745 4706 3807 4743 ea

2215 4789 2336 4843 qua:
2363 4774 2427 4827 ad
2459 4775 2856 4830 correctionem
2894 4776 3173 4831 hominum
3202 4785 3256 4830 et
3285 4778 3350 4832 ad
3385 4794 3678 4834 censuram
3712 4782 3807 4836 de-

2216 4870 2341 4924 bita:
2387 4869 2693 4924 severitatis
2742 4869 3035 4939 episcopali
3085 4873 3353 4926 sententia
3406 4874 3805 4943 proferuntur:

2215 4960 2309 5014 sed
2343 4959 2726 5014 excellentiora
2757 4969 2884 5014 sunt
2909 4960 3105 5030 quibus
3135 4962 3440 5018 dilecﬁonis
3465 4966 3804 5036 benignitate

531 5039 757 5093 sterium
782 5041 1084 5096 radicatum
1111 5049 1215 5106 est.
1246 5041 1337 5111 qui
1370 5056 1645 5112 nunquam
1674 5040 1978 5104 consilium.
2014 5039 2109 5095 sed
2140 5046 2190 5104 D
2215 5051 2551 5107 subditorum
2576 5053 2760 5117 saluti,
2791 5062 2849 5106 et
2878 5055 3152 5109 communi
3183 5055 3548 5111 Ecclesiarum
3579 5059 3798 5112 utilitati

532 5141 674 5197 saepe
717 5137 893 5183 mutat
937 5131 1281 5194 sententiam,
1313 5139 1421 5185 tam
1446 5146 1544 5202 per
1571 5131 1827 5200 scipsum,
1858 5145 2021 5198 quam
2055 5139 2110 5183 et

530 5230 629 5287 per
671 5231 796 5272 suos
835 5217 1042 5283 ﬁdeles,
1074 5220 1141 5275 de
1168 5236 1396 5291 quorum
1437 5237 1661 5276 numero
1695 5237 1791 5276 sua
1823 5222 2107 5275 clementia

532 5321 633 5362 nos
675 5316 1081 5378 computantur,
1122 5312 1319 5381 quibus
1359 5312 1595 5368 veridica
1645 5327 1776 5367 voce
1820 5312 2105 5382 promisit:

533 5395 636 5452 Ubi
675 5406 797 5453 sunt
827 5398 934 5453 duo
966 5399 1042 5454 vel
1062 5410 1164 5456 tres
1201 5404 1499 5475 congregati
1537 5406 1592 5456 in
1637 5405 1844 5458 nomine
1888 5420 2002 5458 meo
2039 5404 2110 5457 ibi

530 5506 649 5544 sum
671 5490 727 5546 in
746 5492 917 5546 medio
937 5509 1147 5560 eorum;
1167 5503 1224 5550 et
1249 5512 1264 5550 :
1294 5495 1353 5551 Si
1380 5496 1486 5550 duo
1508 5513 1573 5551 ea:
1594 5497 1733 5551 vobis
1762 5498 2112 5552 consenserint

599 5625 1002 5700 {danuntiatio
1038 5625 1292 5682 Herardi.
1329 5627 1486 5684 Prior
1507 5645 1633 5700 pars
1659 5629 1818 5700 hujus
1844 5631 2110 5700 orationis

530 5693 597 5772 ad
626 5693 862 5772 Wulfadi
889 5697 1270 5772 sociorumque
1294 5693 1523 5754 causam
1543 5693 1768 5772 special,
1799 5699 1952 5772 cujus
1978 5717 2106 5772 gra-

529 5765 606 5820 tia
633 5768 871 5839 synodus
903 5768 1080 5824 fuerat
1101 5765 1444 5840 congregata,
1474 5765 1740 5841 posierior
1765 5769 1833 5824 ad
1856 5765 2104 5827 Hermin-

2214 5158 2277 5197 ac
2304 5143 2569 5198 consultui
2606 5143 2970 5214 providemus.
3018 5145 3167 5201 Unde
3198 5149 3543 5204 manentibus
3581 5153 3798 5205 statutis

2215 5234 2509 5303 prioribus,
2562 5250 2682 5304 qua:
2732 5236 3027 5290 secundum
3081 5241 3457 5295 auctoritatem
3501 5244 3792 5298 constituta

2216 5334 2342 5378 sunt
2369 5340 2465 5394 per
2489 5325 2714 5394 justilize
2755 5327 3123 5392 severitatem,
3169 5330 3376 5385 licitum
3405 5341 3492 5386 est
3517 5333 3675 5388 nobis
3699 5348 3794 5404 per

2217 5413 2436 5467 easdem
2459 5415 2926 5484 supereminentes
2945 5419 3314 5487 auctoritates,
3337 5436 3456 5490 quae
3480 5423 3790 5492 impendunt

2218 5503 2661 5569 misericordiam,
2712 5506 3003 5564 immutare
3045 5509 3294 5565 duriores
3333 5514 3632 5568 sententias
3673 5528 3786 5568 cor-

2209 5639 2393 5767 tlrudig
2403 5641 2603 5710 reginae
2623 5643 3028 5698 coronationem
3054 5643 3106 5697 in
3131 5643 3318 5700 eadem
3341 5644 3548 5716 synodo
3569 5643 3781 5700 factam.

2243 5725 2329 5766 ac.
2397 5725 2512 5766 ιιιι.
3020 5747 3027 5755 -
3058 5749 3063 5754 -

2243 5725 2329 5766 ac.
2355 5725 2512 5766 δικ..
3020 5747 3027 5755 ·
3058 5749 3063 5754 ς
