4000 6352
178 483 268 537 777
951 472 1418 530 ANNUNTIATIO
1457 471 1522 529 IN
1564 471 1837 527 SY‘NODO
1877 469 2367 525 SUESSIONENSI
2409 468 2494 522 Ill.

3319 467 3423 518 77b

183 592 407 648 rectione
451 589 604 642 facta
628 603 726 658 per
749 588 1160 644 eminentiorem
1192 588 1358 654 viam,
1395 587 1602 644 scilicet
1627 587 1750 642 cha-
1776 595 1824 654 Α
1853 593 1907 641 et
1929 585 2102 655 ipsum
2129 583 2278 639 lsaac
2309 597 2533 638 uxorem
2566 582 2804 636 sterilem
2834 583 3078 652 accipere
3109 583 3255 649 fecit,
3288 592 3346 637 ut
3367 590 3426 640 et

189 684 411 738 ritatem.
451 679 525 734 Et
558 679 697 735 sicut
739 679 804 735 de
842 679 1115 752 prioribus
1161 681 1378 736 statutis
1407 681 1750 752 sedemlapo-

192 773 418 829 stolicam
467 770 870 838 consuluimus,
927 771 1003 827 ita
1053 780 1110 827 et
1156 787 1223 828 ex
1277 772 1381 828 hac
1430 770 1749 828 diffinitione

191 873 362 921 nostra
384 861 621 933 ejusdem
646 863 837 919 matris
865 865 1108 920 omnium
1133 865 1496 922 Ecclesiarum
1529 881 1751 937 respon-

192 957 382 1014 sionem
433 965 839 1025 exspectamus;
889 966 1157 1027 quatenus
1203 957 1250 1013 si
1296 957 1371 1013 ita
1408 966 1467 1012 ut
1503 957 1750 1028 praeduce

190 1046 321 1102 illius
341 1044 776 1110 commonitione,
801 1061 905 1114 qua
927 1046 994 1100 ad
1015 1045 1160 1102 hunc
1180 1045 1359 1102 locum
1379 1046 1748 1112 convenimus,

190 1141 267 1196 his
289 1154 403 1210 qua:
427 1153 524 1208 per
555 1137 938 1210 indulgentiam
971 1140 1398 1196 misericorditer
1423 1139 1749 1205 invenimus,

191 1232 585 1290 concordaverit
622 1241 783 1302 atque
825 1235 1184 1302 consenserit,
1214 1233 1471 1289 Ecclesia:
1493 1233 1753 1289 consulti-

189 1330 281 1384 bus
321 1326 615 1382 faveamus.
649 1326 937 1390 Caeterum,
969 1324 1188 1392 fratres,
1218 1325 1466 1382 volumus
1496 1340 1591 1380 vos
1612 1325 1753 1381 scire

191 1419 303 1490 quia
331 1418 559 1474 domnus
597 1426 653 1474 et
691 1419 874 1474 senior
903 1428 1088 1474 noster
1113 1417 1339 1474 Carolus
1367 1435 1460 1474 rex
1488 1418 1753 1490 gloriosus

188 1515 370 1562 nostra:
415 1507 737 1564 humilitatis
784 1509 920 1579 petit
968 1511 1306 1567 devotionem
1338 1520 1400 1565 ut
1431 1511 1753 1566 auctoritate

187 1600 457 1656 ministerii
504 1601 660 1658 nobis
685 1616 717 1656 a
750 1601 861 1658 Deo
910 1602 1114 1669 collati,
1161 1604 1302 1659 sicut
1341 1603 1457 1673 ipse
1486 1603 1541 1658 in
1571 1619 1750 1675 regem

185 1704 258 1752 est
311 1706 508 1752 unctus
564 1703 621 1752 et
673 1705 1027 1754 consecratus
1084 1697 1376 1769 episcopali
1433 1698 1754 1754 auctoritate

185 1787 422 1843 unctione
451 1802 612 1843 sacra
641 1796 698 1844 et
727 1788 1126 1856 benedictione,
1165 1789 1330 1846 veluti
1368 1790 1422 1845 in
1459 1789 1755 1861 Scripturis

183 1880 395 1952 legimus
419 1878 711 1936 Dominum
734 1882 1058 1954 praecepisse
1079 1891 1140 1938 ut
1160 1898 1318 1955 reges
1344 1892 1675 1956 ungerentur
1699 1891 1756 1938 et

1854 678 1909 733 in
1955 680 2081 743 hoc,
2133 677 2272 732 sicut
2313 677 2369 731 in
2414 675 2597 732 multis
2637 677 2775 731 solet
2812 675 3011 741 facere,
3042 678 3429 734 misericordiae

1854 785 1965 826 suae
2006 769 2310 841 largitatem
2351 769 2682 832 ostenderet,
2729 778 2784 826 et
2827 770 2953 826 inde
2992 771 3120 826 dicit
3151 771 3433 844 Scriptura

1853 862 1978 932 quia
2012 862 2318 932 deprecatus
2355 871 2427 915 est
2470 859 2628 914 Isaac
2670 860 2952 916 Dominum
2986 879 3080 932 pro
3116 880 3277 918 uxore
3309 880 3428 930 sua,

1851 971 1910 1007 eo
1932 953 2070 1024 quod
2097 961 2225 1007 esset
2248 950 2456 1016 sterilis,
2484 962 2530 1006 et
2563 955 2793 1024 concepit
2831 951 2982 1024 (Gen.
3028 955 3207 1026 xxni).
3237 954 3305 1010 Et
3326 973 3435 1013 non

1851 1045 1923 1101 sit
1966 1045 2118 1101 vobis
2143 1045 2339 1099 mirum
2361 1060 2460 1100 cur
2490 1054 2646 1099 antea
2674 1046 2777 1101 hoc
2808 1060 2915 1101 non
2944 1047 3089 1105 fecit.
3123 1049 3269 1117 quia,
3297 1049 3437 1106 sicut

1853 1153 2007 1194 sacra
2054 1137 2336 1208 Scriptura
2390 1137 2542 1203 dicit,
2594 1138 2648 1192 in
2696 1139 2996 1208 primordio
3039 1141 3438 1210 conjunctionis

1855 1229 2077 1286 masculi
2107 1241 2162 1285 et
2187 1229 2424 1295 feminm,
2462 1230 2599 1285 dixit
2641 1229 2900 1286 Dominus
2926 1233 2992 1287 ad
3021 1233 3185 1286 Evam
3213 1251 3225 1286 :
3255 1234 3334 1287 Ad
3363 1237 3442 1289 vi-

1854 1339 1970 1376 rum
1999 1331 2145 1376 tuum
2171 1323 2268 1376 erit
2299 1323 2565 1377 conversio
2589 1333 2704 1388 tua,
2742 1333 2789 1376 et
2833 1324 2943 1394 ipse
2977 1325 3334 1379 dominabitur
3363 1329 3440 1380 tui

1855 1411 2006 1485 (Gen.
2036 1414 2141 1486 ιιι).
2194 1413 2262 1468 Ει
2308 1429 2432 1468 cum
2473 1413 2585 1483 jam
2629 1424 2814 1470 essent
2846 1415 3084 1470 moribus
3122 1417 3172 1470 in
3201 1416 3441 1488 legitima

1853 1506 2236 1577 conjunctione
2279 1508 2503 1572 maturi,
2552 1518 2606 1562 et
2649 1517 2918 1579 provecta:
2953 1509 3130 1564 anatis
3167 1509 3440 1564 Abraham

1854 1610 1908 1654 et
1936 1599 2095 1667 Sara,
2124 1609 2179 1654 et
2209 1608 2266 1654 ut
2305 1610 2523 1656 sanctus
2558 1599 2755 1655 Petrus
2788 1601 2921 1655 dicit
2949 1615 2962 1654 :
2997 1599 3134 1655 Sara
3173 1601 3441 1656 obediebat

1853 1693 2142 1761 Abraham,
2183 1694 2453 1749 dominum
2493 1711 2611 1748 eum
2653 1711 2838 1748 vocans
2880 1693 2934 1766 (l
2962 1691 3109 1748 Petr.
3138 1695 3255 1766 ιιι),
3307 1695 3444 1750 dixit

1855 1786 2115 1842 Dominus
2140 1787 2208 1842 ad
2234 1787 2529 1851 Abraham,
2561 1787 2704 1856 quod
2732 1795 2891 1840 antea
2929 1801 3028 1840 nec
3057 1785 3178 1856 ipsi,
3216 1801 3317 1842 nec
3337 1785 3445 1841 alio

1855 1879 2065 1934 homini
2118 1878 2348 1950 legimus
2401 1877 2551 1932 illum
2605 1877 2808 1932 dixisse
2838 1896 2850 1930 :
2883 1875 3073 1932 Omnia
3101 1893 3220 1946 qua:
3253 1877 3445 1931 dixerit

184 1979 521 2027 sacrarentur
545 1972 600 2027 in
625 1973 830 2044 regiam
857 1982 1179 2044 potestatem
1205 1989 1220 2029 :
1246 1975 1322 2030 ita
1351 1991 1574 2031 uxorem
1600 1992 1753 2030 suam
1783 1973 1832 2033 B
1859 1972 1949 2026 tibi
1979 1970 2138 2038 Sara,
2177 1973 2302 2026 audi
2330 1989 2502 2027 vocem
2543 1973 2657 2043 ejus
2686 1971 2840 2043 (Cen.
2872 1974 3008 2043 χχι).
3053 1973 3172 2028 1am
3215 1975 3358 2029 enim
3391 1982 3448 2029 et

185 2063 445 2119 dominam
477 2073 725 2120 nostram
769 2065 826 2121 in
868 2067 1089 2122 nomine
1117 2068 1319 2139 regina:
1347 2069 1752 2134 benedicamus,

189 2155 318 2211 sicut
360 2164 466 2212 eta
500 2155 630 2212 sede
663 2157 960 2226 apostolica
1003 2168 1060 2215 et
1085 2174 1116 2213 a
1145 2160 1348 2215 nostris
1380 2160 1755 2216 decessoribus

181 2257 330 2306 antea
357 2249 422 2306 de
447 2249 577 2306 aliis
617 2248 824 2306 factum
869 2252 1252 2322 comperimus.
1279 2253 1348 2307 Et
1378 2261 1438 2307 ut
1470 2269 1575 2309 non
1603 2254 1756 2310 vobis

183 2342 247 2398 sit
264 2342 455 2398 mirum
485 2359 660 2415 quare
695 2344 798 2400 hoc
828 2353 994 2414 petat,
1021 2344 1348 2401 fraternitati
1375 2356 1566 2402 vestra:
1587 2347 1755 2402 ratio-

184 2448 295 2490 nem
323 2433 560 2492 reddere
591 2443 949 2492 maturamus.
977 2435 1242 2492 Videlicet
1269 2437 1416 2507 quia,
1450 2438 1591 2493 sicut
1619 2437 1758 2492 mul-

184 2524 249 2580 tis
283 2532 364 2581 est
403 2525 712 2598 cognitum,
747 2526 890 2581 Deus
919 2527 1262 2598 omnipotens
1289 2543 1384 2584 sua
1411 2530 1584 2600 gratia
1614 2529 1757 2584 istud

182 2629 394 2687 regnum
423 2616 487 2673 in
512 2632 705 2673 manus
748 2631 968 2674 suorum
995 2628 1402 2676 antecessorum
1437 2620 1760 2675 mirabiliter

185 2707 446 2777 adunavit,
497 2709 642 2780 quod
690 2709 792 2781 ipsi
837 2709 1151 2767 decessores
1181 2711 1261 2767 sui
1291 2711 1544 2768 nobiliter
1566 2714 1759 2784 guber-

185 2809 455 2867 naverunt,
504 2811 560 2856 et
602 2815 701 2873 per
747 2804 1122 2860 successiones
1153 2820 1249 2859 sua
1276 2806 1562 2877 progenies
1589 2821 1761 2876 usque

183 2891 245 2946 ad
281 2893 392 2949 hac
432 2903 686 2965 tempora
737 2897 897 2952 rexit.
932 2896 999 2951 Et
1027 2897 1115 2954 isti
1155 2909 1341 2954 nostro
1381 2899 1584 2954 seniori
1614 2901 1759 2956 Deus

185 2980 332 3050 filios,
362 2985 514 3041 sicut
538 2986 690 3041 vobis
719 2997 905 3041 notum
931 2997 1035 3053 est,
1073 2987 1239 3044 dedit.
1265 2989 1322 3043 ln
1347 3005 1578 3060 quorum
1605 2991 1759 3046 nobi-

184 3070 341 3143 litate,
370 3078 438 3134 ad
465 3086 714 3134 sanctam
741 3079 1062 3147 Ecclesiam,
1110 3091 1166 3137 et
1202 3098 1423 3155 regnum
1453 3083 1595 3154 quod
1620 3083 1763 3140 Deus

187 3167 256 3224 illi
279 3171 344 3226 ad
368 3171 672 3243 regendum
701 3173 994 3240 commisit,
1023 3174 1211 3230 fideles
1240 3175 1382 3232 illius
1407 3191 1556 3246 spem
1586 3177 1761 3232 maxi-

185 3275 318 3316 mam
339 3278 398 3318 se
417 3262 627 3320 habere
652 3273 777 3320 sunt
802 3265 1074 3337 gratulati.
1103 3268 1180 3322 De
1199 3268 1394 3337 quibus
1415 3281 1531 3338 ipse
1555 3267 1765 3338 aliquos

1857 2066 2134 2121 Abraham
2168 2066 2450 2136 presbyter
2479 2065 2672 2121 merito
2703 2067 3021 2132 vocabatur,
3050 2076 3104 2121 et
3134 2066 3448 2122 defecerant

1858 2157 2164 2223 muliebria,
2207 2157 2261 2212 id
2304 2167 2388 2213 est
2427 2159 2604 2214 omnis
2649 2159 2975 2227 lascivietas,
3012 2161 3183 2215 Sane.
3216 2161 3286 2216 Et
3316 2170 3446 2216 tunc

1859 2260 2187 2322 acceperunt
2225 2251 2653 2307 benedictionem
2694 2253 2919 2310 seminis
2967 2253 3241 2309 benedicti
3272 2269 3302 2307 a
3327 2242 3443 2308 Do-

1857 2344 2026 2408 mino,
2066 2345 2118 2398 in
2155 2359 2262 2413 quo
2312 2344 2710 2400 benedicuntur
2757 2359 2947 2400 omnes
2997 2355 3204 2416 gentes,
3265 2361 3443 2400 amen.

1858 2423 1954 2491 His
1997 2450 2127 2507 ergo
2171 2435 2292 2490 fulti
2341 2437 2780 2501 auctoritatibus,
2832 2438 2901 2492 ad
2942 2438 3302 2508 dispensanda
3352 2438 3447 2493 Dei

1860 2528 2021 2594 dona,
2057 2528 2150 2598 qui
2177 2528 2244 2583 ab
2275 2528 2367 2583 illo
2394 2528 2630 2584 ministri
2659 2530 2775 2600 ejus
2807 2545 2994 2586 sumus
3019 2531 3086 2586 ad
3117 2531 3220 2586 hoc
3245 2533 3451 2586 consti-

1860 2621 1983 2684 tuti,
2018 2629 2077 2674 ut
2120 2619 2229 2675 Leo
2275 2619 2426 2686 dicit,
2473 2636 2578 2676 non
2614 2621 2874 2677 debemus
2902 2637 3023 2677 esse
3045 2621 3306 2689 difﬁciles,
3349 2640 3450 2680 nec

1862 2710 2183 2764 devotorum
2239 2710 2528 2780 petitiones
2581 2710 2853 2782 negligere
2888 2714 3161 2769 :maxime
3209 2715 3255 2769 si
3305 2715 3453 2785 ipsas

1861 2799 2151 2870 petitiones
2193 2799 2533 2855 evidentibus
2568 2799 2786 2870 judiciis
2817 2817 2884 2856 ex
2915 2803 3010 2858 Dei
3044 2803 3339 2859 viderimus
3369 2805 3453 2859 in-

1863 2892 2160 2964 spiratione
2215 2902 2527 2962 conceptas.
2579 2893 2717 2962 Quia
2759 2895 3450 2967 multiplexmisericordia

1864 2985 1962 3042 Dei
1992 2986 2067 3042 ita
2096 2986 2256 3042 saluti
2295 2987 2544 3042 humanae
2591 2987 2880 3044 subvenire
2930 2990 3188 3057 decrevit,
3231 3001 3290 3045 ut
3314 3008 3453 3062 prae-

1866 3078 2022 3149 cipue
2061 3079 2404 3135 sacerdotum
2430 3074 2920 3150 "supplicationibus
2944 3083 3056 3152 ipsa
3088 3083 3233 3140 salus
3257 3085 3454 3140 debeat

1866 3169 2119 3225 obtineri.
2162 3169 2258 3225 Cui
2291 3171 2464 3240 operi,
2513 3179 2574 3225 ut
2623 3172 2676 3226 in
2727 3173 2900 3229 sacris
2954 3174 3151 3229 litteris
3197 3174 3472 3248 legimus,,

1870 3260 1984 3332 ipse
2025 3260 2275 3318 Salvator
2321 3263 2634 3329 intervenit,
2680 3280 2779 3320 nec
2811 3281 3048 3336 unquam
3079 3269 3148 3323 ab
3178 3268 3264 3325 his
3299 3269 3454 3324 abest

187 3351 286 3408 Deo
304 3352 523 3422 obtulit,
547 3355 790 3411 utetiam
812 3357 878 3412 de
900 3355 1077 3413 fructu
1099 3359 1308 3414 ventris
1328 3358 1412 3415 sui
1431 3337 1756 3416 oblationem
1790 3337 1836 3401 (ἶ
1867 3368 1988 3424 quae
2034 3353 2296 3410 ministris
2348 3355 2462 3411 suis
2513 3357 2856 3426 exsequenda
2903 3359 3175 3414 commisit
3225 3360 3410 3416 dicens
3438 3378 3450 3414 :

188 3443 289 3503 Deo
304 3447 564 3516 offerret;
587 3448 795 3520 aliquos
808 3451 952 3506 Deus
971 3451 1149 3508 adhuc
1170 3461 1332 3508 aetate
1353 3452 1642 3510 immatura
1662 3469 1760 3509 sua

189 3540 348 3609 gratia
369 3541 436 3596 de
460 3541 567 3597 hoc
592 3541 789 3597 saeculo
815 3543 1018 3614 rapuit,
1041 3560 1126 3609 ne,
1152 3552 1212 3600 ut
1232 3545 1490 3615 scriptum
1514 3554 1618 3614 est,
1641 3563 1759 3601 ma-

189 3625 293 3682 litia
312 3639 538 3684 mutaret
567 3631 727 3686 corda
748 3648 928 3687 eorum
950 3632 1103 3705 (Sap.
1126 3632 1233 3703 iv);
1261 3634 1531 3705 aliquibus
1553 3646 1758 3701 autem,

191 3721 322 3790 quod
365 3738 464 3778 vos
511 3737 617 3777 non
664 3722 818 3790 latet,
865 3740 963 3780 suo
1000 3725 1208 3796 judicio
1249 3725 1411 3781 talem
1454 3726 1760 3797 passionem

191 3815 426 3880 permisit
473 3814 772 3888 incurrere,
815 3815 955 3871 sicut
994 3816 1180 3872 fideles
1205 3816 1351 3872 illius
1393 3827 1763 3888 agnoscuntur

193 3893 383 3962 dolere.
435 3887 732 3980 Propterea
760 3909 896 3979 petit
923 3910 1357 3967 benedictionem
1399 3911 1760 3983 episcopalem

193 4014 341 4072 super
375 4016 603 4058 uxorem
645 4018 798 4058 suam
840 4005 1050 4072 venire,
1102 4012 1162 4060 ut
1209 4004 1371 4061 talem
1424 4005 1663 4062 sobolem
1713 4005 1763 4061 ci

192 4089 441 4150 Dominus
472 4095 539 4150 de
561 4092 652 4148 illa
677 4093 930 4166 dignetur
951 4095 1175 4163 donare,
1202 4096 1345 4152 unde
1370 4105 1558 4152 sancta
1585 4095 1768 4152 Eccle-

195 4183 267 4240 sia
308 4185 586 4253 solatium,
629 4194 686 4242 et
723 4201 948 4256 regnum
979 4187 1343 4243 necessariam
1373 4187 1762 4252 defensionem,

192 4285 242 4331 et
288 4278 476 4335 ﬁdeles
529 4277 676 4334 illius
735 4279 1091 4337 desiderabile
1149 4280 1510 4353 adjutorium,
1558 4293 1616 4338 et
1661 4280 1766 4337 ista

193 4367 565 4426 Christianitas
610 4371 938 4443 operabilem
989 4371 1452 4442 tranquillitatem,
1495 4379 1552 4428 et
1591 4371 1764 4444 legem

193 4468 342 4532 atque
383 4463 679 4534 justitiam,
709 4480 834 4520 cum
880 4465 984 4522 illis
1030 4481 1167 4537 quos
1213 4467 1392 4522 adhuc
1439 4465 1622 4532 habet,
1662 4483 1764 4522 an-

194 4564 380 4612 nuente
407 4565 464 4612 et
489 4565 814 4627 cooperante
853 4558 1103 4625 Domino,
1127 4559 1301 4630 possit
1338 4558 1563 4614 habere.
1605 4558 1672 4612 Et
1699 4559 1767 4614 de

195 4643 292 4700 hoc
338 4647 391 4702 in
441 4649 644 4705 sanctis
689 4648 988 4720 Scripturis
1035 4651 1298 4706 habemus
1348 4651 1766 4715 auctoritatem,

194 4737 312 4806 quia
335 4740 477 4795 sicut
501 4740 759 4797 Dominus
784 4743 852 4796 ad
874 4741 1146 4798 Abraham
1169 4743 1304 4798 dixit
1329 4761 1342 4799 :
1368 4743 1437 4798 In
1460 4743 1653 4798 semine
1675 4753 1766 4796 tuo

197 4826 551 4885 benedicentur
586 4849 760 4887 omnes
785 4843 957 4904 gentes
995 4833 1149 4906 (Gen.
1178 4837 1338 4905 χχιι),
1379 4834 1466 4889 cui
1488 4834 1602 4903 jam
1638 4849 1764 4889 cen—

195 4920 394 4979 tenario
417 4923 485 4980 de
514 4925 879 4997 nonagenaria
909 4937 1076 4981 uxore
1102 4925 1251 4982 Isaac
1280 4925 1447 4981 filium
1471 4925 1647 4991 dedit;
1692 4924 1766 4979 ita

437 5979 704 6044 Parum.
755 5981 977 6044 CXXI.

1866 3445 2000 3498 Ecce
2047 3463 2140 3516 ego
2191 3445 2452 3500 vobiscum
2509 3463 2625 3500 sum
2682 3448 2919 3503 omnibus
2979 3449 3160 3504 diebus
3221 3449 3448 3521 (Matth.

1864 3537 2080 3609 xxvm).
2114 3539 2183 3594 Et
2210 3538 2257 3593 si
2285 3538 2415 3608 quid
2440 3554 2537 3609 per
2565 3540 2882 3595 servitutem
2913 3549 3153 3596 nostram
3184 3541 3326 3597 bono
3357 3557 3450 3597 or-

1865 3629 1990 3685 dine
2017 3637 2071 3684 et
2094 3630 2418 3699 gratulando
2466 3630 2753 3700 implcmus
2799 3630 3016 3698 aﬂectu,
3065 3641 3124 3686 ut
3163 3632 3273 3687 Leo
3301 3633 3454 3698 dicit,

1866 3735 1973 3774 non
2021 3719 2362 3792 ambigamus
2397 3735 2495 3790 per
2527 3720 2789 3792 Spiritum
2825 3732 3070 3778 sanctum
3102 3724 3257 3780 nobis
3285 3724 3456 3782 fuisse

1866 3814 2143 3867 donatum.
2195 3811 2262 3867 Et
2299 3813 2442 3879 ideo,
2477 3813 2694 3880 fratres,
2742 3815 2998 3885 quoniam
3033 3817 3106 3871 ita
3136 3827 3240 3882 est,
3275 3826 3331 3872 et
3359 3833 3457 3872 no-

1864 3914 1978 3960 stra
2022 3920 2122 3976 pro
2166 3905 2321 3960 vobis
2363 3905 2695 3963 ministratio
2735 3916 2791 3962 et
2825 3916 3005 3963 vestra
3033 3924 3162 3980 erga
3191 3924 3288 3964 nos
3318 3925 3451 3965 con-

1862 3996 2051 4068 juncta
2075 3995 2306 4060 devotio,
2340 4004 2401 4051 ut
2429 4012 2532 4050 una
2567 3998 2662 4051 fiat
2698 3997 2838 4069 apud
2865 3998 3156 4055 Dominum
3187 3999 3454 4070 supplica-

1869 4091 1962 4155 tio,
1992 4091 2132 4145 sicut
2154 4089 2400 4161 legimus,
2429 4091 2555 4160 quia
2585 4090 2650 4144 ad
2678 4091 2780 4146 hoc
2809 4091 3088 4147 constituti
3123 4100 3248 4146 sunt
3269 4107 3448 4148 sacer-

1868 4181 2041 4247 dotes,
2095 4187 2154 4236 ut
2200 4181 2350 4252 prius
2397 4197 2494 4252 pro
2531 4182 2665 4248 suis,
2711 4182 2906 4240 deinde
2951 4199 3050 4255 pro
3087 4184 3269 4256 populi
3297 4195 3457 4241 orent

1866 4274 2127 4346 peccatis,
2158 4283 2211 4330 et
2233 4276 2408 4330 oratio
2434 4275 2596 4332 fiebat
2623 4277 2742 4333 sine
2772 4277 3172 4334 intermissione
3196 4278 3265 4334 ad
3287 4279 3456 4334 Deum
3556 4329 3557 4332 η

1867 4384 1967 4440 pro
2008 4368 2171 4425 Petro
2200 4369 2336 4442 (Act.
2382 4370 2502 4442 χιι),
2555 4371 2608 4427 id
2637 4380 2720 4427 est
2755 4387 2854 4442 pro
2893 4373 3040 4428 omni
3077 4373 3455 4442 episcoporum

1869 4462 2059 4526 choro,
2112 4463 2395 4518 orantibus
2440 4462 2594 4518 nobis
2643 4478 2740 4532 pro
2779 4463 3053 4518 communi
3104 4455 3310 4526 nostra,
3347 4463 3456 4516 imo

1869 4570 1966 4623 pro
1996 4554 2163 4609 totius
2198 4553 2456 4608 Ecclesia:
2502 4569 2565 4608 ac
2609 4553 2789 4624 populi
2819 4553 3148 4610 necessitate
3180 4562 3341 4622 atque
3367 4569 3460 4608 sa-

1873 4646 2002 4711 lute,
2045 4661 2335 4702 commune
2379 4653 2562 4700 votum
2595 4645 2761 4699 etiam
2791 4653 2969 4700 vestra
3001 4645 3306 4700 communis
3337 4659 3461 4713 pro-

1875 4749 2133 4810 sequatur
2176 4739 2352 4795 oratio
2395 4739 2536 4808 apud
2564 4755 2687 4793 eum
2717 4739 2808 4809 qui
2833 4738 2964 4795 facit
2993 4739 3278 4794 unanimes
3306 4737 3462 4791 habi-

1873 4840 1988 4884 tare
2014 4829 2070 4885 in
2091 4830 2272 4897 domo,
2297 4838 2352 4886 et
2377 4828 2509 4884 vivit
2531 4837 2583 4883 et
2608 4837 2796 4900 regnat
2817 4830 2870 4883 in
2892 4828 3088 4885 saecula
3113 4827 3457 4884 saeculorum.

1871 4923 2061 4979 Amen.
