  <div class='ocr_page' id='page_1' title='image "/cluster/home/n/w/nwhite01/storage/ocr_20150623/121/hvd.32044015471642/397.png"; bbox 0 0 4000 6352; ppageno 0'>
   <div class='ocr_carea' id='block_1_1' title="bbox 446 405 556 464">
    <p class='ocr_par' dir='ltr' id='par_1_1' title="bbox 446 405 556 464">
     <span class='ocr_line' id='line_1_1' title="bbox 446 405 556 464; baseline 0.018 -2"><span class='ocrx_word' id='word_1_1' title='bbox 446 405 556 464; x_wconf 78' lang='lat'><strong>783</strong></span> 
     </span>
    </p>
   </div>
   <div class='ocr_carea' id='block_1_2' title="bbox 1503 405 2633 468">
    <p class='ocr_par' dir='ltr' id='par_1_2' title="bbox 1503 405 2633 468">
     <span class='ocr_line' id='line_1_2' title="bbox 1503 405 2633 468; baseline -0.004 -3"><span class='ocrx_word' id='word_1_2' title='bbox 1503 409 1724 468; x_wconf 84' lang='lat' dir='ltr'><strong>lSONlS</strong></span> <span class='ocrx_word' id='word_1_3' title='bbox 1765 407 2287 466; x_wconf 79' lang='lat' dir='ltr'><strong>SANGALLENSIS</strong></span> <span class='ocrx_word' id='word_1_4' title='bbox 2326 405 2633 463; x_wconf 75' lang='lat' dir='ltr'><strong>MONACHI</strong></span> 
     </span>
    </p>
   </div>
   <div class='ocr_carea' id='block_1_3' title="bbox 3623 399 3752 454">
    <p class='ocr_par' dir='ltr' id='par_1_3' title="bbox 3623 399 3752 454">
     <span class='ocr_line' id='line_1_3' title="bbox 3623 399 3752 454; baseline 0 0"><span class='ocrx_word' id='word_1_5' title='bbox 3623 399 3752 454; x_wconf 72' lang='grc'><strong>784</strong></span> 
     </span>
    </p>
   </div>
   <div class='ocr_carea' id='block_1_4' title="bbox 446 523 3757 598">
    <p class='ocr_par' dir='ltr' id='par_1_4' title="bbox 446 523 3757 598">
     <span class='ocr_line' id='line_1_4' title="bbox 446 523 3757 598; baseline -0.001 -18"><span class='ocrx_word' id='word_1_6' title='bbox 446 525 592 598; x_wconf 91' lang='lat' dir='ltr'><strong>regis</strong></span> <span class='ocrx_word' id='word_1_7' title='bbox 629 523 1116 595; x_wconf 82' lang='lat' dir='ltr'><strong>archicapellanum</strong></span> <span class='ocrx_word' id='word_1_8' title='bbox 1153 523 1220 580; x_wconf 87' lang='lat' dir='ltr'><strong>de</strong></span> <span class='ocrx_word' id='word_1_9' title='bbox 1247 524 1347 578; x_wconf 89' lang='lat' dir='ltr'><strong>hac</strong></span> <span class='ocrx_word' id='word_1_10' title='bbox 1377 539 1435 579; x_wconf 91' lang='lat' dir='ltr'><strong>re</strong></span> <span class='ocrx_word' id='word_1_11' title='bbox 1467 531 1797 580; x_wconf 90' lang='lat' dir='ltr'><strong>tractaturus</strong></span> <span class='ocrx_word' id='word_1_12' title='bbox 1838 538 2029 596; x_wconf 81' lang='lat' dir='ltr'><strong>aggre-</strong></span> <span class='ocrx_word' id='word_1_13' title='bbox 2056 525 2108 586; x_wconf 81' lang='grc' dir='ltr'>Α</span> <span class='ocrx_word' id='word_1_14' title='bbox 2134 525 2338 580; x_wconf 83' lang='lat' dir='ltr'><strong>honore</strong></span> <span class='ocrx_word' id='word_1_15' title='bbox 2362 533 2608 580; x_wconf 89' lang='lat' dir='ltr'><strong>sanctum</strong></span> <span class='ocrx_word' id='word_1_16' title='bbox 2642 523 2818 578; x_wconf 91' lang='lat' dir='ltr'><strong>virum</strong></span> <span class='ocrx_word' id='word_1_17' title='bbox 2848 539 2916 579; x_wconf 80' lang='lat' dir='ltr'><strong>ex</strong></span> <span class='ocrx_word' id='word_1_18' title='bbox 2943 523 3134 578; x_wconf 88' lang='lat' dir='ltr'><strong>eodem</strong></span> <span class='ocrx_word' id='word_1_19' title='bbox 3161 524 3335 579; x_wconf 87' lang='lat' dir='ltr'><strong>oratio</strong></span> <span class='ocrx_word' id='word_1_20' title='bbox 3354 523 3507 593; x_wconf 84' lang='lat' dir='ltr'><strong>jubet</strong></span> <span class='ocrx_word' id='word_1_21' title='bbox 3541 532 3757 579; x_wconf 80' lang='lat' dir='ltr'><strong>trans-</strong></span> 
     </span>
    </p>
   </div>
   <div class='ocr_carea' id='block_1_5' title="bbox 446 614 2027 676">
    <p class='ocr_par' dir='ltr' id='par_1_5' title="bbox 446 614 2027 676">
     <span class='ocr_line' id='line_1_5' title="bbox 446 614 2027 676; baseline -0.004 0"><span class='ocrx_word' id='word_1_22' title='bbox 446 619 610 676; x_wconf 90' lang='lat' dir='ltr'><strong>ditur.</strong></span> <span class='ocrx_word' id='word_1_23' title='bbox 642 615 770 671; x_wconf 87' lang='lat' dir='ltr'><strong>Post</strong></span> <span class='ocrx_word' id='word_1_24' title='bbox 797 616 985 671; x_wconf 88' lang='lat' dir='ltr'><strong>amicae</strong></span> <span class='ocrx_word' id='word_1_25' title='bbox 1010 630 1140 671; x_wconf 90' lang='lat' dir='ltr'><strong>vero</strong></span> <span class='ocrx_word' id='word_1_26' title='bbox 1179 614 1521 671; x_wconf 85' lang='lat' dir='ltr'><strong>salutationis</strong></span> <span class='ocrx_word' id='word_1_27' title='bbox 1549 614 1722 672; x_wconf 86' lang='lat' dir='ltr'><strong>ofIicia</strong></span> <span class='ocrx_word' id='word_1_28' title='bbox 1751 630 1874 670; x_wconf 92' lang='lat' dir='ltr'><strong>cum</strong></span> <span class='ocrx_word' id='word_1_29' title='bbox 1906 631 2027 670; x_wconf 90' lang='lat' dir='ltr'><strong>mu-</strong></span> 
     </span>
    </p>
   </div>
   <div class='ocr_carea' id='block_1_6' title="bbox 445 703 2028 777">
    <p class='ocr_par' dir='ltr' id='par_1_6' title="bbox 445 703 2028 777">
     <span class='ocr_line' id='line_1_6' title="bbox 445 703 2028 777; baseline -0.003 -12"><span class='ocrx_word' id='word_1_30' title='bbox 445 709 554 766; x_wconf 87' lang='lat' dir='ltr'><strong>tuis</strong></span> <span class='ocrx_word' id='word_1_31' title='bbox 573 709 716 766; x_wconf 88' lang='lat' dir='ltr'><strong>inter</strong></span> <span class='ocrx_word' id='word_1_32' title='bbox 728 724 788 764; x_wconf 91' lang='lat' dir='ltr'><strong>se</strong></span> <span class='ocrx_word' id='word_1_33' title='bbox 808 707 1090 777; x_wconf 89' lang='lat' dir='ltr'><strong>colloquiis</strong></span> <span class='ocrx_word' id='word_1_34' title='bbox 1111 707 1234 762; x_wconf 67' lang='lat' dir='ltr'><strong>vitae</strong></span> <span class='ocrx_word' id='word_1_35' title='bbox 1257 703 1402 763; x_wconf 84' lang='lat' dir='ltr'><strong>illius</strong></span> <span class='ocrx_word' id='word_1_36' title='bbox 1425 707 1659 776; x_wconf 81' lang='lat' dir='ltr'><strong>rigorem</strong></span> <span class='ocrx_word' id='word_1_37' title='bbox 1681 721 1746 764; x_wconf 90' lang='lat' dir='ltr'><strong>ac</strong></span> <span class='ocrx_word' id='word_1_38' title='bbox 1765 706 2028 763; x_wconf 86' lang='lat' dir='ltr'><strong>miracula</strong></span> 
     </span>
    </p>
   </div>
   <div class='ocr_carea' id='block_1_7' title="bbox 443 799 2034 872">
    <p class='ocr_par' dir='ltr' id='par_1_7' title="bbox 443 799 2034 872">
     <span class='ocr_line' id='line_1_7' title="bbox 443 799 2034 872; baseline -0.003 -14"><span class='ocrx_word' id='word_1_39' title='bbox 443 801 514 859; x_wconf 90' lang='lat' dir='ltr'><strong>ob</strong></span> <span class='ocrx_word' id='word_1_40' title='bbox 539 801 797 858; x_wconf 89' lang='lat' dir='ltr'><strong>indicium</strong></span> <span class='ocrx_word' id='word_1_41' title='bbox 829 801 1132 857; x_wconf 81' lang='lat' dir='ltr'><strong>sanctitatis</strong></span> <span class='ocrx_word' id='word_1_42' title='bbox 1159 800 1276 871; x_wconf 86' lang='lat' dir='ltr'><strong>ejus</strong></span> <span class='ocrx_word' id='word_1_43' title='bbox 1297 799 1614 872; x_wconf 88' lang='lat' dir='ltr'><strong>frequenter</strong></span> <span class='ocrx_word' id='word_1_44' title='bbox 1639 808 1857 858; x_wconf 88' lang='lat' dir='ltr'><strong>ostensa</strong></span> <span class='ocrx_word' id='word_1_45' title='bbox 1885 815 2034 856; x_wconf 87' lang='lat' dir='ltr'><strong>com-</strong></span> 
     </span>
    </p>
   </div>
   <div class='ocr_carea' id='block_1_8' title="bbox 443 892 2029 966">
    <p class='ocr_par' dir='ltr' id='par_1_8' title="bbox 443 892 2029 966">
     <span class='ocr_line' id='line_1_8' title="bbox 443 892 2029 966; baseline -0.004 -15"><span class='ocrx_word' id='word_1_46' title='bbox 443 905 828 963; x_wconf 89' lang='lat' dir='ltr'><strong>memorarent,</strong></span> <span class='ocrx_word' id='word_1_47' title='bbox 860 896 1156 952; x_wconf 87' lang='lat' dir='ltr'><strong>monachos</strong></span> <span class='ocrx_word' id='word_1_48' title='bbox 1195 894 1441 966; x_wconf 87' lang='lat' dir='ltr'><strong>ejusdem</strong></span> <span class='ocrx_word' id='word_1_49' title='bbox 1487 893 1722 950; x_wconf 71' lang='lat' dir='ltr'><strong>emnobii</strong></span> <span class='ocrx_word' id='word_1_50' title='bbox 1760 893 1813 948; x_wconf 91' lang='lat' dir='ltr'><strong>in</strong></span> <span class='ocrx_word' id='word_1_51' title='bbox 1862 892 2029 946; x_wconf 82' lang='lat' dir='ltr'><strong>unum</strong></span> 
     </span>
    </p>
   </div>
   <div class='ocr_carea' id='block_1_9' title="bbox 439 983 2029 1058">
    <p class='ocr_par' dir='ltr' id='par_1_9' title="bbox 439 983 2029 1058">
     <span class='ocr_line' id='line_1_9' title="bbox 439 983 2029 1058; baseline -0.004 -14"><span class='ocrx_word' id='word_1_52' title='bbox 439 986 733 1044; x_wconf 90' lang='lat' dir='ltr'><strong>convenire</strong></span> <span class='ocrx_word' id='word_1_53' title='bbox 755 986 1077 1058; x_wconf 85' lang='lat' dir='ltr'><strong>praecipiunt</strong></span> <span class='ocrx_word' id='word_1_54' title='bbox 1109 1001 1124 1042; x_wconf 92' lang='lat'><strong>:</strong></span> <span class='ocrx_word' id='word_1_55' title='bbox 1158 984 1427 1056; x_wconf 90' lang='lat' dir='ltr'><strong>simulque</strong></span> <span class='ocrx_word' id='word_1_56' title='bbox 1453 999 1578 1040; x_wconf 91' lang='lat' dir='ltr'><strong>cum</strong></span> <span class='ocrx_word' id='word_1_57' title='bbox 1604 984 1692 1040; x_wconf 82' lang='lat' dir='ltr'><strong>eis&#39;</strong></span> <span class='ocrx_word' id='word_1_58' title='bbox 1707 983 2029 1047; x_wconf 87' lang='lat' dir='ltr'><strong>residentes,</strong></span> 
     </span>
    </p>
   </div>
   <div class='ocr_carea' id='block_1_10' title="bbox 441 1073 2027 1147">
    <p class='ocr_par' dir='ltr' id='par_1_10' title="bbox 441 1073 2027 1147">
     <span class='ocr_line' id='line_1_10' title="bbox 441 1073 2027 1147; baseline -0.004 -15"><span class='ocrx_word' id='word_1_59' title='bbox 441 1085 689 1133; x_wconf 88' lang='lat' dir='ltr'><strong>sanctum</strong></span> <span class='ocrx_word' id='word_1_60' title='bbox 719 1090 917 1147; x_wconf 90' lang='lat' dir='ltr'><strong>corpus</strong></span> <span class='ocrx_word' id='word_1_61' title='bbox 952 1076 1018 1131; x_wconf 87' lang='lat' dir='ltr'><strong>de</strong></span> <span class='ocrx_word' id='word_1_62' title='bbox 1048 1075 1287 1140; x_wconf 90' lang='lat' dir='ltr'><strong>tumulo,</strong></span> <span class='ocrx_word' id='word_1_63' title='bbox 1314 1076 1367 1130; x_wconf 94' lang='lat' dir='ltr'><strong>in</strong></span> <span class='ocrx_word' id='word_1_64' title='bbox 1400 1091 1507 1145; x_wconf 90' lang='lat' dir='ltr'><strong>quo</strong></span> <span class='ocrx_word' id='word_1_65' title='bbox 1548 1081 1770 1129; x_wconf 89' lang='lat' dir='ltr'><strong>catenus</strong></span> <span class='ocrx_word' id='word_1_66' title='bbox 1795 1073 2027 1144; x_wconf 87' lang='lat' dir='ltr'><strong>jacebat,</strong></span> 
     </span>
    </p>
   </div>
   <div class='ocr_carea' id='block_1_11' title="bbox 438 1163 2029 1237">
    <p class='ocr_par' dir='ltr' id='par_1_11' title="bbox 438 1163 2029 1237">
     <span class='ocr_line' id='line_1_11' title="bbox 438 1163 2029 1237; baseline -0.004 -14"><span class='ocrx_word' id='word_1_67' title='bbox 438 1167 792 1224; x_wconf 83' lang='lat' dir='ltr'><strong>auferendum</strong></span> <span class='ocrx_word' id='word_1_68' title='bbox 819 1175 982 1237; x_wconf 89' lang='lat' dir='ltr'><strong>atque</strong></span> <span class='ocrx_word' id='word_1_69' title='bbox 1017 1166 1072 1222; x_wconf 90' lang='lat' dir='ltr'><strong>in</strong></span> <span class='ocrx_word' id='word_1_70' title='bbox 1113 1166 1288 1222; x_wconf 88' lang='lat' dir='ltr'><strong>sancti</strong></span> <span class='ocrx_word' id='word_1_71' title='bbox 1315 1165 1452 1222; x_wconf 90' lang='lat' dir='ltr'><strong>Galli</strong></span> <span class='ocrx_word' id='word_1_72' title='bbox 1486 1164 1713 1220; x_wconf 87' lang='lat' dir='ltr'><strong>ecclesia</strong></span> <span class='ocrx_word' id='word_1_73' title='bbox 1757 1163 2029 1219; x_wconf 88' lang='lat' dir='ltr'><strong>collocau-</strong></span> 
     </span>
    </p>
   </div>
   <div class='ocr_carea' id='block_1_12' title="bbox 439 1254 2033 1331">
    <p class='ocr_par' dir='ltr' id='par_1_12' title="bbox 439 1254 2033 1331">
     <span class='ocr_line' id='line_1_12' title="bbox 439 1254 2033 1331; baseline -0.006 -15"><span class='ocrx_word' id='word_1_74' title='bbox 439 1260 568 1316; x_wconf 92' lang='lat' dir='ltr'><strong>dum</strong></span> <span class='ocrx_word' id='word_1_75' title='bbox 597 1259 716 1331; x_wconf 90' lang='lat' dir='ltr'><strong>pari</strong></span> <span class='ocrx_word' id='word_1_76' title='bbox 763 1267 888 1315; x_wconf 91' lang='lat' dir='ltr'><strong>voto</strong></span> <span class='ocrx_word' id='word_1_77' title='bbox 919 1273 984 1314; x_wconf 90' lang='lat' dir='ltr'><strong>ac</strong></span> <span class='ocrx_word' id='word_1_78' title='bbox 1025 1257 1300 1315; x_wconf 91' lang='lat' dir='ltr'><strong>communi</strong></span> <span class='ocrx_word' id='word_1_79' title='bbox 1341 1255 1566 1313; x_wconf 91' lang='lat' dir='ltr'><strong>consilio</strong></span> <span class='ocrx_word' id='word_1_80' title='bbox 1610 1269 1802 1311; x_wconf 91' lang='lat' dir='ltr'><strong>omnes</strong></span> <span class='ocrx_word' id='word_1_81' title='bbox 1842 1254 2033 1308; x_wconf 89' lang='lat' dir='ltr'><strong>unani-</strong></span> 
     </span>
    </p>
   </div>
   <div class='ocr_carea' id='block_1_13' title="bbox 439 1346 2030 1414">
    <p class='ocr_par' dir='ltr' id='par_1_13' title="bbox 439 1346 2030 1414">
     <span class='ocr_line' id='line_1_13' title="bbox 439 1346 2030 1414; baseline -0.005 -4"><span class='ocrx_word' id='word_1_82' title='bbox 439 1353 600 1410; x_wconf 90' lang='lat' dir='ltr'><strong>miter</strong></span> <span class='ocrx_word' id='word_1_83' title='bbox 624 1354 942 1409; x_wconf 91' lang='lat' dir='ltr'><strong>decernunt.</strong></span> <span class='ocrx_word' id='word_1_84' title='bbox 963 1350 1304 1408; x_wconf 80' lang='lat' dir='ltr'><strong>Venerabilis</strong></span> <span class='ocrx_word' id='word_1_85' title='bbox 1325 1350 1490 1405; x_wconf 89' lang='lat' dir='ltr'><strong>etiam</strong></span> <span class='ocrx_word' id='word_1_86' title='bbox 1517 1349 1684 1408; x_wconf 87' lang='lat' dir='ltr'><strong>abbas</strong></span> <span class='ocrx_word' id='word_1_87' title='bbox 1698 1346 2030 1414; x_wconf 87' lang='lat' dir='ltr'><strong>Grimaldus,</strong></span> 
     </span>
    </p>
   </div>
   <div class='ocr_carea' id='block_1_14' title="bbox 438 1440 2032 1518">
    <p class='ocr_par' dir='ltr' id='par_1_14' title="bbox 438 1440 2032 1518">
     <span class='ocr_line' id='line_1_14' title="bbox 438 1440 2032 1518; baseline -0.004 -17"><span class='ocrx_word' id='word_1_88' title='bbox 438 1447 802 1518; x_wconf 87' lang='lat' dir='ltr'><strong>quorumdam</strong></span> <span class='ocrx_word' id='word_1_89' title='bbox 834 1445 1045 1502; x_wconf 90' lang='lat' dir='ltr'><strong>animos</strong></span> <span class='ocrx_word' id='word_1_90' title='bbox 1072 1453 1218 1500; x_wconf 90' lang='lat' dir='ltr'><strong>metu</strong></span> <span class='ocrx_word' id='word_1_91' title='bbox 1249 1459 1312 1499; x_wconf 89' lang='lat' dir='ltr'><strong>ac</strong></span> <span class='ocrx_word' id='word_1_92' title='bbox 1343 1442 1631 1498; x_wconf 89' lang='lat' dir='ltr'><strong>formidine</strong></span> <span class='ocrx_word' id='word_1_93' title='bbox 1654 1440 1894 1496; x_wconf 90' lang='lat' dir='ltr'><strong>sentiens</strong></span> <span class='ocrx_word' id='word_1_94' title='bbox 1911 1454 2032 1495; x_wconf 89' lang='lat' dir='ltr'><strong>esse</strong></span> 
     </span>
    </p>
   </div>
   <div class='ocr_carea' id='block_1_15' title="bbox 435 1531 2031 1609">
    <p class='ocr_par' dir='ltr' id='par_1_15' title="bbox 435 1531 2031 1609">
     <span class='ocr_line' id='line_1_15' title="bbox 435 1531 2031 1609; baseline -0.006 -16"><span class='ocrx_word' id='word_1_95' title='bbox 435 1547 734 1609; x_wconf 85' lang='lat' dir='ltr'><strong>permotos,</strong></span> <span class='ocrx_word' id='word_1_96' title='bbox 758 1537 1118 1595; x_wconf 86' lang='lat' dir='ltr'><strong>confidentior</strong></span> <span class='ocrx_word' id='word_1_97' title='bbox 1139 1534 1350 1591; x_wconf 66' lang='lat' dir='ltr'><strong>caeteris</strong></span> <span class='ocrx_word' id='word_1_98' title='bbox 1368 1533 1613 1599; x_wconf 79' lang='lat' dir='ltr'><strong>effectus,</strong></span> <span class='ocrx_word' id='word_1_99' title='bbox 1635 1531 2031 1586; x_wconf 79' lang='lat' dir='ltr'><strong>infirmantium</strong></span> 
     </span>
    </p>
   </div>
   <div class='ocr_carea' id='block_1_16' title="bbox 436 1620 2032 1696">
    <p class='ocr_par' dir='ltr' id='par_1_16' title="bbox 436 1620 2032 1696">
     <span class='ocr_line' id='line_1_16' title="bbox 436 1620 2032 1696; baseline -0.006 -11"><span class='ocrx_word' id='word_1_100' title='bbox 436 1639 650 1686; x_wconf 88' lang='lat' dir='ltr'><strong>mentes</strong></span> <span class='ocrx_word' id='word_1_101' title='bbox 688 1629 1019 1686; x_wconf 90' lang='lat' dir='ltr'><strong>consolando</strong></span> <span class='ocrx_word' id='word_1_102' title='bbox 1051 1629 1295 1690; x_wconf 86' lang='lat' dir='ltr'><strong>roborat,</strong></span> <span class='ocrx_word' id='word_1_103' title='bbox 1347 1635 1403 1682; x_wconf 92' lang='lat' dir='ltr'><strong>et</strong></span> <span class='ocrx_word' id='word_1_104' title='bbox 1446 1633 1688 1696; x_wconf 67' lang='lat' dir='ltr'><strong>paternae</strong></span> <span class='ocrx_word' id='word_1_105' title='bbox 1729 1620 2032 1678; x_wconf 83' lang='lat' dir='ltr'><strong>affectionis</strong></span> 
     </span>
    </p>
   </div>
   <div class='ocr_carea' id='block_1_17' title="bbox 437 1713 2033 1793">
    <p class='ocr_par' dir='ltr' id='par_1_17' title="bbox 437 1713 2033 1793">
     <span class='ocr_line' id='line_1_17' title="bbox 437 1713 2033 1793; baseline -0.007 -14"><span class='ocrx_word' id='word_1_106' title='bbox 437 1722 619 1780; x_wconf 89' lang='lat' dir='ltr'><strong>studio</strong></span> <span class='ocrx_word' id='word_1_107' title='bbox 650 1721 1037 1793; x_wconf 79' lang='lat' dir='ltr'><strong>trepidantium</strong></span> <span class='ocrx_word' id='word_1_108' title='bbox 1060 1720 1224 1778; x_wconf 86' lang='lat' dir='ltr'><strong>corda</strong></span> <span class='ocrx_word' id='word_1_109' title='bbox 1247 1718 1524 1784; x_wconf 81' lang='lat' dir='ltr'><strong>informat,</strong></span> <span class='ocrx_word' id='word_1_110' title='bbox 1559 1725 1810 1772; x_wconf 89' lang='lat' dir='ltr'><strong>astruens</strong></span> <span class='ocrx_word' id='word_1_111' title='bbox 1848 1731 1916 1770; x_wconf 84' lang='lat' dir='ltr'><strong>ex</strong></span> <span class='ocrx_word' id='word_1_112' title='bbox 1951 1713 2033 1768; x_wconf 92' lang='lat' dir='ltr'><strong>di-</strong></span> 
     </span>
    </p>
   </div>
   <div class='ocr_carea' id='block_1_18' title="bbox 434 1807 2029 1882">
    <p class='ocr_par' dir='ltr' id='par_1_18' title="bbox 434 1807 2029 1882">
     <span class='ocr_line' id='line_1_18' title="bbox 434 1807 2029 1882; baseline -0.004 -16"><span class='ocrx_word' id='word_1_113' title='bbox 434 1813 578 1870; x_wconf 70' lang='lat' dir='ltr'><strong>vinae</strong></span> <span class='ocrx_word' id='word_1_114' title='bbox 610 1813 905 1870; x_wconf 80' lang='lat' dir='ltr'><strong>voluntatis</strong></span> <span class='ocrx_word' id='word_1_115' title='bbox 952 1811 1308 1882; x_wconf 88' lang='lat' dir='ltr'><strong>dispositione</strong></span> <span class='ocrx_word' id='word_1_116' title='bbox 1357 1808 1687 1880; x_wconf 87' lang='lat' dir='ltr'><strong>procedere,</strong></span> <span class='ocrx_word' id='word_1_117' title='bbox 1733 1807 1874 1878; x_wconf 92' lang='lat' dir='ltr'><strong>quod</strong></span> <span class='ocrx_word' id='word_1_118' title='bbox 1917 1814 2029 1861; x_wconf 87' lang='lat' dir='ltr'><strong>tam</strong></span> 
     </span>
    </p>
   </div>
   <div class='ocr_carea' id='block_1_19' title="bbox 2139 613 3757 686">
    <p class='ocr_par' dir='ltr' id='par_1_19' title="bbox 2139 613 3757 686">
     <span class='ocr_line' id='line_1_19' title="bbox 2139 613 3757 686; baseline -0.002 -16"><span class='ocrx_word' id='word_1_119' title='bbox 2139 615 2286 671; x_wconf 89' lang='lat' dir='ltr'><strong>ferri.</strong></span> <span class='ocrx_word' id='word_1_120' title='bbox 2304 615 2456 671; x_wconf 90' lang='lat' dir='ltr'><strong>Tunc</strong></span> <span class='ocrx_word' id='word_1_121' title='bbox 2485 629 2614 671; x_wconf 92' lang='lat' dir='ltr'><strong>vero</strong></span> <span class='ocrx_word' id='word_1_122' title='bbox 2634 615 2811 671; x_wconf 89' lang='lat' dir='ltr'><strong>omnis</strong></span> <span class='ocrx_word' id='word_1_123' title='bbox 2842 615 2932 670; x_wconf 85' lang='lat' dir='ltr'><strong>illa</strong></span> <span class='ocrx_word' id='word_1_124' title='bbox 2958 615 3345 672; x_wconf 89' lang='lat' dir='ltr'><strong>monachorum</strong></span> <span class='ocrx_word' id='word_1_125' title='bbox 3367 613 3757 686; x_wconf 65' lang='lat' dir='ltr'><strong>congregatio</strong></span> 
     </span>
    </p>
   </div>
   <div class='ocr_carea' id='block_1_20' title="bbox 2133 707 3757 774">
    <p class='ocr_par' dir='ltr' id='par_1_20' title="bbox 2133 707 3757 774">
     <span class='ocr_line' id='line_1_20' title="bbox 2133 707 3757 774; baseline 0.001 -12"><span class='ocrx_word' id='word_1_126' title='bbox 2133 707 2269 763; x_wconf 91' lang='lat' dir='ltr'><strong>albis</strong></span> <span class='ocrx_word' id='word_1_127' title='bbox 2312 708 2568 763; x_wconf 91' lang='lat' dir='ltr'><strong>continuo</strong></span> <span class='ocrx_word' id='word_1_128' title='bbox 2612 708 2856 764; x_wconf 86' lang='lat' dir='ltr'><strong>vestibus</strong></span> <span class='ocrx_word' id='word_1_129' title='bbox 2910 708 3118 774; x_wconf 88' lang='lat' dir='ltr'><strong>induta,</strong></span> <span class='ocrx_word' id='word_1_130' title='bbox 3163 707 3306 763; x_wconf 94' lang='lat' dir='ltr'><strong>dulci</strong></span> <span class='ocrx_word' id='word_1_131' title='bbox 3352 709 3757 765; x_wconf 88' lang='lat' dir='ltr'><strong>modulatione</strong></span> 
     </span>
    </p>
   </div>
   <div class='ocr_carea' id='block_1_21' title="bbox 2133 798 3752 870">
    <p class='ocr_par' dir='ltr' id='par_1_21' title="bbox 2133 798 3752 870">
     <span class='ocr_line' id='line_1_21' title="bbox 2133 798 3752 870; baseline -0.001 -16"><span class='ocrx_word' id='word_1_132' title='bbox 2133 798 2188 854; x_wconf 92' lang='lat' dir='ltr'><strong>in</strong></span> <span class='ocrx_word' id='word_1_133' title='bbox 2217 798 2314 856; x_wconf 90' lang='lat' dir='ltr'><strong>Dei</strong></span> <span class='ocrx_word' id='word_1_134' title='bbox 2341 799 2589 855; x_wconf 91' lang='lat' dir='ltr'><strong>laudibus</strong></span> <span class='ocrx_word' id='word_1_135' title='bbox 2631 814 3008 870; x_wconf 89' lang='lat' dir='ltr'><strong>prorumpens,</strong></span> <span class='ocrx_word' id='word_1_136' title='bbox 3039 798 3184 854; x_wconf 90' lang='lat' dir='ltr'><strong>beati</strong></span> <span class='ocrx_word' id='word_1_137' title='bbox 3213 799 3314 853; x_wconf 90' lang='lat' dir='ltr'><strong>viri</strong></span> <span class='ocrx_word' id='word_1_138' title='bbox 3343 814 3537 870; x_wconf 86' lang='lat' dir='ltr'><strong>corpus</strong></span> <span class='ocrx_word' id='word_1_139' title='bbox 3564 799 3752 855; x_wconf 62' lang='lat' dir='ltr'><strong>leta-</strong></span> 
     </span>
    </p>
   </div>
   <div class='ocr_carea' id='block_1_22' title="bbox 2133 889 3752 962">
    <p class='ocr_par' dir='ltr' id='par_1_22' title="bbox 2133 889 3752 962">
     <span class='ocr_line' id='line_1_22' title="bbox 2133 889 3752 962; baseline -0.001 -16"><span class='ocrx_word' id='word_1_140' title='bbox 2133 891 2312 947; x_wconf 89' lang='lat' dir='ltr'><strong>bunda</strong></span> <span class='ocrx_word' id='word_1_141' title='bbox 2351 892 2715 962; x_wconf 89' lang='lat' dir='ltr'><strong>prosequitur.</strong></span> <span class='ocrx_word' id='word_1_142' title='bbox 2750 889 2951 961; x_wconf 92' lang='lat' dir='ltr'><strong>Sicque</strong></span> <span class='ocrx_word' id='word_1_143' title='bbox 2991 905 3088 962; x_wconf 90' lang='lat' dir='ltr'><strong>per</strong></span> <span class='ocrx_word' id='word_1_144' title='bbox 3129 903 3426 946; x_wconf 72' lang='lat' dir='ltr'><strong>numerosa:</strong></span> <span class='ocrx_word' id='word_1_145' title='bbox 3464 890 3752 946; x_wconf 86' lang='lat' dir='ltr'><strong>multitu-</strong></span> 
     </span>
    </p>
   </div>
   <div class='ocr_carea' id='block_1_23' title="bbox 2135 967 3757 1054">
    <p class='ocr_par' dir='ltr' id='par_1_23' title="bbox 2135 967 3757 1054">
     <span class='ocr_line' id='line_1_23' title="bbox 2135 967 3757 1054; baseline 0.001 -17"><span class='ocrx_word' id='word_1_146' title='bbox 2135 981 2277 1039; x_wconf 89' lang='lat' dir='ltr'><strong>dinis</strong></span> <span class='ocrx_word' id='word_1_147' title='bbox 2305 982 2530 1054; x_wconf 92' lang='lat' dir='ltr'><strong>populos</strong></span> <span class='ocrx_word' id='word_1_148' title='bbox 2558 998 2694 1053; x_wconf 91' lang='lat' dir='ltr'><strong>quos</strong></span> <span class='ocrx_word' id='word_1_149' title='bbox 2724 997 2879 1038; x_wconf 90' lang='lat' dir='ltr'><strong>amor</strong></span> <span class='ocrx_word' id='word_1_150' title='bbox 2927 981 3298 1037; x_wconf 91' lang='lat' dir='ltr'><strong>translationis</strong></span> <span class='ocrx_word' id='word_1_151' title='bbox 3331 982 3442 1052; x_wconf 91' lang='lat' dir='ltr'><strong>ejus</strong></span> <span class='ocrx_word' id='word_1_152' title='bbox 3459 967 3757 1038; x_wconf 73' lang='lat' dir='ltr'><strong>attraxe-</strong></span> 
     </span>
    </p>
   </div>
   <div class='ocr_carea' id='block_1_24' title="bbox 2135 1075 3755 1150">
    <p class='ocr_par' dir='ltr' id='par_1_24' title="bbox 2135 1075 3755 1150">
     <span class='ocr_line' id='line_1_24' title="bbox 2135 1075 3755 1150; baseline -0.002 -18"><span class='ocrx_word' id='word_1_153' title='bbox 2135 1086 2240 1144; x_wconf 86' lang='lat' dir='ltr'><strong>rat,</strong></span> <span class='ocrx_word' id='word_1_154' title='bbox 2272 1092 2467 1150; x_wconf 89' lang='lat' dir='ltr'><strong>magno</strong></span> <span class='ocrx_word' id='word_1_155' title='bbox 2493 1092 2616 1132; x_wconf 87' lang='lat' dir='ltr'><strong>cum</strong></span> <span class='ocrx_word' id='word_1_156' title='bbox 2656 1079 2861 1133; x_wconf 89' lang='lat' dir='ltr'><strong>honore</strong></span> <span class='ocrx_word' id='word_1_157' title='bbox 2889 1076 3152 1132; x_wconf 90' lang='lat' dir='ltr'><strong>deductus</strong></span> <span class='ocrx_word' id='word_1_158' title='bbox 3178 1075 3458 1132; x_wconf 86' lang='lat' dir='ltr'><strong>ecclesiam</strong></span> <span class='ocrx_word' id='word_1_159' title='bbox 3488 1075 3548 1132; x_wconf 92' lang='lat' dir='ltr'><strong>S.</strong></span> <span class='ocrx_word' id='word_1_160' title='bbox 3576 1075 3755 1132; x_wconf 83' lang='lat' dir='ltr'><strong>Galli</strong></span> 
     </span>
    </p>
   </div>
   <div class='ocr_carea' id='block_1_25' title="bbox 2135 1167 3752 1241">
    <p class='ocr_par' dir='ltr' id='par_1_25' title="bbox 2135 1167 3752 1241">
     <span class='ocr_line' id='line_1_25' title="bbox 2135 1167 3752 1241; baseline 0 -18"><span class='ocrx_word' id='word_1_161' title='bbox 2135 1169 2451 1241; x_wconf 72' lang='lat' dir='ltr'><strong>ingreditur,</strong></span> <span class='ocrx_word' id='word_1_162' title='bbox 2491 1185 2556 1225; x_wconf 88' lang='lat' dir='ltr'><strong>ac</strong></span> <span class='ocrx_word' id='word_1_163' title='bbox 2574 1169 2730 1240; x_wconf 79' lang='lat' dir='ltr'><strong>juxta</strong></span> <span class='ocrx_word' id='word_1_164' title='bbox 2760 1169 2877 1241; x_wconf 89' lang='lat' dir='ltr'><strong>ejus</strong></span> <span class='ocrx_word' id='word_1_165' title='bbox 2905 1168 3074 1224; x_wconf 90' lang='lat' dir='ltr'><strong>altare</strong></span> <span class='ocrx_word' id='word_1_166' title='bbox 3107 1168 3161 1222; x_wconf 92' lang='lat' dir='ltr'><strong>in</strong></span> <span class='ocrx_word' id='word_1_167' title='bbox 3192 1167 3411 1224; x_wconf 81' lang='lat' dir='ltr'><strong>dextera</strong></span> <span class='ocrx_word' id='word_1_168' title='bbox 3437 1179 3593 1238; x_wconf 90' lang='lat' dir='ltr'><strong>parte</strong></span> <span class='ocrx_word' id='word_1_169' title='bbox 3625 1169 3752 1223; x_wconf 82' lang='lat' dir='ltr'><strong>de-</strong></span> 
     </span>
    </p>
   </div>
   <div class='ocr_carea' id='block_1_26' title="bbox 2135 1257 3750 1332">
    <p class='ocr_par' dir='ltr' id='par_1_26' title="bbox 2135 1257 3750 1332">
     <span class='ocr_line' id='line_1_26' title="bbox 2135 1257 3750 1332; baseline -0.001 -17"><span class='ocrx_word' id='word_1_170' title='bbox 2135 1261 2372 1332; x_wconf 89' lang='lat' dir='ltr'><strong>ponitur.</strong></span> <span class='ocrx_word' id='word_1_171' title='bbox 2413 1259 2712 1331; x_wconf 89' lang='lat' dir='ltr'><strong>Episcopus</strong></span> <span class='ocrx_word' id='word_1_172' title='bbox 2755 1268 2935 1314; x_wconf 89' lang='lat' dir='ltr'><strong>autem</strong></span> <span class='ocrx_word' id='word_1_173' title='bbox 2979 1259 3415 1315; x_wconf 87' lang='lat' dir='ltr'><strong>animadvertens</strong></span> <span class='ocrx_word' id='word_1_174' title='bbox 3459 1257 3750 1328; x_wconf 78' lang='lat' dir='ltr'><strong>frequen-</strong></span> 
     </span>
    </p>
   </div>
   <div class='ocr_carea' id='block_1_27' title="bbox 2135 1349 3752 1423">
    <p class='ocr_par' dir='ltr' id='par_1_27' title="bbox 2135 1349 3752 1423">
     <span class='ocr_line' id='line_1_27' title="bbox 2135 1349 3752 1423; baseline -0.002 -16"><span class='ocrx_word' id='word_1_175' title='bbox 2135 1352 2266 1407; x_wconf 91' lang='lat' dir='ltr'><strong>tiam</strong></span> <span class='ocrx_word' id='word_1_176' title='bbox 2298 1351 2640 1423; x_wconf 82' lang='lat' dir='ltr'><strong>pepulorum,</strong></span> <span class='ocrx_word' id='word_1_177' title='bbox 2674 1350 2764 1421; x_wconf 87' lang='lat' dir='ltr'><strong>qui</strong></span> <span class='ocrx_word' id='word_1_178' title='bbox 2797 1349 3024 1405; x_wconf 79' lang='lat' dir='ltr'><strong>diversis</strong></span> <span class='ocrx_word' id='word_1_179' title='bbox 3050 1366 3118 1404; x_wconf 83' lang='lat' dir='ltr'><strong>ex</strong></span> <span class='ocrx_word' id='word_1_180' title='bbox 3143 1349 3387 1420; x_wconf 90' lang='lat' dir='ltr'><strong>partibus</strong></span> <span class='ocrx_word' id='word_1_181' title='bbox 3412 1349 3500 1403; x_wconf 92' lang='lat' dir='ltr'><strong>illo</strong></span> <span class='ocrx_word' id='word_1_182' title='bbox 3521 1364 3752 1404; x_wconf 80' lang='lat' dir='ltr'><strong>conve-</strong></span> 
     </span>
    </p>
   </div>
   <div class='ocr_carea' id='block_1_28' title="bbox 2135 1440 3745 1511">
    <p class='ocr_par' dir='ltr' id='par_1_28' title="bbox 2135 1440 3745 1511">
     <span class='ocr_line' id='line_1_28' title="bbox 2135 1440 3745 1511; baseline -0.002 -13"><span class='ocrx_word' id='word_1_183' title='bbox 2135 1451 2348 1509; x_wconf 89' lang='lat' dir='ltr'><strong>nerant,</strong></span> <span class='ocrx_word' id='word_1_184' title='bbox 2383 1442 2586 1511; x_wconf 91' lang='lat' dir='ltr'><strong>aliquid</strong></span> <span class='ocrx_word' id='word_1_185' title='bbox 2627 1443 2694 1497; x_wconf 91' lang='lat' dir='ltr'><strong>de</strong></span> <span class='ocrx_word' id='word_1_186' title='bbox 2723 1442 3011 1497; x_wconf 88' lang='lat' dir='ltr'><strong>sanctitate</strong></span> <span class='ocrx_word' id='word_1_187' title='bbox 3039 1441 3155 1510; x_wconf 86' lang='lat' dir='ltr'><strong>ejus</strong></span> <span class='ocrx_word' id='word_1_188' title='bbox 3183 1440 3320 1496; x_wconf 88' lang='lat' dir='ltr'><strong>velle</strong></span> <span class='ocrx_word' id='word_1_189' title='bbox 3353 1441 3563 1506; x_wconf 88' lang='lat' dir='ltr'><strong>audire,</strong></span> <span class='ocrx_word' id='word_1_190' title='bbox 3594 1456 3745 1496; x_wconf 88' lang='lat' dir='ltr'><strong>eum</strong></span> 
     </span>
    </p>
   </div>
   <div class='ocr_carea' id='block_1_29' title="bbox 2132 1532 3750 1607">
    <p class='ocr_par' dir='ltr' id='par_1_29' title="bbox 2132 1532 3750 1607">
     <span class='ocr_line' id='line_1_29' title="bbox 2132 1532 3750 1607; baseline -0.002 -17"><span class='ocrx_word' id='word_1_191' title='bbox 2132 1545 2355 1607; x_wconf 90' lang='lat' dir='ltr'><strong>propter</strong></span> <span class='ocrx_word' id='word_1_192' title='bbox 2413 1534 2632 1605; x_wconf 81' lang='lat' dir='ltr'><strong>frigoris</strong></span> <span class='ocrx_word' id='word_1_193' title='bbox 2682 1533 3086 1606; x_wconf 87' lang='lat' dir='ltr'><strong>subreptionem</strong></span> <span class='ocrx_word' id='word_1_194' title='bbox 3141 1532 3375 1588; x_wconf 85' lang='lat' dir='ltr'><strong>faucium</strong></span> <span class='ocrx_word' id='word_1_195' title='bbox 3431 1533 3750 1589; x_wconf 86' lang='lat' dir='ltr'><strong>raucedine</strong></span> 
     </span>
    </p>
   </div>
   <div class='ocr_carea' id='block_1_30' title="bbox 2135 1625 3747 1698">
    <p class='ocr_par' dir='ltr' id='par_1_30' title="bbox 2135 1625 3747 1698">
     <span class='ocr_line' id='line_1_30' title="bbox 2135 1625 3747 1698; baseline 0 -18"><span class='ocrx_word' id='word_1_196' title='bbox 2135 1626 2422 1698; x_wconf 88' lang='lat' dir='ltr'><strong>impeditus</strong></span> <span class='ocrx_word' id='word_1_197' title='bbox 2455 1627 2569 1697; x_wconf 90' lang='lat' dir='ltr'><strong>ipse</strong></span> <span class='ocrx_word' id='word_1_198' title='bbox 2598 1626 2666 1681; x_wconf 93' lang='lat' dir='ltr'><strong>ad</strong></span> <span class='ocrx_word' id='word_1_199' title='bbox 2694 1641 2788 1682; x_wconf 88' lang='lat' dir='ltr'><strong>eos</strong></span> <span class='ocrx_word' id='word_1_200' title='bbox 2809 1625 2954 1696; x_wconf 90' lang='lat' dir='ltr'><strong>loqui</strong></span> <span class='ocrx_word' id='word_1_201' title='bbox 2986 1641 3094 1681; x_wconf 92' lang='lat' dir='ltr'><strong>non</strong></span> <span class='ocrx_word' id='word_1_202' title='bbox 3127 1625 3389 1698; x_wconf 87' lang='lat' dir='ltr'><strong>potuisse,</strong></span> <span class='ocrx_word' id='word_1_203' title='bbox 3433 1626 3747 1696; x_wconf 87' lang='lat' dir='ltr'><strong>quemdam</strong></span> 
     </span>
    </p>
   </div>
   <div class='ocr_carea' id='block_1_31' title="bbox 2135 1717 3746 1788">
    <p class='ocr_par' dir='ltr' id='par_1_31' title="bbox 2135 1717 3746 1788">
     <span class='ocr_line' id='line_1_31' title="bbox 2135 1717 3746 1788; baseline -0.001 -16"><span class='ocrx_word' id='word_1_204' title='bbox 2135 1717 2663 1788; x_wconf 87' lang='lat' dir='ltr'><strong>archipresbyterum</strong></span> <span class='ocrx_word' id='word_1_205' title='bbox 2709 1718 2994 1773; x_wconf 89' lang='lat' dir='ltr'><strong>ambonem</strong></span> <span class='ocrx_word' id='word_1_206' title='bbox 3023 1729 3046 1757; x_wconf 76' lang='grc' dir='ltr'><strong>ο</strong></span> <span class='ocrx_word' id='word_1_207' title='bbox 3078 1718 3464 1782; x_wconf 86' lang='lat' dir='ltr'><strong>conscendere,</strong></span> <span class='ocrx_word' id='word_1_208' title='bbox 3509 1733 3576 1773; x_wconf 91' lang='lat' dir='ltr'><strong>ac</strong></span> <span class='ocrx_word' id='word_1_209' title='bbox 3607 1717 3746 1771; x_wconf 83' lang='lat' dir='ltr'><strong>vice</strong></span> 
     </span>
    </p>
   </div>
   <div class='ocr_carea' id='block_1_32' title="bbox 2135 1807 3747 1880">
    <p class='ocr_par' dir='ltr' id='par_1_32' title="bbox 2135 1807 3747 1880">
     <span class='ocr_line' id='line_1_32' title="bbox 2135 1807 3747 1880; baseline 0.001 -16"><span class='ocrx_word' id='word_1_210' title='bbox 2135 1809 2217 1864; x_wconf 92' lang='lat' dir='ltr'><strong>sui</strong></span> <span class='ocrx_word' id='word_1_211' title='bbox 2241 1823 2548 1865; x_wconf 89' lang='lat' dir='ltr'><strong>sermonem</strong></span> <span class='ocrx_word' id='word_1_212' title='bbox 2575 1809 2641 1864; x_wconf 87' lang='lat' dir='ltr'><strong>ad</strong></span> <span class='ocrx_word' id='word_1_213' title='bbox 2666 1810 2922 1880; x_wconf 91' lang='lat' dir='ltr'><strong>populum</strong></span> <span class='ocrx_word' id='word_1_214' title='bbox 2945 1807 3126 1866; x_wconf 79' lang='lat' dir='ltr'><strong>facere</strong></span> <span class='ocrx_word' id='word_1_215' title='bbox 3141 1808 3306 1880; x_wconf 89' lang='lat' dir='ltr'><strong>jussit</strong></span> <span class='ocrx_word' id='word_1_216' title='bbox 3329 1828 3343 1864; x_wconf 86' lang='lat'><strong>:</strong></span> <span class='ocrx_word' id='word_1_217' title='bbox 3368 1811 3445 1865; x_wconf 89' lang='lat' dir='ltr'><strong>ita</strong></span> <span class='ocrx_word' id='word_1_218' title='bbox 3475 1811 3747 1866; x_wconf 78' lang='lat' dir='ltr'><strong>videlicet</strong></span> 
     </span>
    </p>
   </div>
   <div class='ocr_carea' id='block_1_33' title="bbox 435 1895 3744 1975">
    <p class='ocr_par' dir='ltr' id='par_1_33' title="bbox 435 1895 3744 1975">
     <span class='ocr_line' id='line_1_33' title="bbox 435 1895 3744 1975; baseline -0.001 -14"><span class='ocrx_word' id='word_1_219' title='bbox 435 1905 593 1961; x_wconf 87' lang='lat' dir='ltr'><strong>multi</strong></span> <span class='ocrx_word' id='word_1_220' title='bbox 639 1906 708 1960; x_wconf 93' lang='lat' dir='ltr'><strong>de</strong></span> <span class='ocrx_word' id='word_1_221' title='bbox 751 1905 944 1962; x_wconf 90' lang='lat' dir='ltr'><strong>eodem</strong></span> <span class='ocrx_word' id='word_1_222' title='bbox 995 1904 1202 1960; x_wconf 92' lang='lat' dir='ltr'><strong>tumulo</strong></span> <span class='ocrx_word' id='word_1_223' title='bbox 1253 1903 1425 1960; x_wconf 89' lang='lat' dir='ltr'><strong>sancti</strong></span> <span class='ocrx_word' id='word_1_224' title='bbox 1482 1902 1584 1957; x_wconf 92' lang='lat' dir='ltr'><strong>viri</strong></span> <span class='ocrx_word' id='word_1_225' title='bbox 1653 1901 2032 1972; x_wconf 90' lang='lat' dir='ltr'><strong>corpusculum</strong></span> <span class='ocrx_word' id='word_1_226' title='bbox 2063 1895 2110 1954; x_wconf 87' lang='grc' dir='ltr'><strong>Β</strong></span> <span class='ocrx_word' id='word_1_227' title='bbox 2139 1910 2197 1957; x_wconf 88' lang='grc' dir='ltr'><strong>ιιι</strong></span> <span class='ocrx_word' id='word_1_228' title='bbox 2223 1902 2504 1975; x_wconf 84' lang='lat' dir='ltr'><strong>presbyter</strong></span> <span class='ocrx_word' id='word_1_229' title='bbox 2534 1903 2649 1974; x_wconf 89' lang='lat' dir='ltr'><strong>ipse</strong></span> <span class='ocrx_word' id='word_1_230' title='bbox 2672 1903 2850 1958; x_wconf 90' lang='lat' dir='ltr'><strong>altiori</strong></span> <span class='ocrx_word' id='word_1_231' title='bbox 2877 1903 3152 1973; x_wconf 85' lang='lat' dir='ltr'><strong>paululum</strong></span> <span class='ocrx_word' id='word_1_232' title='bbox 3177 1903 3294 1960; x_wconf 91' lang='lat' dir='ltr'><strong>loco</strong></span> <span class='ocrx_word' id='word_1_233' title='bbox 3323 1904 3631 1960; x_wconf 91' lang='lat' dir='ltr'><strong>consistens</strong></span> <span class='ocrx_word' id='word_1_234' title='bbox 3667 1921 3744 1960; x_wconf 85' lang='lat' dir='ltr'><strong>ea</strong></span> 
     </span>
    </p>
   </div>
   <div class='ocr_carea' id='block_1_34' title="bbox 434 1993 2029 2065">
    <p class='ocr_par' dir='ltr' id='par_1_34' title="bbox 434 1993 2029 2065">
     <span class='ocr_line' id='line_1_34' title="bbox 434 1993 2029 2065; baseline -0.006 -10"><span class='ocrx_word' id='word_1_235' title='bbox 434 1997 814 2055; x_wconf 87' lang='lat' dir='ltr'><strong>desiderarent</strong></span> <span class='ocrx_word' id='word_1_236' title='bbox 855 1999 1092 2054; x_wconf 86' lang='lat' dir='ltr'><strong>auferre.</strong></span> <span class='ocrx_word' id='word_1_237' title='bbox 1131 1996 1335 2052; x_wconf 62' lang='lat' dir='ltr'><strong>Praesul</strong></span> <span class='ocrx_word' id='word_1_238' title='bbox 1374 2003 1556 2050; x_wconf 89' lang='lat' dir='ltr'><strong>autem</strong></span> <span class='ocrx_word' id='word_1_239' title='bbox 1585 1993 1880 2065; x_wconf 61' lang='lat' dir='ltr'><strong>praeclarus</strong></span> <span class='ocrx_word' id='word_1_240' title='bbox 1907 2007 2029 2048; x_wconf 90' lang='lat' dir='ltr'><strong>cum</strong></span> 
     </span>
    </p>
   </div>
   <div class='ocr_carea' id='block_1_35' title="bbox 427 2083 2032 2156">
    <p class='ocr_par' dir='ltr' id='par_1_35' title="bbox 427 2083 2032 2156">
     <span class='ocr_line' id='line_1_35' title="bbox 427 2083 2032 2156; baseline -0.006 -8"><span class='ocrx_word' id='word_1_241' title='bbox 427 2089 690 2148; x_wconf 72' lang='lat' dir='ltr'><strong>abbatem</strong></span> <span class='ocrx_word' id='word_1_242' title='bbox 714 2098 826 2144; x_wconf 83' lang='lat' dir='ltr'><strong>tam</strong></span> <span class='ocrx_word' id='word_1_243' title='bbox 859 2089 1180 2145; x_wconf 88' lang='lat' dir='ltr'><strong>fiducialiter</strong></span> <span class='ocrx_word' id='word_1_244' title='bbox 1215 2089 1269 2144; x_wconf 92' lang='lat' dir='ltr'><strong>in</strong></span> <span class='ocrx_word' id='word_1_245' title='bbox 1297 2088 1384 2142; x_wconf 87' lang='lat' dir='ltr'><strong>his</strong></span> <span class='ocrx_word' id='word_1_246' title='bbox 1409 2086 1572 2142; x_wconf 90' lang='lat' dir='ltr'><strong>rebus</strong></span> <span class='ocrx_word' id='word_1_247' title='bbox 1599 2099 1790 2156; x_wconf 78' lang='lat' dir='ltr'><strong>gerere</strong></span> <span class='ocrx_word' id='word_1_248' title='bbox 1815 2083 2032 2155; x_wconf 82' lang='lat' dir='ltr'><strong>conspi-</strong></span> 
     </span>
    </p>
   </div>
   <div class='ocr_carea' id='block_1_36' title="bbox 432 2174 2030 2249">
    <p class='ocr_par' dir='ltr' id='par_1_36' title="bbox 432 2174 2030 2249">
     <span class='ocr_line' id='line_1_36' title="bbox 432 2174 2030 2249; baseline -0.006 -13"><span class='ocrx_word' id='word_1_249' title='bbox 432 2186 617 2246; x_wconf 83' lang='lat' dir='ltr'><strong>ceret,</strong></span> <span class='ocrx_word' id='word_1_250' title='bbox 659 2177 981 2234; x_wconf 79' lang='lat' dir='ltr'><strong>Harmotum</strong></span> <span class='ocrx_word' id='word_1_251' title='bbox 1021 2174 1537 2249; x_wconf 80' lang='lat' dir='ltr'><strong>[al.,llarmodum]</strong></span> <span class='ocrx_word' id='word_1_252' title='bbox 1574 2175 1839 2232; x_wconf 89' lang='lat' dir='ltr'><strong>decanum</strong></span> <span class='ocrx_word' id='word_1_253' title='bbox 1869 2186 1895 2215; x_wconf 70' lang='grc' dir='ltr'>α</span> <span class='ocrx_word' id='word_1_254' title='bbox 1925 2189 2030 2228; x_wconf 91' lang='lat' dir='ltr'><strong>una</strong></span> 
     </span>
    </p>
   </div>
   <div class='ocr_carea' id='block_1_37' title="bbox 433 2265 2032 2336">
    <p class='ocr_par' dir='ltr' id='par_1_37' title="bbox 433 2265 2032 2336">
     <span class='ocr_line' id='line_1_37' title="bbox 433 2265 2032 2336; baseline -0.004 -10"><span class='ocrx_word' id='word_1_255' title='bbox 433 2285 560 2326; x_wconf 88' lang='lat' dir='ltr'><strong>cum</strong></span> <span class='ocrx_word' id='word_1_256' title='bbox 589 2268 804 2326; x_wconf 65' lang='lat' dir='ltr'><strong>cateris</strong></span> <span class='ocrx_word' id='word_1_257' title='bbox 825 2267 1084 2324; x_wconf 86' lang='lat' dir='ltr'><strong>fratribus</strong></span> <span class='ocrx_word' id='word_1_258' title='bbox 1111 2281 1298 2332; x_wconf 86' lang='lat' dir='ltr'><strong>secum</strong></span> <span class='ocrx_word' id='word_1_259' title='bbox 1324 2267 1657 2336; x_wconf 89' lang='lat' dir='ltr'><strong>assumpsit:</strong></span> <span class='ocrx_word' id='word_1_260' title='bbox 1683 2274 1741 2320; x_wconf 88' lang='lat' dir='ltr'><strong>et</strong></span> <span class='ocrx_word' id='word_1_261' title='bbox 1760 2265 1828 2321; x_wconf 91' lang='lat' dir='ltr'><strong>ad</strong></span> <span class='ocrx_word' id='word_1_262' title='bbox 1855 2265 2032 2335; x_wconf 87' lang='lat' dir='ltr'><strong>sepul-</strong></span> 
     </span>
    </p>
   </div>
   <div class='ocr_carea' id='block_1_38' title="bbox 429 2357 2027 2429">
    <p class='ocr_par' dir='ltr' id='par_1_38' title="bbox 429 2357 2027 2429">
     <span class='ocr_line' id='line_1_38' title="bbox 429 2357 2027 2429; baseline -0.002 -14"><span class='ocrx_word' id='word_1_263' title='bbox 429 2373 586 2415; x_wconf 89' lang='lat' dir='ltr'><strong>crum</strong></span> <span class='ocrx_word' id='word_1_264' title='bbox 629 2359 929 2426; x_wconf 89' lang='lat' dir='ltr'><strong>accedens,</strong></span> <span class='ocrx_word' id='word_1_265' title='bbox 976 2357 1213 2428; x_wconf 90' lang='lat' dir='ltr'><strong>lapidem</strong></span> <span class='ocrx_word' id='word_1_266' title='bbox 1263 2357 1665 2429; x_wconf 91' lang='lat' dir='ltr'><strong>superpositum</strong></span> <span class='ocrx_word' id='word_1_267' title='bbox 1714 2370 2027 2422; x_wconf 88' lang='lat' dir='ltr'><strong>removere,</strong></span> 
     </span>
    </p>
   </div>
   <div class='ocr_carea' id='block_1_39' title="bbox 428 2447 2028 2523">
    <p class='ocr_par' dir='ltr' id='par_1_39' title="bbox 428 2447 2028 2523">
     <span class='ocr_line' id='line_1_39' title="bbox 428 2447 2028 2523; baseline -0.003 -17"><span class='ocrx_word' id='word_1_268' title='bbox 428 2451 720 2523; x_wconf 86' lang='lat' dir='ltr'><strong>ipsumque</strong></span> <span class='ocrx_word' id='word_1_269' title='bbox 763 2450 1158 2522; x_wconf 86' lang='lat' dir='ltr'><strong>sarcOphagum</strong></span> <span class='ocrx_word' id='word_1_270' title='bbox 1209 2449 1264 2504; x_wconf 95' lang='lat' dir='ltr'><strong>in</strong></span> <span class='ocrx_word' id='word_1_271' title='bbox 1313 2463 1421 2519; x_wconf 91' lang='lat' dir='ltr'><strong>quo</strong></span> <span class='ocrx_word' id='word_1_272' title='bbox 1467 2449 1759 2504; x_wconf 89' lang='lat' dir='ltr'><strong>thesaurus</strong></span> <span class='ocrx_word' id='word_1_273' title='bbox 1805 2447 2028 2518; x_wconf 91' lang='lat' dir='ltr'><strong>pretiosi</strong></span> 
     </span>
    </p>
   </div>
   <div class='ocr_carea' id='block_1_40' title="bbox 430 2539 2028 2615">
    <p class='ocr_par' dir='ltr' id='par_1_40' title="bbox 430 2539 2028 2615">
     <span class='ocr_line' id='line_1_40' title="bbox 430 2539 2028 2615; baseline -0.001 -15"><span class='ocrx_word' id='word_1_274' title='bbox 430 2545 681 2615; x_wconf 87' lang='lat' dir='ltr'><strong>corporis</strong></span> <span class='ocrx_word' id='word_1_275' title='bbox 714 2540 953 2612; x_wconf 78' lang='lat' dir='ltr'><strong>iacebat,</strong></span> <span class='ocrx_word' id='word_1_276' title='bbox 984 2541 1244 2612; x_wconf 82' lang='lat' dir='ltr'><strong>praecepit</strong></span> <span class='ocrx_word' id='word_1_277' title='bbox 1273 2540 1505 2611; x_wconf 90' lang='lat' dir='ltr'><strong>aperire.</strong></span> <span class='ocrx_word' id='word_1_278' title='bbox 1537 2539 1654 2608; x_wconf 88' lang='lat' dir='ltr'><strong>Quo</strong></span> <span class='ocrx_word' id='word_1_279' title='bbox 1682 2539 1824 2595; x_wconf 90' lang='lat' dir='ltr'><strong>facto</strong></span> <span class='ocrx_word' id='word_1_280' title='bbox 1852 2554 2028 2599; x_wconf 78' lang='lat' dir='ltr'><strong>mem-</strong></span> 
     </span>
    </p>
   </div>
   <div class='ocr_carea' id='block_1_41' title="bbox 429 2634 2025 2706">
    <p class='ocr_par' dir='ltr' id='par_1_41' title="bbox 429 2634 2025 2706">
     <span class='ocr_line' id='line_1_41' title="bbox 429 2634 2025 2706; baseline -0.001 -13"><span class='ocrx_word' id='word_1_281' title='bbox 429 2635 863 2698; x_wconf 67' lang='lat' dir='ltr'><strong>bra..,sanctitate</strong></span> <span class='ocrx_word' id='word_1_282' title='bbox 901 2634 1060 2706; x_wconf 93' lang='lat' dir='ltr'><strong>plena</strong></span> <span class='ocrx_word' id='word_1_283' title='bbox 1091 2635 1406 2706; x_wconf 89' lang='lat' dir='ltr'><strong>inspiciens,</strong></span> <span class='ocrx_word' id='word_1_284' title='bbox 1444 2635 1740 2691; x_wconf 90' lang='lat' dir='ltr'><strong>monachos</strong></span> <span class='ocrx_word' id='word_1_285' title='bbox 1782 2634 2025 2691; x_wconf 90' lang='lat' dir='ltr'><strong>litaniam</strong></span> 
     </span>
    </p>
   </div>
   <div class='ocr_carea' id='block_1_42' title="bbox 430 2727 2021 2798">
    <p class='ocr_par' dir='ltr' id='par_1_42' title="bbox 430 2727 2021 2798">
     <span class='ocr_line' id='line_1_42' title="bbox 430 2727 2021 2798; baseline -0.001 -15"><span class='ocrx_word' id='word_1_286' title='bbox 430 2735 690 2794; x_wconf 88' lang='lat' dir='ltr'><strong>cantare,</strong></span> <span class='ocrx_word' id='word_1_287' title='bbox 750 2728 1113 2798; x_wconf 87' lang='lat' dir='ltr'><strong>precibusque</strong></span> <span class='ocrx_word' id='word_1_288' title='bbox 1167 2728 1376 2783; x_wconf 88' lang='lat' dir='ltr'><strong>devotis</strong></span> <span class='ocrx_word' id='word_1_289' title='bbox 1437 2727 1688 2782; x_wconf 89' lang='lat' dir='ltr'><strong>hortatur</strong></span> <span class='ocrx_word' id='word_1_290' title='bbox 1749 2727 2021 2782; x_wconf 84' lang='lat' dir='ltr'><strong>insistere.</strong></span> 
     </span>
    </p>
   </div>
   <div class='ocr_carea' id='block_1_43' title="bbox 428 2815 2027 2876">
    <p class='ocr_par' dir='ltr' id='par_1_43' title="bbox 428 2815 2027 2876">
     <span class='ocr_line' id='line_1_43' title="bbox 428 2815 2027 2876; baseline -0.001 -1"><span class='ocrx_word' id='word_1_291' title='bbox 428 2815 636 2875; x_wconf 85' lang='lat' dir='ltr'><strong>Deinde</strong></span> <span class='ocrx_word' id='word_1_292' title='bbox 665 2819 1007 2876; x_wconf 89' lang='lat' dir='ltr'><strong>venerandas</strong></span> <span class='ocrx_word' id='word_1_293' title='bbox 1054 2819 1230 2874; x_wconf 89' lang='lat' dir='ltr'><strong>sancti</strong></span> <span class='ocrx_word' id='word_1_294' title='bbox 1262 2817 1440 2874; x_wconf 89' lang='lat' dir='ltr'><strong>Patris</strong></span> <span class='ocrx_word' id='word_1_295' title='bbox 1476 2819 1705 2874; x_wconf 75' lang='lat' dir='ltr'><strong>exuvias</strong></span> <span class='ocrx_word' id='word_1_296' title='bbox 1748 2817 2027 2873; x_wconf 87' lang='lat' dir='ltr'><strong>humiliter</strong></span> 
     </span>
    </p>
   </div>
   <div class='ocr_carea' id='block_1_44' title="bbox 429 2908 2024 2978">
    <p class='ocr_par' dir='ltr' id='par_1_44' title="bbox 429 2908 2024 2978">
     <span class='ocr_line' id='line_1_44' title="bbox 429 2908 2024 2978; baseline -0.001 -12"><span class='ocrx_word' id='word_1_297' title='bbox 429 2908 774 2977; x_wconf 88' lang='lat' dir='ltr'><strong>deosculans,</strong></span> <span class='ocrx_word' id='word_1_298' title='bbox 815 2927 940 2978; x_wconf 86' lang='lat' dir='ltr'><strong>cum</strong></span> <span class='ocrx_word' id='word_1_299' title='bbox 984 2911 1133 2966; x_wconf 91' lang='lat' dir='ltr'><strong>omni</strong></span> <span class='ocrx_word' id='word_1_300' title='bbox 1174 2911 1478 2967; x_wconf 88' lang='lat' dir='ltr'><strong>reverentia</strong></span> <span class='ocrx_word' id='word_1_301' title='bbox 1507 2909 1574 2964; x_wconf 88' lang='lat' dir='ltr'><strong>de</strong></span> <span class='ocrx_word' id='word_1_302' title='bbox 1601 2909 1808 2966; x_wconf 92' lang='lat' dir='ltr'><strong>tumulo</strong></span> <span class='ocrx_word' id='word_1_303' title='bbox 1847 2911 2024 2966; x_wconf 88' lang='lat' dir='ltr'><strong>suble-</strong></span> 
     </span>
    </p>
   </div>
   <div class='ocr_carea' id='block_1_45' title="bbox 428 3001 2024 3074">
    <p class='ocr_par' dir='ltr' id='par_1_45' title="bbox 428 3001 2024 3074">
     <span class='ocr_line' id='line_1_45' title="bbox 428 3001 2024 3074; baseline 0.003 -19"><span class='ocrx_word' id='word_1_304' title='bbox 428 3001 596 3070; x_wconf 86' lang='lat' dir='ltr'><strong>vavit,</strong></span> <span class='ocrx_word' id='word_1_305' title='bbox 629 3012 687 3058; x_wconf 91' lang='lat' dir='ltr'><strong>et</strong></span> <span class='ocrx_word' id='word_1_306' title='bbox 720 3003 775 3058; x_wconf 93' lang='lat' dir='ltr'><strong>in</strong></span> <span class='ocrx_word' id='word_1_307' title='bbox 806 3002 1017 3068; x_wconf 90' lang='lat' dir='ltr'><strong>lectica,</strong></span> <span class='ocrx_word' id='word_1_308' title='bbox 1048 3017 1170 3072; x_wconf 70' lang='lat' dir='ltr'><strong>quae</strong></span> <span class='ocrx_word' id='word_1_309' title='bbox 1198 3002 1413 3058; x_wconf 91' lang='lat' dir='ltr'><strong>illarum</strong></span> <span class='ocrx_word' id='word_1_310' title='bbox 1436 3004 1679 3073; x_wconf 90' lang='lat' dir='ltr'><strong>receptui</strong></span> <span class='ocrx_word' id='word_1_311' title='bbox 1708 3004 1873 3074; x_wconf 89' lang='lat' dir='ltr'><strong>paulo</strong></span> <span class='ocrx_word' id='word_1_312' title='bbox 1899 3013 2024 3060; x_wconf 89' lang='lat' dir='ltr'><strong>ante</strong></span> 
     </span>
    </p>
   </div>
   <div class='ocr_carea' id='block_1_46' title="bbox 429 3091 2021 3165">
    <p class='ocr_par' dir='ltr' id='par_1_46' title="bbox 429 3091 2021 3165">
     <span class='ocr_line' id='line_1_46' title="bbox 429 3091 2021 3165; baseline 0.001 -17"><span class='ocrx_word' id='word_1_313' title='bbox 429 3103 710 3164; x_wconf 86' lang='lat' dir='ltr'><strong>compacta</strong></span> <span class='ocrx_word' id='word_1_314' title='bbox 735 3091 930 3159; x_wconf 83' lang='lat' dir='ltr'><strong>fuerat,</strong></span> <span class='ocrx_word' id='word_1_315' title='bbox 959 3093 1221 3165; x_wconf 90' lang='lat' dir='ltr'><strong>reposuit.</strong></span> <span class='ocrx_word' id='word_1_316' title='bbox 1249 3093 1362 3149; x_wconf 88' lang='lat' dir='ltr'><strong>Sub</strong></span> <span class='ocrx_word' id='word_1_317' title='bbox 1391 3094 1568 3165; x_wconf 89' lang='lat' dir='ltr'><strong>capite</strong></span> <span class='ocrx_word' id='word_1_318' title='bbox 1594 3103 1776 3150; x_wconf 91' lang='lat' dir='ltr'><strong>autem</strong></span> <span class='ocrx_word' id='word_1_319' title='bbox 1803 3105 1853 3150; x_wconf 86' lang='lat' dir='ltr'><strong>et</strong></span> <span class='ocrx_word' id='word_1_320' title='bbox 1876 3095 2021 3150; x_wconf 90' lang='lat' dir='ltr'><strong>circa</strong></span> 
     </span>
    </p>
   </div>
   <div class='ocr_carea' id='block_1_47' title="bbox 428 3183 2021 3257">
    <p class='ocr_par' dir='ltr' id='par_1_47' title="bbox 428 3183 2021 3257">
     <span class='ocr_line' id='line_1_47' title="bbox 428 3183 2021 3257; baseline 0 -16"><span class='ocrx_word' id='word_1_321' title='bbox 428 3191 620 3256; x_wconf 88' lang='lat' dir='ltr'><strong>pectus</strong></span> <span class='ocrx_word' id='word_1_322' title='bbox 663 3183 765 3238; x_wconf 89' lang='lat' dir='ltr'><strong>viri</strong></span> <span class='ocrx_word' id='word_1_323' title='bbox 812 3183 910 3239; x_wconf 91' lang='lat' dir='ltr'><strong>Dei</strong></span> <span class='ocrx_word' id='word_1_324' title='bbox 954 3184 1201 3254; x_wconf 71' lang='lat' dir='ltr'><strong>quaedam</strong></span> <span class='ocrx_word' id='word_1_325' title='bbox 1246 3185 1405 3256; x_wconf 89' lang='lat' dir='ltr'><strong>panis</strong></span> <span class='ocrx_word' id='word_1_326' title='bbox 1447 3185 1665 3252; x_wconf 85' lang='lat' dir='ltr'><strong>rotulae,</strong></span> <span class='ocrx_word' id='word_1_327' title='bbox 1706 3200 1825 3255; x_wconf 61' lang='lat' dir='ltr'><strong>quae</strong></span> <span class='ocrx_word' id='word_1_328' title='bbox 1861 3186 2021 3257; x_wconf 89' lang='lat' dir='ltr'><strong>vulgo</strong></span> 
     </span>
    </p>
   </div>
   <div class='ocr_carea' id='block_1_48' title="bbox 2102 1989 3744 2070">
    <p class='ocr_par' dir='ltr' id='par_1_48' title="bbox 2102 1989 3744 2070">
     <span class='ocr_line' id='line_1_48' title="bbox 2102 1989 3744 2070; baseline 0.002 -19"><span class='ocrx_word' id='word_1_329' title='bbox 2102 1989 2109 1997; x_wconf 81' lang='grc'><strong>’</strong></span> <span class='ocrx_word' id='word_1_330' title='bbox 2137 1995 2349 2051; x_wconf 85' lang='lat' dir='ltr'><strong>tantum</strong></span> <span class='ocrx_word' id='word_1_331' title='bbox 2379 1995 2666 2070; x_wconf 88' lang='lat' dir='ltr'><strong>proferret,</strong></span> <span class='ocrx_word' id='word_1_332' title='bbox 2698 2012 2818 2068; x_wconf 83' lang='lat' dir='ltr'><strong>quae</strong></span> <span class='ocrx_word' id='word_1_333' title='bbox 2847 1998 2949 2053; x_wconf 83' lang='lat' dir='ltr'><strong>sibi</strong></span> <span class='ocrx_word' id='word_1_334' title='bbox 2981 2001 3266 2069; x_wconf 89' lang='lat' dir='ltr'><strong>episcopus</strong></span> <span class='ocrx_word' id='word_1_335' title='bbox 3311 1999 3364 2054; x_wconf 92' lang='lat' dir='ltr'><strong>in</strong></span> <span class='ocrx_word' id='word_1_336' title='bbox 3409 2000 3590 2055; x_wconf 86' lang='lat' dir='ltr'><strong>vicino</strong></span> <span class='ocrx_word' id='word_1_337' title='bbox 3631 2016 3744 2070; x_wconf 82' lang='lat' dir='ltr'><strong>po-</strong></span> 
     </span>
    </p>
   </div>
   <div class='ocr_carea' id='block_1_49' title="bbox 2134 2091 3743 2164">
    <p class='ocr_par' dir='ltr' id='par_1_49' title="bbox 2134 2091 3743 2164">
     <span class='ocr_line' id='line_1_49' title="bbox 2134 2091 3743 2164; baseline 0.002 -18"><span class='ocrx_word' id='word_1_338' title='bbox 2134 2091 2269 2147; x_wconf 89' lang='lat' dir='ltr'><strong>situs</strong></span> <span class='ocrx_word' id='word_1_339' title='bbox 2317 2091 2542 2146; x_wconf 92' lang='lat' dir='ltr'><strong>dicenda</strong></span> <span class='ocrx_word' id='word_1_340' title='bbox 2592 2092 2912 2148; x_wconf 89' lang='lat' dir='ltr'><strong>insinuaret.</strong></span> <span class='ocrx_word' id='word_1_341' title='bbox 2945 2093 3248 2164; x_wconf 82' lang='lat' dir='ltr'><strong>Aliquantis</strong></span> <span class='ocrx_word' id='word_1_342' title='bbox 3276 2109 3405 2164; x_wconf 86' lang='lat' dir='ltr'><strong>ergo</strong></span> <span class='ocrx_word' id='word_1_343' title='bbox 3442 2094 3569 2149; x_wconf 65' lang='lat' dir='ltr'><strong>vitae</strong></span> <span class='ocrx_word' id='word_1_344' title='bbox 3612 2093 3743 2163; x_wconf 88' lang='lat' dir='ltr'><strong>ejus</strong></span> 
     </span>
    </p>
   </div>
   <div class='ocr_carea' id='block_1_50' title="bbox 2133 2183 3743 2255">
    <p class='ocr_par' dir='ltr' id='par_1_50' title="bbox 2133 2183 3743 2255">
     <span class='ocr_line' id='line_1_50' title="bbox 2133 2183 3743 2255; baseline 0.002 -17"><span class='ocrx_word' id='word_1_345' title='bbox 2133 2183 2396 2255; x_wconf 80' lang='lat' dir='ltr'><strong>exemplis</strong></span> <span class='ocrx_word' id='word_1_346' title='bbox 2443 2199 2507 2239; x_wconf 90' lang='lat' dir='ltr'><strong>ac</strong></span> <span class='ocrx_word' id='word_1_347' title='bbox 2547 2183 2840 2239; x_wconf 87' lang='lat' dir='ltr'><strong>virtutibus</strong></span> <span class='ocrx_word' id='word_1_348' title='bbox 2870 2199 3053 2240; x_wconf 90' lang='lat' dir='ltr'><strong>coram</strong></span> <span class='ocrx_word' id='word_1_349' title='bbox 3083 2184 3282 2255; x_wconf 90' lang='lat' dir='ltr'><strong>populo</strong></span> <span class='ocrx_word' id='word_1_350' title='bbox 3306 2183 3551 2240; x_wconf 87' lang='lat' dir='ltr'><strong>breviter</strong></span> <span class='ocrx_word' id='word_1_351' title='bbox 3591 2187 3743 2242; x_wconf 84' lang='lat' dir='ltr'><strong>reci-</strong></span> 
     </span>
    </p>
   </div>
   <div class='ocr_carea' id='block_1_51' title="bbox 2135 2272 3741 2348">
    <p class='ocr_par' dir='ltr' id='par_1_51' title="bbox 2135 2272 3741 2348">
     <span class='ocr_line' id='line_1_51' title="bbox 2135 2272 3741 2348; baseline 0.001 -18"><span class='ocrx_word' id='word_1_352' title='bbox 2135 2275 2298 2340; x_wconf 87' lang='lat' dir='ltr'><strong>tatis,</strong></span> <span class='ocrx_word' id='word_1_353' title='bbox 2343 2272 2636 2331; x_wconf 86' lang='lat' dir='ltr'><strong>missarum</strong></span> <span class='ocrx_word' id='word_1_354' title='bbox 2681 2274 2940 2330; x_wconf 89' lang='lat' dir='ltr'><strong>solemnia</strong></span> <span class='ocrx_word' id='word_1_355' title='bbox 2985 2285 3337 2348; x_wconf 85' lang='lat' dir='ltr'><strong>peraguntur,</strong></span> <span class='ocrx_word' id='word_1_356' title='bbox 3384 2275 3741 2347; x_wconf 82' lang='lat' dir='ltr'><strong>pepulusque</strong></span> 
     </span>
    </p>
   </div>
   <div class='ocr_carea' id='block_1_52' title="bbox 2133 2368 3737 2441">
    <p class='ocr_par' dir='ltr' id='par_1_52' title="bbox 2133 2368 3737 2441">
     <span class='ocr_line' id='line_1_52' title="bbox 2133 2368 3737 2441; baseline 0 -18"><span class='ocrx_word' id='word_1_357' title='bbox 2133 2368 2200 2423; x_wconf 93' lang='lat' dir='ltr'><strong>ad</strong></span> <span class='ocrx_word' id='word_1_358' title='bbox 2228 2383 2325 2424; x_wconf 91' lang='lat' dir='ltr'><strong>sua</strong></span> <span class='ocrx_word' id='word_1_359' title='bbox 2348 2383 2473 2424; x_wconf 89' lang='lat' dir='ltr'><strong>cum</strong></span> <span class='ocrx_word' id='word_1_360' title='bbox 2505 2369 2704 2441; x_wconf 87' lang='lat' dir='ltr'><strong>gaudio</strong></span> <span class='ocrx_word' id='word_1_361' title='bbox 2738 2369 3031 2424; x_wconf 88' lang='lat' dir='ltr'><strong>revertitur</strong></span> <span class='ocrx_word' id='word_1_362' title='bbox 3062 2369 3386 2438; x_wconf 88' lang='lat' dir='ltr'><strong>:episcopus</strong></span> <span class='ocrx_word' id='word_1_363' title='bbox 3432 2384 3565 2423; x_wconf 85' lang='lat' dir='ltr'><strong>vero</strong></span> <span class='ocrx_word' id='word_1_364' title='bbox 3609 2369 3737 2438; x_wconf 84' lang='lat' dir='ltr'><strong>ipsa</strong></span> 
     </span>
    </p>
   </div>
   <div class='ocr_carea' id='block_1_53' title="bbox 2132 2459 3738 2524">
    <p class='ocr_par' dir='ltr' id='par_1_53' title="bbox 2132 2459 3738 2524">
     <span class='ocr_line' id='line_1_53' title="bbox 2132 2459 3738 2524; baseline 0 -10"><span class='ocrx_word' id='word_1_365' title='bbox 2132 2467 2291 2515; x_wconf 88' lang='lat' dir='ltr'><strong>nocte</strong></span> <span class='ocrx_word' id='word_1_366' title='bbox 2324 2459 2527 2516; x_wconf 90' lang='lat' dir='ltr'><strong>mansit</strong></span> <span class='ocrx_word' id='word_1_367' title='bbox 2555 2461 2611 2516; x_wconf 94' lang='lat' dir='ltr'><strong>in</strong></span> <span class='ocrx_word' id='word_1_368' title='bbox 2639 2461 2990 2517; x_wconf 90' lang='lat' dir='ltr'><strong>monasterio.</strong></span> <span class='ocrx_word' id='word_1_369' title='bbox 3020 2459 3174 2516; x_wconf 83' lang='lat' dir='ltr'><strong>Mane</strong></span> <span class='ocrx_word' id='word_1_370' title='bbox 3202 2469 3382 2516; x_wconf 90' lang='lat' dir='ltr'><strong>autem</strong></span> <span class='ocrx_word' id='word_1_371' title='bbox 3417 2460 3588 2524; x_wconf 87' lang='lat' dir='ltr'><strong>facto,</strong></span> <span class='ocrx_word' id='word_1_372' title='bbox 3618 2461 3738 2514; x_wconf 86' lang='lat' dir='ltr'><strong>fra-</strong></span> 
     </span>
    </p>
   </div>
   <div class='ocr_carea' id='block_1_54' title="bbox 2135 2553 3733 2627">
    <p class='ocr_par' dir='ltr' id='par_1_54' title="bbox 2135 2553 3733 2627">
     <span class='ocr_line' id='line_1_54' title="bbox 2135 2553 3733 2627; baseline 0.001 -20"><span class='ocrx_word' id='word_1_373' title='bbox 2135 2561 2245 2610; x_wconf 88' lang='lat' dir='ltr'><strong>tres</strong></span> <span class='ocrx_word' id='word_1_374' title='bbox 2270 2553 2326 2609; x_wconf 94' lang='lat' dir='ltr'><strong>in</strong></span> <span class='ocrx_word' id='word_1_375' title='bbox 2351 2570 2519 2610; x_wconf 92' lang='lat' dir='ltr'><strong>unum</strong></span> <span class='ocrx_word' id='word_1_376' title='bbox 2547 2554 2770 2627; x_wconf 89' lang='lat' dir='ltr'><strong>colligit,</strong></span> <span class='ocrx_word' id='word_1_377' title='bbox 2797 2562 2960 2626; x_wconf 88' lang='lat' dir='ltr'><strong>atque</strong></span> <span class='ocrx_word' id='word_1_378' title='bbox 2995 2555 3138 2610; x_wconf 89' lang='lat' dir='ltr'><strong>inter</strong></span> <span class='ocrx_word' id='word_1_379' title='bbox 3164 2554 3267 2610; x_wconf 89' lang='lat' dir='ltr'><strong>alia</strong></span> <span class='ocrx_word' id='word_1_380' title='bbox 3300 2571 3470 2610; x_wconf 72' lang='lat' dir='ltr'><strong>sacrae</strong></span> <span class='ocrx_word' id='word_1_381' title='bbox 3501 2555 3733 2610; x_wconf 84' lang='lat' dir='ltr'><strong>institu-</strong></span> 
     </span>
    </p>
   </div>
   <div class='ocr_carea' id='block_1_55' title="bbox 2131 2643 3734 2703">
    <p class='ocr_par' dir='ltr' id='par_1_55' title="bbox 2131 2643 3734 2703">
     <span class='ocr_line' id='line_1_55' title="bbox 2131 2643 3734 2703; baseline 0.002 -5"><span class='ocrx_word' id='word_1_382' title='bbox 2131 2643 2298 2700; x_wconf 90' lang='lat' dir='ltr'><strong>tionis</strong></span> <span class='ocrx_word' id='word_1_383' title='bbox 2363 2645 2686 2702; x_wconf 89' lang='lat' dir='ltr'><strong>documenta</strong></span> <span class='ocrx_word' id='word_1_384' title='bbox 2750 2646 2817 2702; x_wconf 87' lang='lat' dir='ltr'><strong>de</strong></span> <span class='ocrx_word' id='word_1_385' title='bbox 2877 2646 3051 2702; x_wconf 87' lang='lat' dir='ltr'><strong>sancti</strong></span> <span class='ocrx_word' id='word_1_386' title='bbox 3108 2645 3208 2700; x_wconf 85' lang='lat' dir='ltr'><strong>viri</strong></span> <span class='ocrx_word' id='word_1_387' title='bbox 3262 2645 3475 2703; x_wconf 87' lang='lat' dir='ltr'><strong>meritis</strong></span> <span class='ocrx_word' id='word_1_388' title='bbox 3538 2657 3734 2702; x_wconf 88' lang='lat' dir='ltr'><strong>certus</strong></span> 
     </span>
    </p>
   </div>
   <div class='ocr_carea' id='block_1_56' title="bbox 2129 2736 3732 2810">
    <p class='ocr_par' dir='ltr' id='par_1_56' title="bbox 2129 2736 3732 2810">
     <span class='ocr_line' id='line_1_56' title="bbox 2129 2736 3732 2810; baseline 0.002 -17"><span class='ocrx_word' id='word_1_389' title='bbox 2129 2736 2392 2805; x_wconf 82' lang='lat' dir='ltr'><strong>existens,</strong></span> <span class='ocrx_word' id='word_1_390' title='bbox 2414 2738 2755 2807; x_wconf 71' lang='lat' dir='ltr'><strong>confidenter</strong></span> <span class='ocrx_word' id='word_1_391' title='bbox 2781 2739 3058 2808; x_wconf 73' lang='lat' dir='ltr'><strong>praecipit,</strong></span> <span class='ocrx_word' id='word_1_392' title='bbox 3096 2749 3156 2794; x_wconf 90' lang='lat' dir='ltr'><strong>ut</strong></span> <span class='ocrx_word' id='word_1_393' title='bbox 3183 2741 3602 2810; x_wconf 85' lang='lat' dir='ltr'><strong>superveniente</strong></span> <span class='ocrx_word' id='word_1_394' title='bbox 3631 2742 3732 2796; x_wconf 86' lang='lat' dir='ltr'><strong>de-</strong></span> 
     </span>
    </p>
   </div>
   <div class='ocr_carea' id='block_1_57' title="bbox 2129 2822 3729 2904">
    <p class='ocr_par' dir='ltr' id='par_1_57' title="bbox 2129 2822 3729 2904">
     <span class='ocr_line' id='line_1_57' title="bbox 2129 2822 3729 2904; baseline 0.002 -18"><span class='ocrx_word' id='word_1_395' title='bbox 2129 2831 2417 2901; x_wconf 90' lang='lat' dir='ltr'><strong>positionis</strong></span> <span class='ocrx_word' id='word_1_396' title='bbox 2445 2831 2563 2902; x_wconf 89' lang='lat' dir='ltr'><strong>ejus</strong></span> <span class='ocrx_word' id='word_1_397' title='bbox 2591 2833 2678 2889; x_wconf 93' lang='lat' dir='ltr'><strong>die</strong></span> <span class='ocrx_word' id='word_1_398' title='bbox 2698 2822 2912 2904; x_wconf 61' lang='lat' dir='ltr'><strong>vigilias</strong></span> <span class='ocrx_word' id='word_1_399' title='bbox 2933 2847 2996 2889; x_wconf 90' lang='lat' dir='ltr'><strong>ac</strong></span> <span class='ocrx_word' id='word_1_400' title='bbox 3025 2833 3312 2888; x_wconf 89' lang='lat' dir='ltr'><strong>missarum</strong></span> <span class='ocrx_word' id='word_1_401' title='bbox 3336 2833 3598 2890; x_wconf 89' lang='lat' dir='ltr'><strong>solemnia</strong></span> <span class='ocrx_word' id='word_1_402' title='bbox 3624 2835 3729 2889; x_wconf 90' lang='lat' dir='ltr'><strong>ho-</strong></span> 
     </span>
    </p>
   </div>
   <div class='ocr_carea' id='block_1_58' title="bbox 2130 2923 3725 2997">
    <p class='ocr_par' dir='ltr' id='par_1_58' title="bbox 2130 2923 3725 2997">
     <span class='ocr_line' id='line_1_58' title="bbox 2130 2923 3725 2997; baseline 0.003 -19"><span class='ocrx_word' id='word_1_403' title='bbox 2130 2923 2357 2979; x_wconf 86' lang='lat' dir='ltr'><strong>norifice</strong></span> <span class='ocrx_word' id='word_1_404' title='bbox 2403 2923 2708 2995; x_wconf 82' lang='lat' dir='ltr'><strong>perficiant,</strong></span> <span class='ocrx_word' id='word_1_405' title='bbox 2758 2925 3010 2996; x_wconf 89' lang='lat' dir='ltr'><strong>diemque</strong></span> <span class='ocrx_word' id='word_1_406' title='bbox 3053 2925 3201 2980; x_wconf 91' lang='lat' dir='ltr'><strong>illum</strong></span> <span class='ocrx_word' id='word_1_407' title='bbox 3253 2935 3364 2980; x_wconf 89' lang='lat' dir='ltr'><strong>tam</strong></span> <span class='ocrx_word' id='word_1_408' title='bbox 3412 2927 3512 2997; x_wconf 89' lang='lat' dir='ltr'><strong>ipsi</strong></span> <span class='ocrx_word' id='word_1_409' title='bbox 3557 2943 3725 2996; x_wconf 88' lang='lat' dir='ltr'><strong>quam</strong></span> 
     </span>
    </p>
   </div>
   <div class='ocr_carea' id='block_1_59' title="bbox 2128 3015 3727 3077">
    <p class='ocr_par' dir='ltr' id='par_1_59' title="bbox 2128 3015 3727 3077">
     <span class='ocr_line' id='line_1_59' title="bbox 2128 3015 3727 3077; baseline 0.003 -5"><span class='ocrx_word' id='word_1_410' title='bbox 2128 3015 2537 3072; x_wconf 89' lang='lat' dir='ltr'><strong>omnis-familia</strong></span> <span class='ocrx_word' id='word_1_411' title='bbox 2569 3017 2710 3073; x_wconf 85' lang='lat' dir='ltr'><strong>infra</strong></span> <span class='ocrx_word' id='word_1_412' title='bbox 2739 3019 3128 3074; x_wconf 88' lang='lat' dir='ltr'><strong>monasterium</strong></span> <span class='ocrx_word' id='word_1_413' title='bbox 3159 3020 3404 3075; x_wconf 86' lang='lat' dir='ltr'><strong>instituta</strong></span> <span class='ocrx_word' id='word_1_414' title='bbox 3432 3021 3486 3075; x_wconf 91' lang='lat' dir='ltr'><strong>in</strong></span> <span class='ocrx_word' id='word_1_415' title='bbox 3515 3021 3727 3077; x_wconf 85' lang='lat' dir='ltr'><strong>honore</strong></span> 
     </span>
    </p>
   </div>
   <div class='ocr_carea' id='block_1_60' title="bbox 2128 3107 3725 3182">
    <p class='ocr_par' dir='ltr' id='par_1_60' title="bbox 2128 3107 3725 3182">
     <span class='ocr_line' id='line_1_60' title="bbox 2128 3107 3725 3182; baseline 0.003 -19"><span class='ocrx_word' id='word_1_416' title='bbox 2128 3109 2188 3163; x_wconf 91' lang='grc' dir='ltr'><strong>Β.</strong></span> <span class='ocrx_word' id='word_1_417' title='bbox 2231 3107 2479 3165; x_wconf 89' lang='lat' dir='ltr'><strong>0thmari</strong></span> <span class='ocrx_word' id='word_1_418' title='bbox 2528 3109 2774 3166; x_wconf 89' lang='lat' dir='ltr'><strong>feriando</strong></span> <span class='ocrx_word' id='word_1_419' title='bbox 2820 3126 2942 3166; x_wconf 91' lang='lat' dir='ltr'><strong>cum</strong></span> <span class='ocrx_word' id='word_1_420' title='bbox 2986 3111 3182 3182; x_wconf 88' lang='lat' dir='ltr'><strong>gaudio</strong></span> <span class='ocrx_word' id='word_1_421' title='bbox 3227 3111 3488 3182; x_wconf 88' lang='lat' dir='ltr'><strong>spiritalis</strong></span> <span class='ocrx_word' id='word_1_422' title='bbox 3523 3112 3725 3168; x_wconf 71' lang='lat' dir='ltr'><strong>lmtitiae</strong></span> 
     </span>
    </p>
   </div>
   <div class='ocr_carea' id='block_1_61' title="bbox 2127 3198 3720 3272">
    <p class='ocr_par' dir='ltr' id='par_1_61' title="bbox 2127 3198 3720 3272">
     <span class='ocr_line' id='line_1_61' title="bbox 2127 3198 3720 3272; baseline 0.003 -19"><span class='ocrx_word' id='word_1_423' title='bbox 2127 3198 2382 3257; x_wconf 89' lang='lat' dir='ltr'><strong>festivum</strong></span> <span class='ocrx_word' id='word_1_424' title='bbox 2425 3202 2752 3272; x_wconf 88' lang='lat' dir='ltr'><strong>possideant.</strong></span> <span class='ocrx_word' id='word_1_425' title='bbox 2785 3200 2881 3258; x_wconf 83' lang='lat' dir='ltr'><strong>His</strong></span> <span class='ocrx_word' id='word_1_426' title='bbox 2909 3202 3160 3259; x_wconf 91' lang='lat' dir='ltr'><strong>omnibus</strong></span> <span class='ocrx_word' id='word_1_427' title='bbox 3187 3203 3281 3270; x_wconf 88' lang='lat' dir='ltr'><strong>ita,</strong></span> <span class='ocrx_word' id='word_1_428' title='bbox 3309 3212 3369 3258; x_wconf 91' lang='lat' dir='ltr'><strong>ut</strong></span> <span class='ocrx_word' id='word_1_429' title='bbox 3409 3204 3720 3270; x_wconf 84' lang='lat' dir='ltr'><strong>retulimus,</strong></span> 
     </span>
    </p>
   </div>
   <div class='ocr_carea' id='block_1_62' title="bbox 427 3253 2024 3364">
    <p class='ocr_par' dir='ltr' id='par_1_62' title="bbox 427 3253 2019 3346">
     <span class='ocr_line' id='line_1_62' title="bbox 427 3253 2019 3346; baseline -0.001 -14"><span class='ocrx_word' id='word_1_430' title='bbox 427 3253 623 3333; x_wconf 69' lang='lat' dir='ltr'><strong>oblatae</strong></span> <span class='ocrx_word' id='word_1_431' title='bbox 653 3275 684 3316; x_wconf 70' lang='grc' dir='ltr'>ιο</span> <span class='ocrx_word' id='word_1_432' title='bbox 706 3253 987 3343; x_wconf 74' lang='lat' dir='ltr'><strong>dicuntur,</strong></span> <span class='ocrx_word' id='word_1_433' title='bbox 1021 3275 1098 3330; x_wconf 89' lang='lat' dir='ltr'><strong>ita</strong></span> <span class='ocrx_word' id='word_1_434' title='bbox 1129 3253 1310 3332; x_wconf 62' lang='lat' dir='ltr'><strong>illaesa:</strong></span> <span class='ocrx_word' id='word_1_435' title='bbox 1340 3285 1502 3346; x_wconf 90' lang='lat' dir='ltr'><strong>atque</strong></span> <span class='ocrx_word' id='word_1_436' title='bbox 1537 3276 1607 3332; x_wconf 90' lang='lat' dir='ltr'><strong>ab</strong></span> <span class='ocrx_word' id='word_1_437' title='bbox 1645 3253 1792 3332; x_wconf 79' lang='lat' dir='ltr'><strong>omni</strong></span> <span class='ocrx_word' id='word_1_438' title='bbox 1829 3253 2019 3331; x_wconf 80' lang='lat' dir='ltr'><strong>corru-</strong></span> 
     </span>
    </p>
   </div>
   <div class='ocr_carea' id='block_1_63' title="bbox 2132 3253 3723 3364">
    <p class='ocr_par' dir='ltr' id='par_1_63' title="bbox 2132 3292 3723 3364">
     <span class='ocr_line' id='line_1_63' title="bbox 2132 3292 3723 3364; baseline 0.003 -17"><span class='ocrx_word' id='word_1_439' title='bbox 2132 3292 2396 3362; x_wconf 88' lang='lat' dir='ltr'><strong>peractis,</strong></span> <span class='ocrx_word' id='word_1_440' title='bbox 2423 3294 2621 3364; x_wconf 71' lang='lat' dir='ltr'><strong>przesul</strong></span> <span class='ocrx_word' id='word_1_441' title='bbox 2666 3293 2933 3364; x_wconf 89' lang='lat' dir='ltr'><strong>benignus</strong></span> <span class='ocrx_word' id='word_1_442' title='bbox 2971 3295 3306 3352; x_wconf 88' lang='lat' dir='ltr'><strong>orationibus</strong></span> <span class='ocrx_word' id='word_1_443' title='bbox 3349 3295 3613 3364; x_wconf 89' lang='lat' dir='ltr'><strong>fratrum,</strong></span> <span class='ocrx_word' id='word_1_444' title='bbox 3655 3313 3723 3352; x_wconf 89' lang='lat' dir='ltr'><strong>ac</strong></span> 
     </span>
    </p>
   </div>
   <div class='ocr_carea' id='block_1_64' title="bbox 427 3356 2021 3439">
    <p class='ocr_par' dir='ltr' id='par_1_64' title="bbox 427 3356 2021 3439">
     <span class='ocr_line' id='line_1_64' title="bbox 427 3356 2021 3439; baseline 0 -17"><span class='ocrx_word' id='word_1_445' title='bbox 427 3356 616 3439; x_wconf 76' lang='lat' dir='ltr'><strong>ptione</strong></span> <span class='ocrx_word' id='word_1_446' title='bbox 643 3374 919 3422; x_wconf 80' lang='lat' dir='ltr'><strong>extraneae</strong></span> <span class='ocrx_word' id='word_1_447' title='bbox 950 3366 1018 3421; x_wconf 91' lang='lat' dir='ltr'><strong>ab</strong></span> <span class='ocrx_word' id='word_1_448' title='bbox 1057 3365 1248 3422; x_wconf 90' lang='lat' dir='ltr'><strong>eodem</strong></span> <span class='ocrx_word' id='word_1_449' title='bbox 1293 3366 1548 3438; x_wconf 89' lang='lat' dir='ltr'><strong>episcopo</strong></span> <span class='ocrx_word' id='word_1_450' title='bbox 1589 3365 2021 3434; x_wconf 84' lang='lat' dir='ltr'><strong>inveniebantur,</strong></span> 
     </span>
    </p>
   </div>
   <div class='ocr_carea' id='block_1_65' title="bbox 430 3457 2024 3531">
    <p class='ocr_par' dir='ltr' id='par_1_65' title="bbox 430 3457 2024 3531">
     <span class='ocr_line' id='line_1_65' title="bbox 430 3457 2024 3531; baseline 0 -17"><span class='ocrx_word' id='word_1_451' title='bbox 430 3468 494 3514; x_wconf 90' lang='lat' dir='ltr'><strong>ut</strong></span> <span class='ocrx_word' id='word_1_452' title='bbox 532 3458 591 3514; x_wconf 92' lang='lat' dir='ltr'><strong>in</strong></span> <span class='ocrx_word' id='word_1_453' title='bbox 634 3458 782 3515; x_wconf 90' lang='lat' dir='ltr'><strong>nulla</strong></span> <span class='ocrx_word' id='word_1_454' title='bbox 820 3457 1044 3514; x_wconf 93' lang='lat' dir='ltr'><strong>omnino</strong></span> <span class='ocrx_word' id='word_1_455' title='bbox 1087 3467 1245 3530; x_wconf 91' lang='lat' dir='ltr'><strong>parte</strong></span> <span class='ocrx_word' id='word_1_456' title='bbox 1281 3458 1517 3516; x_wconf 89' lang='lat' dir='ltr'><strong>colorem</strong></span> <span class='ocrx_word' id='word_1_457' title='bbox 1543 3459 1628 3516; x_wconf 92' lang='lat' dir='ltr'><strong>vel</strong></span> <span class='ocrx_word' id='word_1_458' title='bbox 1672 3459 1910 3531; x_wconf 88' lang='lat' dir='ltr'><strong>speciem</strong></span> <span class='ocrx_word' id='word_1_459' title='bbox 1940 3460 2024 3516; x_wconf 92' lang='lat' dir='ltr'><strong>sui</strong></span> 
     </span>
    </p>
   </div>
   <div class='ocr_carea' id='block_1_66' title="bbox 433 3550 2025 3624">
    <p class='ocr_par' dir='ltr' id='par_1_66' title="bbox 433 3550 2025 3624">
     <span class='ocr_line' id='line_1_66' title="bbox 433 3550 2025 3624; baseline 0 -17"><span class='ocrx_word' id='word_1_460' title='bbox 433 3551 770 3618; x_wconf 86' lang='lat' dir='ltr'><strong>amittentes,</strong></span> <span class='ocrx_word' id='word_1_461' title='bbox 795 3551 1176 3622; x_wconf 89' lang='lat' dir='ltr'><strong>aspicientium</strong></span> <span class='ocrx_word' id='word_1_462' title='bbox 1201 3551 1372 3608; x_wconf 91' lang='lat' dir='ltr'><strong>oculis</strong></span> <span class='ocrx_word' id='word_1_463' title='bbox 1410 3550 1550 3607; x_wconf 89' lang='lat' dir='ltr'><strong>infra</strong></span> <span class='ocrx_word' id='word_1_464' title='bbox 1589 3552 1822 3623; x_wconf 88' lang='lat' dir='ltr'><strong>spatium</strong></span> <span class='ocrx_word' id='word_1_465' title='bbox 1855 3551 2025 3624; x_wconf 88' lang='lat' dir='ltr'><strong>ipsius</strong></span> 
     </span>
    </p>
   </div>
   <div class='ocr_carea' id='block_1_67' title="bbox 429 3641 2027 3712">
    <p class='ocr_par' dir='ltr' id='par_1_67' title="bbox 429 3641 2027 3712">
     <span class='ocr_line' id='line_1_67' title="bbox 429 3641 2027 3712; baseline 0 -14"><span class='ocrx_word' id='word_1_466' title='bbox 429 3641 787 3700; x_wconf 73' lang='lat' dir='ltr'><strong>hebdomadze</strong></span> <span class='ocrx_word' id='word_1_467' title='bbox 809 3643 1126 3700; x_wconf 89' lang='lat' dir='ltr'><strong>viderentur</strong></span> <span class='ocrx_word' id='word_1_468' title='bbox 1161 3658 1284 3700; x_wconf 85' lang='lat' dir='ltr'><strong>esse</strong></span> <span class='ocrx_word' id='word_1_469' title='bbox 1320 3643 1599 3701; x_wconf 68' lang='lat' dir='ltr'><strong>confectae.</strong></span> <span class='ocrx_word' id='word_1_470' title='bbox 1631 3643 1752 3712; x_wconf 82' lang='lat' dir='ltr'><strong>Quo</strong></span> <span class='ocrx_word' id='word_1_471' title='bbox 1779 3657 1909 3700; x_wconf 87' lang='lat' dir='ltr'><strong>vero</strong></span> <span class='ocrx_word' id='word_1_472' title='bbox 1935 3659 2027 3700; x_wconf 90' lang='lat' dir='ltr'><strong>or-</strong></span> 
     </span>
    </p>
   </div>
   <div class='ocr_carea' id='block_1_68' title="bbox 426 3720 2026 3808">
    <p class='ocr_par' dir='ltr' id='par_1_68' title="bbox 426 3720 2026 3808">
     <span class='ocr_line' id='line_1_68' title="bbox 426 3720 2026 3808; baseline 0.001 -17"><span class='ocrx_word' id='word_1_473' title='bbox 426 3720 759 3808; x_wconf 78' lang='lat' dir='ltr'><strong>dinequove</strong></span> <span class='ocrx_word' id='word_1_474' title='bbox 787 3736 845 3792; x_wconf 90' lang='lat' dir='ltr'><strong>in</strong></span> <span class='ocrx_word' id='word_1_475' title='bbox 889 3744 1133 3808; x_wconf 91' lang='lat' dir='ltr'><strong>tempore</strong></span> <span class='ocrx_word' id='word_1_476' title='bbox 1177 3750 1244 3791; x_wconf 93' lang='lat' dir='ltr'><strong>eo</strong></span> <span class='ocrx_word' id='word_1_477' title='bbox 1292 3734 1396 3791; x_wconf 93' lang='lat' dir='ltr'><strong>loci</strong></span> <span class='ocrx_word' id='word_1_478' title='bbox 1442 3735 1818 3806; x_wconf 89' lang='lat' dir='ltr'><strong>pervenerint,</strong></span> <span class='ocrx_word' id='word_1_479' title='bbox 1867 3736 2026 3792; x_wconf 90' lang='lat' dir='ltr'><strong>nobis</strong></span> 
     </span>
    </p>
   </div>
   <div class='ocr_carea' id='block_1_69' title="bbox 426 3826 2025 3901">
    <p class='ocr_par' dir='ltr' id='par_1_69' title="bbox 426 3826 2025 3901">
     <span class='ocr_line' id='line_1_69' title="bbox 426 3826 2025 3901; baseline -0.001 -18"><span class='ocrx_word' id='word_1_480' title='bbox 426 3826 648 3898; x_wconf 82' lang='lat' dir='ltr'><strong>quidem</strong></span> <span class='ocrx_word' id='word_1_481' title='bbox 689 3827 1049 3901; x_wconf 87' lang='lat' dir='ltr'><strong>incognitum,</strong></span> <span class='ocrx_word' id='word_1_482' title='bbox 1078 3827 1189 3882; x_wconf 91' lang='lat' dir='ltr'><strong>Deo</strong></span> <span class='ocrx_word' id='word_1_483' title='bbox 1213 3835 1395 3882; x_wconf 91' lang='lat' dir='ltr'><strong>autem</strong></span> <span class='ocrx_word' id='word_1_484' title='bbox 1426 3826 1677 3882; x_wconf 90' lang='lat' dir='ltr'><strong>novimus</strong></span> <span class='ocrx_word' id='word_1_485' title='bbox 1703 3841 1823 3882; x_wconf 88' lang='lat' dir='ltr'><strong>esse</strong></span> <span class='ocrx_word' id='word_1_486' title='bbox 1852 3827 2025 3882; x_wconf 82' lang='lat' dir='ltr'><strong>mani-</strong></span> 
     </span>
    </p>
   </div>
   <div class='ocr_carea' id='block_1_70' title="bbox 427 3919 2026 3991">
    <p class='ocr_par' dir='ltr' id='par_1_70' title="bbox 427 3919 2026 3991">
     <span class='ocr_line' id='line_1_70' title="bbox 427 3919 2026 3991; baseline -0.002 -14"><span class='ocrx_word' id='word_1_487' title='bbox 427 3921 651 3978; x_wconf 84' lang='lat' dir='ltr'><strong>festum.</strong></span> <span class='ocrx_word' id='word_1_488' title='bbox 677 3919 794 3978; x_wconf 86' lang='lat' dir='ltr'><strong>Hoc</strong></span> <span class='ocrx_word' id='word_1_489' title='bbox 821 3929 1002 3978; x_wconf 84' lang='lat' dir='ltr'><strong>tamen</strong></span> <span class='ocrx_word' id='word_1_490' title='bbox 1048 3935 1240 3978; x_wconf 87' lang='lat' dir='ltr'><strong>onmes</strong></span> <span class='ocrx_word' id='word_1_491' title='bbox 1277 3936 1377 3991; x_wconf 91' lang='lat' dir='ltr'><strong>pro</strong></span> <span class='ocrx_word' id='word_1_492' title='bbox 1423 3929 1575 3976; x_wconf 89' lang='lat' dir='ltr'><strong>certo</strong></span> <span class='ocrx_word' id='word_1_493' title='bbox 1613 3920 1848 3986; x_wconf 91' lang='lat' dir='ltr'><strong>scimus,</strong></span> <span class='ocrx_word' id='word_1_494' title='bbox 1881 3919 2026 3990; x_wconf 90' lang='lat' dir='ltr'><strong>quod</strong></span> 
     </span>
    </p>
   </div>
   <div class='ocr_carea' id='block_1_71' title="bbox 428 4013 2026 4086">
    <p class='ocr_par' dir='ltr' id='par_1_71' title="bbox 428 4013 2026 4086">
     <span class='ocr_line' id='line_1_71' title="bbox 428 4013 2026 4086; baseline 0.001 -18"><span class='ocrx_word' id='word_1_495' title='bbox 428 4028 530 4085; x_wconf 90' lang='lat' dir='ltr'><strong>per</strong></span> <span class='ocrx_word' id='word_1_496' title='bbox 567 4013 788 4086; x_wconf 84' lang='lat' dir='ltr'><strong>triginta</strong></span> <span class='ocrx_word' id='word_1_497' title='bbox 837 4014 1080 4086; x_wconf 90' lang='lat' dir='ltr'><strong>quinque</strong></span> <span class='ocrx_word' id='word_1_498' title='bbox 1123 4029 1294 4070; x_wconf 92' lang='lat' dir='ltr'><strong>annos</strong></span> <span class='ocrx_word' id='word_1_499' title='bbox 1339 4014 1520 4070; x_wconf 89' lang='lat' dir='ltr'><strong>nullus</strong></span> <span class='ocrx_word' id='word_1_500' title='bbox 1558 4014 1868 4070; x_wconf 90' lang='lat' dir='ltr'><strong>mortalium</strong></span> <span class='ocrx_word' id='word_1_501' title='bbox 1908 4015 2026 4085; x_wconf 90' lang='lat' dir='ltr'><strong>ejus</strong></span> 
     </span>
    </p>
   </div>
   <div class='ocr_carea' id='block_1_72' title="bbox 431 4104 2024 4178">
    <p class='ocr_par' dir='ltr' id='par_1_72' title="bbox 431 4104 2024 4178">
     <span class='ocr_line' id='line_1_72' title="bbox 431 4104 2024 4178; baseline -0.003 -15"><span class='ocrx_word' id='word_1_502' title='bbox 431 4104 740 4178; x_wconf 85' lang='lat' dir='ltr'><strong>sepulcrum</strong></span> <span class='ocrx_word' id='word_1_503' title='bbox 765 4105 1000 4177; x_wconf 90' lang='lat' dir='ltr'><strong>aperuit,</strong></span> <span class='ocrx_word' id='word_1_504' title='bbox 1027 4113 1317 4175; x_wconf 88' lang='lat' dir='ltr'><strong>antequam</strong></span> <span class='ocrx_word' id='word_1_505' title='bbox 1345 4119 1585 4175; x_wconf 65' lang='lat' dir='ltr'><strong>praesens</strong></span> <span class='ocrx_word' id='word_1_506' title='bbox 1609 4105 1890 4175; x_wconf 89' lang='lat' dir='ltr'><strong>episcopus</strong></span> <span class='ocrx_word' id='word_1_507' title='bbox 1918 4106 2024 4160; x_wconf 90' lang='lat' dir='ltr'><strong>mi-</strong></span> 
     </span>
    </p>
   </div>
   <div class='ocr_carea' id='block_1_73' title="bbox 430 4193 2025 4268">
    <p class='ocr_par' dir='ltr' id='par_1_73' title="bbox 430 4193 2025 4268">
     <span class='ocr_line' id='line_1_73' title="bbox 430 4193 2025 4268; baseline -0.001 -15"><span class='ocrx_word' id='word_1_508' title='bbox 430 4195 642 4254; x_wconf 87' lang='lat' dir='ltr'><strong>nisterii</strong></span> <span class='ocrx_word' id='word_1_509' title='bbox 661 4196 746 4252; x_wconf 89' lang='lat' dir='ltr'><strong>sui</strong></span> <span class='ocrx_word' id='word_1_510' title='bbox 769 4193 942 4252; x_wconf 83' lang='lat' dir='ltr'><strong>fretus</strong></span> <span class='ocrx_word' id='word_1_511' title='bbox 961 4196 1309 4262; x_wconf 88' lang='lat' dir='ltr'><strong>auctoritate,</strong></span> <span class='ocrx_word' id='word_1_512' title='bbox 1326 4195 1568 4268; x_wconf 86' lang='lat' dir='ltr'><strong>ejusdem</strong></span> <span class='ocrx_word' id='word_1_513' title='bbox 1588 4197 2025 4268; x_wconf 87' lang='lat' dir='ltr'><strong>congregationis</strong></span> 
     </span>
    </p>
   </div>
   <div class='ocr_carea' id='block_1_74' title="bbox 427 4287 2022 4359">
    <p class='ocr_par' dir='ltr' id='par_1_74' title="bbox 427 4287 2022 4359">
     <span class='ocr_line' id='line_1_74' title="bbox 427 4287 2022 4359; baseline -0.003 -12"><span class='ocrx_word' id='word_1_514' title='bbox 427 4290 686 4348; x_wconf 83' lang='lat' dir='ltr'><strong>fratribus</strong></span> <span class='ocrx_word' id='word_1_515' title='bbox 732 4290 837 4346; x_wconf 90' lang='lat' dir='ltr'><strong>hoc</strong></span> <span class='ocrx_word' id='word_1_516' title='bbox 870 4288 1176 4346; x_wconf 82' lang='lat' dir='ltr'><strong>faciendum</strong></span> <span class='ocrx_word' id='word_1_517' title='bbox 1210 4287 1461 4359; x_wconf 78' lang='lat' dir='ltr'><strong>iniunxit.</strong></span> <span class='ocrx_word' id='word_1_518' title='bbox 1499 4288 1646 4345; x_wconf 93' lang='lat' dir='ltr'><strong>ldem</strong></span> <span class='ocrx_word' id='word_1_519' title='bbox 1687 4298 1865 4345; x_wconf 90' lang='lat' dir='ltr'><strong>tamen</strong></span> <span class='ocrx_word' id='word_1_520' title='bbox 1907 4289 2022 4359; x_wconf 87' lang='lat' dir='ltr'><strong>epi-</strong></span> 
     </span>
    </p>
   </div>
   <div class='ocr_carea' id='block_1_75' title="bbox 428 4382 2024 4455">
    <p class='ocr_par' dir='ltr' id='par_1_75' title="bbox 428 4382 2024 4455">
     <span class='ocr_line' id='line_1_75' title="bbox 428 4382 2024 4455; baseline -0.003 -14"><span class='ocrx_word' id='word_1_521' title='bbox 428 4397 626 4455; x_wconf 88' lang='lat' dir='ltr'><strong>scopus</strong></span> <span class='ocrx_word' id='word_1_522' title='bbox 653 4382 1033 4439; x_wconf 88' lang='lat' dir='ltr'><strong>venerabiliter</strong></span> <span class='ocrx_word' id='word_1_523' title='bbox 1059 4397 1155 4438; x_wconf 87' lang='lat' dir='ltr'><strong>eas</strong></span> <span class='ocrx_word' id='word_1_524' title='bbox 1183 4382 1467 4439; x_wconf 79' lang='lat' dir='ltr'><strong>assumens</strong></span> <span class='ocrx_word' id='word_1_525' title='bbox 1493 4398 1650 4438; x_wconf 90' lang='lat' dir='ltr'><strong>sacro</strong></span> <span class='ocrx_word' id='word_1_526' title='bbox 1685 4382 1897 4452; x_wconf 91' lang='lat' dir='ltr'><strong>corpori</strong></span> <span class='ocrx_word' id='word_1_527' title='bbox 1927 4397 2024 4453; x_wconf 87' lang='lat' dir='ltr'><strong>ap-</strong></span> 
     </span>
    </p>
   </div>
   <div class='ocr_carea' id='block_1_76' title="bbox 424 4473 2025 4548">
    <p class='ocr_par' dir='ltr' id='par_1_76' title="bbox 424 4473 2025 4548">
     <span class='ocr_line' id='line_1_76' title="bbox 424 4473 2025 4548; baseline -0.001 -16"><span class='ocrx_word' id='word_1_528' title='bbox 424 4476 626 4548; x_wconf 89' lang='lat' dir='ltr'><strong>posuit,</strong></span> <span class='ocrx_word' id='word_1_529' title='bbox 651 4474 938 4548; x_wconf 88' lang='lat' dir='ltr'><strong>ipsumque</strong></span> <span class='ocrx_word' id='word_1_530' title='bbox 963 4489 1162 4546; x_wconf 90' lang='lat' dir='ltr'><strong>corpus</strong></span> <span class='ocrx_word' id='word_1_531' title='bbox 1191 4490 1315 4531; x_wconf 92' lang='lat' dir='ltr'><strong>cum</strong></span> <span class='ocrx_word' id='word_1_532' title='bbox 1360 4490 1572 4531; x_wconf 91' lang='lat' dir='ltr'><strong>summa</strong></span> <span class='ocrx_word' id='word_1_533' title='bbox 1612 4475 1821 4532; x_wconf 88' lang='lat' dir='ltr'><strong>cautela</strong></span> <span class='ocrx_word' id='word_1_534' title='bbox 1860 4473 2025 4530; x_wconf 85' lang='lat' dir='ltr'><strong>obvo-</strong></span> 
     </span>
    </p>
   </div>
   <div class='ocr_carea' id='block_1_77' title="bbox 426 4567 2023 4641">
    <p class='ocr_par' dir='ltr' id='par_1_77' title="bbox 426 4567 2023 4641">
     <span class='ocr_line' id='line_1_77' title="bbox 426 4567 2023 4641; baseline 0.001 -18"><span class='ocrx_word' id='word_1_535' title='bbox 426 4568 603 4624; x_wconf 90' lang='lat' dir='ltr'><strong>lutum</strong></span> <span class='ocrx_word' id='word_1_536' title='bbox 635 4567 690 4624; x_wconf 93' lang='lat' dir='ltr'><strong>in</strong></span> <span class='ocrx_word' id='word_1_537' title='bbox 729 4567 923 4626; x_wconf 88' lang='lat' dir='ltr'><strong>lectica</strong></span> <span class='ocrx_word' id='word_1_538' title='bbox 958 4569 1209 4641; x_wconf 86' lang='lat' dir='ltr'><strong>superius</strong></span> <span class='ocrx_word' id='word_1_539' title='bbox 1235 4567 1380 4626; x_wconf 90' lang='lat' dir='ltr'><strong>dicta</strong></span> <span class='ocrx_word' id='word_1_540' title='bbox 1419 4568 1720 4627; x_wconf 84' lang='lat' dir='ltr'><strong>honorifice</strong></span> <span class='ocrx_word' id='word_1_541' title='bbox 1747 4583 2023 4626; x_wconf 90' lang='lat' dir='ltr'><strong>commen-</strong></span> 
     </span>
    </p>
   </div>
   <div class='ocr_carea' id='block_1_78' title="bbox 428 4662 598 4721">
    <p class='ocr_par' dir='ltr' id='par_1_78' title="bbox 428 4662 598 4721">
     <span class='ocr_line' id='line_1_78' title="bbox 428 4662 598 4721; baseline -0.018 -1"><span class='ocrx_word' id='word_1_542' title='bbox 428 4662 598 4721; x_wconf 79' lang='lat' dir='ltr'><strong>davit.</strong></span> 
     </span>
    </p>
   </div>
   <div class='ocr_carea' id='block_1_79' title="bbox 1037 4818 1394 4878">
    <p class='ocr_par' dir='ltr' id='par_1_79' title="bbox 1037 4818 1394 4878">
     <span class='ocr_line' id='line_1_79' title="bbox 1037 4818 1394 4878; baseline -0.003 -2"><span class='ocrx_word' id='word_1_543' title='bbox 1037 4818 1267 4878; x_wconf 79' lang='lat' dir='ltr'><strong>CAPUT</strong></span> <span class='ocrx_word' id='word_1_544' title='bbox 1303 4819 1394 4876; x_wconf 85' lang='lat' dir='ltr'><strong>IV.</strong></span> 
     </span>
    </p>
   </div>
   <div class='ocr_carea' id='block_1_80' title="bbox 387 4921 2020 5060">
    <p class='ocr_par' dir='ltr' id='par_1_80' title="bbox 387 4921 2020 5060">
     <span class='ocr_line' id='line_1_80' title="bbox 387 4921 2020 5060; baseline 0.001 -71"><span class='ocrx_word' id='word_1_545' title='bbox 387 4921 392 4924; x_wconf 53' lang='grc'><em>’</em></span> <span class='ocrx_word' id='word_1_546' title='bbox 427 4929 582 4990; x_wconf 82' lang='lat' dir='ltr'><strong>Beati</strong></span> <span class='ocrx_word' id='word_1_547' title='bbox 609 4931 853 4990; x_wconf 79' lang='lat' dir='ltr'><strong>0thmari</strong></span> <span class='ocrx_word' id='word_1_548' title='bbox 895 4933 1214 5059; x_wconf 62' lang='lat' dir='ltr'><strong>translatilol;</strong></span> <span class='ocrx_word' id='word_1_549' title='bbox 1245 4934 1634 5060; x_wconf 54' lang='lat' dir='ltr'><strong>gfestiuitatis</strong></span> <span class='ocrx_word' id='word_1_550' title='bbox 1671 4949 1788 5006; x_wconf 68' lang='lat' dir='ltr'><strong>ejus</strong></span> <span class='ocrx_word' id='word_1_551' title='bbox 1819 4936 2020 4990; x_wconf 80' lang='lat' dir='ltr'><strong>indicta</strong></span> 
     </span>
     <span class='ocr_line' id='line_1_81' title="bbox 503 5021 1374 5060; baseline 0.001 -2"><span class='ocrx_word' id='word_1_552' title='bbox 503 5041 506 5046; x_wconf 85' lang='lat'><strong><em>-</em></strong></span> <span class='ocrx_word' id='word_1_553' title='bbox 1077 5021 1134 5060; x_wconf 83' lang='lat' dir='ltr'><strong>ce</strong></span> <span class='ocrx_word' id='word_1_554' title='bbox 1155 5023 1182 5060; x_wconf 86' lang='lat' dir='ltr'><strong>e</strong></span> <span class='ocrx_word' id='word_1_555' title='bbox 1220 5023 1246 5059; x_wconf 91' lang='lat' dir='ltr'><strong>r</strong></span> <span class='ocrx_word' id='word_1_556' title='bbox 1301 5021 1374 5060; x_wconf 81' lang='grc' dir='ltr'><strong>ιο.</strong></span> 
     </span>
    </p>
   </div>
   <div class='ocr_carea' id='block_1_81' title="bbox 503 5021 1374 5060">
    <p class='ocr_par' dir='ltr' id='par_1_81' title="bbox 503 5021 1374 5060">
     <span class='ocr_line' id='line_1_82' title="bbox 503 5021 1374 5060; baseline -0.001 1"><span class='ocrx_word' id='word_1_557' title='bbox 503 5041 506 5046; x_wconf 96' lang='grc'><strong><em>-</em></strong></span> <span class='ocrx_word' id='word_1_558' title='bbox 1077 5021 1374 5060; x_wconf 75' lang='lat' dir='ltr'><strong>ceteoratto.</strong></span> 
     </span>
    </p>
   </div>
   <div class='ocr_carea' id='block_1_82' title="bbox 497 5115 2017 5193">
    <p class='ocr_par' dir='ltr' id='par_1_82' title="bbox 497 5115 2017 5193">
     <span class='ocr_line' id='line_1_83' title="bbox 497 5115 2017 5193; baseline 0.005 -22"><span class='ocrx_word' id='word_1_559' title='bbox 497 5115 632 5172; x_wconf 83' lang='lat' dir='ltr'><strong>Post</strong></span> <span class='ocrx_word' id='word_1_560' title='bbox 650 5117 767 5174; x_wconf 59' lang='lat' dir='ltr'><strong>hac</strong></span> <span class='ocrx_word' id='word_1_561' title='bbox 790 5117 956 5190; x_wconf 87' lang='lat' dir='ltr'><strong>igitur</strong></span> <span class='ocrx_word' id='word_1_562' title='bbox 985 5117 1132 5175; x_wconf 89' lang='lat' dir='ltr'><strong>facto</strong></span> <span class='ocrx_word' id='word_1_563' title='bbox 1159 5119 1445 5177; x_wconf 89' lang='lat' dir='ltr'><strong>intervallo</strong></span> <span class='ocrx_word' id='word_1_564' title='bbox 1474 5123 1629 5193; x_wconf 86' lang='lat' dir='ltr'><strong>quasi</strong></span> <span class='ocrx_word' id='word_1_565' title='bbox 1655 5124 1804 5179; x_wconf 84' lang='lat' dir='ltr'><strong>horae</strong></span> <span class='ocrx_word' id='word_1_566' title='bbox 1833 5123 2017 5190; x_wconf 89' lang='lat' dir='ltr'><strong>unius,</strong></span> 
     </span>
    </p>
   </div>
   <div class='ocr_carea' id='block_1_83' title="bbox 423 5207 2015 5280">
    <p class='ocr_par' dir='ltr' id='par_1_83' title="bbox 423 5207 2015 5280">
     <span class='ocr_line' id='line_1_84' title="bbox 423 5207 2015 5280; baseline 0.004 -14"><span class='ocrx_word' id='word_1_567' title='bbox 423 5207 626 5280; x_wconf 69' lang='lat' dir='ltr'><strong>praesul</strong></span> <span class='ocrx_word' id='word_1_568' title='bbox 653 5210 880 5266; x_wconf 85' lang='lat' dir='ltr'><strong>devotus</strong></span> <span class='ocrx_word' id='word_1_569' title='bbox 909 5210 1126 5267; x_wconf 88' lang='lat' dir='ltr'><strong>hortatu</strong></span> <span class='ocrx_word' id='word_1_570' title='bbox 1154 5211 1418 5268; x_wconf 87' lang='lat' dir='ltr'><strong>Grimaldi</strong></span> <span class='ocrx_word' id='word_1_571' title='bbox 1445 5215 1659 5271; x_wconf 87' lang='lat' dir='ltr'><strong>abbatis</strong></span> <span class='ocrx_word' id='word_1_572' title='bbox 1681 5216 1864 5273; x_wconf 91' lang='lat' dir='ltr'><strong>debito</strong></span> <span class='ocrx_word' id='word_1_573' title='bbox 1893 5233 2015 5272; x_wconf 91' lang='lat' dir='ltr'><strong>cum</strong></span> 
     </span>
    </p>
   </div>
   <div class='ocr_carea' id='block_1_84' title="bbox 424 5383 2017 5512">
    <p class='ocr_par' dir='ltr' id='par_1_84' title="bbox 424 5383 2017 5512">
     <span class='ocr_line' id='line_1_85' title="bbox 424 5383 2017 5512; baseline 0.006 -72"><span class='ocrx_word' id='word_1_574' title='bbox 424 5383 729 5440; x_wconf 84' lang='lat' dir='ltr'><strong>monachus</strong></span> <span class='ocrx_word' id='word_1_575' title='bbox 752 5383 1065 5512; x_wconf 50' lang='lat' dir='ltr'><strong>proturbatis</strong></span> <span class='ocrx_word' id='word_1_576' title='bbox 1091 5386 1260 5457; x_wconf 89' lang='lat' dir='ltr'><strong>gessit</strong></span> <span class='ocrx_word' id='word_1_577' title='bbox 1283 5385 1540 5454; x_wconf 83' lang='lat' dir='ltr'><strong>ofﬁcium,</strong></span> <span class='ocrx_word' id='word_1_578' title='bbox 1568 5405 1852 5447; x_wconf 88' lang='lat' dir='ltr'><strong>successor</strong></span> <span class='ocrx_word' id='word_1_579' title='bbox 1892 5407 2017 5466; x_wconf 87' lang='lat' dir='ltr'><strong>pos-</strong></span> 
     </span>
     <span class='ocr_line' id='line_1_86' title="bbox 428 5453 1744 5512; baseline 0.002 -2"><span class='ocrx_word' id='word_1_580' title='bbox 428 5464 518 5510; x_wconf 83' lang='lat' dir='ltr'><strong>tea</strong></span> <span class='ocrx_word' id='word_1_581' title='bbox 545 5453 741 5511; x_wconf 84' lang='lat' dir='ltr'><strong>factus.</strong></span> <span class='ocrx_word' id='word_1_582' title='bbox 813 5469 912 5512; x_wconf 66' lang='lat' dir='ltr'><strong>eae</strong></span> <span class='ocrx_word' id='word_1_583' title='bbox 937 5455 1280 5512; x_wconf 77' lang='lat' dir='ltr'><strong>Ratbertum.</strong></span> <span class='ocrx_word' id='word_1_584' title='bbox 1303 5473 1424 5512; x_wconf 89' lang='lat' dir='ltr'><strong>can.</strong></span> <span class='ocrx_word' id='word_1_585' title='bbox 1458 5460 1492 5512; x_wconf 90' lang='lat'><strong>8</strong></span> <span class='ocrx_word' id='word_1_586' title='bbox 1512 5469 1569 5512; x_wconf 92' lang='lat' dir='ltr'><strong>et</strong></span> <span class='ocrx_word' id='word_1_587' title='bbox 1591 5477 1744 5512; x_wconf 83' lang='lat' dir='ltr'><strong>sena.</strong></span> 
     </span>
    </p>
   </div>
   <div class='ocr_carea' id='block_1_85' title="bbox 428 5453 1744 5532">
    <p class='ocr_par' dir='ltr' id='par_1_85' title="bbox 428 5453 1744 5532">
     <span class='ocr_line' id='line_1_87' title="bbox 428 5453 1744 5532; baseline 0.005 -22"><span class='ocrx_word' id='word_1_588' title='bbox 428 5464 518 5510; x_wconf 83' lang='lat' dir='ltr'><strong>tea</strong></span> <span class='ocrx_word' id='word_1_589' title='bbox 545 5453 912 5532; x_wconf 72' lang='lat' dir='ltr'><strong>factus.Leg_e</strong></span> <span class='ocrx_word' id='word_1_590' title='bbox 933 5453 1280 5532; x_wconf 59' lang='lat' dir='ltr'><strong>Ratbe&#39;rturn,</strong></span> <span class='ocrx_word' id='word_1_591' title='bbox 1303 5473 1424 5532; x_wconf 81' lang='lat' dir='ltr'><strong>cap.</strong></span> <span class='ocrx_word' id='word_1_592' title='bbox 1458 5460 1492 5515; x_wconf 89' lang='lat'><strong>8</strong></span> <span class='ocrx_word' id='word_1_593' title='bbox 1512 5453 1569 5515; x_wconf 89' lang='lat' dir='ltr'><strong>et</strong></span> <span class='ocrx_word' id='word_1_594' title='bbox 1591 5477 1744 5532; x_wconf 89' lang='lat' dir='ltr'><strong>seqq.</strong></span> 
     </span>
    </p>
   </div>
   <div class='ocr_carea' id='block_1_86' title="bbox 495 5523 2012 5604">
    <p class='ocr_par' dir='ltr' id='par_1_86' title="bbox 495 5523 2012 5604">
     <span class='ocr_line' id='line_1_88' title="bbox 495 5523 2012 5604; baseline 0.006 -22"><span class='ocrx_word' id='word_1_595' title='bbox 495 5523 604 5604; x_wconf 49' lang='grc' dir='ltr'><strong>ι-Ιε</strong></span> <span class='ocrx_word' id='word_1_596' title='bbox 631 5523 1164 5604; x_wconf 46' lang='lat' dir='ltr'><strong>posteaﬁjrimoaldo</strong></span> <span class='ocrx_word' id='word_1_597' title='bbox 1193 5523 1685 5604; x_wconf 58' lang='lat' dir='ltr'><strong>abbati&#39;suceessit,</strong></span> <span class='ocrx_word' id='word_1_598' title='bbox 1707 5523 1857 5590; x_wconf 76' lang='lat' dir='ltr'><strong>anno</strong></span> <span class='ocrx_word' id='word_1_599' title='bbox 1884 5535 2012 5604; x_wconf 73' lang='lat'><strong>872,</strong></span> 
     </span>
    </p>
   </div>
   <div class='ocr_carea' id='block_1_87' title="bbox 423 5594 2017 5669">
    <p class='ocr_par' dir='ltr' id='par_1_87' title="bbox 423 5594 2017 5669">
     <span class='ocr_line' id='line_1_89' title="bbox 423 5594 2017 5669; baseline 0.008 -17"><span class='ocrx_word' id='word_1_600' title='bbox 423 5594 674 5669; x_wconf 74' lang='lat' dir='ltr'><strong>laudatus</strong></span> <span class='ocrx_word' id='word_1_601' title='bbox 696 5598 838 5669; x_wconf 88' lang='lat' dir='ltr'><strong>apud</strong></span> <span class='ocrx_word' id='word_1_602' title='bbox 861 5597 1180 5656; x_wconf 79' lang='lat' dir='ltr'><strong>Ratbertum</strong></span> <span class='ocrx_word' id='word_1_603' title='bbox 1205 5601 1525 5656; x_wconf 87' lang='lat' dir='ltr'><strong>monachum</strong></span> <span class='ocrx_word' id='word_1_604' title='bbox 1545 5601 1598 5658; x_wconf 94' lang='lat' dir='ltr'><strong>in</strong></span> <span class='ocrx_word' id='word_1_605' title='bbox 1621 5594 1760 5660; x_wconf 85' lang='lat' dir='ltr'><strong>libro</strong></span> <span class='ocrx_word' id='word_1_606' title='bbox 1781 5594 2017 5664; x_wconf 64' lang='lat' dir='ltr'><strong>de-Casi1</strong></span> 
     </span>
    </p>
   </div>
   <div class='ocr_carea' id='block_1_88' title="bbox 421 5667 2010 5745">
    <p class='ocr_par' dir='ltr' id='par_1_88' title="bbox 421 5667 2010 5745">
     <span class='ocr_line' id='line_1_90' title="bbox 421 5667 2010 5745; baseline 0.008 -23"><span class='ocrx_word' id='word_1_607' title='bbox 421 5667 524 5724; x_wconf 86' lang='lat' dir='ltr'><strong>bus</strong></span> <span class='ocrx_word' id='word_1_608' title='bbox 543 5667 782 5745; x_wconf 79' lang='lat' dir='ltr'><strong>ejusdem</strong></span> <span class='ocrx_word' id='word_1_609' title='bbox 805 5669 1116 5745; x_wconf 65' lang='lat' dir='ltr'><strong>monasterii</strong></span> <span class='ocrx_word' id='word_1_610' title='bbox 1127 5685 1260 5745; x_wconf 55' lang='lat' dir='ltr'><strong>gap.</strong></span> <span class='ocrx_word' id='word_1_611' title='bbox 1284 5671 1317 5726; x_wconf 88' lang='lat'><strong>9</strong></span> <span class='ocrx_word' id='word_1_612' title='bbox 1341 5680 1400 5745; x_wconf 80' lang='lat' dir='ltr'><strong>et</strong></span> <span class='ocrx_word' id='word_1_613' title='bbox 1421 5671 1506 5745; x_wconf 71' lang='lat' dir='ltr'><strong>lt),</strong></span> <span class='ocrx_word' id='word_1_614' title='bbox 1537 5683 1720 5745; x_wconf 88' lang='lat' dir='ltr'><strong>postea</strong></span> <span class='ocrx_word' id='word_1_615' title='bbox 1751 5676 2010 5745; x_wconf 91' lang='lat' dir='ltr'><strong>inclusus,</strong></span> 
     </span>
    </p>
   </div>
   <div class='ocr_carea' id='block_1_89' title="bbox 423 5738 2012 5812">
    <p class='ocr_par' dir='ltr' id='par_1_89' title="bbox 423 5738 2012 5812">
     <span class='ocr_line' id='line_1_91' title="bbox 423 5738 2012 5812; baseline 0.009 -21"><span class='ocrx_word' id='word_1_616' title='bbox 423 5738 878 5812; x_wconf 60' lang='lat' dir='ltr'><strong>teste&#39;_Anonymo</strong></span> <span class='ocrx_word' id='word_1_617' title='bbox 907 5739 1094 5812; x_wconf 80' lang='lat' dir='ltr'><strong>sancti</strong></span> <span class='ocrx_word' id='word_1_618' title='bbox 1117 5738 1356 5797; x_wconf 89' lang='lat' dir='ltr'><strong>Gallensi</strong></span> <span class='ocrx_word' id='word_1_619' title='bbox 1383 5744 1435 5799; x_wconf 90' lang='lat' dir='ltr'><strong>in</strong></span> <span class='ocrx_word' id='word_1_620' title='bbox 1470 5738 1564 5801; x_wconf 56' lang='lat' dir='ltr'><strong>lib&quot;.</strong></span> <span class='ocrx_word' id='word_1_621' title='bbox 1596 5761 1636 5800; x_wconf 88' lang='grc' dir='ltr'><strong>ιι</strong></span> <span class='ocrx_word' id='word_1_622' title='bbox 1661 5747 1729 5803; x_wconf 92' lang='lat' dir='ltr'><strong>de</strong></span> <span class='ocrx_word' id='word_1_623' title='bbox 1765 5747 1883 5803; x_wconf 83' lang='lat' dir='ltr'><strong>Vita</strong></span> <span class='ocrx_word' id='word_1_624' title='bbox 1911 5738 2012 5805; x_wconf 53' lang='lat' dir='ltr'><strong>Ca;</strong></span> 
     </span>
    </p>
   </div>
   <div class='ocr_carea' id='block_1_90' title="bbox 422 5807 1012 5882">
    <p class='ocr_par' dir='ltr' id='par_1_90' title="bbox 422 5807 1012 5882">
     <span class='ocr_line' id='line_1_92' title="bbox 422 5807 1012 5882; baseline 0.003 -18"><span class='ocrx_word' id='word_1_625' title='bbox 422 5807 525 5882; x_wconf 87' lang='lat' dir='ltr'><strong>roli</strong></span> <span class='ocrx_word' id='word_1_626' title='bbox 550 5807 898 5882; x_wconf 60' lang='lat' dir='ltr'><strong>ﬂagni,&#39;cap.</strong></span> <span class='ocrx_word' id='word_1_627' title='bbox 924 5811 1012 5867; x_wconf 75' lang='grc'><strong>15.</strong></span> 
     </span>
    </p>
   </div>
   <div class='ocr_carea' id='block_1_91' title="bbox 495 5879 2007 5956">
    <p class='ocr_par' dir='ltr' id='par_1_91' title="bbox 495 5879 2007 5956">
     <span class='ocr_line' id='line_1_93' title="bbox 495 5879 2007 5956; baseline 0.008 -22"><span class='ocrx_word' id='word_1_628' title='bbox 495 5880 524 5919; x_wconf 66' lang='grc' dir='ltr'>δ</span> <span class='ocrx_word' id='word_1_629' title='bbox 554 5879 632 5937; x_wconf 79' lang='lat' dir='ltr'><strong>De&#39;</strong></span> <span class='ocrx_word' id='word_1_630' title='bbox 646 5879 861 5937; x_wconf 55' lang='lat' dir='ltr'><strong>&#39;oblatis&#39;</strong></span> <span class='ocrx_word' id='word_1_631' title='bbox 876 5897 971 5938; x_wconf 88' lang='lat' dir='ltr'><strong>seu</strong></span> <span class='ocrx_word' id='word_1_632' title='bbox 991 5883 1350 5940; x_wconf 83' lang='lat' dir='ltr'><strong>oblationibus</strong></span> <span class='ocrx_word' id='word_1_633' title='bbox 1385 5901 1518 5956; x_wconf 74' lang='lat' dir='ltr'><strong>(ptas</strong></span> <span class='ocrx_word' id='word_1_634' title='bbox 1555 5889 1761 5946; x_wconf 83' lang='lat' dir='ltr'><strong>hostias</strong></span> <span class='ocrx_word' id='word_1_635' title='bbox 1797 5902 2007 5954; x_wconf 75' lang='lat' dir='ltr'><strong>vocant.</strong></span> 
     </span>
    </p>
   </div>
   <div class='ocr_carea' id='block_1_92' title="bbox 2125 3385 3718 3462">
    <p class='ocr_par' dir='ltr' id='par_1_92' title="bbox 2125 3385 3718 3462">
     <span class='ocr_line' id='line_1_94' title="bbox 2125 3385 3718 3462; baseline 0.003 -22"><span class='ocrx_word' id='word_1_636' title='bbox 2125 3385 2503 3443; x_wconf 90' lang='lat' dir='ltr'><strong>benedictione</strong></span> <span class='ocrx_word' id='word_1_637' title='bbox 2529 3386 2796 3456; x_wconf 89' lang='lat' dir='ltr'><strong>munitus,</strong></span> <span class='ocrx_word' id='word_1_638' title='bbox 2829 3388 3217 3444; x_wconf 89' lang='lat' dir='ltr'><strong>monasterium</strong></span> <span class='ocrx_word' id='word_1_639' title='bbox 3237 3388 3392 3444; x_wconf 85' lang='lat' dir='ltr'><strong>laetus</strong></span> <span class='ocrx_word' id='word_1_640' title='bbox 3416 3389 3718 3462; x_wconf 90' lang='lat' dir='ltr'><strong>egreditur.</strong></span> 
     </span>
    </p>
   </div>
   <div class='ocr_carea' id='block_1_93' title="bbox 2753 3519 3079 3576">
    <p class='ocr_par' dir='ltr' id='par_1_93' title="bbox 2753 3519 3079 3576">
     <span class='ocr_line' id='line_1_95' title="bbox 2753 3519 3079 3576; baseline -0.006 -1"><span class='ocrx_word' id='word_1_641' title='bbox 2753 3519 2983 3576; x_wconf 79' lang='lat' dir='ltr'><strong>CAPUT</strong></span> <span class='ocrx_word' id='word_1_642' title='bbox 3015 3519 3079 3574; x_wconf 77' lang='grc' dir='ltr'><strong>ν.</strong></span> 
     </span>
    </p>
   </div>
   <div class='ocr_carea' id='block_1_94' title="bbox 2127 3629 3719 3758">
    <p class='ocr_par' dir='ltr' id='par_1_94' title="bbox 2127 3629 3719 3758">
     <span class='ocr_line' id='line_1_96' title="bbox 2127 3629 3719 3758; baseline 0.004 -75"><span class='ocrx_word' id='word_1_643' title='bbox 2127 3629 2454 3688; x_wconf 81' lang='lat' dir='ltr'><strong>Abbreviatio</strong></span> <span class='ocrx_word' id='word_1_644' title='bbox 2490 3633 2866 3758; x_wconf 70' lang='lat' dir='ltr'><strong>temper-ambiri</strong></span> <span class='ocrx_word' id='word_1_645' title='bbox 2900 3632 3089 3703; x_wconf 79' lang='lat' dir='ltr'><strong>quibus</strong></span> <span class='ocrx_word' id='word_1_646' title='bbox 3124 3644 3544 3689; x_wconf 76' lang='lat' dir='ltr'><strong>commemorata:</strong></span> <span class='ocrx_word' id='word_1_647' title='bbox 3572 3651 3719 3705; x_wconf 59' lang='lat' dir='ltr'><strong>gere-</strong></span> 
     </span>
     <span class='ocr_line' id='line_1_97' title="bbox 2803 3715 3088 3758; baseline 0.004 -1"><span class='ocrx_word' id='word_1_648' title='bbox 2803 3715 2964 3758; x_wconf 87' lang='lat' dir='ltr'><strong>antur</strong></span> <span class='ocrx_word' id='word_1_649' title='bbox 2986 3720 3088 3758; x_wconf 81' lang='lat' dir='ltr'><strong>res.</strong></span> 
     </span>
    </p>
   </div>
   <div class='ocr_carea' id='block_1_95' title="bbox 2803 3715 3088 3759">
    <p class='ocr_par' dir='ltr' id='par_1_95' title="bbox 2803 3715 3088 3759">
     <span class='ocr_line' id='line_1_98' title="bbox 2803 3715 3088 3759; baseline 0.007 -2"><span class='ocrx_word' id='word_1_650' title='bbox 2803 3715 2964 3758; x_wconf 87' lang='lat' dir='ltr'><strong>antur</strong></span> <span class='ocrx_word' id='word_1_651' title='bbox 2986 3720 3088 3759; x_wconf 74' lang='grc' dir='ltr'><strong>τεε.</strong></span> 
     </span>
    </p>
   </div>
   <div class='ocr_carea' id='block_1_96' title="bbox 2198 3835 3719 3910">
    <p class='ocr_par' dir='ltr' id='par_1_96' title="bbox 2198 3835 3719 3910">
     <span class='ocr_line' id='line_1_99' title="bbox 2198 3835 3719 3910; baseline 0 -17"><span class='ocrx_word' id='word_1_652' title='bbox 2198 3835 2317 3904; x_wconf 78' lang='lat' dir='ltr'><strong>Quo</strong></span> <span class='ocrx_word' id='word_1_653' title='bbox 2363 3849 2494 3892; x_wconf 93' lang='lat' dir='ltr'><strong>vero</strong></span> <span class='ocrx_word' id='word_1_654' title='bbox 2525 3843 2828 3907; x_wconf 89' lang='lat' dir='ltr'><strong>temporum</strong></span> <span class='ocrx_word' id='word_1_655' title='bbox 2868 3843 3033 3904; x_wconf 90' lang='lat' dir='ltr'><strong>statu,</strong></span> <span class='ocrx_word' id='word_1_656' title='bbox 3064 3837 3150 3892; x_wconf 89' lang='lat' dir='ltr'><strong>vel</strong></span> <span class='ocrx_word' id='word_1_657' title='bbox 3198 3838 3298 3893; x_wconf 88' lang='lat' dir='ltr'><strong>sub</strong></span> <span class='ocrx_word' id='word_1_658' title='bbox 3326 3837 3522 3908; x_wconf 88' lang='lat' dir='ltr'><strong>quibus</strong></span> <span class='ocrx_word' id='word_1_659' title='bbox 3564 3839 3719 3910; x_wconf 88' lang='lat' dir='ltr'><strong>regni</strong></span> 
     </span>
    </p>
   </div>
   <div class='ocr_carea' id='block_1_97' title="bbox 2127 3928 3720 4002">
    <p class='ocr_par' dir='ltr' id='par_1_97' title="bbox 2127 3928 3720 4002">
     <span class='ocr_line' id='line_1_100' title="bbox 2127 3928 3720 4002; baseline 0.001 -16"><span class='ocrx_word' id='word_1_660' title='bbox 2127 3929 2463 4002; x_wconf 90' lang='lat' dir='ltr'><strong>principibus</strong></span> <span class='ocrx_word' id='word_1_661' title='bbox 2490 3930 2607 3984; x_wconf 77' lang='lat' dir='ltr'><strong>haec</strong></span> <span class='ocrx_word' id='word_1_662' title='bbox 2636 3938 2787 3999; x_wconf 89' lang='lat' dir='ltr'><strong>gesta</strong></span> <span class='ocrx_word' id='word_1_663' title='bbox 2817 3928 3048 3995; x_wconf 89' lang='lat' dir='ltr'><strong>fuerint,</strong></span> <span class='ocrx_word' id='word_1_664' title='bbox 3077 3929 3124 3985; x_wconf 91' lang='lat' dir='ltr'><strong>si</strong></span> <span class='ocrx_word' id='word_1_665' title='bbox 3149 3929 3272 4001; x_wconf 91' lang='lat' dir='ltr'><strong>quis</strong></span> <span class='ocrx_word' id='word_1_666' title='bbox 3293 3932 3384 4002; x_wconf 91' lang='lat' dir='ltr'><strong>pie</strong></span> <span class='ocrx_word' id='word_1_667' title='bbox 3425 3932 3720 4001; x_wconf 67' lang='lat' dir='ltr'><strong>quaerendo</strong></span> 
     </span>
    </p>
   </div>
   <div class='ocr_carea' id='block_1_98' title="bbox 2129 4020 3720 4094">
    <p class='ocr_par' dir='ltr' id='par_1_98' title="bbox 2129 4020 3720 4094">
     <span class='ocr_line' id='line_1_101' title="bbox 2129 4020 3720 4094; baseline 0.002 -17"><span class='ocrx_word' id='word_1_668' title='bbox 2129 4036 2459 4094; x_wconf 85' lang='lat' dir='ltr'><strong>cognoscere</strong></span> <span class='ocrx_word' id='word_1_669' title='bbox 2487 4020 2656 4092; x_wconf 90' lang='lat' dir='ltr'><strong>cupit,</strong></span> <span class='ocrx_word' id='word_1_670' title='bbox 2685 4021 2740 4076; x_wconf 92' lang='lat' dir='ltr'><strong>in</strong></span> <span class='ocrx_word' id='word_1_671' title='bbox 2763 4021 2866 4078; x_wconf 89' lang='lat' dir='ltr'><strong>hac</strong></span> <span class='ocrx_word' id='word_1_672' title='bbox 2894 4029 3097 4078; x_wconf 64' lang='lat' dir='ltr'><strong>nostra:</strong></span> <span class='ocrx_word' id='word_1_673' title='bbox 3128 4023 3548 4093; x_wconf 88' lang='lat' dir='ltr'><strong>censeriptionis</strong></span> <span class='ocrx_word' id='word_1_674' title='bbox 3576 4026 3720 4080; x_wconf 87' lang='lat' dir='ltr'><strong>serie</strong></span> 
     </span>
    </p>
   </div>
   <div class='ocr_carea' id='block_1_99' title="bbox 2129 4115 3721 4194">
    <p class='ocr_par' dir='ltr' id='par_1_99' title="bbox 2129 4115 3721 4194">
     <span class='ocr_line' id='line_1_102' title="bbox 2129 4115 3721 4194; baseline 0.001 -22"><span class='ocrx_word' id='word_1_675' title='bbox 2129 4115 2288 4172; x_wconf 88' lang='lat' dir='ltr'><strong>facile</strong></span> <span class='ocrx_word' id='word_1_676' title='bbox 2332 4115 2535 4188; x_wconf 91' lang='lat' dir='ltr'><strong>poterit</strong></span> <span class='ocrx_word' id='word_1_677' title='bbox 2561 4115 2809 4194; x_wconf 83' lang='lat' dir='ltr'><strong>invenire</strong></span> <span class='ocrx_word' id='word_1_678' title='bbox 2848 4117 2991 4186; x_wconf 92' lang='lat' dir='ltr'><strong>quod</strong></span> <span class='ocrx_word' id='word_1_679' title='bbox 3019 4117 3236 4188; x_wconf 66' lang='lat' dir='ltr'><strong>quaerit.</strong></span> <span class='ocrx_word' id='word_1_680' title='bbox 3264 4116 3382 4186; x_wconf 86' lang='lat' dir='ltr'><strong>Ipsa</strong></span> <span class='ocrx_word' id='word_1_681' title='bbox 3411 4119 3553 4172; x_wconf 91' lang='lat' dir='ltr'><strong>enim</strong></span> <span class='ocrx_word' id='word_1_682' title='bbox 3586 4128 3721 4173; x_wconf 84' lang='lat' dir='ltr'><strong>tem-</strong></span> 
     </span>
    </p>
   </div>
   <div class='ocr_carea' id='block_1_100' title="bbox 2128 4206 3720 4280">
    <p class='ocr_par' dir='ltr' id='par_1_100' title="bbox 2128 4206 3720 4280">
     <span class='ocr_line' id='line_1_103' title="bbox 2128 4206 3720 4280; baseline -0.001 -16"><span class='ocrx_word' id='word_1_683' title='bbox 2128 4222 2319 4278; x_wconf 89' lang='lat' dir='ltr'><strong>porum</strong></span> <span class='ocrx_word' id='word_1_684' title='bbox 2352 4214 2556 4262; x_wconf 88' lang='lat' dir='ltr'><strong>statuta</strong></span> <span class='ocrx_word' id='word_1_685' title='bbox 2588 4206 2694 4264; x_wconf 87' lang='lat' dir='ltr'><strong>hoc</strong></span> <span class='ocrx_word' id='word_1_686' title='bbox 2720 4207 2776 4262; x_wconf 91' lang='lat' dir='ltr'><strong>in</strong></span> <span class='ocrx_word' id='word_1_687' title='bbox 2807 4206 2925 4264; x_wconf 90' lang='lat' dir='ltr'><strong>loco</strong></span> <span class='ocrx_word' id='word_1_688' title='bbox 2953 4207 3078 4264; x_wconf 91' lang='lat' dir='ltr'><strong>ideo</strong></span> <span class='ocrx_word' id='word_1_689' title='bbox 3100 4208 3543 4280; x_wconf 90' lang='lat' dir='ltr'><strong>conscripsimus,</strong></span> <span class='ocrx_word' id='word_1_690' title='bbox 3577 4219 3638 4264; x_wconf 93' lang='lat' dir='ltr'><strong>ut</strong></span> <span class='ocrx_word' id='word_1_691' title='bbox 3665 4218 3720 4264; x_wconf 88' lang='lat' dir='ltr'><strong>et</strong></span> 
     </span>
    </p>
   </div>
   <div class='ocr_carea' id='block_1_101' title="bbox 2129 4296 3718 4372">
    <p class='ocr_par' dir='ltr' id='par_1_101' title="bbox 2129 4296 3718 4372">
     <span class='ocr_line' id='line_1_104' title="bbox 2129 4296 3718 4372; baseline 0.001 -19"><span class='ocrx_word' id='word_1_692' title='bbox 2129 4298 2420 4372; x_wconf 89' lang='lat' dir='ltr'><strong>legentium</strong></span> <span class='ocrx_word' id='word_1_693' title='bbox 2451 4296 2614 4355; x_wconf 84' lang='lat' dir='ltr'><strong>fidem</strong></span> <span class='ocrx_word' id='word_1_694' title='bbox 2641 4299 2971 4366; x_wconf 90' lang='lat' dir='ltr'><strong>custodiant,</strong></span> <span class='ocrx_word' id='word_1_695' title='bbox 3001 4308 3058 4354; x_wconf 93' lang='lat' dir='ltr'><strong>et</strong></span> <span class='ocrx_word' id='word_1_696' title='bbox 3080 4299 3342 4371; x_wconf 87' lang='lat' dir='ltr'><strong>majorem</strong></span> <span class='ocrx_word' id='word_1_697' title='bbox 3367 4301 3509 4371; x_wconf 89' lang='lat' dir='ltr'><strong>apud</strong></span> <span class='ocrx_word' id='word_1_698' title='bbox 3537 4309 3718 4370; x_wconf 87' lang='lat' dir='ltr'><strong>poste-</strong></span> 
     </span>
    </p>
   </div>
   <div class='ocr_carea' id='block_1_102' title="bbox 2131 4390 3714 4464">
    <p class='ocr_par' dir='ltr' id='par_1_102' title="bbox 2131 4390 3714 4464">
     <span class='ocr_line' id='line_1_105' title="bbox 2131 4390 3714 4464; baseline -0.001 -17"><span class='ocrx_word' id='word_1_699' title='bbox 2131 4407 2222 4448; x_wconf 92' lang='lat' dir='ltr'><strong>ros</strong></span> <span class='ocrx_word' id='word_1_700' title='bbox 2270 4391 2514 4464; x_wconf 91' lang='lat' dir='ltr'><strong>vigorem</strong></span> <span class='ocrx_word' id='word_1_701' title='bbox 2568 4390 2653 4446; x_wconf 93' lang='lat' dir='ltr'><strong>sui</strong></span> <span class='ocrx_word' id='word_1_702' title='bbox 2701 4391 3050 4447; x_wconf 89' lang='lat' dir='ltr'><strong>adnotatione</strong></span> <span class='ocrx_word' id='word_1_703' title='bbox 3117 4391 3336 4463; x_wconf 90' lang='lat' dir='ltr'><strong>scriptis</strong></span> <span class='ocrx_word' id='word_1_704' title='bbox 3397 4392 3714 4448; x_wconf 82' lang='lat' dir='ltr'><strong>exhibeant.</strong></span> 
     </span>
    </p>
   </div>
   <div class='ocr_carea' id='block_1_103' title="bbox 2128 4479 3716 4554">
    <p class='ocr_par' dir='ltr' id='par_1_103' title="bbox 2128 4479 3716 4554">
     <span class='ocr_line' id='line_1_106' title="bbox 2128 4479 3716 4554; baseline 0.002 -18"><span class='ocrx_word' id='word_1_705' title='bbox 2128 4482 2295 4554; x_wconf 84' lang='lat' dir='ltr'><strong>Igitur</strong></span> <span class='ocrx_word' id='word_1_706' title='bbox 2346 4483 2540 4539; x_wconf 89' lang='lat' dir='ltr'><strong>beatus</strong></span> <span class='ocrx_word' id='word_1_707' title='bbox 2569 4479 2881 4548; x_wconf 87' lang='lat' dir='ltr'><strong>0thmarus,</strong></span> <span class='ocrx_word' id='word_1_708' title='bbox 2926 4483 3120 4554; x_wconf 87' lang='lat' dir='ltr'><strong>primis</strong></span> <span class='ocrx_word' id='word_1_709' title='bbox 3157 4483 3490 4554; x_wconf 90' lang='lat' dir='ltr'><strong>temporibus</strong></span> <span class='ocrx_word' id='word_1_710' title='bbox 3537 4484 3716 4540; x_wconf 81' lang='lat' dir='ltr'><strong>Caroli</strong></span> 
     </span>
    </p>
   </div>
   <div class='ocr_carea' id='block_1_104' title="bbox 2127 4570 3718 4644">
    <p class='ocr_par' dir='ltr' id='par_1_104' title="bbox 2127 4570 3718 4644">
     <span class='ocr_line' id='line_1_107' title="bbox 2127 4570 3718 4644; baseline 0.001 -16"><span class='ocrx_word' id='word_1_711' title='bbox 2127 4572 2302 4644; x_wconf 89' lang='lat' dir='ltr'><strong>patris</strong></span> <span class='ocrx_word' id='word_1_712' title='bbox 2328 4570 2671 4630; x_wconf 88' lang='lat' dir='ltr'><strong>Carlomanni</strong></span> <span class='ocrx_word' id='word_1_713' title='bbox 2699 4581 2754 4628; x_wconf 89' lang='lat' dir='ltr'><strong>et</strong></span> <span class='ocrx_word' id='word_1_714' title='bbox 2786 4571 3001 4644; x_wconf 88' lang='lat' dir='ltr'><strong>Pippini</strong></span> <span class='ocrx_word' id='word_1_715' title='bbox 3029 4587 3060 4626; x_wconf 90' lang='lat' dir='ltr'><strong>a</strong></span> <span class='ocrx_word' id='word_1_716' title='bbox 3089 4571 3428 4628; x_wconf 81' lang='lat' dir='ltr'><strong>Waltramno</strong></span> <span class='ocrx_word' id='word_1_717' title='bbox 3452 4573 3622 4629; x_wconf 89' lang='lat' dir='ltr'><strong>nobili</strong></span> <span class='ocrx_word' id='word_1_718' title='bbox 3655 4590 3718 4631; x_wconf 83' lang='lat' dir='ltr'><strong>ac</strong></span> 
     </span>
    </p>
   </div>
   <div class='ocr_carea' id='block_1_105' title="bbox 2050 4654 3774 4750">
    <p class='ocr_par' dir='ltr' id='par_1_105' title="bbox 2050 4654 3774 4750">
     <span class='ocr_line' id='line_1_108' title="bbox 2050 4654 3774 4750; baseline 0.003 -35"><span class='ocrx_word' id='word_1_719' title='bbox 2050 4654 2102 4715; x_wconf 90' lang='lat' dir='ltr'><strong>D</strong></span> <span class='ocrx_word' id='word_1_720' title='bbox 2130 4672 2349 4736; x_wconf 89' lang='lat' dir='ltr'><strong>potente</strong></span> <span class='ocrx_word' id='word_1_721' title='bbox 2373 4663 2492 4719; x_wconf 91' lang='lat' dir='ltr'><strong>viro</strong></span> <span class='ocrx_word' id='word_1_722' title='bbox 2511 4663 2580 4720; x_wconf 92' lang='lat' dir='ltr'><strong>ad</strong></span> <span class='ocrx_word' id='word_1_723' title='bbox 2603 4663 2847 4735; x_wconf 86' lang='lat' dir='ltr'><strong>ejusdem</strong></span> <span class='ocrx_word' id='word_1_724' title='bbox 2865 4661 3044 4720; x_wconf 87' lang='lat' dir='ltr'><strong>Caroli</strong></span> <span class='ocrx_word' id='word_1_725' title='bbox 3065 4665 3408 4734; x_wconf 68' lang='lat' dir='ltr'><strong>praesentiam</strong></span> <span class='ocrx_word' id='word_1_726' title='bbox 3431 4665 3713 4729; x_wconf 86' lang='lat' dir='ltr'><strong>adductus,</strong></span> <span class='ocrx_word' id='word_1_727' title='bbox 3755 4733 3774 4750; x_wconf 49' lang='lat'><strong>.</strong></span> 
     </span>
    </p>
   </div>
   <div class='ocr_carea' id='block_1_106' title="bbox 2131 4756 3718 4833">
    <p class='ocr_par' dir='ltr' id='par_1_106' title="bbox 2131 4756 3718 4833">
     <span class='ocr_line' id='line_1_109' title="bbox 2131 4756 3718 4833; baseline 0.002 -19"><span class='ocrx_word' id='word_1_728' title='bbox 2131 4757 2380 4814; x_wconf 88' lang='lat' dir='ltr'><strong>cellulam</strong></span> <span class='ocrx_word' id='word_1_729' title='bbox 2405 4756 2463 4813; x_wconf 92' lang='lat' dir='ltr'><strong>S.</strong></span> <span class='ocrx_word' id='word_1_730' title='bbox 2490 4757 2628 4814; x_wconf 89' lang='lat' dir='ltr'><strong>Galli</strong></span> <span class='ocrx_word' id='word_1_731' title='bbox 2652 4758 3059 4830; x_wconf 87' lang='lat' dir='ltr'><strong>gubernandam</strong></span> <span class='ocrx_word' id='word_1_732' title='bbox 3081 4759 3148 4815; x_wconf 93' lang='lat' dir='ltr'><strong>ab</strong></span> <span class='ocrx_word' id='word_1_733' title='bbox 3176 4758 3268 4815; x_wconf 92' lang='lat' dir='ltr'><strong>illo</strong></span> <span class='ocrx_word' id='word_1_734' title='bbox 3285 4761 3549 4831; x_wconf 88' lang='lat' dir='ltr'><strong>suscepit,</strong></span> <span class='ocrx_word' id='word_1_735' title='bbox 3579 4761 3718 4833; x_wconf 86' lang='lat' dir='ltr'><strong>ejus-</strong></span> 
     </span>
    </p>
   </div>
   <div class='ocr_carea' id='block_1_107' title="bbox 2129 4850 3714 4923">
    <p class='ocr_par' dir='ltr' id='par_1_107' title="bbox 2129 4850 3714 4923">
     <span class='ocr_line' id='line_1_110' title="bbox 2129 4850 3714 4923; baseline 0.002 -18"><span class='ocrx_word' id='word_1_736' title='bbox 2129 4865 2234 4920; x_wconf 90' lang='lat' dir='ltr'><strong>que</strong></span> <span class='ocrx_word' id='word_1_737' title='bbox 2261 4850 2633 4920; x_wconf 89' lang='lat' dir='ltr'><strong>possessiones</strong></span> <span class='ocrx_word' id='word_1_738' title='bbox 2674 4866 2773 4922; x_wconf 90' lang='lat' dir='ltr'><strong>per</strong></span> <span class='ocrx_word' id='word_1_739' title='bbox 2800 4851 2969 4907; x_wconf 89' lang='lat' dir='ltr'><strong>multa</strong></span> <span class='ocrx_word' id='word_1_740' title='bbox 3000 4866 3268 4908; x_wconf 88' lang='lat' dir='ltr'><strong>annorum</strong></span> <span class='ocrx_word' id='word_1_741' title='bbox 3312 4853 3488 4923; x_wconf 88' lang='lat' dir='ltr'><strong>spatia</strong></span> <span class='ocrx_word' id='word_1_742' title='bbox 3533 4853 3590 4908; x_wconf 92' lang='lat' dir='ltr'><strong>in</strong></span> <span class='ocrx_word' id='word_1_743' title='bbox 3633 4853 3714 4910; x_wconf 80' lang='lat' dir='ltr'><strong>di-</strong></span> 
     </span>
    </p>
   </div>
   <div class='ocr_carea' id='block_1_108' title="bbox 2130 4941 3716 5014">
    <p class='ocr_par' dir='ltr' id='par_1_108' title="bbox 2130 4941 3716 5014">
     <span class='ocr_line' id='line_1_111' title="bbox 2130 4941 3716 5014; baseline 0.002 -18"><span class='ocrx_word' id='word_1_744' title='bbox 2130 4943 2305 4999; x_wconf 86' lang='lat' dir='ltr'><strong>versis</strong></span> <span class='ocrx_word' id='word_1_745' title='bbox 2327 4942 2490 4999; x_wconf 89' lang='lat' dir='ltr'><strong>rebus</strong></span> <span class='ocrx_word' id='word_1_746' title='bbox 2516 4941 2772 5000; x_wconf 89' lang='lat' dir='ltr'><strong>nobiliter</strong></span> <span class='ocrx_word' id='word_1_747' title='bbox 2795 4943 3194 5014; x_wconf 85' lang='lat' dir='ltr'><strong>augmentando</strong></span> <span class='ocrx_word' id='word_1_748' title='bbox 3218 4941 3485 4999; x_wconf 81' lang='lat' dir='ltr'><strong>dilatavit.</strong></span> <span class='ocrx_word' id='word_1_749' title='bbox 3516 4943 3716 5000; x_wconf 89' lang='lat' dir='ltr'><strong>Defun-</strong></span> 
     </span>
    </p>
   </div>
   <div class='ocr_carea' id='block_1_109' title="bbox 2127 5035 3715 5109">
    <p class='ocr_par' dir='ltr' id='par_1_109' title="bbox 2127 5035 3715 5109">
     <span class='ocr_line' id='line_1_112' title="bbox 2127 5035 3715 5109; baseline 0.001 -17"><span class='ocrx_word' id='word_1_750' title='bbox 2127 5044 2217 5092; x_wconf 92' lang='lat' dir='ltr'><strong>cto</strong></span> <span class='ocrx_word' id='word_1_751' title='bbox 2240 5044 2422 5092; x_wconf 89' lang='lat' dir='ltr'><strong>autem</strong></span> <span class='ocrx_word' id='word_1_752' title='bbox 2451 5035 2664 5104; x_wconf 87' lang='lat' dir='ltr'><strong>Carolo,</strong></span> <span class='ocrx_word' id='word_1_753' title='bbox 2697 5050 2804 5092; x_wconf 93' lang='lat' dir='ltr'><strong>non</strong></span> <span class='ocrx_word' id='word_1_754' title='bbox 2832 5046 2957 5109; x_wconf 89' lang='lat' dir='ltr'><strong>post</strong></span> <span class='ocrx_word' id='word_1_755' title='bbox 2995 5035 3195 5094; x_wconf 86' lang='lat' dir='ltr'><strong>multos</strong></span> <span class='ocrx_word' id='word_1_756' title='bbox 3228 5052 3400 5094; x_wconf 90' lang='lat' dir='ltr'><strong>annos</strong></span> <span class='ocrx_word' id='word_1_757' title='bbox 3427 5037 3575 5096; x_wconf 81' lang='lat' dir='ltr'><strong>ﬁlius</strong></span> <span class='ocrx_word' id='word_1_758' title='bbox 3600 5038 3715 5108; x_wconf 78' lang='lat' dir='ltr'><strong>ejus</strong></span> 
     </span>
    </p>
   </div>
   <div class='ocr_carea' id='block_1_110' title="bbox 2125 5129 3711 5204">
    <p class='ocr_par' dir='ltr' id='par_1_110' title="bbox 2125 5129 3711 5204">
     <span class='ocr_line' id='line_1_113' title="bbox 2125 5129 3711 5204; baseline 0.003 -18"><span class='ocrx_word' id='word_1_759' title='bbox 2125 5130 2517 5187; x_wconf 87' lang='lat' dir='ltr'><strong>Carlomannus</strong></span> <span class='ocrx_word' id='word_1_760' title='bbox 2545 5129 2726 5187; x_wconf 89' lang='lat' dir='ltr'><strong>divino</strong></span> <span class='ocrx_word' id='word_1_761' title='bbox 2763 5130 2848 5204; x_wconf 92' lang='lat' dir='ltr'><strong>(ut</strong></span> <span class='ocrx_word' id='word_1_762' title='bbox 2875 5132 3119 5203; x_wconf 88' lang='lat' dir='ltr'><strong>putatur)</strong></span> <span class='ocrx_word' id='word_1_763' title='bbox 3146 5147 3332 5189; x_wconf 89' lang='lat' dir='ltr'><strong>amore</strong></span> <span class='ocrx_word' id='word_1_764' title='bbox 3357 5132 3581 5190; x_wconf 86' lang='lat' dir='ltr'><strong>omissis</strong></span> <span class='ocrx_word' id='word_1_765' title='bbox 3611 5149 3711 5189; x_wconf 70' lang='lat' dir='ltr'><strong>sa-</strong></span> 
     </span>
    </p>
   </div>
   <div class='ocr_carea' id='block_1_111' title="bbox 2123 5221 3711 5300">
    <p class='ocr_par' dir='ltr' id='par_1_111' title="bbox 2123 5221 3711 5300">
     <span class='ocr_line' id='line_1_114' title="bbox 2123 5221 3711 5300; baseline 0.003 -21"><span class='ocrx_word' id='word_1_766' title='bbox 2123 5222 2324 5279; x_wconf 88' lang='lat' dir='ltr'><strong>cularis</strong></span> <span class='ocrx_word' id='word_1_767' title='bbox 2355 5237 2566 5295; x_wconf 66' lang='lat' dir='ltr'><strong>pompa:</strong></span> <span class='ocrx_word' id='word_1_768' title='bbox 2595 5221 2832 5290; x_wconf 90' lang='lat' dir='ltr'><strong>deliciis,</strong></span> <span class='ocrx_word' id='word_1_769' title='bbox 2865 5239 3128 5297; x_wconf 90' lang='lat' dir='ltr'><strong>germano</strong></span> <span class='ocrx_word' id='word_1_770' title='bbox 3166 5239 3265 5281; x_wconf 91' lang='lat' dir='ltr'><strong>suo</strong></span> <span class='ocrx_word' id='word_1_771' title='bbox 3292 5222 3526 5298; x_wconf 87' lang='lat' dir='ltr'><strong>Pippino</strong></span> <span class='ocrx_word' id='word_1_772' title='bbox 3563 5225 3711 5300; x_wconf 83' lang='lat' dir='ltr'><strong>regni</strong></span> 
     </span>
    </p>
   </div>
   <div class='ocr_carea' id='block_1_112' title="bbox 2121 5396 3706 5474">
    <p class='ocr_par' dir='ltr' id='par_1_112' title="bbox 2121 5396 3706 5474">
     <span class='ocr_line' id='line_1_115' title="bbox 2121 5396 3706 5474; baseline 0.002 -20"><span class='ocrx_word' id='word_1_773' title='bbox 2121 5407 2303 5474; x_wconf 82' lang='lat' dir='ltr'><strong>actui_n</strong></span> <span class='ocrx_word' id='word_1_774' title='bbox 2333 5399 2387 5474; x_wconf 84' lang='lat' dir='ltr'><strong>in</strong></span> <span class='ocrx_word' id='word_1_775' title='bbox 2404 5396 2728 5474; x_wconf 66' lang='lat' dir='ltr'><strong>Praefatione</strong></span> <span class='ocrx_word' id='word_1_776' title='bbox 2746 5399 2814 5474; x_wconf 79' lang='lat' dir='ltr'><strong>ad</strong></span> <span class='ocrx_word' id='word_1_777' title='bbox 2842 5399 2999 5474; x_wconf 89' lang='lat' dir='ltr'><strong>istius</strong></span> <span class='ocrx_word' id='word_1_778' title='bbox 3015 5399 3197 5474; x_wconf 57' lang='lat' dir='ltr'><strong>sagculi</strong></span> <span class='ocrx_word' id='word_1_779' title='bbox 3232 5411 3439 5474; x_wconf 88' lang='lat' dir='ltr'><strong>tomum</strong></span> <span class='ocrx_word' id='word_1_780' title='bbox 3454 5405 3706 5474; x_wconf 85' lang='lat' dir='ltr'><strong>primum.</strong></span> 
     </span>
    </p>
   </div>
   <div class='ocr_carea' id='block_1_113' title="bbox 2197 5469 3710 5542">
    <p class='ocr_par' dir='ltr' id='par_1_113' title="bbox 2197 5469 3710 5542">
     <span class='ocr_line' id='line_1_116' title="bbox 2197 5469 3710 5542; baseline 0.003 -18"><span class='ocrx_word' id='word_1_781' title='bbox 2197 5482 2218 5509; x_wconf 79' lang='grc' dir='ltr'><strong>ο</strong></span> <span class='ocrx_word' id='word_1_782' title='bbox 2254 5469 2449 5542; x_wconf 86' lang='lat' dir='ltr'><strong>Balbus</strong></span> <span class='ocrx_word' id='word_1_783' title='bbox 2496 5470 2561 5542; x_wconf 80' lang='lat' dir='ltr'><strong>in</strong></span> <span class='ocrx_word' id='word_1_784' title='bbox 2597 5469 2877 5527; x_wconf 88' lang='lat' dir='ltr'><strong>Catholico</strong></span> <span class='ocrx_word' id='word_1_785' title='bbox 2919 5487 2932 5523; x_wconf 91' lang='lat'>:</span> <span class='ocrx_word' id='word_1_786' title='bbox 2967 5472 3132 5527; x_wconf 79' lang='lat' dir='ltr'><strong>Ambo</strong></span> <span class='ocrx_word' id='word_1_787' title='bbox 3175 5469 3473 5542; x_wconf 64' lang='lat' dir='ltr'><strong>pulpitum,</strong></span> <span class='ocrx_word' id='word_1_788' title='bbox 3517 5476 3605 5529; x_wconf 80' lang='lat' dir='ltr'><strong>ubi</strong></span> <span class='ocrx_word' id='word_1_789' title='bbox 3648 5489 3710 5528; x_wconf 66' lang='lat' dir='ltr'><strong>es</strong></span> 
     </span>
    </p>
   </div>
   <div class='ocr_carea' id='block_1_114' title="bbox 2123 5540 3703 5612">
    <p class='ocr_par' dir='ltr' id='par_1_114' title="bbox 2123 5540 3703 5612">
     <span class='ocr_line' id='line_1_117' title="bbox 2123 5540 3703 5612; baseline 0.002 -16"><span class='ocrx_word' id='word_1_790' title='bbox 2123 5541 2374 5596; x_wconf 84' lang='lat' dir='ltr'><strong>ambabus</strong></span> <span class='ocrx_word' id='word_1_791' title='bbox 2402 5540 2640 5612; x_wconf 78' lang='lat' dir='ltr'><strong>partibus</strong></span> <span class='ocrx_word' id='word_1_792' title='bbox 2670 5552 2791 5597; x_wconf 82' lang='lat' dir='ltr'><strong>sunt</strong></span> <span class='ocrx_word' id='word_1_793' title='bbox 2834 5543 3052 5612; x_wconf 86' lang='lat' dir='ltr'><strong>gradus,</strong></span> <span class='ocrx_word' id='word_1_794' title='bbox 3086 5552 3132 5596; x_wconf 86' lang='lat' dir='ltr'><strong>et</strong></span> <span class='ocrx_word' id='word_1_795' title='bbox 3160 5540 3296 5597; x_wconf 76' lang='lat' dir='ltr'><strong>idem</strong></span> <span class='ocrx_word' id='word_1_796' title='bbox 3324 5545 3525 5600; x_wconf 86' lang='lat' dir='ltr'><strong>dicitur</strong></span> <span class='ocrx_word' id='word_1_797' title='bbox 3557 5547 3703 5609; x_wconf 74' lang='lat' dir='ltr'><strong>Amo,</strong></span> 
     </span>
    </p>
   </div>
   <div class='ocr_carea' id='block_1_115' title="bbox 2123 5611 3702 5686">
    <p class='ocr_par' dir='ltr' id='par_1_115' title="bbox 2123 5611 3702 5686">
     <span class='ocr_line' id='line_1_118' title="bbox 2123 5611 3702 5686; baseline 0.002 -21"><span class='ocrx_word' id='word_1_798' title='bbox 2123 5613 2362 5686; x_wconf 50' lang='lat' dir='ltr'><strong>Antonia,</strong></span> <span class='ocrx_word' id='word_1_799' title='bbox 2397 5611 2570 5686; x_wconf 69' lang='lat' dir='ltr'><strong>male;</strong></span> <span class='ocrx_word' id='word_1_800' title='bbox 2604 5615 2807 5686; x_wconf 79' lang='lat' dir='ltr'><strong>rectius</strong></span> <span class='ocrx_word' id='word_1_801' title='bbox 2825 5611 2927 5686; x_wconf 65' lang='grc' dir='ltr'><strong>ἐςπό</strong></span> <span class='ocrx_word' id='word_1_802' title='bbox 2954 5619 3043 5669; x_wconf 86' lang='grc' dir='ltr'><strong>τοῦ</strong></span> <span class='ocrx_word' id='word_1_803' title='bbox 3086 5615 3363 5686; x_wconf 74' lang='grc' dir='ltr'><strong>ἀμϐαίνειν,</strong></span> <span class='ocrx_word' id='word_1_804' title='bbox 3391 5617 3702 5671; x_wconf 89' lang='lat' dir='ltr'><strong>ascendere.</strong></span> 
     </span>
    </p>
   </div>
   <div class='ocr_carea' id='block_1_116' title="bbox 2123 5681 3704 5757">
    <p class='ocr_par' dir='ltr' id='par_1_116' title="bbox 2123 5681 3704 5757">
     <span class='ocr_line' id='line_1_119' title="bbox 2123 5681 3704 5757; baseline -0.001 -19"><span class='ocrx_word' id='word_1_805' title='bbox 2123 5684 2360 5757; x_wconf 85' lang='lat' dir='ltr'><strong>Historia</strong></span> <span class='ocrx_word' id='word_1_806' title='bbox 2407 5681 2698 5757; x_wconf 28' lang='lat' dir='ltr'><strong>Tri‘partita</strong></span> <span class='ocrx_word' id='word_1_807' title='bbox 2744 5685 2798 5740; x_wconf 91' lang='lat' dir='ltr'><strong>in</strong></span> <span class='ocrx_word' id='word_1_808' title='bbox 2844 5684 2934 5738; x_wconf 90' lang='lat' dir='ltr'><strong>lib.</strong></span> <span class='ocrx_word' id='word_1_809' title='bbox 2963 5700 3018 5750; x_wconf 66' lang='grc' dir='ltr'><strong>Χ,</strong></span> <span class='ocrx_word' id='word_1_810' title='bbox 3047 5681 3165 5757; x_wconf 85' lang='lat' dir='ltr'><strong>cap.</strong></span> <span class='ocrx_word' id='word_1_811' title='bbox 3197 5686 3249 5748; x_wconf 74' lang='grc'><strong>4,</strong></span> <span class='ocrx_word' id='word_1_812' title='bbox 3294 5687 3526 5742; x_wconf 77' lang='lat' dir='ltr'><strong>residem</strong></span> <span class='ocrx_word' id='word_1_813' title='bbox 3557 5701 3704 5757; x_wconf 71' lang='lat' dir='ltr'><strong>super</strong></span> 
     </span>
    </p>
   </div>
   <div class='ocr_carea' id='block_1_117' title="bbox 2120 5753 3699 5826">
    <p class='ocr_par' dir='ltr' id='par_1_117' title="bbox 2120 5753 3699 5826">
     <span class='ocr_line' id='line_1_120' title="bbox 2120 5753 3699 5826; baseline 0 -17"><span class='ocrx_word' id='word_1_814' title='bbox 2120 5756 2416 5819; x_wconf 74' lang='lat' dir='ltr'><strong>umbonem,</strong></span> <span class='ocrx_word' id='word_1_815' title='bbox 2450 5754 2537 5808; x_wconf 83' lang='lat' dir='ltr'><strong>ubi</strong></span> <span class='ocrx_word' id='word_1_816' title='bbox 2578 5753 2776 5810; x_wconf 78' lang='lat' dir='ltr'><strong>solebat</strong></span> <span class='ocrx_word' id='word_1_817' title='bbox 2824 5757 2971 5825; x_wconf 80' lang='lat' dir='ltr'><strong>prius</strong></span> <span class='ocrx_word' id='word_1_818' title='bbox 3021 5753 3260 5812; x_wconf 65' lang='lat' dir='ltr'><strong>consuete</strong></span> <span class='ocrx_word' id='word_1_819' title='bbox 3299 5757 3475 5826; x_wconf 79' lang='lat' dir='ltr'><strong>facere</strong></span> <span class='ocrx_word' id='word_1_820' title='bbox 3511 5753 3699 5814; x_wconf 65' lang='lat' dir='ltr'><strong>sermo-</strong></span> 
     </span>
    </p>
   </div>
   <div class='ocr_carea' id='block_1_118' title="bbox 2119 5835 2401 5891">
    <p class='ocr_par' dir='ltr' id='par_1_118' title="bbox 2119 5835 2401 5891">
     <span class='ocr_line' id='line_1_121' title="bbox 2119 5835 2401 5891; baseline 0.004 -13"><span class='ocrx_word' id='word_1_821' title='bbox 2119 5842 2234 5880; x_wconf 83' lang='lat' dir='ltr'><strong>nem</strong></span> <span class='ocrx_word' id='word_1_822' title='bbox 2251 5866 2264 5891; x_wconf 94' lang='lat'><strong>,</strong></span> <span class='ocrx_word' id='word_1_823' title='bbox 2296 5835 2401 5882; x_wconf 87' lang='lat' dir='ltr'><strong>etc.</strong></span> 
     </span>
    </p>
   </div>
  </div>
