4000 6352
331 485 436 544 ’185

1319 484 1404 537 DE
1441 481 1813 539 MIRACULIS
1854 482 1912 536 S.
1952 478 2283 538 OTHMARI.
2325 510 2394 519 —
2430 477 2556 533 LIB.
2595 477 2636 532 Ι.

3491 472 3596 529 780

331 599 690 674 gubernacula
731 598 966 668 reliquit,
996 608 1048 653 et
1072 599 1246 670 primo
1273 598 1484 666 Romae,
1521 598 1572 652 in
1603 606 1785 654 monte
1817 594 1917 652 So-
1943 598 1992 657 Α
2020 593 2278 648 continuo
2303 592 2358 646 in
2410 591 2525 663 ipsa
2560 598 2719 644 nocte
2747 587 3001 660 episcopo
3032 585 3210 643 adhuc
3235 583 3374 641 infra
3403 600 3595 644 mona-

331 701 500 768 racte,
531 693 670 762 apud
697 690 982 746 ecclesiam
1007 690 1180 746 sancti
1198 689 1445 747 Silvestri
1461 699 1773 748 constructo
1796 703 1913 744 mo-

331 783 572 840 nasterio
605 782 867 855 regularis
909 782 1034 838 vitae
1083 781 1349 839 institutis
1386 782 1556 838 libera
1601 781 1738 838 colla
1788 779 1912 836 sub-

330 879 489 946 didit,
526 896 590 935 ac
618 880 810 936 deinde
851 881 904 935 in
945 880 1223 936 Samniam
1266 882 1600 953 provinciam
1631 883 1700 938 ob
1735 895 1914 938 secre-

333 972 487 1028 tioris
529 971 652 1026 vitae
701 987 943 1027 amorem
972 973 1262 1038 secedens,
1301 973 1354 1028 in
1381 973 1711 1029 monasterio
1739 972 1914 1029 sancti

329 1053 801 1134 Benedicti,'quod
830 1071 912 1118 est
937 1066 1098 1118 situm
1122 1065 1174 1118 in
1196 1073 1376 1120 castro
1398 1064 1616 1129 Casino,
1645 1064 1913 1135 reliquum

328 1155 454 1210 vita:
485 1164 694 1225 tempus
739 1155 988 1225 religiose
1033 1156 1404 1210 conversando
1450 1154 1736 1226 complevit
1763 1168 1812 1208 α.
1842 1155 1914 1209 At

328 1264 458 1305 vero
485 1248 744 1318 Pippinus
780 1259 936 1319 pater
961 1247 1140 1304 Caroli
1176 1248 1520 1319 imperatoris
1545 1264 1644 1319 per
1673 1247 1912 1304 auctori-

329 1349 495 1395 tatem
545 1338 804 1408 Stephani
853 1339 1081 1393 Romani
1128 1339 1400 1409 pontiﬁcis
1434 1338 1676 1408 deposito
1722 1352 1785 1392 ac
1820 1337 1914 1392 de-

331 1444 487 1488 tonso
511 1432 539 1472 h
565 1445 690 1503 rege
733 1431 994 1496 llildrico,
1036 1447 1177 1487 anno
1204 1432 1272 1486 ab
1297 1431 1671 1487 lncarnatione
1699 1429 1913 1485 Domini

325 1523 804 1596 septingentesimo
852 1523 1296 1594 quinquagesimo
1341 1532 1565 1594 quarto,
1619 1521 1913 1578 indictione

327 1618 580 1688 septima,
611 1633 678 1673 ex
719 1616 976 1687 prwfccto
1023 1617 1205 1687 palatii
1253 1632 1349 1672 rex
1377 1619 1737 1684 constitutus,
1763 1617 1913 1672 solus

325 1713 554 1768 Francis
595 1713 864 1782 imperare
891 1711 1074 1781 etrapit.
1104 1710 1201 1765 His
1228 1711 1300 1765 ita
1333 1711 1520 1781 gestis,
1549 1708 1805 1780 prrcfatus
1831 1709 1914 1765 vir

325 1801 732 1866 Waltramnus,
774 1802 840 1857 ad
871 1801 1024 1871 cujus
1067 1801 1462 1871 possessionem
1507 1801 1698 1856 cellula
1739 1801 1912 1856 sancti

324 1894 464 1949 Galli
521 1895 676 1964 quasi
724 1893 1073 1948 haereditario
1112 1892 1234 1962 jure
1279 1893 1549 1963 pertinere
1595 1894 1911 1960 videbatur,

324 1995 607 2057 comperto
635 1985 777 2058 quod
807 1985 1064 2056 Pippinus
1095 2000 1161 2040 ex
1190 1983 1523 2040 Francorum
1559 1999 1824 2040 consensu
1857 1985 1912 2040 in
1943 1967 1988 2026 Β

327 2083 474 2156 regni
503 2082 630 2139 sede
672 2081 838 2137 fuerit
865 2079 1181 2144 collocatus,
1212 2079 1389 2134 virum
1437 2078 1531 2134 Dei
1569 2077 1909 2142 Othmarum,

325 2179 470 2232 sicut
491 2176 618 2230 vitae
645 2173 764 2244 ejus
803 2173 1052 2244 superior
1088 2170 1301 2228 libellus
1325 2173 1461 2247 (cap.
1498 2169 1552 2244 1)
1575 2171 1786 2236 edocet,
1817 2171 1912 2226 ite-

325 2277 450 2324 rato
479 2281 759 2324 assumens
793 2264 861 2320 ad
902 2264 1162 2336 palatium
1189 2263 1460 2335 perduxit,
1484 2273 1648 2335 atque
1673 2263 1913 2333 ejusdem

323 2361 432 2416 loci
457 2359 674 2415 titulum
700 2359 802 2429 ipsi
837 2357 1100 2413 Othmaro
1129 2372 1161 2412 a
1187 2371 1315 2426 rege
1340 2356 1706 2412 commendari
1734 2366 1916 2426 postu-

325 2452 478 2507 lavit.
510 2450 627 2519 Quo
673 2449 820 2507 facto
847 2456 1068 2505 sanctus
1095 2447 1409 2514 vir,«multis
1437 2449 1601 2520 regite
1648 2447 1916 2518 largitatis

325 2543 643 2598 muneribus
686 2557 785 2612 pro
814 2540 1054 2609 ejusdem
1096 2541 1200 2596 loci
1245 2541 1602 2595 instructione
1628 2539 1914 2610 susceptis,

325 2634 568 2706 gaudens
596 2641 652 2689 et
680 2633 983 2704 tripudians
1014 2632 1082 2687 ad
1112 2632 1498 2686 monasterium
1525 2631 1705 2685 rediit.
1746 2629 1920 2701 Septi-

326 2742 417 2783 mo
444 2734 626 2781 autem
665 2739 808 2781 anno
843 2731 1103 2795 regnante
1127 2723 1378 2795 Pippino,
1404 2721 1619 2777 Warini
1648 2731 1703 2777 et
1735 2722 1915 2777 Ruad-

327 2818 486 2874 hardi
514 2817 755 2888 potentia
785 2814 981 2884 injuste
1022 2829 1296 2886 opressus,
1328 2814 1519 2884 plenus
1549 2801 1780 2875 dierum,
1807 2811 1920 2881 ple-

327 2924 433 2964 nus
457 2909 620 2963 etiam
662 2907 949 2963 sanctitate
995 2906 1316 2962 meritorum
1357 2905 1424 2960 de
1454 2903 1716 2976 angustiis
1761 2904 1919 2974 hujus

328 3001 456 3054 vitae
487 2999 744 3068 eripitur,
775 3005 831 3054 et
873 3012 973 3067 pro
1022 2997 1288 3052 bonorum
1339 2995 1534 3050 studiis
1580 3008 1806 3064 operum
1852 2993 1918 3048 ad

327 3100 547 3146 aeternae
571 3088 920 3146 beatitudinis
941 3089 1134 3160 gaudia
1163 3087 1493 3158 perducitur.
1526 3085 1768 3142 Evolutis
1797 3094 1918 3156 post

330 3185 449 3238 haec
473 3183 656 3238 decem
687 3181 872 3247 annis,
901 3196 931 3235 a
964 3183 1076 3236 suis
1122 3180 1401 3237 monachis
1431 3180 1498 3235 ad
1531 3178 1918 3234 monasterium

331 3275 628 3331 translatus
665 3275 806 3330 inter
833 3290 985 3330 aram
1018 3273 1075 3329 S.
1104 3272 1327 3330 Joannis
1353 3273 1610 3344 Baptisue
1643 3280 1698 3327 et
1733 3271 1915 3342 parie-

2015 682 2243 738 sterium
2292 681 2470 752 posito
2507 694 2704 751 magna
2760 678 2946 736 odoris
2993 677 3233 734 suavitas
3282 676 3337 732 in
3371 678 3600 736 basilica

2017 773 2092 842 8.,
2130 773 2270 830 Galli
2313 773 2738 843 circumquaque
2789 769 3000 837 diffusa,
3051 769 3286 826 maxime
3335 767 3494 840 juxta
3530 771 3597 826 B.

2015 869 2262 928 0thmari
2301 883 2496 940 corpus
2543 869 2699 939 quasi
2750 868 2803 924 in
2829 867 3048 924 modum
3078 866 3290 922 nebulae
3321 867 3600 925 volitando

2017 963 2319 1021 redundare
2360 971 2635 1033 comperta
2677 954 2804 1019 est.
2841 960 3008 1032 Cujus
3060 961 3243 1018 odoris
3307 960 3602 1032 fragrantia

2016 1071 2136 1113 cum
2159 1056 2492 1112 continuatis
2521 1055 2694 1112 tribus
2723 1055 2913 1112 diebus
2942 1071 3006 1112 ac
3033 1055 3251 1112 notibus
3272 1055 3474 1112 ibidem
3502 1056 3603 1112 du-

2016 1157 2179 1215 raret,
2217 1163 2323 1204 non
2377 1156 2558 1203 tamen
2611 1148 2679 1203 ab
2722 1149 2974 1204 omnibus
3007 1148 3184 1219 potuit
3215 1148 3401 1204 sentiri
3450 1165 3464 1202 :
3507 1146 3606 1203 sed

2014 1240 2232 1312 quidam
2255 1249 2455 1296 nostras
2476 1238 2914 1312 congregationis
2940 1238 3159 1306 fratres,
3199 1239 3288 1309 qui
3324 1239 3487 1294 etiam
3515 1253 3604 1294 re-

2015 1332 2320 1403 ligiosiores
2370 1346 2491 1388 esse
2518 1331 2864 1397 videbantur,
2905 1329 3226 1386 suavitatem
3259 1329 3403 1386 illius
3430 1329 3599 1403 degu-

2017 1423 2255 1487 stabant,
2285 1429 2340 1478 et
2389 1421 2667 1492 religionis
2695 1438 2806 1477 suae
2853 1420 3182 1478 auctoritate
3207 1419 3368 1491 hujus
3405 1419 3483 1476 rei
3510 1435 3604 1476 ve-

2016 1517 2230 1571 ritatem
2261 1517 2402 1587 apud
2444 1525 2671 1571 czeteros
2695 1514 3166 1572 commendabant.
3195 1513 3399 1583 Quibus
3435 1511 3599 1570 etiam

2014 1611 2149 1665 odor
2175 1611 2313 1680 ipse,
2341 1610 2910 1682 quamvisincognitus
2924 1616 3085 1680 atque
3107 1617 3332 1664 eatenus
3359 1607 3604 1678 inexper-

2016 1710 2101 1756 tus
2132 1701 2424 1769 exstiterit,
2453 1701 2794 1758 dulcedinem
2822 1711 3005 1758 tamen
3026 1699 3256 1757 balsami
3285 1698 3508 1771 partim,
3544 1705 3605 1753 ut

2017 1777 2290 1857 asserunt,
2322 1800 2537 1862 poterat
2562 1794 2784 1850 imitari.

2604 1906 2834 1964 CAPUT
2890 1905 2998 1962 VII.

2194 1998 2436 2055 Lucerna
2463 2000 2626 2055 vitrea
2656 2016 2834 2055 coram
2859 2015 2917 2054 eo
2947 1997 3146 2054 coalitus
3187 2005 3422 2054 incensa.

2087 2089 2143 2144 ln
2195 2091 2444 2160 proximo
2484 2105 2699 2160 quoque
2751 2090 3002 2157 sabbato,
3031 2089 3087 2146 id
3110 2098 3195 2146 est
3221 2097 3417 2160 quarto
3458 2087 3547 2146 die
3570 2104 3603 2143 ι

1980 2252 1983 2254 _
2016 2182 2159 2236 beati
2212 2182 2315 2238 viri
2357 2182 2728 2248 translatione,
2758 2190 3004 2238 sanctum
3045 2196 3243 2254 corpus
3285 2190 3411 2252 post
3444 2195 3598 2236 aram

2018 2271 2077 2326 8.
2100 2270 2324 2329 Joannis
2368 2271 2623 2342 Baptism
2652 2273 2870 2328 interim
2894 2271 3211 2338 collocatur,
3265 2272 3438 2328 donec
3464 2286 3604 2327 nova

2016 2362 2239 2418 basilica
2267 2363 2368 2420 sub
2397 2361 2512 2432 ejus
2535 2364 2740 2419 honore
2767 2362 3054 2420 dedicandi
3080 2365 3251 2436 ipsius
3285 2363 3607 2420 habitationi

2018 2456 2401 2514 aediﬁcaretur.
2432 2456 2634 2512 Eadem
2660 2471 2790 2526 ergo
2828 2465 2987 2513 nocte
3019 2457 3318 2523 Dominica,
3357 2455 3605 2512 ecclesia:

2020 2558 2202 2606 custos
2230 2566 2353 2605 cum
2377 2558 2658 2605 nocturnae
2683 2548 3014 2607 celebritatis
3043 2548 3256 2620 vigilias
3275 2562 3609 2620 consurgen-

1988 2641 2088 2709 do
2146 2641 2492 2712 praeveniret,
2556 2654 2708 2695 more
2763 2638 2924 2695 solito
2977 2639 3257 2695 basilicam
3309 2639 3607 2711 ingressus,

1992 2763 1996 2769 -
2022 2740 2216 2786 cuncta
2245 2730 2363 2801 ejus
2390 2731 2679 2786 luminaria
2706 2731 2844 2786 bene
2868 2729 3136 2787 exstincta
3180 2729 3400 2802 reperit.
3439 2725 3606 2798 Cujus

2023 2823 2245 2895 vestigia
2275 2824 2561 2896 presbyter
2583 2822 2805 2894 quidam
2836 2831 3035 2878 nostrae
3063 2821 3500 2893 congregationis
3527 2819 3607 2875 la-

2025 2924 2200 2970 tenter
2261 2916 2604 2981 subsecutus,
2671 2913 2940 2971 cancellos
3008 2913 3247 2975 basilica:
3310 2913 3606 2985 egreditur,

2025 3010 2205 3081 ibique
2251 3025 2434 3067 coram
2479 3024 2635 3066 sacro
2663 3023 2892 3080 corpore
2928 3007 3182 3066 oraturus
3217 3007 3605 3081 prosternitur.

2023 3099 2365 3170 Consurgens
2413 3115 2544 3156 vero
2607 3099 2676 3155 ab
2727 3101 2976 3157 oratione
3026 3100 3305 3157 lucernam
3375 3099 3608 3156 vitream

2023 3200 2216 3263 sponte
2233 3207 2330 3247 sua
2355 3191 2486 3247 inibi
2508 3192 2719 3262 aspexit
2738 3191 3035 3248 incensam.
3067 3190 3184 3259 Quo
3210 3190 3328 3247 viso
3349 3190 3609 3246 attentius

2023 3283 2257 3338 orationi
2315 3282 2584 3350 incubuit,
2622 3297 2983 3354 egressusque
3009 3282 3076 3338 de
3111 3283 3373 3349 oratorio,
3403 3281 3610 3351 nemini

329 3376 442 3445 te!“
483 3365 763 3432 Εοειθείθθ»
791 3365 848 3420 in
900 3365 1122 3422 delle”
1173 3365 1361 3420 altaris
1411 3372 1592 3434 Ρπιθν
1619 3361 1918 3421 honoriﬁce
1945 3339 1990 3402 Ο
2021 3374 2241 3430 luminis
2261 3373 2405 3430 illius
2427 3339 2954 3430 administrationem
2975 3381 3085 3428 tam
3111 3373 3223 3430 cito
3257 3339 3497 3430 indicare
3519 3343 3612 3429 de-

328 3458 744 3514 commendatur
785 3476 800 3516 :
846 3474 912 3514 ac
956 3458 1152 3514 deinde
1192 3457 1530 3528 interpositis
1581 3473 1688 3512 non
1738 3457 1918 3512 minus
2018 3467 2208 3523 crevit,
2238 3467 2316 3523 ne
2345 3466 2662 3524 custodibus
2710 3482 2928 3538 quoque
2961 3465 3205 3523 ecclesia;
3247 3466 3426 3522 “unus
3455 3483 3608 3523 eam-

327 3550 608 3622 sexaginta
649 3550 824 3613 annis,
857 3551 1066 3618 decimo
1115 3551 1345 3621 septimo
1387 3549 1655 3605 Kalendas
1686 3548 1832 3612 Maii,
1861 3549 1916 3605 in

2021 3559 2142 3614 dem
2169 3557 2450 3613 lucernam
2481 3558 2764 3622 exstinxit,
2792 3558 2920 3628 quia
2952 3557 3090 3613 alius
3118 3559 3188 3614 ab
3217 3557 3325 3613 alio
3352 3573 3474 3614 eam
3521 3558 3606 3614 in-

327 3648 417 3703 die
442 3655 632 3704 sancto
659 3641 952 3716 parasceve
977 3645 1222 3710 Pascha,
1257 3646 1325 3699 ad
1351 3644 1649 3698 oratorimn
1680 3641 1738 3697 S.
1771 3642 1918 3697 Petri

327 3740 634 3796 deducitur.
663 3737 796 3793 Post
835 3738 954 3792 hazc
996 3743 1180 3792 autem
1216 3736 1494 3790 tricesimo
1523 3735 1712 3804 quinto
1753 3746 1916 3794 anno,

327 3830 724 3889 [neat-nationis
767 3837 947 3884 autem
979 3829 1193 3886 Domini
1222 3828 1668 3900 octingentesimo
1696 3843 1920 3898 sexage-

327 3925 471 3980 simo
510 3931 724 3994 quarto,
755 3921 1050 3979 indictione
1081 3920 1286 3977 decima
1319 3921 1477 3977 tertia
1500 3962 1515 3987 ,
1545 3921 1645 3975 sub
1672 3919 1920 3990 piissimo

329 4030 459 4088 rege
494 4013 800 4082 Ludovico,
843 4014 1252 4070 translationem
1298 4029 1460 4084 quam
1502 4029 1664 4085 supra
1707 4013 1911 4068 descri-

327 4112 559 4182 psimus,
581 4110 892 4166 Grimaldus
913 4110 1060 4181 regis
1081 4109 1548 4180 archicapellanus
1570 4117 1730 4179 atque
1754 4107 1920 4178 ipsius

329 4202 497 4258 abbas
521 4203 836 4259 monasterii
878 4218 1002 4259 cum
1031 4201 1321 4258 Salomone
1349 4200 1778 4257 Constantiensis
1819 4201 1920 4256 Ec-

328 4292 506 4348 clesiae
532 4292 786 4362 praesule,
816 4301 1010 4364 quarta
1037 4292 1173 4348 feria
1205 4293 1306 4348 sub
1333 4299 1526 4348 octavo
1553 4291 1916 4348 Kalendarum

333 4383 716 4440 Novembrium
753 4385 839 4443 die
884 4385 1109 4456 peregit.
1143 4384 1230 4449 Et,
1274 4392 1333 4439 ut
1365 4398 1465 4439 nos
1508 4382 1691 4438 solerti
1738 4383 1917 4438 studio

333 4475 588 4544 indagare
610 4476 903 4546 potuimus,
941 4491 971 4530 a
1009 4476 1240 4546 septimo
1268 4475 1482 4554 Pippini
1507 4490 1669 4539 anno,
1696 4490 1804 4545 quo
1835 4475 1919 4528 vir

334 4575 555 4621 sanctus
576 4566 643 4622 de
665 4567 826 4638 hujus
850 4567 1034 4623 saeculi
1051 4567 1313 4638 angustiis
1328 4566 1727 4637 commigravit,
1751 4579 1919 4634 usque

332 4663 400 4717 ad
430 4661 855 4728 translationem,
887 4669 1105 4717 centum
1136 4669 1191 4718 et
1216 4668 1449 4732 quatuor
1478 4671 1500 4700 ο
1533 4661 1660 4717 anni
1691 4675 1914 4730 compu-

336 4765 540 4811 tantur.

943 4845 1171 4904 CAPUT
1222 4844 1310 4901 VI.

334 4941 613 5013 Incognita
638 4941 813 4997 odoris
838 4940 1136 5012 fragrantia
1159 4940 1301 4994 circa
1329 4937 1442 5009 ejus
1468 4953 1658 5008 corpus
1681 4951 1916 5007 aspersa.

411 5053 704 5124 Descriptis
733 5051 1066 5122 temporibus
1094 5050 1146 5106 in
1178 5049 1374 5121 quibus
1403 5064 1491 5105 res
1520 5048 1772 5120 superius
1800 5063 1917 5102 me-

334 5153 562 5201 moratae
605 5144 955 5216 gerebantur,
999 5158 1145 5198 nunc
1195 5143 1263 5197 ad
1303 5141 1563 5198 miracula
1616 5141 1916 5204 veniamus,

337 5252 458 5308 qua:
491 5244 613 5306 post
644 5235 1052 5292 translationem
1094 5249 1257 5305 quam
1280 5232 1584 5300 retulimus,
1631 5233 1774 5288 circa
1799 5231 1924 5288 reli-

335 5329 492 5399 quias
529 5327 588 5384 S.
617 5327 863 5386 0thmari
906 5327 1290 5396 omnipotentis
1313 5325 1409 5381 Dei
1448 5324 1649 5379 virtute
1690 5322 1921 5379 manife-

339 5429 481 5476 stata
500 5435 622 5476 esse
647 5420 1013 5492 cognovimus.
1035 5416 1371 5474 Venerandis
1397 5415 1568 5471 sancti
1590 5415 1768 5470 Patris
1793 5430 1922 5470 exu-

341 5513 445 5569 viis
470 5513 537 5568 ad
559 5511 842 5568 basilicam
873 5510 932 5566 8.
963 5509 1101 5566 Galli
1133 5507 1356 5580 praefato
1384 5507 1575 5563 ordine
1603 5504 1919 5577 deportatis,

411 5639 439 5669 ι
466 5626 701 5695 Excepta
729 5625 913 5681 ultima
957 5625 1082 5681 vita:
1129 5625 1348 5696 periodo
1369 5665 1384 5691 ,
1415 5639 1579 5694 quam
1621 5622 1840 5696 Viennae
1867 5623 1922 5679 in

340 5696 784 5779 Ga_llia_absolvit.
817 5695 1158 5779 begejpsius
1184 5695 1528 5779 Elogiumad
1554 5711 1680 5750 ann.
1709 5695 1832 5779 7.55.

415 5770 443 5810 δ
480 5766 768 5824 Childeriei
807 5766 1038 5836 dejectio
1076 5782 1140 5838 ac
1184 5766 1394 5836 Pippini
1446 5766 1786 5838 inauguratio
1832 5781 1930 5838 per

341 5838 677 5895 Bonifacium
709 5854 774 5893 ex
802 5838 1048 5894 consulto
1079 5837 1358 5892 Zacharias
1398 5837 1668 5908 pontificis
1699 5837 1926 5893 Romani

345 5910 487 5968 facta
526 5909 702 5969 fuerat
725 5918 850 5966 ante
876 5910 1009 5964 duos
1046 5924 1214 5964 annos
1239 5923 1399 5982 quam
1429 5924 1458 5963 a
1489 5907 1765 5978 Stephano
1794 5923 1928 5966 naua

1945 4712 1998 4772 D

2021 3665 2238 3707 censam
2287 3665 2408 3706 esse
2461 3650 2810 3706 existimavit.
2861 3649 2956 3705 Illa
2983 3665 3112 3707 vero
3151 3650 3353 3706 clarius
3394 3651 3610 3706 caeteris

2022 3741 2389 3812 resplendeus,
2416 3750 2528 3798 tota
2550 3742 2829 3798 Dominica
2855 3742 2942 3798 die
2967 3730 3122 3814 quasi
3161 3758 3260 3814 per
3278 3742 3490 3812 singula
3514 3743 3612 3799 ho-

2022 3849 2206 3890 rarum
2253 3835 2425 3904 spatia
2457 3834 2650 3904 majori
2680 3849 2896 3906 semper
2941 3835 3160 3890 luminis
3184 3835 3609 3906 perfundebatur

2023 3928 2372 3984 abundantia.
2401 3927 2694 4000 Presbyter
2735 3937 2918 3986 autem
2947 3929 3034 3984 cui
3061 3929 3152 3984 illa
3173 3929 3411 3985 caelestis
3438 3928 3607 3984 admi-

2023 4023 2272 4078 nistratio
2297 4021 2518 4078 luminis
2539 4021 2788 4093 primitus
2808 4021 3283 4088 manifestabatur,
3304 4021 3442 4077 tanti
3464 4021 3608 4093 signi

2023 4116 2341 4173 miraculum
2375 4124 2624 4170 metuens
2666 4114 2884 4170 silentio
2930 4114 3260 4185 opprimere,
3315 4112 3468 4169 ﬁnita
3491 4113 3607 4184 jam

2021 4207 2326 4277 veSpertina
2372 4205 2563 4278 synaxi
2610 4205 2822 4262 caeteris
2870 4205 2974 4261 hoc
3023 4202 3284 4260 fratribus
3327 4204 3608 4260 indicavit.

2024 4299 2161 4354 Tum
2191 4299 2342 4354 multi
2371 4307 2680 4355 nostrorum
2705 4297 2886 4354 lumen
2913 4298 3090 4370 ipsum
3121 4298 3402 4369 cupientes
3425 4297 3612 4353 videro

2022 4392 2245 4464 propius
2279 4391 2564 4458 accedunt,
2590 4399 2646 4448 et
2671 4400 2835 4462 prout
2857 4391 2964 4447 illis
2991 4392 3167 4447 visum
3198 4388 3394 4454 fuerat,
3427 4389 3608 4460 ignem

2024 4489 2198 4558 ipsum
2227 4487 2318 4556 qui
2354 4485 2508 4555 quasi
2535 4500 2565 4539 a
2596 4485 2774 4541 medio
2814 4485 2990 4542 noctis
3012 4491 3256 4555 tempore
3281 4482 3474 4537 ardere
3500 4495 3609 4536 non

2023 4580 2251 4644 destitit,
2281 4577 2418 4635 nihil
2461 4578 2683 4634 omnino
2708 4593 2777 4634 ex
2817 4577 3028 4647 liquore
3058 4577 3162 4632 olei
3206 4575 3607 4646 consumpsisse

2027 4669 2456 4742 deprehendunt.
2489 4667 2693 4724 Deinde
2721 4683 2842 4723 cum
2872 4668 2991 4739 ipsa
3017 4667 3240 4723 lucerna
3269 4666 3427 4753 quasi
3451 4665 3612 4722 vehe-

2032 4761 2268 4819 mentius
2311 4761 2503 4817 ardere
2530 4760 2801 4830 cmpisset,
2839 4759 2958 4817 oleo
2979 4758 3238 4831 paulatim
3261 4759 3612 4816 decrescente

2030 4854 2124 4910 lux
2147 4853 2337 4909 eadem
2360 4866 2575 4922 semper
2599 4866 2658 4908 se
2683 4851 2798 4923 ipsa
2821 4851 2996 4922 major
3019 4850 3282 4917 existens,
3298 4865 3363 4906 ac
3383 4857 3496 4906 tota
3526 4866 3614 4909 se-

2028 4946 2214 5018 quenti
2256 4953 2415 5002 nocte
2440 4945 2751 5001 universam
2801 4943 2861 5001 8.
2888 4943 3027 5003 Galli
3056 4944 3336 5001 basilicam
3387 4944 3615 5018 fulgoris

2029 5040 2113 5095 sui
2145 5037 2510 5094 immensitate
2535 5034 2889 5108 perfundens,
2919 5035 3284 5092 incensionem
3331 5035 3415 5092 sui
3453 5037 3612 5107 quasi

2029 5129 2097 5186 ad
2125 5137 2374 5186 octavam
2423 5129 2528 5185 diei
2558 5129 2747 5184 horam
2784 5127 2840 5183 in
2889 5127 3186 5184 secundam
3244 5127 3436 5184 feriam
3485 5142 3612 5200 pro-

2027 5221 2212 5276 traxit.
2242 5219 2394 5276 Tunc
2419 5219 2566 5275 enim
2614 5227 2798 5276 custos
2835 5217 3080 5276 ecclesias
3105 5233 3336 5275 cernens
3361 5233 3484 5276 eam
3512 5219 3612 5275 ali-

2027 5311 2344 5385 quantulum
2371 5310 2652 5377 minorari,
2681 5307 2960 5381 ﬁnitajam
2987 5308 3152 5365 missa
3183 5307 3365 5366 funem
3392 5324 3499 5381 quo
3528 5308 3608 5363 lu-

2024 5419 2188 5462 cerna
2218 5401 2558 5474 dependebat
2595 5401 2811 5457 incaute
2847 5400 3080 5458 laxando
3103 5400 3390 5468 submittit,
3421 5401 3609 5470 sicque

2024 5496 2116 5552 lux
2146 5497 2262 5568 ipsa
2313 5495 2568 5552 decessit.
2599 5493 2738 5549 Tum
2771 5508 2905 5550 vero
2944 5494 3142 5550 mirum
3173 5494 3226 5549 in
3269 5495 3487 5550 modum
3510 5488 3612 5546 sub

2030 5628 2154 5670 cum
2196 5611 2404 5667 duobus
2449 5597 2585 5667 ﬁliis
2615 5607 2809 5666 Carolo
2849 5617 2905 5665 et
2946 5607 3344 5666 Carolomanno
3389 5605 3614 5677 inunge-

2061 5691 2198 5738 etur.

2031 5700 2278 5810 ΓΘιὲἳῆιο
2306 5753 2421 5811 fere
2443 5761 2662 5812 centum
2684 5761 2742 5811 et
2762 5753 3006 5824 quinque
3027 5751 3154 5806 anni
3183 5768 3196 5804 :
3231 5763 3357 5824 nam
3378 5745 3610 5824 Othma:

2034 5841 2156 5882 rum
2181 5839 2327 5880 anno
2354 5825 2460 5882 759
2479 5825 2680 5882 obiisse
2713 5817 2932 5879 constat
2948 5839 3018 5879 ex
3037 5836 3180 5878 anno
3204 5817 3437 5892 septimo
3461 5818 3612 5892 regni

2037 5897 2247 5968 Pippini
2278 5937 2294 5962 ,
2337 5896 2492 5967 cujus
2538 5895 2821 5952 exordium
2871 5893 2956 5950 lso
3021 5893 3162 5949 male
3208 5889 3420 5944 reuonit
3467 5889 3610 5956 anno
