3954 6342
198 354 305 413 789

197 566 419 624 clamat.

817 670 1044 741 CAPUT
1082 678 1172 742 XI.

497 768 724 838 Quidam
756 764 941 830 debilis
963 774 1205 831 sanitatis
1241 772 1507 832 restitutus

274 883 508 953 Quidam
535 886 896 957 pauperculus
928 901 997 943 ex
1024 885 1295 943 Gallorum
1332 889 1607 958 provincia
1632 888 1782 960 geni-

195 991 324 1051 tus,
356 983 447 1053 qui
495 982 775 1039 sinistrum
829 998 969 1055 genu
1002 998 1125 1039 cum
1175 985 1311 1055 pede
1364 982 1587 1040 ﬂaccido
1627 990 1684 1041 et
1730 984 1784 1039 in

195 1073 478 1129 sinistram
511 1081 722 1143 partem
763 1072 973 1129 detorto
1000 1081 1337 1129 contractura
1368 1081 1529 1145 atque
1569 1090 1601 1130 a
1640 1083 1785 1131 terra

195 1164 544 1220 sublevatum
570 1179 600 1219 a
623 1163 923 1220 nativitatis
952 1180 1065 1219 suae
1088 1164 1331 1232 exordio,
1356 1164 1581 1235 ponderi
1610 1166 1788 1236 potius

195 1271 365 1327 quam
398 1255 637 1312 subsidio
662 1255 1007 1328 deportabat,
1036 1256 1244 1313 duobus
1285 1256 1665 1313 sustentaculis
1704 1236 1786 1311 in-

195 1356 285 1404 ter
315 1348 544 1403 ascellas
572 1346 851 1413 suffultus,
885 1348 1075 1404 domus
1110 1347 1343 1403 ﬁdelium
1390 1348 1783 1418 eleemosynam

195 1441 537 1511 quzeritando
593 1440 881 1496 circumire
935 1440 1158 1496 solebat.
1210 1440 1311 1495 llic
1367 1439 1549 1510 itaque
1592 1440 1784 1494 eodem

194 1545 368 1591 amo,
413 1530 707 1586 transactis
741 1530 1046 1585 Nativitatis
1086 1529 1381 1585 Dominica:
1405 1529 1698 1595 solemniis;
1732 1529 1785 1583 in

194 1637 340 1693 pago
371 1622 462 1692 qui
493 1622 691 1677 dicitur
714 1620 987 1693 Linzgowe
1016 1623 1365 1688 constitutus,
1393 1622 1568 1677 virum
1600 1637 1787 1693 quem-

196 1716 327 1769 dam
360 1714 718 1769 venerabilem
749 1713 1073 1770 sacerdotali
1097 1714 1234 1769 stola
1263 1714 1510 1769 indutdfn
1531 1710 1587 1768 et
1606 1712 1787 1767 vultus

195 1807 484 1861 honestate
507 1805 825 1876 praeclarum
855 1805 957 1860 sibi
980 1806 1035 1860 in
1061 1804 1264 1861 somnis
1292 1805 1572 1870 assistere,
1597 1805 1788 1876 hisque

1158 361 1248 416 DE
1286 361 1656 421 MlRACULlS
1690 362 1749 421 s.
1790 350 2121 423 OTHMARI.
2151 382 2219 406 -—
2245 358 2370 422 LIB.
2411 364 2452 421 1.

199 471 386 529 divina
435 470 636 542 pieme
678 472 733 528 in
764 486 823 528 se
857 478 976 530 esse
1005 484 1284 546 peractum
1324 481 1442 535 viva
1485 494 1619 537 voce
1658 495 1785 552 pro-
1810 484 1897 547 Α.

3360 362 3463 431 πο

2497 472 2723 539 CAPUT
2758 470 2867 539 ΧΠ.
3515 486 3521 491 ’

2225 571 2407 629 Μαίης
2433 574 2674 645 loquendi
2712 566 2874 647 aﬂlcio
2897 576 3139 633 donatus.

1956 685 2086 744 Post
2111 688 2360 759 sanitatis
2388 678 2547 757 hujus
2571 684 2915 758 miraculum,
2932 700 3123 747 exacto
3153 680 3317 750 trium
3343 693 3470 750 beb-

1889 767 2238 838 (lomadarum
2272 783 2469 852 spatio,
2499 792 2680 839 mutus
2706 783 2926 855 quidam
2968 787 3021 841 in
3050 787 3228 845 vicino
3252 788 3469 845 territo-

1887 873 1971 930 rio
2000 883 2159 931 natus
2202 883 2366 945 atque
2396 875 2660 941 nutritus,
2693 892 2855 947 quem
2900 877 3058 933 multi
3100 866 3409 937 nostrorum
3438 896 3469 937 a

1887 965 2143 1037 primaeva
2170 973 2330 1021 relate
2359 952 2653 1021 locutionis
2681 954 2859 1023 ollicio
2900 977 3160 1024 noverant
3204 986 3323 1027 esse
3360 971 3473 1042 pri-

1888 1064 2095 1121 vatum,
2144 1046 2197 1110 in
2248 1042 2525 1135 Dominica
2570 1048 2766 1135 itidem
2822 1056 2909 1114 die
2967 1061 3020 1115 in
3082 1062 3469 1119 monasterium

1888 1161 2194 1218 aggressus,
2225 1134 2293 1202 ad
2333 1162 2529 1217 corpus
2646 1148 2890 1205 Othmari
2919 1142 3170 1216 accessit,
3206 1146 3262 1206 et
3294 1150 3471 1223 quod-

1889 1236 2012 1292 dam
2053 1235 2147 1291 lini
2178 1236 2449 1308 globulum
2477 1239 2578 1308 pim
2607 1230 2909 1295 devotionis
2947 1239 3144 1295 intuitu
3186 1239 3302 1309 ejus
3333 1256 3473 1297 arcae

1889 1330 2253 1399 superposuit.
2285 1327 2403 1398 Quo
2429 1324 2575 1386 facto
2597 1373 2611 1398 ,
2649 1332 2931 1389 subitaneo
2960 1333 3191 1405 quodam
3241 1333 3475 1409 impulsu

1889 1432 2009 1475 cum
2042 1414 2243 1475 exStasi
2287 1421 2486 1477 mentis
2532 1431 2835 1480 terratenus
2883 1410 3151 1493 deiectus,
3198 1424 3475 1481 dissolutis

1889 1508 2085 1579 lingua:
2108 1510 2426 1567 retinaculis
2452 1513 2732 1584 sanguinis
2756 1515 2967 1585 copiam
2995 1529 3065 1570 ex
3087 1530 3183 1571 ore
3211 1515 3472 1585 profudit.

1892 1601 2064 1668 Quem
2099 1602 2212 1659 suis
2236 1604 2351 1675 ipse
2374 1606 2624 1662 manibus
2658 1623 2726 1663 ne
2758 1609 2811 1662 in
2839 1607 3076 1664 basilica:
3103 1609 3471 1679 pavimentum

1891 1692 2111 1749 caderet
2139 1694 2457 1765 sustip’iens,
2500 1698 2757 1771 continuo
2787 1707 2943 1754 extra
2983 1698 3270 1755 ecclesiam
3301 1699 3475 1771 proje-

1894 1785 1988 1840 cit.
2020 1786 2219 1855 Sicque
2241 1786 2442 1857 ingenti
2463 1788 2751 1845 formidine
2772 1799 2935 1861 atque
2961 1801 3171 1847 terrore
3194 1808 3472 1863 pervasus,

196 1854 481 1861 --πη----ν
507 1854 720 1876 ,-----_-
740 1854 825 1859 _---
856 1854 957 1860 η---
1061 1854 1261 1861 --_-___
1294 1854 1510 1860 th---"
1528 1854 1572 1870 -,
1598 1854 1784 1876 ---ηπ
2134 1854 2144 1855 κ
2304 1854 2322 1857 -
2846 1854 2864 1861 -
3194 1854 3211 1863 ,
3459 1854 3466 1857 .

192 1914 257 1954 se
287 1897 513 1952 vocibus
553 1895 708 1950 affari
749 1896 1020 1951 asseruit;
1055 1897 1113 1951 Si
1140 1911 1341 1961 meum,
1374 1912 1407 1950 ο
1436 1895 1781 1966 ρεηρρνωιθ,
1813 1854 1866 1914 Β
1890 1878 2090 1932 nemini
2122 1877 2263 1947 quod
2308 1878 2409 1934 sibi
2449 1889 2702 1935 evenerat
2747 1881 3109 1948 innotescens,
3158 1898 3280 1939 cum
3321 1885 3468 1939 omni

192 1990 537 2046 mansionem
570 1984 767 2055 adires,
791 1984 1045 2045 baculum
1073 1984 1171 2044 tibi
1204 1987 1482 2054 ucmarem,
1510 1988 1661 2057 cujus
1689 1988 1785 2043 ad—

192 2078 459 2139 minieulo
485 2080 837 2148 sustentatus,
872 2086 967 2153 per
992 2083 1172 2153 inepta
1222 2080 1431 2137 viarum
1475 2080 1784 2138 discrimina

192 2173 395 2231 melius
426 2170 678 2230 incedere
707 2168 1047 2243 praevaleres.
1076 2171 1176 2229 Cui
1208 2156 1296 2229 ille
1322 2190 1336 2227 :
1375 2169 1599 2229 Domine
1622 2212 1636 2237 ,
1670 2172 1783 2238 ait,

192 2268 536 2325 mansionem
565 2275 713 2323 tuam
744 2267 956 2330 nescio,
1002 2275 1056 2323 et
1085 2267 1140 2321 iit
1167 2266 1365 2337 quibus
1393 2268 1511 2320 eam
1543 2264 1788 2336 partibus

192 2368 445 2433 quaerere
472 2354 696 2417 debeam
720 2362 935 2432 penitus
960 2360 1169 2432 ignoro.
1204 2356 1325 2430 ipse
1351 2359 1481 2414 Vero
1510 2368 1523 2411 ε
1556 2344 1637 2412 Ad
1662 2362 1787 2412 eum

193 2454 400 2520 lacum,
434 2442 626 2525 inquit,
659 2448 834 2525 stagni
877 2448 1036 2522 hujus
1063 2448 1458 2515 transfretare,
1490 2449 1702 2518 illisque
1734 2448 1786 2502 in

194 2548 333 2604 locis
352 2546 580 2603 solerter
600 2526 725 2602 ean‘i
740 2542 1069 2618 inrestigare
1085 2554 1291 2609 curato,
1307 2548 1405 2616 pro
1422 2546 1573 2597 certo
1588 2541 1785 2605 sciens,

196 2641 243 2696 si
271 2638 365 2695 illo
390 2630 722 2709 perveneris,
747 2637 891 2708 quod
923 2651 1022 2709 pro
1050 2633 1226 2692 baculi
1256 2633 1564 2704 receptlune
1588 2631 1786 2704 gaude-

195 2730 304 2787 bis.
338 2726 405 2786 Et
427 2724 488 2786 ut
512 2724 726 2785 facilius
754 2732 875 2783 eam
913 2720 1157 2784 invenire
1185 2726 1369 2782 valeas
1392 2767 1406 2791 ,
1448 2724 1662 2781 noveris
1702 2730 1809 2778 me

197 2823 254 2877 in
288 2823 449 2877 domo
491 2819 717 2876 alterius
760 2806 937 2876 adhuc
982 2820 1214 2890 positum
1266 2820 1405 2882 e590,
1452 2832 1515 2905 ac
1560 2817 1789 2887 propria

199 2906 502 2975 mansionis
531 2914 894 2974 habitaculum
943 2915 1179 2973 nondum
1204 2912 1419 2971 habere.
1449 2911 1558 2970 liae
1579 2915 1791 2970 visione

196 3028 409 3083 pauper
436 3006 525 3067 ille
551 3012 873 3078 commotus“,
896 3018 1237 3084 transgresso
1267 3011 1391 3065 lacu
1418 3009 1484 3065 ad
1512 3006 1788 3079 cujusdam

197 3106 505 3179 presbyteri
534 3105 751 3160 doimlm
774 3105 1007 3175 quadam
1035 3103 1121 3159 die
1152 3108 1273 3159 sero
1294 3101 1558 3172 pervenit,
1580 3098 1793 3155 eadem-

200 3219 311 3273 que
351 3201 505 3256 nécle
533 3200 775 3272 pnedicti
806 3188 1024 3286 habitus
1053 3199 1229 3285 virum
1278 3197 1473 3251 iterato
1511 3195 1611 3252 sibi
1657 3194 1790 3250 assi—
1817 3223 1863 3286 ρ

201 3294 462 3358 stentem,
491 3286 546 3347 et
572 3307 669 3347 cur
697 3278 879 3346 tandiu
910 3276 961 3344 ih
1001 3276 1263 3343 veniendo
1290 3288 1527 3365 tardaret
1560 3287 1789 3341 interro-

202 3392 424 3457 gantem
451 3374 681 3455 aspexit.
717 3369 797 3438 Ad
818 3379 970 3451 cujus
1000 3370 1481 3451 interrogationem
1502 3388 1622 3435 eum
1646 3378 1789 3434 idem

202 3464 402 3530 debilis
426 3462 495 3529 ob
521 3462 761 3546 ejusdem
804 3473 905 3528 loci
949 3472 1308 3545 ignorantiam
1344 3476 1559 3541 suaeque
1601 3466 1791 3525 debili-

202 3567 339 3623 tatis
368 3565 705 3622 incommoda
736 3572 893 3621 antea
926 3566 983 3620 se
1011 3580 1118 3621 non
1160 3564 1397 3633 potuisse
1436 3562 1617 3616 Venire
1655 3554 1791 3615 fate-

202 3668 397 3725 retur,
440 3656 530 3714 ille
583 3658 774 3729 pedem
824 3655 939 3728 ejus
983 3644 1087 3712 nisi
1135 3654 1383 3712 celeriter
1427 3644 1490 3709 ad
1545 3644 1791 3710 eumdem

203 3746 387 3806 locum
419 3742 629 3815 adirel,
668 3764 787 3804 sese
831 3738 1171 3803 abscisurum
1203 3738 1651 3803 comminabatur.
1683 3744 1791 3801 Hu-

198 3826 507 3911 iuscemodi
566 3856 697 3911 ergo
735 3830 1068 3909 jussionibus
1126 3840 1265 3894 idem
1320 3852 1524 3910 pauper
1576 3828 1793 3894 obedire

206 3943 456 4007 paratus,
510 3923 720 3988 reddita
761 3932 1078 3989 mortalibus
1122 3924 1241 3998 die,
1292 3932 1610 4003 presbytero
1652 3931 1795 3985 viam

123 4016 135 4026 ’
209 4026 451 4082 dictante
470 4014 540 4081 ad
561 4026 945 4081 monasterium
966 4032 1243 4096 prOperat,
1274 4024 1452 4094 ibique
1475 4031 1631 4078 nocte
1657 4025 1791 4095 ipsa,

209 4134 335 4190 quae
371 4118 535 4172 etiam
569 4125 696 4172 tunc
726 4114 1004 4172 Dominica
1038 4114 1354 4181 habebatur,
1391 4104 1442 4169 in
1484 4116 1794 4187 vigiliarum

209 4210 675 4269 celebrationibus
694 4212 887 4267 devote
909 4220 1212 4281 pernoctat.
1231 4210 1395 4265 Facto
1418 4208 1596 4265 autem
1618 4222 1792 4273 mane,

207 4315 334 4375 post
365 4298 654 4359 recitatum
682 4292 734 4359 in
769 4300 982 4373 publica
1008 4315 1031 4343 δ
1067 4303 1227 4358 missa
1258 4301 1611 4373 Evangelium
1635 4343 1648 4366 ,
1673 4316 1793 4355 cum

209 4398 277 4452 ad
308 4385 509 4469 gradus
532 4412 668 4467 quos
689 4402 845 4453 sacro
882 4396 1097 4466 corpori
1134 4395 1415 4467 contiguos
1442 4409 1561 4448 esse
1592 4408 1795 4449 memo-

210 4491 459 4546 ravimus
502 4490 800 4556 deveniret,
849 4492 1137 4545 nervoi‘um
1184 4501 1345 4560 atque
1394 4488 1798 4559 venarumjn’n-

1886 1968 2232 2025 festinatione
2258 1973 2591 2027 monasterio
2619 1973 2933 2043 digreditur,
2963 1983 3018 2030 et
3045 1975 3111 2030 ad
3137 1976 3472 2032 mansionem

1888 2077 2043 2118 suam
2072 2062 2183 2117 cito
2208 2063 2547 2134 perveniens,
2592 2065 2785 2121 collata
2814 2067 2915 2122 sibi
2938 2068 3191 2138 loquendi
3216 2068 3479 2126 facultate

1889 2168 2017 2209 suos
2056 2152 2257 2209 ibidem
2300 2162 2459 2211 notos
2482 2170 2605 2210 cum
2648 2157 2846 2228 gaudio
2872 2158 3182 2228 alloquitur:
3212 2159 3382 2228 Quem
3414 2170 3477 2215 ut

1886 2246 1991 2318 ipsi
2022 2246 2331 2316 loquentem
2357 2247 2577 2319 suisque
2600 2248 3116 2323 interrogationibus
3149 2254 3477 2324 responden-

1888 2347 1997 2395 tem
2045 2339 2362 2406 audierunt,
2393 2357 2500 2397 non
2553 2342 2776 2398 minima
2831 2344 3187 2402 admiratione
3239 2347 3471 2417 permoti

1889 2430 1993 2486 hoc
2029 2429 2349 2486 miraculum
2378 2433 2591 2487 caeteris
2626 2433 2915 2489 indicando
2948 2434 3198 2492 celeriter
3225 2437 3473 2510 divulga-

1890 2533 2103 2579 verunt.
2134 2524 2271 2579 Tum
2300 2541 2429 2581 vero
2457 2542 2525 2582 ex
2555 2528 2797 2598 ejusdem
2842 2529 2947 2587 loci
2979 2530 3171 2587 incolis
3215 2531 3477 2601 plurimos

1891 2615 2171 2687 utriusque
2208 2631 2369 2672 sexus
2400 2618 2454 2671 in
2496 2633 2659 2672 unum
2708 2620 3023 2685 convenire,
3064 2630 3121 2677 et
3158 2620 3229 2677 ob
3261 2636 3484 2678 conces-

1892 2720 2006 2761 sam
2038 2714 2186 2761 muto
2214 2704 2487 2776 loquelam
2513 2707 2915 2779 obstupescere,
2948 2712 3231 2783 ipsumque
3270 2713 3325 2768 in
3351 2712 3473 2768 illo-
3552 2702 3555 2703 ⁷

1894 2813 2014 2852 rum
2045 2797 2224 2853 medio
2246 2799 2480 2869 positum
2507 2803 2774 2871 quomodo
2804 2803 2908 2859 sibi
2939 2804 3257 2873 contigerit,
3301 2813 3357 2861 et
3384 2806 3476 2862 ubi

1892 2892 1977 2948 vel
2002 2893 2216 2963 quando
2244 2893 2428 2965 lingua
2454 2894 2571 2965 ejus
2610 2894 2787 2951 soluta
2811 2895 3006 2966 fuerit,
3029 2913 3284 2955 cerneres
3312 2914 3469 2955 enar—

1894 2996 2035 3049 rare.
2069 2982 2325 3054 Sequenti
2360 2994 2542 3040 autem
2573 2986 2659 3042 die
2684 2988 2916 3045 clericus
2938 2990 3159 3061 quidam
3190 3006 3258 3047 ex
3286 2990 3477 3046 eodem

1895 3074 2012 3128 loco
2061 3070 2210 3127 ilium
2256 3090 2539 3131 assumens
2590 3077 2658 3131 ad
2707 3080 3098 3135 monasterium
3141 3080 3378 3146 reduxit,
3424 3086 3478 3135 et

1895 3163 2055 3233 hujus
2084 3164 2160 3218 rei
2188 3163 2471 3220 veritatem
2510 3180 2610 3235 per
2639 3166 2883 3224 ordinem
2910 3170 3067 3226 nobis
3091 3170 3369 3227 indicavit.

2451 3281 2457 3285 ’
2478 3274 2706 3333 CAPUT
2746 3277 2883 3333 XIII.

1896 3391 2142 3446 Membris
2206 3392 2447 3447 omnibus
2507 3402 2540 3447 It
2589 3394 2866 3476 adﬁnitate
2922 3400 3219 3449 contractas
3280 3393 3480 3448 meritis

2432 3466 2601 3520 sancti
2624 3466 2926 3534 corrigitur.

1963 3577 2165 3632 Eodem
2217 3588 2363 3632 anno
2398 3578 2485 3632 vir
2524 3577 2766 3647 quidam,
2799 3575 2933 3631 ciris
2962 3574 3433 3630 Aurelianensium
3462 3610 3477 3639 ,

1895 3666 2177 3737 puerulum
2210 3668 2460 3722 munibus
2489 3682 2627 3738 pene
2654 3666 3024 3721 membrorum
3044 3661 3314 3735 juncturis
3344 3674 3480 3719 eon-

1895 3766 2128 3816 tractum
2159 3760 2322 3831 atque
2360 3760 2761 3831 conglobatum,
2794 3759 2896 3829 pia
2941 3756 3243 3812 devotionis
3283 3756 3483 3811 intuitu

1895 3863 2063 3920 parvo
2092 3851 2340 3905 vehiculo
2373 3850 2680 3920 impositum
2704 3890 2718 3914 ,
2769 3849 2930 3904 modo
2978 3847 3275 3911 trahendo,
3326 3845 3486 3900 modo

1897 3937 2083 3997 cdram
2111 3956 2169 3996 se
2198 3941 2553 4010 impellendo,
2596 3940 2708 3997 tum
2753 3942 2921 3996 etiam
2968 3939 3202 4011 prepriis
3244 3932 3487 3992 humeris

1898 4036 2175 4106 gestando,
2205 4034 2432 4090 Romam
2460 4032 2946 4103 perduxit.'Paueis
2976 4032 3185 4087 dierum
3199 4026 3488 4087 curriculis

1897 4127 2097 4182 ibidem
2128 4127 2337 4181 exactis
2358 4127 2481 4183 inde
2508 4127 2821 4190 revertitur,
2857 4133 3019 4196 atque
3040 4123 3123 4196 (ut
3146 4137 3213 4177 ex
3243 4120 3359 4191 ejus
3389 4132 3489 4175 ore

1900 4219 2206 4292 didicimus)
2232 4218 2611 4277 Alamanniam
2638 4226 2845 4292 petere,
2873 4227 2929 4275 et
2957 4218 3014 4274 S.
3045 4215 3186 4272 Galli
3216 4220 3491 4271 monaster-

1900 4312 2039 4364 rium
2091 4310 2241 4367 adire
2281 4320 2442 4367 noctu
2483 4312 2538 4367 in
2588 4311 2796 4366 visione
2837 4306 3229 4364 commouetur.
3272 4303 3373 4360 Cui
3398 4298 3490 4359 ille

1900 4403 2093 4459 visioni
2126 4420 2365 4460 annuere
2415 4404 2754 4468 desiderans,
2802 4400 3072 4456 laborioso
3116 4394 3254 4453 satis
3289 4394 3489 4452 conatu

1897 4495 2026 4567 juga
2053 4495 2266 4565 Alpium
2297 4504 2536 4566 superat,
2570 4505 2625 4549 et
2653 4493 2885 4564 quadam
2917 4492 3003 4546 die
3034 4490 3354 4544 imminente
3373 4484 3487 4555 jam

210 4590 383 4638 (διιπεὲ
422 4590 581 4651 τωρωι
621 4589 777 4645 cule.
834 4595 898 4635 ac
952 4574 1076 4635 mox
1121 4578 1483 4648 subsequente
1540 4577 1800 4648 sanguine
1828 4598 1879 4657 ι)
1906 4600 2129 4654 vespera
2156 4585 2247 4639 diu
2271 4585 2637 4640 desideratum
2678 4574 2853 4637 lassus
2888 4570 3192 4650 ingreditur
3212 4583 3487 4631 monaste-

212 4666 562 4744 fr.nguntur,
590 4680 642 4727 et
674 4661 914 4727 membra
953 4660 1041 4725 diu
1075 4670 1356 4725 contracta
1382 4668 1576 4724 divinae
1607 4678 1793 4738 apera-

213 4763 383 4819 tionis
404 4750 596 4819 effectu
626 4762 807 4819 subito
832 4764 1194 4833 corriguntur.
1226 4762 1465 4829 Quorum
1500 4762 1797 4816 tensioncm

214 4863 383 4929 atque
423 4850 717 4909 fracturam
748 4868 891 4925 aeger
916 4850 1030 4923 ipse
1063 4851 1205 4907 ferre
1248 4868 1353 4907 non
1384 4851 1712 4922 przevalcn‘s,
1745 4850 1798 4903 in

214 4948 352 5020 ipsis
377 4938 633 5019 gradibus
657 4947 883 5014 corruit,
912 4944 1305 5016 horrendisque
1326 4936 1550 5000 vocibus
1570 4950 1801 5014 perstre-

214 5055 352 5112 pens
378 5046 566 5094 omnes
598 5038 650 5094 in
681 5032 908 5094 ecclesia
948 5046 1155 5092 stantes
1198 5037 1510 5108 perterruit.
1558 5036 1798 5104 Quorum

215 5122 439 5205 plurimi
468 5141 856 5188 concurrentes
884 5146 1009 5187 eum
1034 5131 1291 5187 continuo
1323 5130 1683 5195 sustulerunt,
1716 5145 1803 5204 co-

218 5227 480 5298 gnitoque
506 5212 768 5280 miraculo
796 5224 1151 5296 omnipotenti
1204 5214 1315 5280 Deo
1361 5220 1569 5279 debitas
1607 5222 1807 5294 gratia-

219 5334 346 5373 rum
385 5317 628 5373 actiones
658 5306 976 5373 retulerunt.
1006 5312 1217 5386 Pauper
1237 5325 1414 5372 autem
1448 5312 1560 5386 ipse
1582 5310 1807 5370 educuis

224 5408 292 5464 de
326 5396 555 5464 ecclesia
579 5449 595 5474 ,
629 5422 728 5479 per
770 5415 1072 5478 temporum
1118 5417 1388 5464 momenta
1433 5406 1722 5470 convaluit,
1754 5414 1809 5460 et

224 5509 350 5571 post
380 5499 586 5568 aliquot
611 5494 726 5555 dies
760 5514 925 5555 sanus
951 5500 1281 5556 monasterio
1308 5490 1575 5555 discessit.

302 5659 769 5730 iConventualem
791 5676 905 5731 sive
927 5675 1220 5731 solemnem
1247 5689 1503 5731 vocamus
1530 5676 1671 5731 hanc
1690 5675 1815 5730 mis-

230 5760 386 5828 sam,
411 5760 532 5827 quae
549 5745 784 5872 {ebura
835 5747 1071 5831 antiquis
1114 5746 1419 5811 dicebatur,
1470 5747 1522 5800 in
1566 5746 1716 5829 libro.
1743 5748 1810 5802 de

230 5816 506 5872 Miracults
593 5856 606 5870 .
639 5816 936 5872 Bercharn.
972 5833 1121 5872 num.
1155 5817 1241 5872 i9.
1275 5817 1470 5872 saeculo
1493 5833 1565 5872 tt:
1600 5826 1809 5872 ornata

228 5816 506 5875 Miraculis
549 5816 606 5872 S.
639 5816 936 5885 Bercharii,
968 5816 1121 5873 num.
1155 5817 1241 5885 i9,
1275 5817 1470 5873 saeculo
1493 5833 1565 5884 n;
1600 5818 1809 5888 privata

1904 4677 2066 4730 tium.
2119 4676 2221 4744 Qui
2278 4677 2440 4731 etiam
2492 4678 2546 4731 in
2604 4677 2720 4747 ipso
2781 4674 2975 4729 itinere
3037 4676 3169 4741 quat
3215 4666 3491 4725 molestias

1902 4779 2099 4841 quotve
2149 4769 2612 4825 incommodorum
2644 4756 2928 4839 pertulerit
2976 4763 3282 4835 angustias,
3323 4768 3488 4817 testes

1904 4862 2123 4931 fuerunt
2173 4863 2419 4927 humeri,
2476 4877 2613 4933 quos
2667 4859 2911 4915 vectibus
2963 4856 3204 4926 ejusdem
3254 4851 3490 4912 vehiculi

1906 4953 2039 5008 adeo
2076 4953 2293 5007 attritos
2320 4967 2440 5009 esse
2470 4950 2834 5021 comperimus
2856 4990 2871 5014 ,
2909 4956 2968 5002 ut
2996 4945 3151 5002 multi
3181 4940 3489 5000 nostrorum

1909 5045 2076 5101 callos
2118 5045 2173 5099 in
2222 5044 2302 5099 eis
2349 5044 2570 5099 duratos
2615 5056 2734 5096 esse
2782 5033 3267 5121 perspicerent._ln
3315 5034 3489 5105 primo

1910 5138 2072 5208 igitur
2095 5135 2330 5191 basilicae
2375 5136 2621 5206 ingressu
2665 5133 2731 5187 ad
2774 5146 2972 5201 corpus
2996 5116 3058 5183 Β.
3098 5114 3342 5184 Otlimari
3368 5139 3492 5196 per-

1910 5227 2155 5293 veniens,
2184 5242 2317 5296 puer
2346 5225 2461 5295 ipse
2496 5222 2840 5279 tendentibus
2869 5235 2988 5277 sese
3016 5232 3337 5289 compagum
3363 5214 3493 5270 reti-

1910 5318 2115 5374 naculis
2153 5317 2403 5372 vehiculo
2445 5312 2699 5370 decidens
2729 5314 2783 5367 in
2820 5312 3186 5384 pavimentum
3222 5306 3491 5380 provolvi-

1912 5419 2017 5474 tur,
2049 5418 2104 5464 et
2132 5408 2355 5464 vocibus
2398 5394 2684 5462 horrendis
2715 5400 2854 5459 tecta
2889 5401 3132 5460 ecclesia:
3173 5398 3449 5469 complens
3472 5436 3488 5462 .
3564 5468 3571 5471 _

1916 5502 2086 5557 nimio
2107 5516 2167 5557 se
2188 5499 2373 5557 dolor.)
2390 5498 2571 5570 urgeri
2603 5483 2822 5553 insolito
2842 5482 3097 5553 clamoris
3124 5493 3347 5563 strepitu
3375 5504 3491 5559 pro-

1914 5676 3018 5821 vero'gnigomgrquagpvgmr,
3052 5676 3105 5728 in
3137 5670 3276 5727 libro
3300 5667 3367 5724 de
3394 5664 3493 5723 lli-

1914 5766 2043 5807 racu
2068 5765 2111 5807 is
2183 5784 2199 5805 .
2492 5765 2568 5817 m,
2702 5788 2717 5802 .
2785 5788 2799 5803 .

1914 5765 2111 5807 racutts
2139 5765 2199 5806 δ.
2228 5765 2568 5817 uorumnam,
2598 5765 2717 5817 cap.
2748 5765 2799 5803 1.
