4000 6352
597 345 694 402 791

1666 355 1887 415 ISONIS
1928 360 2445 452 SAi‘lGALLENSlS
2485 369 2789 430 MONACHI
3693 395 3762 452 792

589 468 838 516 testatur.
875 460 1067 518 Senior
1091 472 1271 520 autem
1301 475 1488 523 noster
1515 467 1825 528 Grimaldus
1865 473 1953 529 his
1986 445 2175 534 diebus
2202 485 2251 544 Α
2279 484 2445 540 ciunt.
2487 487 2616 544 Post
2643 490 2858 563 longam
2871 491 3239 562 hujuscemodi
3269 502 3578 560 vexationem
3601 509 3761 571 sinistra

591 552 648 606 in
678 556 1006 612 monasterio
1031 556 1380 626 posituscum
1401 560 1514 631 ipsa
1537 561 1674 618 hora
1703 578 1817 634 prae
1843 564 2050 624 foribus
2076 569 2174 624 ba-

588 643 758 700 silica:
783 645 923 700 infra
955 645 1249 702 claustrum
1273 651 1620 720 consisteret,
1651 655 1835 711 audito
1868 653 2175 726 huiusmodi

587 739 817 808 strepitu
849 737 1193 795 Salomonem
1230 743 1544 815 episcopum
1586 762 1691 801 una
1735 764 1859 804 cum
1889 750 2173 825 Augiensis

586 828 819 883 caanobii
867 829 1088 912 abbate,
1117 832 1207 901 qui
1239 832 1356 903 ipso
1393 835 1483 891 die
1527 837 1727 893 ibidem
1764 850 2166 905 convenerant,

583 915 766 974 secum
811 913 1114 987 assumens,
1163 923 1450 980 ecclesiam
1480 926 1678 995 intrat,
1704 944 2030 1001 causamque
2059 940 2168 987 tam

582 1015 839 1070 horrendi
885 1023 1048 1087 atque
1101 1018 1302 1073 insoliti
1353 1019 1608 1077 clamoris
1657 1021 1976 1093 interrogat.
2024 1021 2166 1090 Quid

578 1106 770 1175 plura?
826 1107 1066 1164 Abbates
1112 1124 1234 1164 eum
1282 1112 1536 1184 episeopo
1582 1113 1808 1184 propius
1856 1115 2161 1180 accedunt,

578 1197 744 1252 flebili
773 1197 977 1253 ululatu
1007 1215 1231 1270 puerum
1264 1203 1371 1258 huc
1399 1203 1631 1274 illucque
1653 1205 1707 1259 in
1731 1206 2040 1276 pavimento
2062 1221 2163 1261 vo-

579 1290 738 1344 lutari
773 1301 1030 1357 cernunt,
1067 1309 1232 1364 seque
1269 1295 1444 1366 ipsum
1491 1298 1727 1366 propriis
1761 1298 2032 1368 unguibus
2073 1314 2165 1354 co-

577 1392 736 1454 gente
767 1384 1014 1442 molestia
1056 1386 1297 1444 lacerare
1324 1397 1380 1442 et
1415 1390 1572 1460 quasi
1619 1390 1927 1461 discerpere
1951 1393 2163 1464 perspi-

873 1572 3182 1597 ——————————————-——_————_

2287 590 2477 632 manus
2505 578 2560 634 in
2588 579 2765 636 volam
2783 591 3066 639 contracta
3087 588 3409 656 extenditur,
3431 591 3666 654 incurvata
3683 618 3764 660 θαι.

2279 669 2370 724 vix
2400 670 2664 741 erigitur:
2709 673 2992 729 sinistrum
3023 691 3237 748 quoque
3280 694 3416 749 genu
3457 699 3564 740 cum
3595 693 3701 758 pede
3720 701 3764 753 ad

2279 759 2466 816 tibiam
2509 762 2759 833 supinato
2798 763 3032 832 laxatur,
3061 776 3117 821 et
3158 769 3338 838 planta
3388 775 3526 844 pedis
3563 780 3701 839 dextri
3719 791 3766 844 ab

2277 847 2409 918 ipsis
2447 851 2664 906 natibus
2704 853 2901 922 quibus
2953 855 3218 927 impressa
3255 861 3455 930 fuerat,
3491 865 3637 925 fracto
3671 891 3766 944 genu

2275 955 2400 995 cum
2447 943 2725 1013 sanguinis
2762 943 3022 1002 eil'nsione
3067 949 3373 1018 prosiliens,
3404 956 3626 1028 episeopo
3649 943 3764 1020 etiam

2273 1041 2483 1088 astante
2525 1034 2894 1106 hymnumque
2945 1036 3015 1092 Te
3058 1039 3228 1095 Deum
3275 1042 3537 1101 laudamus
3583 1065 3766 1120 canente,

2270 1125 2581 1196 corrigitur.
2618 1125 2676 1180 ln
2703 1142 2966 1197 processu
2989 1144 3118 1200 ergo
3149 1135 3404 1204 temporis
3431 1152 3554 1206 puer
3576 1141 3667 1211 ipse
3688 1160 3767 1200 am-

2268 1214 2457 1279 bulare
2484 1217 2684 1287 coepit,
2716 1225 2770 1272 et
2812 1219 2974 1274 modo
3019 1221 3073 1276 in
3119 1227 3442 1281 monasterio
3486 1232 3619 1287 novis
3656 1245 3767 1292 utens

2269 1307 2569 1377 gressibus,
2595 1307 2755 1378 hujus
2779 1310 3026 1367 miraculi
3054 1313 3280 1371 idoneus
3304 1321 3454 1375 testis
3473 1322 3646 1379 existit.

1753 1711 2049 1792 LIBER
2105 1712 2674 1797 SECUNDUS.

2009 1891 2402 1910 ...ι-ι*

1161 1991 1529 2052 ΡΒᾸΕΡΑΤΙΟ
1543 2029 1561 2047 .

575 2099 651 2154 De
679 2103 950 2176 miraculis
974 2123 1090 2176 qua:
1113 2117 1226 2176 post
1256 2109 1500 2164 iteratam
1529 2110 1956 2166 sanetiOthmari
1978 2122 2155 2168 trans-

809 2174 1056 2231 lationem
1082 2174 1137 2232 in
1158 2179 1273 2248 ejus
1298 2179 1515 2234 basi/ica
1538 2190 1657 2235 sunt
1690 2191 1914 2237 ostensa.

645 2288 831 2345 Sancti
877 2289 1053 2347 Patris
1091 2294 1265 2348 nostri
1314 2294 1574 2349 miracula
1611 2295 1873 2353 hactenus
1924 2313 1955 2351 a
2001 2299 2157 2354 nobis

570 2379 661 2434 vili
688 2396 999 2437 sermonum
1031 2385 1308 2440 schemate
1334 2384 1566 2456 prolata,
1599 2402 1906 2458 quanquam
1935 2389 2156 2444 lectori-

569 2472 671 2527 bus
702 2472 978 2530 benevolis
1002 2477 1069 2531 ad
1103 2477 1426 2532 declaranda
1463 2480 1770 2536 sanctitatis
1807 2479 1924 2549 ejus
1951 2497 2156 2551 pra-eo-

565 2565 654 2618 nia
688 2565 934 2624 suliieere
957 2585 1066 2625 non
1097 2570 1427 2637 dubitemus,
1451 2581 1632 2630 tamen
1661 2575 1788 2644 quia
1817 2574 2056 2631 basilica:
2099 2577 2153 2631 in

563 2654 681 2724 ejus
709 2658 971 2715 honorem
1011 2661 1342 2719 aedificandae
1365 2664 1527 2734 paulo
1556 2666 1805 2736 superius
1831 2667 2033 2723 mentio
2065 2668 2150 2722 itt-

538 2747 716 2812 cidit,
745 2750 979 2820 qualiter
1005 2763 1222 2822 peracta
1253 2753 1368 2823 ejus
1395 2758 1800 2813 constructione
1825 2768 2046 2814 sanctus
2067 2760 2153 2814 vir

487 2895 500 2901 _
563 2839 616 2893 in
641 2854 758 2894 eam
787 2841 1082 2898 translatus
1102 2842 1284 2911 fuerit,
1303 2847 1608 2917 quibusque
1629 2849 1947 2905 miraculum
1969 2861 2152 2906 osten-

563 2931 805 2988 sionibus
846 2935 1190 2991 sanctitatem
1235 2936 1352 3006 ejus
1400 2940 1579 2995 divina
1625 2941 1910 2997 clementia
1949 2944 2150 3000 ibidem

561 3033 747 3092 postea
775 3024 1224 3093 manifestaverit,
1275 3046 1342 3085 ne
1373 3031 1646 3089 oblivione
1677 3033 1992 3104 depereant,
2025 3053 2145 3093 suc‘

563 3114 873 3171 cessoribus
921 3119 1122 3172 nostris
1166 3121 1406 3176 breviter
1456 3124 1778 3179 contradere
1832 3125 1982 3192 libet,
2040 3143 2147 3182 non

562 3222 822 3276 pomposa
853 3210 1142 3266 verborum
1178 3213 1553 3286 complexione
1598 3231 1986 3288 supervacuam
2033 3219 2149 3274 lau-

561 3297 809 3353 dantium
837 3299 1065 3370 gloriam
1095 3314 1448 3375 aucupantes,
1486 3308 1580 3362 sed
1604 3307 1874 3364 dictorum
1904 3319 2144 3366 tantum-

558 3389 719 3443 modo
732 3389 1077 3461 simplicitate
1088 3394 1370 3450 veritatem
1385 3412 1565 3453 rerum
1580 3401 1946 3469 quzerentibus
1965 3410 2147 3458 osten-

556 3482 686 3537 dere
725 3484 1026 3554 cupientes.
1071 3485 1259 3558 Neque
1293 3490 1439 3544 enim
1483 3499 1719 3559 nostrae,
1753 3493 1846 3549 sed
1876 3493 2019 3549 illius
2047 3510 2147 3551 nos

555 3573 741 3642 gloriae
788 3576 968 3645 potius
1015 3578 1235 3634 studere
1290 3581 1581 3646 condecet,
1646 3583 1740 3654 qui
1796 3583 1985 3640 electis
2035 3586 2148 3641 suis

555 3665 729 3734 primo
771 3666 971 3722 bonum
1008 3669 1183 3736 velle,
1230 3670 1424 3727 deinde
1469 3673 1654 3728 tribuit
1696 3675 1977 3743 inchoare,
2029 3687 2144 3732 tum

556 3756 723 3811 etiam
758 3757 901 3814 vires
937 3759 1195 3830 implendi
1240 3775 1549 3833 suggerere,
1580 3779 1643 3820 ac
1675 3773 1952 3835 postremo
1984 3766 2144 3837 digna

553 3863 648 3902 eos
687 3851 939 3905 mercede
970 3867 1345 3920 remunerans,
1383 3857 1723 3911 sanctitatem
1761 3871 1948 3912 eorum
1973 3858 2147 3914 virtu-

554 3939 698 4018 tibus
723 3949 780 3996 et
799 3943 968 4014 signis
992 3954 1244 4013 patenter
1270 3947 1522 4017 dignatur
1548 3948 1857 4006 ostendere.
1897 3950 2141 4021 Quapro-

553 4040 678 4102 pter
705 4033 882 4103 ipsum
922 4051 1017 4105 per
1045 4039 1226 4093 omnia
1257 4041 1420 4094 totius
1448 4041 1576 4095 boni
1602 4041 1806 4097 fontem
1849 4046 2146 4100 bonorum-

554 4141 659 4196 que
690 4129 931 4183 omnium
967 4130 1280 4201 largitorem
1307 4133 1363 4187 in
1390 4134 1532 4188 beati
1575 4136 1746 4204 patris
1772 4138 1946 4192 nostri
1973 4140 2140 4194 mira-

553 4214 692 4270 culis
712 4214 935 4273 laudare
955 4219 1348 4289 desideramus,
1366 4223 1680 4279 Davidicum
1710 4225 1840 4280 illud
1863 4227 2138 4286 dicentes:

555 4303 680 4360 Non
701 4308 869 4374 nobis,
888 4309 1128 4377 Domine,
1147 4329 1250 4368 non
1273 4316 1442 4382 nobis,
1468 4318 1558 4372 sed
1583 4319 1781 4373 nomini
1810 4330 1899 4375 tuo
1928 4323 1998 4377 da
2025 4324 2141 4392 glo-

552 4397 686 4453 riam
709 4397 882 4460 (Psal.
912 4404 1088 4476 cxm).

1065 4545 1294 4603 CAPUT
1330 4547 1622 4608 PRIMUM.

547 4649 626 4705 De
667 4654 1107 4738 ipsius_ccclesite
1141 4661 1548 4738 consecratione,
1579 4672 1628 4715 et
1661 4666 1920 4738 quomodo
1945 4665 2000 4721 in
2025 4668 2140 4738 ipsa

616 4724 961 4801 translatione
1018 4737 1194 4782 mutus
1241 4729 1457 4798 quidam
1511 4724 1757 4801 loquendi
1813 4724 2216 4798 munere'sitD

615 4794 862 4851 donatus.

620 4905 748 4962 Post
777 4909 1190 4966 translationem
1221 4911 1386 4984 igitur
1413 4929 1576 4984 supra
1605 4927 1983 4986 memoratam,
2015 4936 2138 4977 evo-

546 4999 674 5054 Iutis
703 5000 865 5056 trium
907 5017 1046 5072 pene
1075 5019 1339 5060 annorum
1375 5008 1564 5077 spatiis
1589 5049 1605 5074 ,
1643 5023 1766 5064 cum
1808 5012 1950 5067 beati
1995 5013 2131 5071 Oth-

547 5089 684 5143 mari
724 5092 942 5148 basilica
989 5096 1182 5150 studiis
1211 5097 1402 5154 devote
1442 5114 1562 5155 eam
1612 5102 1996 5162 aediﬁcantiutn
2038 5107 2133 5163 de-

547 5189 734 5234 center
755 5180 862 5249 jam
895 5185 1136 5254 perfecta
1169 5187 1379 5256 fuisset,
1401 5192 1582 5246 senior
1611 5203 1796 5249 noster
1821 5194 2130 5255 Grimaldus

544 5268 801 5325 Ludovici
842 5274 981 5343 regis
1021 5277 1506 5348 archieapellanus,
1549 5284 1832 5352 praefatum
1867 5287 2129 5345 Constan-

545 5360 734 5416 tiensis
779 5362 1034 5421 Ecclesiae
1062 5369 1346 5437 pratsulem
1376 5371 1445 5426 ad
1474 5377 1794 5445 peragenda
1841 5393 2127 5436 consecra-

546 5453 709 5508 tionis
747 5454 861 5524 ejus
883 5459 1148 5515 solemnia
1193 5464 1582 5521 monasterium
1613 5467 1798 5524 itidem
1826 5472 2013 5527 venire
2039 5488 2132 5529 ro-

543 5547 707 5615 gavit.
754 5547 906 5616 Quod
947 5552 1074 5608 dum
1111 5552 1252 5609 fama
1295 5556 1549 5629 vulgante
1597 5560 1808 5631 populis
1856 5561 1910 5617 in
1950 5564 2130 5621 vicino

616 5685 932 5770 egoldasto
979 5692 1277 5770 Arageewe.
1334 5693 1631 5770 HucAfacit
1681 5698 2027 5770 ﬂepidannus
2073 5703 2127 5758 in

549 5756 667 5844 Vita
702 5756 758 5812 S.
781 5756 1206 5844 Wiboratlre'lib.
1237 5780 1305 5844 tt,_
1327 5779 1446 5844 cap.
1467 5767 1520 5844 ξ),
1551 5768 1605 5823 in
1623 5756 2131 5844 pago'qui'Ei‘ipome

546 5839 917 5897 nuncupatur,
953 5848 1103 5898 quem
1149 5833 1332 5889 Araris
1357 5833 1547 5904 ﬂuvius
1588 5833 1652 5894 ea:
1681 5833 1974 5896 uno'latere
1989 5833 2128 5917 ’ῥυ-(ι’-

2178 2002 2226 2062 Β
2253 1999 2445 2071 positis
2473 2009 2809 2072 compertum
2855 1999 3107 2068 fuisset,’
3129 2003 3386 2060 videlicet
3429 2006 3559 2076 quod
3592 2018 3764 2070 sanctus,

2262 2091 2348 2146 vir
2373 2090 2443 2147 de
2470 2091 2700 2148 basilica
2732 2089 2792 2147 S.
2821 2091 2962 2150 Galli
3008 2094 3062 2148 in
3111 2109 3274 2150 suum
3305 2096 3638 2166 deportandus
3671 2108 3767 2154 esset

2259 2185 2584 2250 oratorium,
2611 2186 2784 2241 sacris
2811 2186 2928 2256 ejus
2953 2188 3228 2258 exsequiis
3257 2189 3512 2245 interesse
3534 2192 3762 2259 cupientes,

2258 2279 2652 2334 monasterium
2677 2280 2998 2334 catervatim
3035 2281 3187 2336 adire
3215 2291 3511 2354 ceperunt.
3540 2283 3762 2354 Episcopus

2257 2376 2438 2424 autem
2465 2368 2552 2424 die
2573 2377 2776 2426 statuto
2794 2373 3183 2441 superveniens
3198 2415 3213 2439 ,
3245 2373 3522 2430 ecclesiam
3543 2377 3628 2430 sub
3645 2376 3761 2446 ipsius

2257 2462 2478 2517 nomine
2505 2462 2824 2518 solemniter
2843 2463 3143 2530 dedicavit,
3175 2479 3244 2521 ac
3273 2466 3464 2521 deinde
3490 2467 3654 2522 sacrati
3678 2482 3760 2522 cor-

2254 2554 2403 2624 poris
2430 2555 2673 2609 membra
2717 2568 3034 2626 aggressus,
3067 2557 3336 2627 quasdam
3371 2572 3435 2613 ex
3460 2572 3520 2613 eo
3545 2557 3762 2629 particulas

2254 2657 2354 2714 pro
2389 2643 2632 2714 reliquiis
2679 2644 2933 2716 deinceps
2974 2647 3350 2704 condonandis
3397 2663 3620 2706 seorsum
3654 2664 3762 2718 τερος

2254 2734 2392 2801 suit;
2423 2745 2620 2790 caetera
2645 2743 2825 2790 autem
2854 2751 3016 2792 manu
3053 2753 3152 2794 sua
3193 2739 3490 2798 honoriﬁce
3513 2741 3757 2802 involvens.

2253 2827 2309 2880 in
2337 2827 2672 2897 sarcophago
2694 2841 2836 2882 novo
2861 2828 3164 2885 collocavit.
3189 2831 3318 2888 lllas
3347 2847 3549 2904 quoque
3583 2832 3757 2894 oblatas,

2252 2932 2388 2988 quas
2419 2917 2718 2972 narrationi
2748 2919 3013 2988 superiori
3054 2921 3110 2975 in
3154 2920 3275 2991 ejus
3304 2923 3504 2979 tumulo
3542 2923 3757 2979 retulimus

2252 3005 2421 3062 fuisse
2449 3015 2716 3076 repertas,
2746 3017 2974 3064 eatenus
3006 3010 3354 3081 ineorruptas
3383 3021 3536 3082 atque
3555 3014 3756 3068 omnimo-

2251 3098 2334 3154 dis
2360 3098 2557 3154 illaesas
2583 3099 2908 3170 perdurasse
2940 3100 3174 3156 miratur
3194 3143 3210 3168 ,
3261 3112 3320 3159 et
3347 3105 3588 3174 quasdam
3628 3120 3678 3160 ex
3710 3105 3761 3158 eis

2251 3191 2521 3248 involutas
2567 3208 2728 3249 sacro
2776 3195 2961 3250 itidem
3024 3197 3238 3265 corpori
3288 3199 3635 3269 superposuit;
3669 3196 3760 3250 alias

2249 3296 2378 3337 vero
2431 3282 2630 3353 pyxide
2675 3283 2995 3350 recondens,
3045 3287 3453 3355 superventuris
3505 3286 3762 3358 temporibus

2174 3366 2218 3428 C
2250 3389 2350 3444 pro
2377 3374 2679 3430 sanctitatis
2707 3374 2823 3445 ejus
2859 3376 3169 3432 testimonio
3203 3392 3529 3435 conservare
3552 3378 3759 3448 praecepit.

2249 3463 2380 3520 Post
2412 3465 2529 3521 haec
2552 3474 2734 3520 autem
2765 3466 2922 3522 nobis
2965 3467 3220 3523 omnibus
3264 3469 3434 3524 sacris
3474 3467 3678 3524 vestibus
3705 3482 3760 3520 sn-

2246 3555 2498 3611 letnniter
2523 3557 2727 3626 paratis
2744 3597 2760 3622 ,
2789 3557 2983 3628 praesul
3022 3558 3138 3628 ipse
3164 3559 3296 3614 data
3321 3559 3376 3615 in
3401 3559 3558 3615 altum
3577 3559 3759 3614 oratione

2245 3646 2590 3718 presbyteros
2618 3647 2713 3717 qui
2749 3647 3020 3715 astabant,
3050 3650 3228 3705 virum
3252 3650 3352 3706 Dei
3381 3651 3519 3708 foras
3543 3651 3760 3722 deportan-

2244 3738 2372 3795 dum
2401 3740 2583 3797 levare
2606 3742 2956 3798 commonuit.
2991 3741 3102 3798 Nec
3129 3759 3307 3812 mora,
3353 3760 3472 3800 cum
3497 3744 3703 3800 crucibus
3723 3747 3760 3792 et

2247 3832 2423 3888 cereis
2468 3841 2634 3903 atque
2680 3833 2970 3889 thurihulis
3017 3844 3242 3892 sanctus
3272 3837 3359 3892 vir
3389 3837 3454 3891 ab
3488 3833 3680 3892 ecclesia
3696 3831 3760 3884 de

2243 3930 2512 3994 portatur,
2537 3923 2834 3994 eademque
2861 3924 2994 3980 hora
3022 3933 3207 3982 mutus
3235 3927 3455 3998 quidam
3475 3927 3597 3998 ejus,
3616 3933 3663 3978 ut
3678 3937 3759 3977 cre-

2245 4015 2461 4080 dimus,
2496 4015 2706 4070 meritis
2745 4015 2998 4087 loquendi
3042 4015 3220 4073 oﬂicio
3276 4027 3594 4075 muneratur.
3642 4015 3760 4084 Cujus

2245 4114 2425 4162 tamen
2460 4121 2714 4176 persona,
2750 4115 2938 4179 utpote
2961 4108 3115 4175 vilis,
3146 4110 3276 4180 quia
3310 4113 3465 4167 nobis
3488 4118 3679 4167 eatenus
3698 4107 3757 4159 in-

2244 4199 2458 4271 cognita
2489 4201 2794 4264 exstiterat,
2844 4201 2966 4257 ideo
3003 4201 3327 4259 miraculum
3377 4203 3514 4274 quod
3553 4203 3600 4256 in
3630 4212 3758 4267 septe

2247 4297 2445 4345 tratum
2489 4291 2796 4358 referebat,
2849 4292 3025 4362 primo
3081 4294 3306 4350 credere
3351 4291 3755 4350 dissimulavimus.

2247 4379 2354 4436 Sed
2382 4396 2505 4436 cum
2538 4397 2603 4437 ex
2636 4397 2793 4454 pago.
2841 4383 2936 4452 qui
2965 4391 3191 4438 vocatur
3237 4383 3465 4455 Arigewe
3486 4397 3528 4446 α,
3559 4396 3609 4436 se
3639 4377 3758 4433 fuisse

2245 4484 2538 4541 assereret,
2562 4489 2594 4529 a
2623 4475 2942 4544 parentibus
2967 4475 3085 4546 ejus
3128 4475 3356 4547 aliisque
3391 4478 3478 4548 qui
3517 4491 3623 4531 eum
3660 4473 3758 4525 bene

2194 4633 2198 4637 _
2245 4574 2528 4632 noverant,
2555 4575 2864 4642 nostrorum
2911 4575 3100 4638 postea
3129 4568 3475 4639 inquisitione
3499 4582 3660 4626 verum
3681 4565 3754 4618 hoc

2243 4673 2364 4715 esse
2387 4657 2697 4714 didicimus.
2729 4658 2864 4714 Tum
2891 4674 3022 4716 vero
3047 4675 3240 4717 omnes
3278 4678 3378 4718 nos
3413 4662 3582 4717 laudes
3605 4674 3656 4715 ac
3677 4671 3754 4711 mc-

2242 4749 2414 4807 lodias
2440 4751 2702 4815 canendo,
2723 4751 3013 4806 comitante
3035 4767 3324 4808 numerosa
3352 4753 3642 4824 populorum
3661 4747 3754 4802 mul-

2244 4841 2494 4908 titudine,
2528 4842 2706 4897 debita
2729 4858 2851 4898 cum
2883 4845 3229 4900 veneratione
3254 4861 3451 4916 corpus
3468 4843 3602 4900 citari
3622 4839 3753 4898 Patris

2243 4933 2640 5003 prosequimur.
2680 4932 2736 4986 lu
2767 4942 2924 5002 prato
2951 4944 3133 4990 autem
3174 4920 3448 4991 Orientem
3477 4945 3642 4990 versus
3661 4943 3752 4984 con-

2240 5025 2431 5081 stituto
2458 5023 2733 5095 paululum
2767 5040 2955 5095 presso
2999 5027 3167 5098 gradu
3213 5036 3510 5083 terratenus
3532 5018 3749 5097 {prostrati

2239 5115 2603 5180 adoravimus,
2630 5125 3016 5186 surgentesque
3044 5117 3162 5188 pias
3191 5118 3307 5188 ejus
3333 5120 3543 5173 exuvias
3565 5111 3749 5184 singula-

2239 5204 2336 5259 tim
2363 5201 2562 5266 subire,
2595 5220 2660 5260 ac
2687 5204 2987 5276 superiecta
3015 5206 3282 5261 velamina
3311 5199 3747 5286 devotionehumili

2237 5295 2499 5366 cmpimus
2523 5295 2776 5351 osculari.
2794 5295 2918 5363 Quo
2936 5297 3100 5364 facto,
3126 5314 3249 5353 cum
3274 5300 3600 5355 veneratione
3620 5293 3748 5350 maxi-

2236 5403 2325 5442 ma
2371 5388 2439 5444 ad
2479 5387 2869 5443 monasterium
2913 5401 3286 5459 properantes,
3337 5400 3629 5460 sanctasque
3662 5383 3746 5452 ejus

2236 5479 2492 5550 reliquias
2539 5479 2594 5534 in
2632 5495 2789 5535 suam
2818 5480 3097 5536 basilicam
3141 5483 3559 5552 introducentes,
3589 5479 3745 5552 gratias

2235 5569 2368 5636 Deo,
2400 5570 2492 5640 qui
2541 5578 2746 5626 tantam
2783 5569 2939 5627 nobis
2988 5571 3226 5629 laetitiam
3275 5574 3512 5632 conferre
3551 5572 3744 5640 dignatus
3787 5615 3792 5620 .

2234 5707 2462 5776 ter/iuit,
2492 5723 2558 5762 ea:
2595 5706 2762 5762 altero
2801 5706 3034 5764 Rhenus.
3078 5709 3216 5766 Hinc
3255 5709 3554 5767 Ekkehardo
3594 5705 3742 5762 dicitur

2230 5793 2406 5903 ἴᾜῖιῶ
2425 5778 2631 5842 Araris,
2658 5779 2816 5847 vulgo
2852 5778 2979 5845 I’Ar,
3010 5795 3173 5850 quam
3206 5783 3359 5838 modo
3378 5781 3576 5837 Arolam
3597 5779 3740 5831 vocant
