4000 6352
226 442 336 497 793

1193 427 1279 482 DE
1317 421 1691 479 MIRACULIS
1733 421 1793 476 S.
1833 416 2168 472 OTllMARl.
2204 447 2271 454 -
2312 414 2438 469 LIB.
2481 414 2540 466 ll.

3401 401 3508 458 79‘

227 561 336 620 est,
364 550 544 608 debita
572 561 695 604 cum
734 543 889 599 laude
932 540 1234 598 retulimus.
1282 535 1477 604 Quanti
1520 533 1590 589 ibi
1615 533 1808 603 jucun-
1836 531 1887 593 Α
1916 546 2024 587 non
2053 530 2239 599 utique
2266 528 2446 583 omnia
2475 541 2595 597 quae
2619 524 2703 580 vel
2732 523 2829 594 ipsi
2863 521 3002 576 facta
3032 519 3287 581 vidimus,
3319 516 3404 571 vel
3437 513 3508 571 ab

225 643 476 702 dantium
503 639 682 703 ﬂetus,
716 635 1012 707 quantique
1059 629 1446 686 exsultantium
1489 624 1666 680 oborti
1697 621 1818 677 fue-

226 739 343 795 rint
363 733 649 808 singultus,
673 744 1013 802 nequaquam
1039 740 1300 784 enarrare
1320 723 1591 779 valemus:
1617 720 1818 792 quippe

226 830 326 900 qui
373 841 478 882 nec
513 825 660 894 ipsas
703 821 798 878 Dei
828 819 1014 875 laudes
1046 816 1254 874 crebris
1283 813 1607 886 singultibus
1647 811 1818 866 inter-

227 921 374 993 cepti
428 919 631 988 absque
673 913 927 986 lacrymis
966 910 1211 982 proferre
1251 909 1546 979 potuimus.
1611 903 1812 960 Praeci-

227 1027 445 1088 pueque
488 1010 830 1068 venerandus
866 1014 1022 1080 pater
1070 1013 1257 1060 noster
1302 1000 1611 1058 Grimaldus
1660 996 1824 1068 tripu-

228 1107 499 1163 diantium
549 1103 737 1158 laetitia
783 1109 960 1156 motus
1007 1114 1038 1153 a
1107 1094 1361 1167 lacrymis
1431 1108 1488 1148 sc
1548 1091 1824 1146 continere

228 1200 500 1273 nequivit,
528 1213 694 1270 agens
724 1195 833 1250 Deo
859 1195 1062 1264 gratias
1090 1190 1234 1262 quod
1263 1188 1377 1244 suis
1400 1186 1738 1258 temporibus
1770 1184 1824 1239 in

227 1293 354 1350 loco
391 1293 556 1348 etiam
596 1290 698 1346 sibi
744 1287 1122 1344 commendato
1155 1291 1363 1338 tantum
1395 1282 1559 1337 decus
1590 1279 1826 1349 taliaque

231 1384 621 1456 omnipotentis
652 1383 746 1438 Dei
773 1380 1035 1438 beneficia
1059 1378 1242 1433 videre
1277 1375 1594 1447 promeruit.
1618 1374 1698 1429 Ad
1730 1375 1826 1429 hu-

227 1479 321 1549 jus
336 1492 553 1550 quoque
571 1476 771 1532 laetitiae
795 1475 1070 1530 cumulum
1085 1461 1370 1545 Augiensis
1394 1471 1630 1528 ρωποι)ἰί
1659 1470 1828 1526 abbas

232 1588 361 1628 cum
392 1570 714 1642 quibusdam
747 1569 914 1640 ipsius
935 1567 1039 1623 loci
1070 1565 1332 1622 fratribus
1361 1564 1550 1619 eadem
1578 1564 1712 1618 hora
1738 1577 1826 1616 su-

230 1667 511 1738 pervenit;
544 1664 848 1734 fratresque
878 1678 943 1718 ex
969 1661 1299 1718 monasterio
1333 1658 1476 1729 quod
1496 1656 1827 1727 Campidona

231 1766 485 1823 vocatur,
517 1757 585 1812 ab
630 1753 825 1810 abbate
855 1768 955 1809 suo
985 1751 1158 1816 missi,
1200 1748 1508 1818 bujusmodi
1551 1746 1829 1816 exsequiis

233 1847 542 1918 talibusque
585 1860 645 1902 se
697 1845 958 1900 interesse
987 1841 1198 1913 gaudiis
1221 1837 1654 1912 gratulabantur.
1698 1835 1825 1906 Epi-

232 1955 430 2012 scopus
469 1948 649 1996 autem
697 1939 906 1994 interea
955 1951 1139 1992 sacras
1180 1934 1257 2006 pii
1287 1934 1459 2004 patris
1503 1931 1727 1987 exuvias
1769 1930 1822 1984 in

231 2046 363 2087 area
407 2045 574 2086 saxea
621 2029 951 2096 recondens,
992 2025 1186 2082 altario
1216 2037 1242 2066 ει
1272 2024 1594 2095 supposuit:
1641 2022 1826 2091 sicque

185 2172 188 2173 ν
232 2123 524 2180 missarum
568 2122 929 2178 celebratione
968 2119 1283 2176 solemniter
1321 2126 1560 2189 peracta,
1603 2115 1824 2179 benedi-

231 2232 368 2273 cens
394 2215 672 2286 populum,
700 2215 849 2269 abire
876 2213 1144 2285 permisit.
1172 2211 1337 2267 Facta
1361 2221 1488 2266 sunt
1506 2217 1686 2264 autem
1709 2209 1825 2264 haec

234 2323 382 2362 anno
411 2305 806 2361 lncarnationis
849 2303 1143 2359 Dominica:
1189 2300 1637 2372 octingentesimo
1674 2314 1829 2354 sexa-

230 2403 443 2474 gesimo
467 2401 716 2471 septimo,
747 2401 848 2454 sub
873 2399 1116 2469 piissimo
1157 2413 1281 2467 rege
1325 2395 1624 2460 Ludovico,
1665 2409 1827 2464 supra

235 2492 553 2549 memoratis
582 2491 918 2564 principibus
949 2489 1238 2560 pastoralis
1259 2487 1418 2542 ollicii
1445 2486 1718 2542 functione
1739 2502 1834 2550 cus

235 2601 356 2641 ram
387 2584 750 2642 Ecclesiarum
774 2583 870 2640 Dei
899 2591 1120 2639 strenue
1150 2580 1436 2650 agentibus
1458 2620 1472 2644 ,
1502 2587 1695 2634 octavo
1727 2576 1832 2631 Ka-

235 2677 522 2734 lendarum
571 2673 1037 2738 Octobrium'die,
1083 2683 1275 2742 quarta
1330 2670 1485 2735 feria,
1539 2668 1834 2725 indictione

234 2769 415 2840 prima
442 2767 490 2820 δ.
513 2766 608 2822 Die
633 2780 761 2821 vero
789 2765 1064 2835 sequenti,
1094 2771 1152 2816 ut
1173 2764 1349 2816 honor
1375 2759 1517 2815 beati
1545 2758 1647 2812 viri
1671 2757 1834 2812 latius

236 2859 407 2916 etiam
431 2867 894 2929 augmentaretur,
918 2864 1249 2910 memoratus
1269 2850 1468 2924 praesul
1493 2864 1558 2904 ex
1585 2849 1830 2920 reliquiis

240 2952 365 3021 ejus
390 2967 526 3024 quas
550 2951 756 3022 pridem
793 2947 952 3018 hujus
981 2947 1058 3004 rei
1088 2947 1262 3018 gratia
1297 2930 1547 3001 seorsum
1577 2959 1699 2998 eum
1741 2957 1837 3012 po-

241 3045 422 3100 suisse
445 3043 748 3110 retulimus,
777 3041 953 3112 primo
982 3039 1084 3095 sibi
1129 3037 1281 3103 tulit,
1319 3034 1513 3090 deinde
1551 3033 1732 3088 abbati
1764 3047 1833 3086 ex

239 3136 412 3206 Augia
454 3143 508 3190 et
555 3133 815 3188 fratribus
844 3133 910 3187 de
936 3130 1302 3200 Campidona,
1337 3125 1658 3194 czeterisque
1703 3124 1836 3179 reli-

1855 1901 1901 1961 B

1923 623 2042 679 aliis
2085 621 2354 678 veraciter
2391 625 2602 690 patrata
2645 630 2767 671 esse
2807 611 3167 684 comperimus
3215 609 3341 664 huic
3368 623 3509 679 opu-

1922 715 2072 774 sculo
2112 715 2448 778 inserentes;
2491 710 2585 766 sed
2611 723 2678 764 ex
2706 707 2889 762 multis
2918 719 3120 777 pauca,
3158 711 3322 771 atque
3352 717 3381 755 a
3415 713 3512 755 no-

1921 807 2006 865 bis
2049 815 2330 879 pcrspecta
2378 805 2432 859 in
2480 818 2649 858 unum
2696 799 2950 871 colligere
2992 795 3254 852 volentes.
3304 792 3511 849 Cuncta

1923 901 2070 956 enim
2102 901 2218 955 hac
2247 896 2406 953 facile
2431 895 2676 951 enarrari
2706 908 2866 964 posse
2901 905 3009 946 non
3046 887 3340 952 credimus,
3370 899 3514 956 pra:-

1924 993 2115 1048 sertim
2144 1005 2268 1046 cum
2296 989 2350 1043 in
2379 988 2513 1043 locis
2539 984 2786 1057 plurimis
2815 999 2923 1037 non
2951 981 3016 1036 ad
3043 996 3141 1035 nos
3165 986 3394 1042 tantum,
3421 975 3515 1030 sed

1926 1085 1994 1141 ad
2017 1085 2148 1140 alios
2167 1097 2382 1155 quoque
2407 1077 2823 1151 pertinentibus,
2845 1088 2966 1145 quae
2987 1072 3160 1128 sacris
3185 1069 3302 1139 ejus
3325 1069 3517 1138 pigno-

1925 1178 2076 1233 ribus
2107 1175 2456 1238 ditabantur,
2492 1180 2601 1226 tam
2630 1168 2800 1224 multa
2843 1164 3083 1236 quotidie
3132 1159 3518 1217 miraculorum

1928 1272 2079 1344 signa
2103 1266 2423 1331 ell‘ulserint,
2449 1271 2510 1319 ut
2542 1278 2643 1317 nec
2664 1260 2954 1316 verborum
2982 1253 3232 1311 facundia
3262 1248 3516 1323 proferri,

1927 1379 2028 1419 nec
2063 1361 2190 1433 styli
2237 1357 2498 1415 instantia
2549 1355 2753 1424 absque
2793 1351 2978 1406 labore
3016 1347 3234 1403 valeant
3269 1355 3513 1412 compre-

1928 1454 2113 1512 hendi.
2146 1453 2487 1522 Quapmpter
2508 1448 2594 1503 his
2624 1444 2841 1501 interim
2863 1440 3104 1506 omissis,
3132 1438 3197 1492 ad
3224 1451 3288 1492 ea
3314 1443 3521 1490 tantum

1929 1561 2029 1601 nos
2055 1521 2342 1600 scribenda
2369 1521 2772 1600 convertemus,
2804 1547 2924 1603 quae
2951 1539 3007 1586 et
3034 1527 3316 1585 nobiscum
3349 1521 3523 1578 omni-

1930 1635 2104 1692 modis
2145 1633 2286 1688 facta
2325 1629 2714 1701 cognovimus,
2757 1632 2811 1680 et
2859 1621 3000 1693 apud
3042 1617 3228 1674 livoris
3271 1620 3521 1686 expertes

1931 1726 2264 1785 attestationi
2307 1722 2608 1779 sanctitatis
2650 1718 2766 1789 ejus
2815 1713 3059 1770 sullicere
3096 1723 3252 1782 posse
3291 1703 3519 1763 conﬁdi-

1933 1838 2073 1877 mus.

2549 1925 2779 1984 CAPUT
2814 1923 2900 1980 lll.

2005 2049 2196 2102 Pedem
2225 2048 2436 2109 saucius
2471 2052 2519 2099 et
2557 2040 2870 2108 tumefactus
2902 2038 3180 2109 sanitatem
3209 2032 3450 2102 indeptus

2369 2125 2443 2169 est
2477 2113 2618 2184 apud
2654 2107 2913 2166 tntnulttm
2950 2107 3086 2179 eius.

2001 2237 2229 2307 Quidam
2246 2231 2660 2306 'paterfamilias
2700 2227 2994 2284 multorum
3033 2223 3175 2294 apud
3214 2236 3315 2277 nos
3341 2219 3527 2291 cogni-

1931 2333 2081 2389 tione
2107 2329 2444 2390 notissimus,
2476 2338 2693 2382 servum
2723 2319 3012 2392 quemdam
3040 2315 3251 2381 habuit,
3280 2313 3372 2384 qui
3400 2326 3527 2382 ope-

1933 2425 2011 2480 ris
2059 2421 2336 2493 quidpiam
2384 2417 2592 2474 faciens
2640 2429 2770 2470 casu
2819 2411 3012 2482 pedem
3054 2405 3378 2462 vulneravit.
3421 2401 3526 2456 Pes

1934 2530 2062 2571 vero
2091 2514 2208 2584 ipse
2235 2511 2484 2581 protinus
2510 2508 2563 2562 in
2591 2514 2854 2559 tumorem
2877 2515 3084 2563 versus,
3109 2497 3244 2552 adeo
3263 2507 3526 2549 venarum

1935 2604 2310 2663 contractione
2347 2597 2659 2655 debilitatus
2686 2602 2769 2650 est
2789 2633 2804 2658 ,
2837 2600 2896 2646 ut
2926 2587 3234 2644 ambulandi
3275 2583 3529 2639 facultate

1935 2697 2154 2769 penitus
2179 2693 2511 2764 privaretur.
2543 2687 2695 2742 Hanc
2739 2684 2809 2740 ob
2838 2697 3060 2738 causam
3102 2673 3528 2735 sustentaculum

1936 2765 2206 2860 quoddam
2236 2781 2502 2855 genuculo
2531 2791 2862 2850 supponens,
2903 2787 3151 2844 gressum
3177 2783 3338 2840 quem
3376 2765 3530 2838 pedis

1939 2859 2226 2936 infirmitas
2268 2873 2605 2944 denegabat,
2651 2884 2750 2940 per
2795 2881 2996 2922 annum
3042 2861 3213 2918 ferme
3261 2859 3530 2928 integrum

1939 2980 2058 3028 arte
2105 2966 2377 3026 fulciendo
2416 2943 2715 3021 sublevare
2765 2957 3010 3014 curabat.
3069 2953 3124 3009 ls
3173 2965 3295 3006 cum
3344 2947 3413 3007 ad
3462 2943 3525 2998 Β.

1940 3061 2189 3122 Otbmari
2238 3057 2492 3128 sulfragia
2541 3052 2811 3116 venisset,
2859 3055 2986 3102 ante
3032 3043 3148 3114 ejus
3195 3041 3363 3096 altare
3405 3049 3532 3108 pro-

1941 3164 2145 3213 stratus
2190 3151 2401 3214 oravit,
2433 3145 2831 3212 confestimque
2860 3138 3034 3194 soluto
3061 3133 3196 3206 pede
3233 3130 3531 3198 relictoque

284 3226 591 3282 IOSlSllliu
673 3243 680 3255 -
940 3245 953 3276 a
1013 3224 1063 3234 "
1403 3219 1469 3273 .'
1769 3217 1804 3251 ι’
2759 3233 2769 3244 .

243 3245 277 3298 Β
353 3318 386 3333 -.
463 3318 474 3333 .
522 3242 557 3296 q
597 3243 626 3281 θ
663 3239 742 3333 im.
773 3222 1352 3333 [iiii
1869 3268 1914 3333 ρ
1946 3242 2312 3304 sustentaculo
2342 3254 2507 3294 sanus
2535 3237 2820 3292 abscessu.

242 3318 560 3390 particulas,
589 3323 748 3388 prout
788 3315 891 3372 sibi
933 3315 1108 3380 yisum
1153 3313 1350 3378 fuerat,
1390 3310 1834 3375 commendavit,

243 3410 405 3467 nobis
443 3409 798 3482 praesentibus
827 3423 1017 3465 omnes
1058 3422 1152 3462 eos
1187 3405 1416 3461 sollicite
1445 3417 1796 3459 commonens
1820 3441 1834 3465 ,

249 3512 308 3557 ut
341 3517 437 3573 per
461 3502 644 3556 omnia
669 3499 964 3556 honorifice
994 3499 1262 3569 digneque
1288 3511 1384 3552 cas
1413 3502 1649 3550 tractare
1676 3506 1840 3549 cura-

246 3611 391 3652 rent.
425 3594 630 3663 Quibus
680 3593 953 3665 pcractis,
1004 3591 1146 3646 beati
1197 3587 1475 3645 Michaelis
1529 3583 1843 3655 archangeli

245 3689 534 3746 ecclesiam
565 3686 902 3743 consecravit
935 3703 949 3738 :
987 3683 1294 3754 multosque
1345 3695 1504 3736 sacro
1545 3679 1842 3734 chrismate

245 3776 602 3846 confirmans,
627 3778 876 3834 salutatis
904 3775 1164 3830 fratribus
1190 3773 1344 3829 laetus
1371 3787 1493 3827 cum
1521 3771 1632 3826 suis
1659 3784 1846 3825 mona-

247 3875 422 3933 sterio
449 3871 717 3927 discessit.
747 3869 930 3924 Altera
963 3876 1139 3922 autem
1171 3866 1256 3920 die
1295 3863 1544 3918 abbatem
1585 3877 1648 3915 ex
1674 3859 1843 3932 Augia

203 4015 214 4026 .
248 3969 560 4036 fratresque
580 3979 647 4020 ex
670 3961 998 4032 Campidona
1023 3973 1144 4013 cum
1165 3956 1413 4011 laudibus
1433 3963 1488 4010 et
1510 3952 1796 4007 cantilenis
1819 3962 1839 3990 ο

251 4068 413 4116 extra
456 4052 842 4111 monasterium
883 4056 1293 4123 prosequentes,
1325 4052 1445 4117 post
1473 4043 1728 4098 fraternae
1767 4040 1847 4096 di-

256 4150 506 4207 lectionis
548 4145 832 4216 colloquia,
878 4145 1004 4200 dato
1049 4142 1198 4213 pacis
1243 4138 1430 4195 osculo
1474 4136 1542 4192 ad
1585 4150 1680 4192 sua
1719 4147 1844 4190 cum

256 4243 455 4316 gaudio
481 4254 730 4295 remeare
761 4236 1133 4318 permisimus.

891 4351 1125 4410 CAPUT
1162 4351 1226 4407 ll.

263 4454 418 4522 Quod
454 4452 508 4506 in
544 4449 782 4511 plurimis
817 4447 945 4502 locis
978 4447 1128 4584 (circ;
1160 4441 1408 4512 reliquias
1440 4439 1553 4509 ejus
1590 4435 1850 4492 miracula

887 4535 973 4572 mu
999 4527 1052 4570 ta
1131 4523 1243 4569 ant.

887 4523 1052 4572 multa
1092 4523 1243 4572 ﬁant.

336 4636 513 4693 Finita
534 4633 795 4690 relatione
823 4628 1057 4700 qualiter
1088 4627 1168 4680 vir
1195 4625 1388 4681 beatus
1417 4621 1469 4676 in
1494 4635 1647 4676 suam
1677 4628 1855 4673 trans—
1887 4634 1933 4692 υ

265 4732 410 4786 latus
477 4726 643 4782 fuerit
687 4722 1004 4784 basilicam,
1047 4733 1116 4772 ne
1153 4713 1439 4770 fastidiose
1479 4709 1620 4766 forte
1667 4707 1855 4763 lectori

264 4828 577 4894 protractus
609 4817 660 4872 in
706 4815 920 4886 longum
955 4824 1136 4866 sermo
1181 4805 1396 4862 turbata
1441 4811 1620 4857 mente
1667 4813 1854 4870 rugam

267 4888 466 4970 frontis
497 4911 797 4981 ingereret,
825 4905 1006 4973 aliqua
1037 4916 1100 4956 ex
1145 4894 1450 4954 sanctitatis
1496 4891 1612 4961 ejus
1642 4888 1858 4945 indiciis

268 5021 393 5080 qua)
419 5004 590 5075 ipsius
615 4995 1038 5057 clarescentibus
1063 4989 1276 5046 meritis
1304 4988 1502 5042 ibidem
1526 4990 1713 5056 postea
1745 4995 1859 5034 ma-

271 5101 529 5159 nifestata
560 5095 726 5152 fuisse
757 5088 1149 5163 perspeximus,
1179 5083 1231 5137 iu
1259 5079 1406 5136 calce
1432 5077 1594 5147 hujus
1620 5071 1863 5128 conscri-

271 5192 478 5267 ptionis
502 5187 730 5246 strictim
759 5198 823 5239 ac
853 5180 1128 5238 succincte
1157 5172 1484 5242 subiungere
1509 5166 1816 5222 curavimus
1844 5181 1857 5216 :

349 5343 377 5371 ιι
401 5326 537 5383 Nota
566 5336 772 5379 morem
799 5311 1123 5374 recondendi
1139 5314 1460 5383 sanctorum
1486 5297 1742 5368 reliquias
1763 5296 1863 5351 sub

275 5376 1057 5466 αιωιῖέῖ⁷ἱλὲᾷὲίΡτξεῐ³ιίο.ηθὲξι
1076 5382 1152 5466 ἓά
1179 5376 1434 5466 math"?
1460 5389 1576 5466 "'..-
1604 5437 1769 5466 ..εω-

351 5443 664 5524 i‘tii'ciiblﬁé'
679 5443 898 5519 scilicet
921 5454 1219 5524 lndictionﬁe
1243 5448 1418 5524 prima
1439 5461 1469 5498 a
1491 5443 1578 5524 die
1604 5443 1864 5524 vigesima

276 5510 1046 5618 (ιιιξψῖᾇῒιξξρῖθιῖιῦἶίξξ.ἦρε
1073 5510 1264 5618 modo;
1277 5513 1593 5618 eiplicanda
1639 5510 1862 5564 indictio

279 5590 678 5673 :‘éiiiéheﬁae
705 5590 965 5676 supra'in'
979 5599 1072 5676 lib.
1095 5613 1139 5676 t_,
1167 5608 1286 5663 cap.
1317 5590 1370 5673 5ἶ

882 5652 1213 5748 __antiqt_ti'tus
1236 5652 1602 5745 'excjpiebant
1635 5652 1866 5736 deduce-

282 5735 522 5825 bantque
551 5735 926 5825 cumcanticis
954 5735 1125 5825 sacris
1145 5778 1159 5803 ,
1203 5735 1870 5825 praZcilpAue“

182 5864 208 5887 ο
282 5800 1154 5899 Ᾰῖιιξῆξέἱόᾏιθξθηᾳτὶμιο’
1178 5800 1245 5862 a'd
1276 5800 1871 5899 Tabehnnetltrfium‘ﬂf";

287 5869 908 5956 iiiéie'.iliiﬁ"3'c'éedé.iti
955 5881 1171 5940 obviam
1220 5873 1485 5948 processit
1546 5869 1872 5924 Pachomius

2557 3366 2785 3426 CAPUT
2821 3363 2916 3421 IV.

2329 3487 2479 3542 Tibia
2513 3497 2766 3553 suspensa
2800 3474 3150 3549 protenditur.

2015 3607 2127 3662 Nec
2177 3603 2347 3659 multo
2388 3606 2513 3672 post
2563 3595 2702 3650 alius
2744 3590 2963 3662 quidam
3013 3585 3203 3657 pedem
3250 3595 3375 3636 cum
3404 3578 3539 3634 tibia

1922 3701 2108 3757 'altius
2149 3713 2181 3753 a
2216 3705 2359 3750 terra
2406 3692 2640 3746 levatum
2670 3729 2684 3751 ,
2731 3684 2797 3739 ad
2831 3680 3132 3756 posteriora
3174 3681 3536 3740 contractum,

1947 3808 2058 3849 non
2090 3791 2157 3845 ad
2196 3785 2496 3843 subsidium
2538 3778 2790 3841 itineris,
2835 3772 2931 3830 sed
2971 3771 3040 3827 ad
3068 3765 3323 3842 ponderis
3349 3763 3539 3840 potius

1947 3881 2346 3956 gravitudinem
2390 3875 2617 3932 ferebat.
2666 3869 2765 3926 Hic
2796 3868 2883 3923 die
2914 3863 3146 3937 quadam
3186 3858 3393 3917 baculis
3421 3855 3537 3912 sul-

1949 3951 2114 4033 fultus
2142 3969 2532 4030 monasterium
2578 3962 2826 4027 devenit,
2876 3967 2932 4016 et
2975 3958 3036 4012 Β.
3065 3951 3314 4012 Otbmari
3359 3957 3541 4004 orato-

1948 4075 2090 4130 rium
2135 4071 2412 4140 ingressus
2438 4076 2622 4119 coram
2654 4056 2812 4114 altari
2856 4054 2973 4126 ejus
3010 4048 3204 4106 stando
3231 4059 3354 4102 cum
3381 4055 3539 4098 oras-

1949 4173 2067 4232 set,
2108 4130 2223 4235 pesv
2248 4161 2364 4231 ipse
2406 4170 2530 4213 cum
2569 4152 2695 4209 tibia
2741 4147 2948 4205 solutus
2994 4139 3354 4214 protenditur,
3394 4130 3542 4190 soni-

1952 4223 2173 4328 tumque
2218 4223 2285 4308 in—
2300 4249 2518 4307 modum
2545 4243 2708 4301 fracti
2739 4237 3020 4308 cujusdam
3059 4231 3190 4305 ligni
3230 4223 3542 4297 crepitando

1951 4314 2208 4409 amittens
2249 4342 2562 4413 corrigitur.
2609 4335 2723 4392 Nec
2767 4345 2920 4389 mora
2964 4341 3072 4384 suo
3108 4321 3388 4378 restitutus
3425 4314 3545 4413 loco

1955 4443 2216 4498 ferentem
2243 4451 2302 4491 se
2333 4403 2561 4496 ferebat,
2593 4431 3008 4500 portantemque
3035 4431 3094 4472 se
3119 4421 3276 4487 grata
3296 4403 3545 4465 mercede

1957 4543 2317 4590 remunerans
2345 4522 2683 4596 deportabat.

2594 4630 2821 4692 CAPUT
2860 4628 2926 4683 ν.

2067 4756 2276 4812 Celebre
2311 4747 2625 4806 miraculum
2659 4733 3078 4798 sanctimonialis
3111 4727 3449 4787 illuminatw.

2032 4868 2146 4925 Sub
2175 4864 2346 4937 ipsius
2385 4860 2512 4916 anni
2555 4857 2730 4929 spatio
2759 4845 3184 4937 sanctimonialis
3210 4840 3456 4914 quaedam
3483 4838 3552 4895 de

1959 4959 2157 5035 oppido
2185 4932 2327 5029 quod
2354 4951 2549 5008 Basula
2581 4947 2704 5022 [al.,
2728 4941 2959 5007 Basilea,
2989 4933 3141 5008 Βᾶιεῖ
3174 4932 3391 4997 dicitur,
3425 4937 3552 5031 ante

1964 5018 2136 5109 annos
2182 5018 2417 5120 quatuor
2456 5018 2701 5111 utrisque
2748 5032 3040 5090 luminibus
3079 5026 3300 5089 orbata,
3349 5018 3552 5078 sororis

1965 5161 2078 5203 sua:
2105 5109 2304 5200 ducatu
2344 5139 2412 5195 ad
2443 5109 2832 5192 monasterium
2861 5120 3127 5179 tendendo
3154 5112 3419 5188 pervenit,
3451 5109 3552 5166 ibi.

1966 5301 2090 5343 cum
2115 5278 2396 5340 monachis
2420 5275 2552 5337 suis,
2577 5280 2808 5343 eumque
2837 5258 3074 5343 suscepit
3102 5271 3221 5343 cum
3259 5248 3550 5343 psalmis-ef

1965 5327 2737 5428 Egiiin'iit'ifonac‘bis'etiarn'
2769 5351 2888 5419 mos
2932 5327 3055 5428 erat
3093 5327 3327 5428 solemn:

2570 5391 2975 5497 albuginun
3004 5391 3553 5497 diuturnovenitiAn‘gti'e

2307 5460 2640 5546 iti'RTéi'Jstié'
2657 5460 3017 5554 Corli’eiehs'is.
3046 5461 3359 5554 monasterii
3399 5460 3550 5554 Acti:

1965 5540 2550 5626 busvzullltvb-ds-l—iontam
2575 5551 2856 5626 profectus,
2892 5544 2969 5626 vel
3081 5540 3566 5626 alias‘tfrrafz.

1968 5607 2447 5695 :nnumunto‘ratus,
2469 5607 2595 5682 cumr
2615 5607 2823 5678 redierit
2844 5607 3094 5695 recipitur
3115 5607 3352 5695 omnibus

1969 5672 2491 5782 Zé'é'éir'ti'tilévr'ﬁzliuiis
2515 5712 2630 5752 cum
2651 5672 2994 5782 proceslsione.
3026 5683 3102 5737 Ita
3131 5681 3244 5764 fere
3271 5672 3560 5782 [idalr’icug

2306 5776 2334 5782 _
2518 5780 2526 5782 ,
2593 5767 2621 5782 ,.
2741 5779 2751 5782 Α
2877 5759 3247 5782 “nummum
3319 5761 3342 5782 ﬂ
3429 5776 3440 5782 _
3472 5779 3480 5782 Α

1974 5740 2267 5837 ῗιῖιῖῖζιᾚιῗιι
2295 5740 2758 5830 δοιιδιιρῐιιιιίιῖυιιι
2811 5752 3248 5837 Cluniacensium
3285 5759 3402 5814 cap.
3429 5740 3484 5804 5,
3519 5751 3550 5794 a

1975 5826 2462 5922 Earlieienses
2489 5840 2626 5894 ritus
2659 5849 2784 5891 suos
2808 5826 3036 5887 mutuati
3066 5829 3213 5879 sunt.
