3954 6342
162 363 279 421 ’197

1367 359 1568 418 LIBER
1607 357 2244 420 SACBAIIENTORUII.

1230 689 1734 772 GRIMALDI
1793 690 2344 770 PBIEFATIO.

237 983 536 1054 ﬂuensque
573 982 886 1054 praecedens
937 981 1415 1040 Sacramentorum
1459 984 1670 1040 libellus
1705 998 1746 1053 ,a
1773 984 1824 1047 Α
1850 983 2251 1040 institutionum
2301 987 2612 1039 sanctarum
2675 991 3013 1053 nequaquam
3073 984 3290 1056 dignum
3338 982 3426 1043 vel

152 1071 221 1127 Β.
271 1091 411 1147 papa
439 1074 700 1147 Gregorio
739 1081 948 1130 constat
975 1085 1095 1130 esse
1129 1075 1338 1144 editus,
1384 1077 1627 1146 exceptis
1663 1076 1749 1132 his
1851 1075 2102 1146 possibile
2129 1087 2248 1132 esse
2275 1075 2603 1138 censuimus,
2628 1073 2808 1130 saltim
2831 1087 3015 1128 eorum
3041 1076 3277 1130 omnium
3299 1087 3426 1134 con-

152 1180 288 1234 quze
330 1165 382 1221 in
412 1167 600 1221 eodem
635 1163 690 1220 in
717 1165 1000 1222 nativitate
1033 1167 1116 1222 vel
1143 1169 1511 1239 assumptione
1545 1165 1606 1222 Β.
1637 1167 1748 1224 Ma-
1850 1167 2026 1238 dignis
2052 1167 2333 1223 desideriis
2361 1171 2414 1222 in
2443 1159 2678 1222 evidenti
2705 1161 2864 1233 hujus
2890 1167 3068 1235 aperis
3109 1168 3262 1237 copia
3288 1169 3424 1225 satis

153 1255 280 1322 riae,
311 1256 580 1328 prmcipue
604 1271 736 1312 vero
765 1257 822 1310 in
853 1256 1300 1329 Quadragesima,
1344 1258 1564 1328 virgulis
1591 1266 1746 1314 ante-

149 1349 377 1419 positis,
433 1349 650 1404 lectoris
693 1349 961 1406 invenerit
1003 1347 1266 1423 iugulata,
1317 1351 1556 1406 solertia.
1609 1345 1768 1407 Nam'

1849 1259 2169 1316 faceremus.
2215 1259 2274 1317 Si
2319 1259 2406 1316 cui
2434 1268 2610 1316 autem
2641 1256 2854 1330 placent
2877 1273 2942 1314 ea
2968 1273 3088 1328 quae
3129 1263 3245 1314 sine
3282 1258 3421 1316 fastu

1849 1357 2170 1426 arrogantiae
2207 1369 2419 1410 summo
2439 1353 2616 1409 studio
2638 1353 2834 1423 pioque
2859 1350 3170 1424 collegimus
3217 1367 3421 1419 amore,

147 1440 304 1495 sicut
325 1441 680 1511 quorumdam
706 1439 882 1496 relatu
927 1439 1246 1509 didicimus,
1277 1439 1506 1498 domnus
1536 1451 1747 1514 aposto-
1845 1447 2138 1518 suscipere,
2180 1462 2468 1516 precamur
2496 1453 2554 1500 ut
2598 1461 2704 1500 non
2732 1444 2975 1514 ingratus
3007 1453 3194 1500 nostro
3220 1445 3420 1500 existat

146 1529 296 1586 licus
327 1533 382 1586 in
409 1532 616 1588 eisdem
650 1531 838 1588 diebus
883 1543 913 1586 ί
951 1533 1274 1590 stationibus
1313 1535 1528 1604 penitus
1563 1542 1740 1602 vacat,

145 1637 219 1680 eo
262 1626 410 1695 quod
459 1627 670 1682 caneris
717 1627 1032 1697 septimana
1080 1625 1232 1682 feriis
1281 1627 1602 1684 stationibus
1645 1642 1740 1684 va-

145 1719 331 1772 cando
361 1717 636 1789 fatigatus,
665 1717 867 1775 eisdem
894 1719 1196 1790 requiescat
1221 1715 1430 1788 diebus,
1461 1724 1530 1777 ob
1555 1720 1608 1778 id
1635 1721 1743 1778 sci-

143 1798 285 1863 licet
324 1817 386 1862 ut
417 1809 834 1866 tumultuatione
857 1807 1100 1881 papulari
1129 1827 1324 1867 carens
1356 1820 1412 1866 et
1446 1812 1742 1886 eleemosy-
1787 1863 1789 1868 ,

143 1917 250 1957 nas
304 1903 633 1973 pauperibus
682 1904 1034 1969 distribuere,
1089 1914 1144 1960 et
1201 1904 1416 1976 negotia
1467 1906 1740 1962 exteriora

140 1993 379 2050 liberius
429 1994 604 2050 valeat
657 1995 962 2067 disponere.
999 1991 1215 2052 Missam
1262 2007 1390 2052 vero
1449 1999 1741 2069 praetitula-

141 2095 259 2140 tam
286 2129 302 2154 ,
343 2085 412 2142 In
473 2087 656 2142 Natali
705 2090 936 2160 ejusdem
983 2080 1120 2146 beati
1155 2088 1434 2162 Gregorii,
1492 2094 1737 2166 virgulis-

138 2194 250 2248 que
294 2189 422 2235 ante
458 2181 648 2250 positis
697 2181 1014 2253 jugulatam,
1062 2198 1092 2237 a
1145 2185 1546 2242 successoribus
1598 2185 1733 2256 eius,

138 2284 311 2324 eausa
373 2271 603 2336 amoris,
662 2273 768 2326 imo
817 2273 1176 2328 venerationis
1223 2285 1334 2329 suae
1363 2315 1378 2340 ,
1421 2277 1595 2331 eidem
1639 2285 1737 2333 Suo

138 2355 298 2427 operi
345 2375 453 2416 non
493 2359 710 2418 dubium
741 2378 858 2419 esse
885 2363 1274 2435 interpositam.
1315 2363 1574 2424 Praefatus
1604 2385 1735 2427 sane

139 2452 628 2512 Sacramentorum
674 2458 904 2526 libellus,
936 2460 1061 2516 licet
1100 2477 1134 2515 ι
1168 2462 1458 2534 plerisque,
1507 2466 1735 2538 scripto-

139 2562 266 2600 rum
314 2547 448 2602 vitio
495 2549 854 2620 depravante,
900 2567 1013 2607 non
1055 2561 1112 2609 ut
1150 2555 1218 2610 ab
1267 2566 1486 2612 auctore
1518 2569 1618 2616 suo
1652 2567 1736 2616 est

137 2637 324 2692 editus
355 2639 666 2707 haberetur,
698 2658 796 2713 pro
823 2653 981 2714 captu
1011 2653 1186 2701 tamen
1223 2643 1457 2718 ingenii,
1501 2647 1571 2705 ob
1600 2651 1734 2705 mul-

139 2735 328 2782 torum
357 2729 679 2799 utilitatem,
713 2735 874 2790 studii
909 2737 1077 2792 nostri
1108 2735 1212 2792 fuit
1249 2741 1392 2794 enim
1426 2742 1561 2796 artis
1592 2743 1732 2815 style

135 2819 443 2888 corrigere.
470 2820 641 2888 Quem
662 2837 783 2879 cum
807 2827 1040 2896 prudens
1075 2827 1246 2884 lector
1270 2831 1508 2888 studiose
1545 2833 1728 2904 perle-

137 2909 306 2978 gerit,
338 2924 524 2965 verum
552 2927 650 2968 nos
680 2914 856 2970 dicere
885 2916 1026 2973 illico
1063 2921 1456 2990 comprobabit,
1488 2923 1592 2978 nisi
1625 2924 1729 2981 ite-

139 3015 269 3054 rum
311 3001 638 3074 scriptorum
671 3007 804 3062 vitio
843 3007 1186 3080 depravetur.
1224 3005 1332 3068 Sed
1359 3014 1486 3083 quia
1522 3024 1650 3070 sunt
1677 3027 1732 3072 et

137 3092 248 3148 alia
276 3094 550 3164 quadam,
578 3097 773 3167 quibus
801 3104 1108 3158 necessario
1150 3113 1335 3160 sancta
1362 3107 1532 3162 utitur
1555 3105 1732 3165 Eccle-

138 3184 246 3250 sia,
289 3201 414 3256 quae
443 3187 583 3242 idem
611 3187 774 3245 Pater
816 3193 884 3248 ab
921 3192 1042 3249 aliis
1081 3192 1196 3264 jam
1223 3197 1366 3252 edita
1402 3181 1524 3256 esse
1564 3201 1731 3272 inspi-

136 3276 318 3341 ciens,
346 3280 712 3348 prastermisit,
762 3282 964 3340 idcirco
991 3299 1169 3356 operae
1196 3283 1426 3359 pretium
1453 3290 1730 3361 duximus,

134 3383 200 3423 ea
255 3369 406 3425 velut
446 3369 610 3427 ﬂores
653 3383 932 3444 pratorum
977 3389 1268 3435 vernantes
1316 3393 1548 3452 carpere
1584 3389 1640 3438 et
1674 3384 1728 3439 in

135 3477 309 3516 unum
342 3474 834 3536 eongerere,atqne
849 3477 1093 3525 correcta
1123 3477 1178 3526 et
1198 3475 1482 3528 emendata
1509 3475 1730 3545 suisque

133 3555 393 3627 capitulis
416 3569 711 3628 praenotata
735 3559 786 3616 in
815 3556 974 3631 huius
1000 3578 1226 3634 corpore
1252 3565 1456 3623 codicis
1485 3585 1729 3625 seorsum

131 3664 364 3719 ponere,
417 3658 472 3704 ut
507 3651 560 3705 in
606 3651 710 3708 hoc
745 3667 910 3723 opere
949 3665 1140 3712 cuncta
1192 3657 1457 3713 inveniret
1511 3647 1729 3718 lectoris

131 3739 405 3794 industria
424 3781 440 3805 ,
469 3755 805 3814 quaecunque
836 3747 1034 3802 nostris
1063 3742 1394 3818 temporibus
1420 3753 1726 3808 necessaria

130 3846 256 3886 esse
286 3834 680 3902 pelspeximus,
701 3850 1010 3908 quanquam
1042 3835 1192 3909 plura
1216 3833 1379 3894 etiam
1408 3840 1461 3894 in
1485 3839 1606 3896 aliis
1631 3839 1731 3896 Sa-

129 3933 541 3982 cramentorum
565 3927 759 3984 libellis
780 3929 1175 3994 invenissemus
1199 3931 1421 3988 inserta.
1456 3933 1607 3990 Hanc
1633 3951 1730 3990 ve-

129 4032 193 4071 ro
217 4018 568 4074 discretionis
594 4023 765 4090 gratia
797 4022 1260 4092 pmiatiunculam
1287 4027 1340 4080 in
1365 4027 1540 4081 medio
1559 4025 1728 4084 collo-

131 4109 380 4164 cavimus
405 4150 421 4176 ,
453 4121 509 4166 ut
538 4112 759 4167 alterius
786 4113 926 4181 linis,
953 4113 1174 4172 alterius
1202 4131 1416 4189 quoque
1443 4119 1725 4177 exordium

130 4211 274 4255 esset
300 4200 494 4268 libelli;
531 4203 626 4269 ita,
660 4205 930 4270 videlicet,
965 4215 1022 4261 ut
1059 4206 1184 4264 hinc
1216 4209 1340 4264 inde
1368 4205 1722 4266 l'ormabiiiter

130 4292 338 4347 eisdem
361 4293 556 4362 positis
580 4295 774 4350 libellis
797 4299 1008 4353 noverit
1028 4299 1255 4371 quisque
1297 4311 1415 4370 qna:
1443 4317 1474 4356 a
1506 4303 1568 4356 Β.
1592 4301 1728 4359 Gre-

129 4383 305 4452 gorio,
334 4399 522 4453 quaeve
549 4386 654 4440 sint
683 4388 748 4441 ab
773 4387 891 4443 aliis
915 4389 1062 4444 edita
1084 4389 1366 4458 Patribus;
1390 4389 1724 4462 etquoniam

129 4473 498 4534 excludendos
567 4489 834 4534 tantarum
893 4482 1212 4551 quaesitores
1275 4475 1724 4558 divei'Sarttuique

1844 1538 2034 1604 labori,
2068 1539 2160 1595 sed
2187 1539 2364 1608 potius
2386 1553 2490 1593 una
2513 1537 2790 1593 nobiscum
2812 1537 3014 1607 gratias
3033 1545 3153 1608 agat
3177 1537 3419 1594 amnium

1843 1628 2107 1685 bonorum
2128 1629 2390 1699 largitori.
2421 1627 2478 1683 Si
2501 1639 2632 1682 vero
2651 1626 2918 1698 superﬂua
2941 1627 3024 1681 vel
3047 1643 3151 1682 non
3174 1637 3419 1684 necessa-

1840 1721 1920 1777 ria
1948 1721 2049 1778 sibi
2081 1721 2171 1776 illa
2193 1717 2534 1791 iudicaverit,
2563 1725 2744 1773 utatur
2774 1727 2980 1772 tantum
3003 1715 3211 1788 praefati
3237 1712 3418 1775 Patris

1839 1817 2117 1888 opusculo,
2145 1816 2289 1886 quod
2312 1816 2530 1870 minime
2565 1825 2821 1884 respuere
2849 1813 2966 1867 sine
2991 1813 3072 1866 sui
3099 1811 3413 1867 discrimine

1839 1919 2045 1982 potest;
2067 1916 2122 1966 et
2142 1924 2205 1966 ea
2228 1909 2614 1979 querentibus,
2633 1905 2825 1977 hisque
2843 1905 3112 1976 pinsitiali
3136 1903 3327 1960 affectu
3344 1903 3419 1960 uti

1840 1996 2160 2064 volehtibds,
2191 1997 2385 2054 utenda
2407 1997 2671 2052 admittat.
2697 1993 2810 2050 Non
2839 1989 3001 2066 igitur
3025 1995 3247 2064 ingratis
3266 2001 3321 2050 et
3346 1987 3418 2049 fa-

1841 2093 2096 2169 stidiosis,
2125 2091 2218 2147 sed
2259 2091 2438 2161 potius
2463 2087 2718 2144 studiosis
2743 2102 2806 2142 ac
2831 2079 3061 2150 devotis,
3105 2084 3192 2140 illa
3217 2079 3422 2156 colligi-

1839 2200 1978 2249 mus,
1995 2185 2049 2239 in
2070 2183 2284 2252 quibus,
2302 2181 2388 2237 cui
2409 2181 2589 2235 animo
2600 2180 2810 2243 sedent,
2826 2185 3004 2249 potest
3014 2179 3254 2248 reperire
3275 2177 3418 2234 unde

1840 2285 1896 2330 et
1929 2274 2108 2330 debita
2150 2282 2270 2329 vota
2300 2288 2396 2327 sua
2426 2279 2482 2328 et
2508 2269 2742 2325 olliciunt
2773 2261 2939 2323 divini
2967 2268 3144 2324 cultus
3167 2267 3327 2340 digne
3357 2281 3420 2323 ac

1764 2355 1811 2414 Β
1838 2367 2172 2439 placabiliter
2198 2365 2424 2422 Domino
2458 2363 2632 2418 valeat
2657 2361 2933 2418 exhibere.
2976 2359 3197 2416 Noverit
3233 2357 3414 2430 itaque

1835 2474 1934 2515 nos
1978 2457 2360 2530 perspicacitas
2404 2455 2624 2511 lectoris
2669 2464 2774 2508 non
2815 2452 2918 2506 alia
2958 2451 3086 2507 huic
3123 2449 3412 2506 inseruisse

1833 2551 2001 2622 operi,
2036 2550 2138 2605 nisi
2179 2563 2239 2604 ea
2291 2561 2412 2618 quae
2448 2565 2478 2602 a
2527 2545 2924 2616 probatissimis
2948 2549 3004 2598 et
3031 2542 3416 2598 eruditissimis

1836 2657 2029 2714 magna
2060 2639 2331 2712 diligentia
2359 2647 2582 2695 exarata
2607 2644 2732 2694 sunt
2775 2635 2923 2690 viris.
2961 2635 3036 2690 Ex
3065 2634 3248 2690 multis
3281 2645 3412 2706 ergo

1835 2735 2000 2790 multa
2031 2735 2342 2804 collegimus
2361 2775 2376 2797 ,
2411 2742 2468 2787 ut
2497 2731 2787 2788 multorum
2815 2730 3033 2786 utilitati
3078 2729 3414 2801 prospicere-

1833 2837 1974 2882 mus.
2025 2825 2372 2895 Prwfatioues
2416 2839 2601 2897 porro,
2629 2837 2766 2894 quas
2802 2822 2855 2877 In
2897 2823 3004 2878 tino
3037 2821 3199 2892 hujus
3237 2821 3416 2892 posui-
3478 2875 3485 2882 ,

1832 2934 1952 2974 mus
1977 2917 2197 2984 codicis,
2217 2915 2521 2988 ﬂagitamus
2547 2923 2606 2970 ut
2624 2915 2692 2970 ab
2713 2911 2796 2968 his
2815 2909 3012 2984 quibus
3031 2913 3263 2984 placent,
3289 2925 3410 2965 cum

1833 3005 2100 3068 charitate
2125 3011 2508 3081 suscipiantur,
2539 3019 2593 3064 et
2617 3017 2902 3064 canantur.
2939 3005 3022 3063 Ab
3051 3008 3144 3063 his
3162 3021 3292 3062 vero
3318 2999 3412 3075 qui

1831 3119 1924 3160 eas
1945 3103 2264 3174 intelligunt,
2283 3117 2383 3157 nec
2399 3110 2576 3156 tamen
2595 3100 2930 3156 delectantur
2943 3109 3152 3154 necnon
3179 3097 3314 3154 etab
3327 3097 3416 3153 bis

1831 3198 1923 3271 qui
1943 3212 2039 3254 eas
2059 3197 2262 3262 volunt,
2280 3211 2380 3252 nec
2401 3203 2578 3250 tamen
2603 3193 2926 3266 intelligunt,
2943 3195 3212 3266 pOSCimus
3235 3201 3414 3249 utnec

1833 3301 2176 3348 assumantur
2203 3305 2302 3346 nec
2325 3299 2608 3346 canautur.
2633 3285 2898 3346 Addimus
2918 3286 3082 3345 etiam
3105 3297 3160 3344 et
3191 3283 3414 3344 Benedi-

1835 3385 2028 3439 ctione:
2045 3384 2111 3440 ab
2122 3384 2374 3454 episcopo
2387 3397 2550 3453 super
2573 3381 2826 3454 populum
2843 3380 3120 3445 dicendas,
3138 3393 3348 3435 necnon
3358 3385 3416 3434 et

1832 3475 1961 3531 illud
1981 3475 2121 3545 quod
2143 3475 2196 3528 in
2223 3473 2447 3546 praefato
2465 3472 2650 3529 codice
2660 3471 2719 3525 B.
2739 3469 3088 3542 Gregorii,{ad
3110 3469 3308 3542 gradus
3329 3467 3414 3523 ina

1832 3565 2060 3620 feriores
2090 3565 2142 3620 in
2165 3565 2405 3619 Ecclesia
2425 3561 2847 3626 constituendos,
2866 3573 2970 3616 non
2987 3560 3232 3614 habetur.
3246 3557 3418 3614 Obse-

1835 3673 2050 3714 cramus
2080 3658 2262 3726 itaque
2289 3671 2384 3710 vos
2403 3693 2420 3720 ,
2445 3656 2754 3726 quicunque
2782 3654 2924 3709 bime
2953 3651 3192 3708 codicem
3221 3651 3288 3706 ad
3323 3641 3404 3706 ie-

1835 3749 2066 3819 gendum
2096 3748 2210 3804 sive
2235 3745 2698 3802 transcribendum
2723 3741 3082 3812 sumpseritis,
3110 3749 3168 3796 ut
3197 3756 3294 3810 pro
3320 3753 3413 3796 me

1835 3853 2022 3910 preces
2047 3839 2114 3894 ad
2139 3838 2426 3894 Dominum
2469 3832 2722 3903 fundatis,
2751 3837 2840 3907 qui
2873 3832 2941 3890 ob
2970 3834 3254 3890 utilitatem
3291 3832 3406 3904 plu-

1835 3932 2093 3986 rimorum
2151 3945 2214 3986 ea
2259 3929 2511 4000 colligere
2555 3939 2720 3998 atque
2770 3927 3042 3998 corrigere
3085 3927 3406 3994 studuimus.

1833 4024 2234 4092 Precamurque
2286 4030 2344 4076 ut
2403 4031 2526 4076 eum
2574 4021 2645 4074 ita
2690 4020 2974 4091 diligenter
3011 4018 3412 4086 transcribatis,

1831 4123 2093 4186 quatenus
2129 4114 2246 4186 ejus
2291 4118 2480 4177 textus,
2522 4119 2577 4168 et
2609 4113 2945 4168 eruditorum
2993 4123 3153 4167 aures
3195 4109 3406 4165 deumi-

1831 4219 1969 4274 ccat,
2011 4217 2066 4264 et
2097 4209 2454 4280 simpliciores
2478 4221 2720 4278 quosquc
2746 4222 2932 4261 errare
2961 4220 3065 4259 non
3081 4203 3241 4258 sinat.
3265 4193 3412 4256 Nihil

1832 4304 1999 4368 enim,
2031 4314 2091 4357 ut
2117 4303 2192 4357 ait
2216 4303 2280 4356 B.‘
2308 4285 2694 4373 Hieronymus,
2730 4299 2970 4370 proderit
3001 4298 3316 4354 emendasse
3345 4295 3412 4349 li-

1831 4395 2012 4460 brum,
2039 4395 2140 4450 nisi
2167 4393 2474 4450 emendatio
2497 4389 2843 4446 librariorum
2872 4389 3147 4460 diligentia
3187 4399 3412 4442 conser-

1827 4495 2005 4544 VCIUI'.

1288 4746 1684 4854 CAPIIULA
1725 4754 1974 4818 HUIUS
2018 4753 2224 4814 LIBRI

128 4893 168 4947 I.
528 4891 828 4947 Benedictio
867 4895 1018 4948 cerei.
1303 4947 1306 4951 .

129 4965 191 5021 Ii.
527 4961 806 5018 Orationes
827 4975 920 5034 per
942 4962 1180 5035 singular
1217 4963 1456 5020 lectiones
1499 4967 1554 5022 in
1591 4963 1724 5022 Saba

601 5034 720 5087 bato
751 5044 966 5107 sancto,
998 5034 1200 5107 require
1229 5047 1366 5090 retro
1404 5037 1460 5090 in
1492 5035 1719 5094 Sabbato

593 5110 775 5157 saneto
806 5101 1047 5158 Pascitur.

127 5177 220 5237 Ill.-
533 5173 664 5228 Item
708 5178 971 5230 orationes
1018 5177 1072 5229 in
1125 5173 1314 5238 Vigitia
1368 5176 1718 5238 Pentecostes,

604 5245 804 5314 require
832 5254 968 5301 retro
991 5246 1046 5300 in
1071 5242 1302 5300 8e06an
1323 5257 1504 5302 sancto
1534 5245 1724 5302 Pente-

600 5326 781 5370 608188.

130 5388 196 5448 ιν
528 5385 946 5441 Benedictionem
983 5386 1111 5441 satis
1135 5387 1203 5440 ad
1242 5385 1540 5456 faciendum
1578 5399 1720 5442 cate-

511 5487 526 5500 -
581 5457 922 5520 etiamnum,
943 5467 992 5510 et
1013 5458 1134 5511 inde
1158 5474 1272 5527 qua
1291 5467 1578 5526 sequuntur
1597 5475 1712 5512 ora-

596 5528 784 5599 tiones,
800 5527 1025 5598 qualiter
1037 5527 1362 5599 baptizentur
1380 5528 1433 5599 bi
1445 5528 1534 5599 qui
1549 5529 1714 5598 bapti—

605 5595 760 5669 sandi
791 5595 932 5664 sum,
962 5595 1168 5669 rebuire
1185 5599 1239 5651 in
1265 5595 1496 5654 Sabbaio
1533 5595 1714 5655 sancto

607 5665 948 5722 Pemecostes.

135 5735 204 5870 δ’
532 5739 800 5795 Dominiea
827 5739 848 5794 I

177 5849 224 5870 ι.
531 5805 803 5868 Dominica
831 5810 848 5866 I

177 5805 224 5874 ἶ.
531 5805 803 5868 ﬂaminica

911 5749 987 5794 ost
1011 5737 1204 5794 Natale
1227 5739 1456 5797 Domini.

897 5820 1011 5882 post
1035 5805 1228 5868 Natale
1256 5807 1482 5868 Domini.

1747 4899 1799 4958 D
1828 4895 1936 4951 VII.
2222 4893 2492 4949 ﬂaminica
2513 4905 2682 4963 prima
2711 4899 2825 4964 post
2853 4889 3259 4964 Theophaniam.

1828 4965 1956 5022 Vill.
2218 4964 2491 5036 ﬂaminica
2513 4961 2560 5036 III
2583 4973 2698 5034 post
2713 4961 3132 5036 ‘Theopbaninm.

1825 5036 1915 5092 IX.
2219 5035 2491 5106 Dominica
2514 5035 2576 5090 III
2601 5041 2711 5104 post
2738 5035 3142 5106 Theoplmrrinm.

1823 5107 1890 5162 X.
2215 5105 2492 5160 Dominica
2521 5106 2587 5160 IV
2601 5103 2726 5175 ipost
2766 5103 3063 5175 Theophani
3073 5118 3172 5154 eam.

1825 5177 1913 5232 XI.
2221 5175 2498 5230 Dontihica
2580 5173 2692 5247 post
2728 5173 3134 5246 Tlreophmrimu.

1825 5247 1935 5304 XII.
2220 5247 2490 5301 Dominica
2518 5246 2586 5300 VI
2613 5258 2724 5316 post
2751 5247 3158 5316 'I'Ireoirlmrtiam.

1825 5317 1957 5374 XIII.
2006 5369 2014 5379 ,
2218 5317 2536 5372 Dominical
2569 5315 2680 5384 past
2711 5315 3156 5371 octab.'l’usclur.

1826 5389 1964 5445 XIV.
2213 5389 2486 5443 Dominica
2517 5388 2557 5442 II
2585 5399 2696 5455 posit
2727 5389 2896 5442 octub.
2928 5386 3166 5440 Pristim.

1818 5459 1936 5515 X-V.
2213 5458 2488 5513 Dominum
2509 5459 2572 5512 ili
2598 5469 2709 5528 post
2736 5459 2904 5514 oclab.
2949 5455 3185 5528 Pascha".

1819 5529 1957 5585 XVI.
2212 5529 2488 5584 Dominicn
2514 5529 2578 5598 IV
2601 5540 2712 5598 post
2743 5532 2910 5585 oetnb.
2944 5527 3166 5582 Prisc/tt?

1824 5600 1983 5670 XVII.
2221 5600 2493 5654 Dominica
2521 5597 2541 5654 Ι
2569 5597 2684 5670 post
2709 5603 2936 5656 Ast-ense
2970 5599 3194 5653 Domini.

1823 5669 2004 5740 XVIII.
2216 5671 2490 5724 Dominicu
2512 5669 2532 5725 I
2553 5669 2666 5740 post
2698 5670 2984 5726 Pentecost.

1825 5739 1965 5812 XIX.
2220 5742 2493 5812 Dominica
2520 5739 2559 5812 II
2582 5753 2695 5812 post
2726 5743 3020 5812 Pentecost.

1825 5807 1942 5870 XX.
2218 5811 2492 5868 Dominica
2515 5807 2591 5868 ΙΙΙ⁷
2607 5823 2721 5886 post
2755 5809 3042 5870 Pentecost.
