  <div class='ocr_page' id='page_1' title='image "/cluster/home/n/w/nwhite01/storage/ocr_20150623/121/hvd.32044015471642/406.png"; bbox 0 0 3954 6342; ppageno 0'>
   <div class='ocr_carea' id='block_1_1' title="bbox 122 340 231 400">
    <p class='ocr_par' dir='ltr' id='par_1_1' title="bbox 122 340 231 400">
     <span class='ocr_line' id='line_1_1' title="bbox 122 340 231 400; baseline -0.037 0"><span class='ocrx_word' id='word_1_1' title='bbox 122 340 231 400; x_wconf 77' lang='grc'><strong>801</strong></span> 
     </span>
    </p>
   </div>
   <div class='ocr_carea' id='block_1_2' title="bbox 1305 336 2183 399">
    <p class='ocr_par' dir='ltr' id='par_1_2' title="bbox 1305 336 2183 399">
     <span class='ocr_line' id='line_1_2' title="bbox 1305 336 2183 399; baseline -0.006 0"><span class='ocrx_word' id='word_1_2' title='bbox 1305 340 1509 399; x_wconf 78' lang='lat' dir='ltr'><strong>LIBER</strong></span> <span class='ocrx_word' id='word_1_3' title='bbox 1544 336 2183 397; x_wconf 72' lang='lat' dir='ltr'><strong>SACRAMENTORUM.</strong></span> 
     </span>
    </p>
   </div>
   <div class='ocr_carea' id='block_1_3' title="bbox 3302 343 3410 402">
    <p class='ocr_par' dir='ltr' id='par_1_3' title="bbox 3302 343 3410 402">
     <span class='ocr_line' id='line_1_3' title="bbox 3302 343 3410 402; baseline 0 0"><span class='ocrx_word' id='word_1_4' title='bbox 3302 343 3410 402; x_wconf 66' lang='lat'><strong>802</strong></span> 
     </span>
    </p>
   </div>
   <div class='ocr_carea' id='block_1_4' title="bbox 122 454 3411 530">
    <p class='ocr_par' dir='ltr' id='par_1_4' title="bbox 122 454 3411 530">
     <span class='ocr_line' id='line_1_4' title="bbox 122 454 3411 530; baseline 0.003 -23"><span class='ocrx_word' id='word_1_5' title='bbox 122 463 223 510; x_wconf 78' lang='lat' dir='ltr'><strong>net</strong></span> <span class='ocrx_word' id='word_1_6' title='bbox 262 454 540 509; x_wconf 87' lang='lat' dir='ltr'><strong>salutaris.</strong></span> <span class='ocrx_word' id='word_1_7' title='bbox 580 455 825 512; x_wconf 76' lang='lat' dir='ltr'><strong>Gaudeat</strong></span> <span class='ocrx_word' id='word_1_8' title='bbox 853 456 1020 513; x_wconf 87' lang='lat' dir='ltr'><strong>tantis</strong></span> <span class='ocrx_word' id='word_1_9' title='bbox 1047 457 1206 515; x_wconf 91' lang='lat' dir='ltr'><strong>tellus</strong></span> <span class='ocrx_word' id='word_1_10' title='bbox 1249 458 1512 516; x_wconf 86' lang='lat' dir='ltr'><strong>irradiata</strong></span> <span class='ocrx_word' id='word_1_11' title='bbox 1548 457 1720 530; x_wconf 83' lang='lat' dir='ltr'><strong>fulgo-</strong></span> <span class='ocrx_word' id='word_1_12' title='bbox 1746 455 1800 517; x_wconf 79' lang='grc' dir='ltr'><strong>Δ</strong></span> <span class='ocrx_word' id='word_1_13' title='bbox 1824 454 1992 521; x_wconf 90' lang='lat' dir='ltr'><strong>ceris,</strong></span> <span class='ocrx_word' id='word_1_14' title='bbox 2018 470 2179 526; x_wconf 85' lang='lat' dir='ltr'><strong>quam</strong></span> <span class='ocrx_word' id='word_1_15' title='bbox 2206 456 2260 511; x_wconf 93' lang='lat' dir='ltr'><strong>in</strong></span> <span class='ocrx_word' id='word_1_16' title='bbox 2289 454 2647 512; x_wconf 88' lang='lat' dir='ltr'><strong>substantiam</strong></span> <span class='ocrx_word' id='word_1_17' title='bbox 2679 454 2927 525; x_wconf 81' lang='lat' dir='ltr'><strong>pretiosa:</strong></span> <span class='ocrx_word' id='word_1_18' title='bbox 2956 455 3114 529; x_wconf 84' lang='lat' dir='ltr'><strong>hujus</strong></span> <span class='ocrx_word' id='word_1_19' title='bbox 3142 458 3411 530; x_wconf 77' lang='lat' dir='ltr'><strong>lampadis</strong></span> 
     </span>
    </p>
   </div>
   <div class='ocr_carea' id='block_1_5' title="bbox 121 546 1718 621">
    <p class='ocr_par' dir='ltr' id='par_1_5' title="bbox 121 546 1718 621">
     <span class='ocr_line' id='line_1_5' title="bbox 121 546 1718 621; baseline 0.003 -20"><span class='ocrx_word' id='word_1_20' title='bbox 121 546 305 613; x_wconf 82' lang='lat' dir='ltr'><strong>ribus,</strong></span> <span class='ocrx_word' id='word_1_21' title='bbox 341 555 398 603; x_wconf 92' lang='lat' dir='ltr'><strong>et</strong></span> <span class='ocrx_word' id='word_1_22' title='bbox 444 549 630 604; x_wconf 62' lang='lat' dir='ltr'><strong>aeterni</strong></span> <span class='ocrx_word' id='word_1_23' title='bbox 684 549 828 621; x_wconf 88' lang='lat' dir='ltr'><strong>regis</strong></span> <span class='ocrx_word' id='word_1_24' title='bbox 879 548 1164 619; x_wconf 85' lang='lat' dir='ltr'><strong>splendore</strong></span> <span class='ocrx_word' id='word_1_25' title='bbox 1205 549 1496 619; x_wconf 88' lang='lat' dir='ltr'><strong>illustrata,</strong></span> <span class='ocrx_word' id='word_1_26' title='bbox 1553 550 1718 607; x_wconf 90' lang='lat' dir='ltr'><strong>totius</strong></span> 
     </span>
    </p>
   </div>
   <div class='ocr_carea' id='block_1_6' title="bbox 121 639 1719 713">
    <p class='ocr_par' dir='ltr' id='par_1_6' title="bbox 121 639 1719 713">
     <span class='ocr_line' id='line_1_6' title="bbox 121 639 1719 713; baseline 0.001 -18"><span class='ocrx_word' id='word_1_27' title='bbox 121 640 312 697; x_wconf 87' lang='lat' dir='ltr'><strong>noctis</strong></span> <span class='ocrx_word' id='word_1_28' title='bbox 363 655 424 696; x_wconf 91' lang='lat' dir='ltr'><strong>se</strong></span> <span class='ocrx_word' id='word_1_29' title='bbox 473 639 673 696; x_wconf 89' lang='lat' dir='ltr'><strong>sentiat</strong></span> <span class='ocrx_word' id='word_1_30' title='bbox 730 640 978 697; x_wconf 90' lang='lat' dir='ltr'><strong>amisisse</strong></span> <span class='ocrx_word' id='word_1_31' title='bbox 1018 640 1325 713; x_wconf 77' lang='lat' dir='ltr'><strong>caliginem.</strong></span> <span class='ocrx_word' id='word_1_32' title='bbox 1374 640 1612 698; x_wconf 65' lang='lat' dir='ltr'><strong>Latetur</strong></span> <span class='ocrx_word' id='word_1_33' title='bbox 1662 649 1719 698; x_wconf 91' lang='lat' dir='ltr'><strong>et</strong></span> 
     </span>
    </p>
   </div>
   <div class='ocr_carea' id='block_1_7' title="bbox 121 732 1722 809">
    <p class='ocr_par' dir='ltr' id='par_1_7' title="bbox 121 732 1722 809">
     <span class='ocr_line' id='line_1_7' title="bbox 121 732 1722 809; baseline 0.001 -21"><span class='ocrx_word' id='word_1_34' title='bbox 121 742 313 789; x_wconf 86' lang='lat' dir='ltr'><strong>mater</strong></span> <span class='ocrx_word' id='word_1_35' title='bbox 337 732 577 790; x_wconf 82' lang='lat' dir='ltr'><strong>Ecclesia</strong></span> <span class='ocrx_word' id='word_1_36' title='bbox 607 734 741 789; x_wconf 90' lang='lat' dir='ltr'><strong>tanti</strong></span> <span class='ocrx_word' id='word_1_37' title='bbox 769 734 986 791; x_wconf 89' lang='lat' dir='ltr'><strong>luminis</strong></span> <span class='ocrx_word' id='word_1_38' title='bbox 1004 735 1270 792; x_wconf 89' lang='lat' dir='ltr'><strong>adornata</strong></span> <span class='ocrx_word' id='word_1_39' title='bbox 1304 734 1620 809; x_wconf 88' lang='lat' dir='ltr'><strong>fulgoribus,</strong></span> <span class='ocrx_word' id='word_1_40' title='bbox 1664 744 1722 790; x_wconf 92' lang='lat' dir='ltr'><strong>et</strong></span> 
     </span>
    </p>
   </div>
   <div class='ocr_carea' id='block_1_8' title="bbox 121 826 1719 899">
    <p class='ocr_par' dir='ltr' id='par_1_8' title="bbox 121 826 1719 899">
     <span class='ocr_line' id='line_1_8' title="bbox 121 826 1719 899; baseline 0.001 -19"><span class='ocrx_word' id='word_1_41' title='bbox 121 827 345 899; x_wconf 80' lang='lat' dir='ltr'><strong>magnis</strong></span> <span class='ocrx_word' id='word_1_42' title='bbox 374 826 694 898; x_wconf 89' lang='lat' dir='ltr'><strong>populorum</strong></span> <span class='ocrx_word' id='word_1_43' title='bbox 729 827 955 884; x_wconf 81' lang='lat' dir='ltr'><strong>vocibus</strong></span> <span class='ocrx_word' id='word_1_44' title='bbox 988 828 1103 884; x_wconf 72' lang='lat' dir='ltr'><strong>hmo</strong></span> <span class='ocrx_word' id='word_1_45' title='bbox 1132 828 1256 884; x_wconf 87' lang='lat' dir='ltr'><strong>aula</strong></span> <span class='ocrx_word' id='word_1_46' title='bbox 1285 827 1530 885; x_wconf 82' lang='lat' dir='ltr'><strong>resultet.</strong></span> <span class='ocrx_word' id='word_1_47' title='bbox 1578 826 1719 895; x_wconf 87' lang='lat' dir='ltr'><strong>Qua-</strong></span> 
     </span>
    </p>
   </div>
   <div class='ocr_carea' id='block_1_9' title="bbox 118 919 1715 989">
    <p class='ocr_par' dir='ltr' id='par_1_9' title="bbox 118 919 1715 989">
     <span class='ocr_line' id='line_1_9' title="bbox 118 919 1715 989; baseline 0.003 -18"><span class='ocrx_word' id='word_1_48' title='bbox 118 927 356 989; x_wconf 80' lang='lat' dir='ltr'><strong>propter</strong></span> <span class='ocrx_word' id='word_1_49' title='bbox 379 920 678 975; x_wconf 87' lang='lat' dir='ltr'><strong>astantibus</strong></span> <span class='ocrx_word' id='word_1_50' title='bbox 704 919 877 986; x_wconf 81' lang='lat' dir='ltr'><strong>vobis,</strong></span> <span class='ocrx_word' id='word_1_51' title='bbox 910 919 1106 978; x_wconf 83' lang='lat' dir='ltr'><strong>fratres</strong></span> <span class='ocrx_word' id='word_1_52' title='bbox 1133 920 1438 978; x_wconf 89' lang='lat' dir='ltr'><strong>charissimi</strong></span> <span class='ocrx_word' id='word_1_53' title='bbox 1458 961 1475 987; x_wconf 91' lang='lat'><strong>,</strong></span> <span class='ocrx_word' id='word_1_54' title='bbox 1506 922 1573 978; x_wconf 91' lang='lat' dir='ltr'><strong>ad</strong></span> <span class='ocrx_word' id='word_1_55' title='bbox 1605 928 1715 976; x_wconf 91' lang='lat' dir='ltr'><strong>tam</strong></span> 
     </span>
    </p>
   </div>
   <div class='ocr_carea' id='block_1_10' title="bbox 121 1011 1715 1083">
    <p class='ocr_par' dir='ltr' id='par_1_10' title="bbox 121 1011 1715 1083">
     <span class='ocr_line' id='line_1_10' title="bbox 121 1011 1715 1083; baseline 0.004 -20"><span class='ocrx_word' id='word_1_56' title='bbox 121 1011 329 1065; x_wconf 86' lang='lat' dir='ltr'><strong>miram</strong></span> <span class='ocrx_word' id='word_1_57' title='bbox 359 1012 532 1067; x_wconf 83' lang='lat' dir='ltr'><strong>sancti</strong></span> <span class='ocrx_word' id='word_1_58' title='bbox 565 1011 727 1083; x_wconf 83' lang='lat' dir='ltr'><strong>hujus</strong></span> <span class='ocrx_word' id='word_1_59' title='bbox 755 1012 977 1069; x_wconf 90' lang='lat' dir='ltr'><strong>luminis</strong></span> <span class='ocrx_word' id='word_1_60' title='bbox 1003 1014 1329 1081; x_wconf 82' lang='lat' dir='ltr'><strong>claritatem,</strong></span> <span class='ocrx_word' id='word_1_61' title='bbox 1352 1030 1459 1072; x_wconf 88' lang='lat' dir='ltr'><strong>una</strong></span> <span class='ocrx_word' id='word_1_62' title='bbox 1480 1030 1715 1081; x_wconf 91' lang='lat' dir='ltr'><strong>mecum,</strong></span> 
     </span>
    </p>
   </div>
   <div class='ocr_carea' id='block_1_11' title="bbox 118 1104 1719 1177">
    <p class='ocr_par' dir='ltr' id='par_1_11' title="bbox 118 1104 1719 1177">
     <span class='ocr_line' id='line_1_11' title="bbox 118 1104 1719 1177; baseline 0.005 -20"><span class='ocrx_word' id='word_1_63' title='bbox 118 1119 338 1172; x_wconf 69' lang='lat' dir='ltr'><strong>quaeso,</strong></span> <span class='ocrx_word' id='word_1_64' title='bbox 372 1104 467 1161; x_wconf 91' lang='lat' dir='ltr'><strong>Dei</strong></span> <span class='ocrx_word' id='word_1_65' title='bbox 488 1106 873 1177; x_wconf 87' lang='lat' dir='ltr'><strong>omnipotentis</strong></span> <span class='ocrx_word' id='word_1_66' title='bbox 903 1108 1331 1166; x_wconf 89' lang='lat' dir='ltr'><strong>misericordiam</strong></span> <span class='ocrx_word' id='word_1_67' title='bbox 1361 1110 1630 1176; x_wconf 87' lang='lat' dir='ltr'><strong>invocate,</strong></span> <span class='ocrx_word' id='word_1_68' title='bbox 1657 1118 1719 1166; x_wconf 94' lang='lat' dir='ltr'><strong>ut</strong></span> 
     </span>
    </p>
   </div>
   <div class='ocr_carea' id='block_1_12' title="bbox 119 1194 1713 1263">
    <p class='ocr_par' dir='ltr' id='par_1_12' title="bbox 119 1194 1713 1263">
     <span class='ocr_line' id='line_1_12' title="bbox 119 1194 1713 1263; baseline 0.008 -15"><span class='ocrx_word' id='word_1_69' title='bbox 119 1194 221 1263; x_wconf 89' lang='lat' dir='ltr'><strong>qui</strong></span> <span class='ocrx_word' id='word_1_70' title='bbox 252 1210 342 1251; x_wconf 90' lang='lat' dir='ltr'><strong>me</strong></span> <span class='ocrx_word' id='word_1_71' title='bbox 371 1210 478 1251; x_wconf 87' lang='lat' dir='ltr'><strong>non</strong></span> <span class='ocrx_word' id='word_1_72' title='bbox 508 1197 644 1253; x_wconf 90' lang='lat' dir='ltr'><strong>meis</strong></span> <span class='ocrx_word' id='word_1_73' title='bbox 678 1199 890 1255; x_wconf 87' lang='lat' dir='ltr'><strong>meritis</strong></span> <span class='ocrx_word' id='word_1_74' title='bbox 916 1201 1057 1256; x_wconf 90' lang='lat' dir='ltr'><strong>intra</strong></span> <span class='ocrx_word' id='word_1_75' title='bbox 1082 1199 1396 1258; x_wconf 89' lang='lat' dir='ltr'><strong>Levitarum</strong></span> <span class='ocrx_word' id='word_1_76' title='bbox 1426 1218 1713 1259; x_wconf 83' lang='lat' dir='ltr'><strong>numerum</strong></span> 
     </span>
    </p>
   </div>
   <div class='ocr_carea' id='block_1_13' title="bbox 118 1283 1713 1365">
    <p class='ocr_par' dir='ltr' id='par_1_13' title="bbox 118 1283 1713 1365">
     <span class='ocr_line' id='line_1_13' title="bbox 118 1283 1713 1365; baseline 0.007 -26"><span class='ocrx_word' id='word_1_77' title='bbox 118 1283 382 1355; x_wconf 87' lang='lat' dir='ltr'><strong>dignatus</strong></span> <span class='ocrx_word' id='word_1_78' title='bbox 410 1295 494 1343; x_wconf 89' lang='lat' dir='ltr'><strong>est</strong></span> <span class='ocrx_word' id='word_1_79' title='bbox 520 1304 836 1360; x_wconf 76' lang='lat' dir='ltr'><strong>aggregare,</strong></span> <span class='ocrx_word' id='word_1_80' title='bbox 864 1290 1085 1348; x_wconf 90' lang='lat' dir='ltr'><strong>luminis</strong></span> <span class='ocrx_word' id='word_1_81' title='bbox 1120 1293 1205 1348; x_wconf 91' lang='lat' dir='ltr'><strong>sui</strong></span> <span class='ocrx_word' id='word_1_82' title='bbox 1247 1292 1479 1365; x_wconf 86' lang='lat' dir='ltr'><strong>gratiam</strong></span> <span class='ocrx_word' id='word_1_83' title='bbox 1528 1292 1713 1349; x_wconf 86' lang='lat' dir='ltr'><strong>infun-</strong></span> 
     </span>
    </p>
   </div>
   <div class='ocr_carea' id='block_1_14' title="bbox 118 1378 1715 1461">
    <p class='ocr_par' dir='ltr' id='par_1_14' title="bbox 118 1378 1715 1461">
     <span class='ocr_line' id='line_1_14' title="bbox 118 1378 1715 1461; baseline 0.008 -29"><span class='ocrx_word' id='word_1_84' title='bbox 118 1378 327 1446; x_wconf 86' lang='lat' dir='ltr'><strong>dendo,</strong></span> <span class='ocrx_word' id='word_1_85' title='bbox 380 1381 524 1437; x_wconf 89' lang='lat' dir='ltr'><strong>cerei</strong></span> <span class='ocrx_word' id='word_1_86' title='bbox 559 1383 720 1454; x_wconf 85' lang='lat' dir='ltr'><strong>hujus</strong></span> <span class='ocrx_word' id='word_1_87' title='bbox 776 1383 935 1440; x_wconf 88' lang='lat' dir='ltr'><strong>laude</strong></span> <span class='ocrx_word' id='word_1_88' title='bbox 981 1386 1207 1458; x_wconf 90' lang='lat' dir='ltr'><strong>implere</strong></span> <span class='ocrx_word' id='word_1_89' title='bbox 1252 1387 1503 1458; x_wconf 79' lang='lat' dir='ltr'><strong>perﬁciat</strong></span> <span class='ocrx_word' id='word_1_90' title='bbox 1555 1387 1715 1461; x_wconf 77' lang='lat' dir='ltr'><strong>[alios</strong></span> 
     </span>
    </p>
   </div>
   <div class='ocr_carea' id='block_1_15' title="bbox 120 1469 1714 1551">
    <p class='ocr_par' dir='ltr' id='par_1_15' title="bbox 120 1469 1714 1551">
     <span class='ocr_line' id='line_1_15' title="bbox 120 1469 1714 1551; baseline 0.009 -28"><span class='ocrx_word' id='word_1_91' title='bbox 120 1469 346 1527; x_wconf 87' lang='lat' dir='ltr'><strong>laudem</strong></span> <span class='ocrx_word' id='word_1_92' title='bbox 375 1471 598 1546; x_wconf 84' lang='lat' dir='ltr'><strong>implere</strong></span> <span class='ocrx_word' id='word_1_93' title='bbox 628 1475 948 1551; x_wconf 67' lang='lat' dir='ltr'><strong>praecipiat].</strong></span> <span class='ocrx_word' id='word_1_94' title='bbox 994 1477 1099 1534; x_wconf 89' lang='lat' dir='ltr'><strong>Per</strong></span> <span class='ocrx_word' id='word_1_95' title='bbox 1146 1479 1432 1535; x_wconf 90' lang='lat' dir='ltr'><strong>Dominum</strong></span> <span class='ocrx_word' id='word_1_96' title='bbox 1468 1488 1714 1537; x_wconf 87' lang='lat' dir='ltr'><strong>nostrum</strong></span> 
     </span>
    </p>
   </div>
   <div class='ocr_carea' id='block_1_16' title="bbox 117 1559 1718 1642">
    <p class='ocr_par' dir='ltr' id='par_1_16' title="bbox 117 1559 1718 1642">
     <span class='ocr_line' id='line_1_16' title="bbox 117 1559 1718 1642; baseline 0.007 -26"><span class='ocrx_word' id='word_1_97' title='bbox 117 1559 311 1618; x_wconf 82' lang='lat' dir='ltr'><strong>Jesum</strong></span> <span class='ocrx_word' id='word_1_98' title='bbox 353 1562 627 1628; x_wconf 82' lang='lat' dir='ltr'><strong>Christum</strong></span> <span class='ocrx_word' id='word_1_99' title='bbox 670 1566 867 1623; x_wconf 88' lang='lat' dir='ltr'><strong>Filium</strong></span> <span class='ocrx_word' id='word_1_100' title='bbox 906 1577 1079 1638; x_wconf 91' lang='lat' dir='ltr'><strong>tuum,</strong></span> <span class='ocrx_word' id='word_1_101' title='bbox 1128 1572 1219 1642; x_wconf 92' lang='lat' dir='ltr'><strong>qui</strong></span> <span class='ocrx_word' id='word_1_102' title='bbox 1266 1579 1443 1628; x_wconf 88' lang='lat' dir='ltr'><strong>tecum</strong></span> <span class='ocrx_word' id='word_1_103' title='bbox 1499 1573 1633 1628; x_wconf 87' lang='lat' dir='ltr'><strong>vivit</strong></span> <span class='ocrx_word' id='word_1_104' title='bbox 1661 1581 1718 1630; x_wconf 91' lang='lat' dir='ltr'><strong>et</strong></span> 
     </span>
    </p>
   </div>
   <div class='ocr_carea' id='block_1_17' title="bbox 120 1656 1374 1733">
    <p class='ocr_par' dir='ltr' id='par_1_17' title="bbox 120 1656 1374 1733">
     <span class='ocr_line' id='line_1_17' title="bbox 120 1656 1374 1733; baseline 0.01 -25"><span class='ocrx_word' id='word_1_105' title='bbox 120 1662 321 1725; x_wconf 88' lang='lat' dir='ltr'><strong>regnat</strong></span> <span class='ocrx_word' id='word_1_106' title='bbox 367 1656 509 1714; x_wconf 89' lang='lat' dir='ltr'><strong>Deus</strong></span> <span class='ocrx_word' id='word_1_107' title='bbox 552 1657 608 1713; x_wconf 91' lang='lat' dir='ltr'><strong>in</strong></span> <span class='ocrx_word' id='word_1_108' title='bbox 655 1660 861 1717; x_wconf 91' lang='lat' dir='ltr'><strong>unitate</strong></span> <span class='ocrx_word' id='word_1_109' title='bbox 905 1660 1139 1733; x_wconf 89' lang='lat' dir='ltr'><strong>Spiritus</strong></span> <span class='ocrx_word' id='word_1_110' title='bbox 1183 1664 1374 1720; x_wconf 88' lang='lat' dir='ltr'><strong>sancti.</strong></span> 
     </span>
    </p>
   </div>
   <div class='ocr_carea' id='block_1_18' title="bbox 189 1771 1471 1837">
    <p class='ocr_par' dir='ltr' id='par_1_18' title="bbox 189 1771 1471 1837">
     <span class='ocr_line' id='line_1_18' title="bbox 189 1771 1471 1837; baseline 0.008 -10"><span class='ocrx_word' id='word_1_111' title='bbox 189 1771 302 1828; x_wconf 88' lang='lat' dir='ltr'><strong>Per</strong></span> <span class='ocrx_word' id='word_1_112' title='bbox 328 1774 512 1830; x_wconf 82' lang='lat' dir='ltr'><strong>omnia</strong></span> <span class='ocrx_word' id='word_1_113' title='bbox 541 1775 737 1832; x_wconf 75' lang='lat' dir='ltr'><strong>saecula</strong></span> <span class='ocrx_word' id='word_1_114' title='bbox 766 1777 1106 1834; x_wconf 66' lang='lat' dir='ltr'><strong>saeculorum.</strong></span> <span class='ocrx_word' id='word_1_115' title='bbox 1161 1780 1227 1834; x_wconf 84' lang='lat' dir='ltr'><strong>R.</strong></span> <span class='ocrx_word' id='word_1_116' title='bbox 1275 1779 1471 1837; x_wconf 87' lang='lat' dir='ltr'><strong>Amen.</strong></span> 
     </span>
    </p>
   </div>
   <div class='ocr_carea' id='block_1_19' title="bbox 193 1865 1567 1942">
    <p class='ocr_par' dir='ltr' id='par_1_19' title="bbox 193 1865 1567 1942">
     <span class='ocr_line' id='line_1_19' title="bbox 193 1865 1567 1942; baseline 0.004 -22"><span class='ocrx_word' id='word_1_117' title='bbox 193 1865 462 1923; x_wconf 88' lang='lat' dir='ltr'><strong>Dominus</strong></span> <span class='ocrx_word' id='word_1_118' title='bbox 494 1867 793 1925; x_wconf 78' lang='lat' dir='ltr'><strong>vobiscum.</strong></span> <span class='ocrx_word' id='word_1_119' title='bbox 845 1867 913 1924; x_wconf 84' lang='lat' dir='ltr'><strong>R.</strong></span> <span class='ocrx_word' id='word_1_120' title='bbox 963 1870 1181 1925; x_wconf 88' lang='lat' dir='ltr'><strong>Etcum</strong></span> <span class='ocrx_word' id='word_1_121' title='bbox 1212 1869 1414 1942; x_wconf 87' lang='lat' dir='ltr'><strong>Spiritu</strong></span> <span class='ocrx_word' id='word_1_122' title='bbox 1452 1880 1567 1928; x_wconf 90' lang='lat' dir='ltr'><strong>tuo.</strong></span> 
     </span>
    </p>
   </div>
   <div class='ocr_carea' id='block_1_20' title="bbox 190 1956 1511 2040">
    <p class='ocr_par' dir='ltr' id='par_1_20' title="bbox 190 1956 1511 2040">
     <span class='ocr_line' id='line_1_20' title="bbox 190 1956 1511 2040; baseline 0.003 -27"><span class='ocrx_word' id='word_1_123' title='bbox 190 1956 428 2014; x_wconf 85' lang='lat' dir='ltr'><strong>Sursum</strong></span> <span class='ocrx_word' id='word_1_124' title='bbox 456 1957 641 2040; x_wconf 81' lang='lat' dir='ltr'><strong>cord’a.</strong></span> <span class='ocrx_word' id='word_1_125' title='bbox 684 1959 751 2015; x_wconf 76' lang='grc' dir='ltr'><strong>Β.</strong></span> <span class='ocrx_word' id='word_1_126' title='bbox 802 1960 1076 2017; x_wconf 84' lang='lat' dir='ltr'><strong>Habemus</strong></span> <span class='ocrx_word' id='word_1_127' title='bbox 1101 1962 1171 2018; x_wconf 91' lang='lat' dir='ltr'><strong>ad</strong></span> <span class='ocrx_word' id='word_1_128' title='bbox 1200 1960 1511 2019; x_wconf 91' lang='lat' dir='ltr'><strong>Dominum.</strong></span> 
     </span>
    </p>
   </div>
   <div class='ocr_carea' id='block_1_21' title="bbox 190 2048 1710 2127">
    <p class='ocr_par' dir='ltr' id='par_1_21' title="bbox 190 2048 1710 2127">
     <span class='ocr_line' id='line_1_21' title="bbox 190 2048 1710 2127; baseline 0.004 -21"><span class='ocrx_word' id='word_1_129' title='bbox 190 2048 414 2107; x_wconf 84' lang='lat' dir='ltr'><strong>Gratias</strong></span> <span class='ocrx_word' id='word_1_130' title='bbox 446 2065 670 2124; x_wconf 88' lang='lat' dir='ltr'><strong>agamus</strong></span> <span class='ocrx_word' id='word_1_131' title='bbox 701 2052 933 2110; x_wconf 90' lang='lat' dir='ltr'><strong>Domino</strong></span> <span class='ocrx_word' id='word_1_132' title='bbox 961 2054 1075 2111; x_wconf 92' lang='lat' dir='ltr'><strong>Deo</strong></span> <span class='ocrx_word' id='word_1_133' title='bbox 1110 2062 1317 2111; x_wconf 90' lang='lat' dir='ltr'><strong>nostro.</strong></span> <span class='ocrx_word' id='word_1_134' title='bbox 1365 2053 1434 2110; x_wconf 81' lang='lat' dir='ltr'><strong>R.</strong></span> <span class='ocrx_word' id='word_1_135' title='bbox 1481 2055 1710 2127; x_wconf 90' lang='lat' dir='ltr'><strong>Dignum</strong></span> 
     </span>
    </p>
   </div>
   <div class='ocr_carea' id='block_1_22' title="bbox 116 2140 531 2212">
    <p class='ocr_par' dir='ltr' id='par_1_22' title="bbox 116 2140 531 2212">
     <span class='ocr_line' id='line_1_22' title="bbox 116 2140 531 2212; baseline 0.002 -14"><span class='ocrx_word' id='word_1_136' title='bbox 116 2150 176 2198; x_wconf 88' lang='lat' dir='ltr'><strong>et</strong></span> <span class='ocrx_word' id='word_1_137' title='bbox 190 2140 405 2212; x_wconf 86' lang='lat' dir='ltr'><strong>justum</strong></span> <span class='ocrx_word' id='word_1_138' title='bbox 425 2153 531 2201; x_wconf 89' lang='lat' dir='ltr'><strong>est.</strong></span> 
     </span>
    </p>
   </div>
   <div class='ocr_carea' id='block_1_23' title="bbox 190 2257 1706 2332">
    <p class='ocr_par' dir='ltr' id='par_1_23' title="bbox 190 2257 1706 2332">
     <span class='ocr_line' id='line_1_23' title="bbox 190 2257 1706 2332; baseline 0.004 -20"><span class='ocrx_word' id='word_1_139' title='bbox 190 2257 257 2313; x_wconf 95' lang='lat' dir='ltr'><strong>D.</strong></span> <span class='ocrx_word' id='word_1_140' title='bbox 300 2258 440 2328; x_wconf 86' lang='lat' dir='ltr'><strong>Quia</strong></span> <span class='ocrx_word' id='word_1_141' title='bbox 467 2259 687 2332; x_wconf 91' lang='lat' dir='ltr'><strong>dignum</strong></span> <span class='ocrx_word' id='word_1_142' title='bbox 708 2268 763 2318; x_wconf 90' lang='lat' dir='ltr'><strong>et</strong></span> <span class='ocrx_word' id='word_1_143' title='bbox 782 2260 991 2331; x_wconf 88' lang='lat' dir='ltr'><strong>justum</strong></span> <span class='ocrx_word' id='word_1_144' title='bbox 1018 2271 1123 2329; x_wconf 91' lang='lat' dir='ltr'><strong>est,</strong></span> <span class='ocrx_word' id='word_1_145' title='bbox 1158 2260 1486 2319; x_wconf 87' lang='lat' dir='ltr'><strong>invisibilem</strong></span> <span class='ocrx_word' id='word_1_146' title='bbox 1512 2263 1706 2330; x_wconf 89' lang='lat' dir='ltr'><strong>Deum,</strong></span> 
     </span>
    </p>
   </div>
   <div class='ocr_carea' id='block_1_24' title="bbox 116 2349 1710 2427">
    <p class='ocr_par' dir='ltr' id='par_1_24' title="bbox 116 2349 1710 2427">
     <span class='ocr_line' id='line_1_24' title="bbox 116 2349 1710 2427; baseline 0.004 -23"><span class='ocrx_word' id='word_1_147' title='bbox 116 2349 551 2421; x_wconf 86' lang='lat' dir='ltr'><strong>omnipotentem</strong></span> <span class='ocrx_word' id='word_1_148' title='bbox 593 2352 829 2421; x_wconf 88' lang='lat' dir='ltr'><strong>Patrem,</strong></span> <span class='ocrx_word' id='word_1_149' title='bbox 875 2353 1181 2426; x_wconf 89' lang='lat' dir='ltr'><strong>Filiumque</strong></span> <span class='ocrx_word' id='word_1_150' title='bbox 1217 2356 1335 2427; x_wconf 88' lang='lat' dir='ltr'><strong>ejus</strong></span> <span class='ocrx_word' id='word_1_151' title='bbox 1372 2355 1710 2426; x_wconf 85' lang='lat' dir='ltr'><strong>unigenitum</strong></span> 
     </span>
    </p>
   </div>
   <div class='ocr_carea' id='block_1_25' title="bbox 116 2438 1707 2521">
    <p class='ocr_par' dir='ltr' id='par_1_25' title="bbox 116 2438 1707 2521">
     <span class='ocr_line' id='line_1_25' title="bbox 116 2438 1707 2521; baseline 0.005 -25"><span class='ocrx_word' id='word_1_152' title='bbox 116 2438 412 2499; x_wconf 88' lang='lat' dir='ltr'><strong>Dominum</strong></span> <span class='ocrx_word' id='word_1_153' title='bbox 453 2451 700 2502; x_wconf 87' lang='lat' dir='ltr'><strong>nostrum</strong></span> <span class='ocrx_word' id='word_1_154' title='bbox 723 2445 911 2503; x_wconf 82' lang='lat' dir='ltr'><strong>Jesum</strong></span> <span class='ocrx_word' id='word_1_155' title='bbox 941 2445 1242 2517; x_wconf 86' lang='lat' dir='ltr'><strong>Christum,</strong></span> <span class='ocrx_word' id='word_1_156' title='bbox 1278 2448 1550 2521; x_wconf 90' lang='lat' dir='ltr'><strong>[sanctum</strong></span> <span class='ocrx_word' id='word_1_157' title='bbox 1575 2464 1707 2520; x_wconf 83' lang='lat' dir='ltr'><strong>quo-</strong></span> 
     </span>
    </p>
   </div>
   <div class='ocr_carea' id='block_1_26' title="bbox 119 2533 1801 2609">
    <p class='ocr_par' dir='ltr' id='par_1_26' title="bbox 119 2533 1801 2609">
     <span class='ocr_line' id='line_1_26' title="bbox 119 2533 1801 2609; baseline 0.003 -20"><span class='ocrx_word' id='word_1_158' title='bbox 119 2548 230 2603; x_wconf 90' lang='lat' dir='ltr'><strong>que</strong></span> <span class='ocrx_word' id='word_1_159' title='bbox 257 2533 543 2609; x_wconf 88' lang='lat' dir='ltr'><strong>Spiritum]</strong></span> <span class='ocrx_word' id='word_1_160' title='bbox 578 2543 693 2593; x_wconf 91' lang='lat' dir='ltr'><strong>toto</strong></span> <span class='ocrx_word' id='word_1_161' title='bbox 713 2538 895 2595; x_wconf 90' lang='lat' dir='ltr'><strong>cordis</strong></span> <span class='ocrx_word' id='word_1_162' title='bbox 924 2555 989 2596; x_wconf 91' lang='lat' dir='ltr'><strong>ac</strong></span> <span class='ocrx_word' id='word_1_163' title='bbox 1013 2541 1212 2597; x_wconf 89' lang='lat' dir='ltr'><strong>mentis</strong></span> <span class='ocrx_word' id='word_1_164' title='bbox 1240 2540 1436 2599; x_wconf 72' lang='lat' dir='ltr'><strong>affectu</strong></span> <span class='ocrx_word' id='word_1_165' title='bbox 1475 2548 1532 2596; x_wconf 89' lang='lat' dir='ltr'><strong>et</strong></span> <span class='ocrx_word' id='word_1_166' title='bbox 1558 2540 1708 2596; x_wconf 86' lang='lat' dir='ltr'><strong>vocis</strong></span> <span class='ocrx_word' id='word_1_167' title='bbox 1794 2538 1801 2543; x_wconf 86' lang='grc'><strong>’</strong></span> 
     </span>
    </p>
   </div>
   <div class='ocr_carea' id='block_1_27' title="bbox 118 2626 1708 2703">
    <p class='ocr_par' dir='ltr' id='par_1_27' title="bbox 118 2626 1708 2703">
     <span class='ocr_line' id='line_1_27' title="bbox 118 2626 1708 2703; baseline 0.003 -22"><span class='ocrx_word' id='word_1_168' title='bbox 118 2626 427 2685; x_wconf 89' lang='lat' dir='ltr'><strong>ministerio</strong></span> <span class='ocrx_word' id='word_1_169' title='bbox 449 2643 764 2700; x_wconf 89' lang='lat' dir='ltr'><strong>personare.</strong></span> <span class='ocrx_word' id='word_1_170' title='bbox 815 2629 916 2698; x_wconf 89' lang='lat' dir='ltr'><strong>Qui</strong></span> <span class='ocrx_word' id='word_1_171' title='bbox 963 2647 1064 2703; x_wconf 91' lang='lat' dir='ltr'><strong>pro</strong></span> <span class='ocrx_word' id='word_1_172' title='bbox 1106 2632 1265 2689; x_wconf 90' lang='lat' dir='ltr'><strong>nobis</strong></span> <span class='ocrx_word' id='word_1_173' title='bbox 1306 2640 1508 2689; x_wconf 87' lang='lat' dir='ltr'><strong>aeterno</strong></span> <span class='ocrx_word' id='word_1_174' title='bbox 1558 2631 1708 2687; x_wconf 89' lang='lat' dir='ltr'><strong>Patri</strong></span> 
     </span>
    </p>
   </div>
   <div class='ocr_carea' id='block_1_28' title="bbox 118 2717 1706 2795">
    <p class='ocr_par' dir='ltr' id='par_1_28' title="bbox 118 2717 1706 2795">
     <span class='ocr_line' id='line_1_28' title="bbox 118 2717 1706 2795; baseline 0.003 -22"><span class='ocrx_word' id='word_1_175' title='bbox 118 2717 255 2775; x_wconf 74' lang='lat' dir='ltr'><strong>Adze</strong></span> <span class='ocrx_word' id='word_1_176' title='bbox 289 2719 532 2780; x_wconf 81' lang='lat' dir='ltr'><strong>debitum</strong></span> <span class='ocrx_word' id='word_1_177' title='bbox 566 2720 750 2790; x_wconf 86' lang='lat' dir='ltr'><strong>solvit,</strong></span> <span class='ocrx_word' id='word_1_178' title='bbox 795 2730 850 2778; x_wconf 90' lang='lat' dir='ltr'><strong>et</strong></span> <span class='ocrx_word' id='word_1_179' title='bbox 883 2724 1085 2780; x_wconf 82' lang='lat' dir='ltr'><strong>veteris</strong></span> <span class='ocrx_word' id='word_1_180' title='bbox 1134 2723 1334 2795; x_wconf 91' lang='lat' dir='ltr'><strong>piaculi</strong></span> <span class='ocrx_word' id='word_1_181' title='bbox 1374 2722 1706 2789; x_wconf 89' lang='lat' dir='ltr'><strong>cautionem,</strong></span> 
     </span>
    </p>
   </div>
   <div class='ocr_carea' id='block_1_29' title="bbox 116 2811 1704 2887">
    <p class='ocr_par' dir='ltr' id='par_1_29' title="bbox 116 2811 1704 2887">
     <span class='ocr_line' id='line_1_29' title="bbox 116 2811 1704 2887; baseline 0.002 -22"><span class='ocrx_word' id='word_1_182' title='bbox 116 2812 211 2881; x_wconf 89' lang='lat' dir='ltr'><strong>pio</strong></span> <span class='ocrx_word' id='word_1_183' title='bbox 241 2826 436 2868; x_wconf 89' lang='lat' dir='ltr'><strong>cruore</strong></span> <span class='ocrx_word' id='word_1_184' title='bbox 462 2811 708 2869; x_wconf 88' lang='lat' dir='ltr'><strong>detersit.</strong></span> <span class='ocrx_word' id='word_1_185' title='bbox 758 2812 886 2869; x_wconf 84' lang='lat' dir='ltr'><strong>Haec</strong></span> <span class='ocrx_word' id='word_1_186' title='bbox 923 2822 1053 2869; x_wconf 90' lang='lat' dir='ltr'><strong>sunt</strong></span> <span class='ocrx_word' id='word_1_187' title='bbox 1080 2815 1225 2871; x_wconf 90' lang='lat' dir='ltr'><strong>enim</strong></span> <span class='ocrx_word' id='word_1_188' title='bbox 1247 2813 1384 2871; x_wconf 88' lang='lat' dir='ltr'><strong>festa</strong></span> <span class='ocrx_word' id='word_1_189' title='bbox 1411 2814 1704 2887; x_wconf 88' lang='lat' dir='ltr'><strong>paschalia,</strong></span> 
     </span>
    </p>
   </div>
   <div class='ocr_carea' id='block_1_30' title="bbox 120 2904 1705 2979">
    <p class='ocr_par' dir='ltr' id='par_1_30' title="bbox 120 2904 1705 2979">
     <span class='ocr_line' id='line_1_30' title="bbox 120 2904 1705 2979; baseline 0.001 -19"><span class='ocrx_word' id='word_1_190' title='bbox 120 2905 176 2960; x_wconf 91' lang='lat' dir='ltr'><strong>in</strong></span> <span class='ocrx_word' id='word_1_191' title='bbox 205 2904 404 2976; x_wconf 88' lang='lat' dir='ltr'><strong>quibus</strong></span> <span class='ocrx_word' id='word_1_192' title='bbox 440 2921 603 2963; x_wconf 91' lang='lat' dir='ltr'><strong>verus</strong></span> <span class='ocrx_word' id='word_1_193' title='bbox 632 2905 723 2962; x_wconf 90' lang='lat' dir='ltr'><strong>ille</strong></span> <span class='ocrx_word' id='word_1_194' title='bbox 750 2906 938 2979; x_wconf 84' lang='lat' dir='ltr'><strong>Agnus</strong></span> <span class='ocrx_word' id='word_1_195' title='bbox 971 2906 1259 2975; x_wconf 88' lang='lat' dir='ltr'><strong>occiditur,</strong></span> <span class='ocrx_word' id='word_1_196' title='bbox 1305 2905 1531 2978; x_wconf 87' lang='lat' dir='ltr'><strong>ejusque</strong></span> <span class='ocrx_word' id='word_1_197' title='bbox 1577 2922 1705 2964; x_wconf 88' lang='lat' dir='ltr'><strong>san-</strong></span> 
     </span>
    </p>
   </div>
   <div class='ocr_carea' id='block_1_31' title="bbox 120 2999 1706 3071">
    <p class='ocr_par' dir='ltr' id='par_1_31' title="bbox 120 2999 1706 3071">
     <span class='ocr_line' id='line_1_31' title="bbox 120 2999 1706 3071; baseline 0.001 -17"><span class='ocrx_word' id='word_1_198' title='bbox 120 2999 286 3071; x_wconf 89' lang='lat' dir='ltr'><strong>guine</strong></span> <span class='ocrx_word' id='word_1_199' title='bbox 316 3008 510 3071; x_wconf 84' lang='lat' dir='ltr'><strong>postes</strong></span> <span class='ocrx_word' id='word_1_200' title='bbox 542 3008 951 3057; x_wconf 89' lang='lat' dir='ltr'><strong>consecrantur.</strong></span> <span class='ocrx_word' id='word_1_201' title='bbox 1004 3000 1132 3058; x_wconf 62' lang='lat' dir='ltr'><strong>Haec</strong></span> <span class='ocrx_word' id='word_1_202' title='bbox 1184 3017 1293 3058; x_wconf 86' lang='lat' dir='ltr'><strong>nox</strong></span> <span class='ocrx_word' id='word_1_203' title='bbox 1337 3010 1441 3069; x_wconf 88' lang='lat' dir='ltr'><strong>est,</strong></span> <span class='ocrx_word' id='word_1_204' title='bbox 1495 3002 1551 3057; x_wconf 91' lang='lat' dir='ltr'><strong>in</strong></span> <span class='ocrx_word' id='word_1_205' title='bbox 1600 3015 1706 3071; x_wconf 88' lang='lat' dir='ltr'><strong>qua</strong></span> 
     </span>
    </p>
   </div>
   <div class='ocr_carea' id='block_1_32' title="bbox 116 3091 1703 3162">
    <p class='ocr_par' dir='ltr' id='par_1_32' title="bbox 116 3091 1703 3162">
     <span class='ocr_line' id='line_1_32' title="bbox 116 3091 1703 3162; baseline 0.002 -17"><span class='ocrx_word' id='word_1_206' title='bbox 116 3091 360 3161; x_wconf 90' lang='lat' dir='ltr'><strong>primum</strong></span> <span class='ocrx_word' id='word_1_207' title='bbox 386 3098 570 3162; x_wconf 89' lang='lat' dir='ltr'><strong>patres</strong></span> <span class='ocrx_word' id='word_1_208' title='bbox 593 3100 809 3148; x_wconf 91' lang='lat' dir='ltr'><strong>nostros</strong></span> <span class='ocrx_word' id='word_1_209' title='bbox 836 3093 979 3150; x_wconf 83' lang='lat' dir='ltr'><strong>ﬁlios</strong></span> <span class='ocrx_word' id='word_1_210' title='bbox 1012 3093 1179 3150; x_wconf 88' lang='lat' dir='ltr'><strong>Israel</strong></span> <span class='ocrx_word' id='word_1_211' title='bbox 1202 3094 1427 3151; x_wconf 92' lang='lat' dir='ltr'><strong>eductos</strong></span> <span class='ocrx_word' id='word_1_212' title='bbox 1456 3093 1524 3150; x_wconf 92' lang='lat' dir='ltr'><strong>de</strong></span> <span class='ocrx_word' id='word_1_213' title='bbox 1557 3102 1703 3150; x_wconf 90' lang='lat' dir='ltr'><strong>terra</strong></span> 
     </span>
    </p>
   </div>
   <div class='ocr_carea' id='block_1_33' title="bbox 117 3179 1777 3258">
    <p class='ocr_par' dir='ltr' id='par_1_33' title="bbox 117 3179 1777 3258">
     <span class='ocr_line' id='line_1_33' title="bbox 117 3179 1777 3258; baseline 0.004 -23"><span class='ocrx_word' id='word_1_214' title='bbox 117 3179 363 3254; x_wconf 62' lang='lat' dir='ltr'><strong>Egypti,</strong></span> <span class='ocrx_word' id='word_1_215' title='bbox 386 3181 651 3240; x_wconf 82' lang='lat' dir='ltr'><strong>Rubrum.</strong></span> <span class='ocrx_word' id='word_1_216' title='bbox 661 3198 814 3242; x_wconf 89' lang='lat' dir='ltr'><strong>mare</strong></span> <span class='ocrx_word' id='word_1_217' title='bbox 836 3184 983 3242; x_wconf 90' lang='lat' dir='ltr'><strong>sicco</strong></span> <span class='ocrx_word' id='word_1_218' title='bbox 1002 3185 1228 3258; x_wconf 90' lang='lat' dir='ltr'><strong>vestigio</strong></span> <span class='ocrx_word' id='word_1_219' title='bbox 1246 3185 1483 3243; x_wconf 89' lang='lat' dir='ltr'><strong>transire</strong></span> <span class='ocrx_word' id='word_1_220' title='bbox 1503 3183 1700 3243; x_wconf 81' lang='lat' dir='ltr'><strong>fecisti.</strong></span> <span class='ocrx_word' id='word_1_221' title='bbox 1730 3195 1777 3258; x_wconf 72' lang='grc' dir='ltr'>ο</span> 
     </span>
    </p>
   </div>
   <div class='ocr_carea' id='block_1_34' title="bbox 119 3272 1706 3351">
    <p class='ocr_par' dir='ltr' id='par_1_34' title="bbox 119 3272 1706 3351">
     <span class='ocr_line' id='line_1_34' title="bbox 119 3272 1706 3351; baseline 0.004 -23"><span class='ocrx_word' id='word_1_222' title='bbox 119 3272 252 3329; x_wconf 66' lang='lat' dir='ltr'><strong>Haec</strong></span> <span class='ocrx_word' id='word_1_223' title='bbox 292 3274 458 3347; x_wconf 91' lang='lat' dir='ltr'><strong>igitur</strong></span> <span class='ocrx_word' id='word_1_224' title='bbox 497 3290 606 3333; x_wconf 87' lang='lat' dir='ltr'><strong>nox</strong></span> <span class='ocrx_word' id='word_1_225' title='bbox 652 3285 756 3344; x_wconf 92' lang='lat' dir='ltr'><strong>est,</strong></span> <span class='ocrx_word' id='word_1_226' title='bbox 795 3292 916 3349; x_wconf 75' lang='lat' dir='ltr'><strong>quae</strong></span> <span class='ocrx_word' id='word_1_227' title='bbox 950 3285 1301 3351; x_wconf 85' lang='lat' dir='ltr'><strong>peccatorum</strong></span> <span class='ocrx_word' id='word_1_228' title='bbox 1333 3275 1590 3335; x_wconf 87' lang='lat' dir='ltr'><strong>tenebras</strong></span> <span class='ocrx_word' id='word_1_229' title='bbox 1613 3292 1706 3334; x_wconf 92' lang='lat' dir='ltr'><strong>co-</strong></span> 
     </span>
    </p>
   </div>
   <div class='ocr_carea' id='block_1_35' title="bbox 118 3365 1706 3442">
    <p class='ocr_par' dir='ltr' id='par_1_35' title="bbox 118 3365 1706 3442">
     <span class='ocr_line' id='line_1_35' title="bbox 118 3365 1706 3442; baseline 0.003 -22"><span class='ocrx_word' id='word_1_230' title='bbox 118 3365 323 3423; x_wconf 62' lang='lat' dir='ltr'><strong>lumnae</strong></span> <span class='ocrx_word' id='word_1_231' title='bbox 362 3366 753 3426; x_wconf 88' lang='lat' dir='ltr'><strong>illuminatione</strong></span> <span class='ocrx_word' id='word_1_232' title='bbox 792 3372 1061 3442; x_wconf 86' lang='lat' dir='ltr'><strong>purgavit.</strong></span> <span class='ocrx_word' id='word_1_233' title='bbox 1115 3369 1243 3427; x_wconf 72' lang='lat' dir='ltr'><strong>Haec</strong></span> <span class='ocrx_word' id='word_1_234' title='bbox 1286 3385 1396 3428; x_wconf 89' lang='lat' dir='ltr'><strong>nox</strong></span> <span class='ocrx_word' id='word_1_235' title='bbox 1441 3377 1546 3437; x_wconf 88' lang='lat' dir='ltr'><strong>est,</strong></span> <span class='ocrx_word' id='word_1_236' title='bbox 1583 3385 1706 3441; x_wconf 65' lang='lat' dir='ltr'><strong>qua:</strong></span> 
     </span>
    </p>
   </div>
   <div class='ocr_carea' id='block_1_36' title="bbox 119 3456 1705 3530">
    <p class='ocr_par' dir='ltr' id='par_1_36' title="bbox 119 3456 1705 3530">
     <span class='ocr_line' id='line_1_36' title="bbox 119 3456 1705 3530; baseline 0.003 -18"><span class='ocrx_word' id='word_1_237' title='bbox 119 3456 283 3514; x_wconf 83' lang='lat' dir='ltr'><strong>hodie</strong></span> <span class='ocrx_word' id='word_1_238' title='bbox 304 3474 405 3530; x_wconf 91' lang='lat' dir='ltr'><strong>per</strong></span> <span class='ocrx_word' id='word_1_239' title='bbox 431 3460 745 3518; x_wconf 88' lang='lat' dir='ltr'><strong>universum</strong></span> <span class='ocrx_word' id='word_1_240' title='bbox 772 3460 1031 3518; x_wconf 91' lang='lat' dir='ltr'><strong>mundum</strong></span> <span class='ocrx_word' id='word_1_241' title='bbox 1076 3462 1134 3519; x_wconf 89' lang='lat' dir='ltr'><strong>in</strong></span> <span class='ocrx_word' id='word_1_242' title='bbox 1173 3461 1394 3518; x_wconf 86' lang='lat' dir='ltr'><strong>Christo</strong></span> <span class='ocrx_word' id='word_1_243' title='bbox 1420 3460 1705 3518; x_wconf 86' lang='lat' dir='ltr'><strong>credentes</strong></span> 
     </span>
    </p>
   </div>
   <div class='ocr_carea' id='block_1_37' title="bbox 116 3548 1701 3626">
    <p class='ocr_par' dir='ltr' id='par_1_37' title="bbox 116 3548 1701 3626">
     <span class='ocr_line' id='line_1_37' title="bbox 116 3548 1701 3626; baseline 0.006 -26"><span class='ocrx_word' id='word_1_244' title='bbox 116 3563 149 3601; x_wconf 90' lang='lat' dir='ltr'><strong>a</strong></span> <span class='ocrx_word' id='word_1_245' title='bbox 178 3548 330 3605; x_wconf 88' lang='lat' dir='ltr'><strong>vitiis</strong></span> <span class='ocrx_word' id='word_1_246' title='bbox 355 3551 557 3618; x_wconf 65' lang='lat' dir='ltr'><strong>saeculi,</strong></span> <span class='ocrx_word' id='word_1_247' title='bbox 600 3560 656 3608; x_wconf 90' lang='lat' dir='ltr'><strong>et</strong></span> <span class='ocrx_word' id='word_1_248' title='bbox 700 3552 930 3623; x_wconf 82' lang='lat' dir='ltr'><strong>caligine</strong></span> <span class='ocrx_word' id='word_1_249' title='bbox 974 3560 1324 3625; x_wconf 84' lang='lat' dir='ltr'><strong>peccatorum</strong></span> <span class='ocrx_word' id='word_1_250' title='bbox 1371 3562 1701 3626; x_wconf 86' lang='lat' dir='ltr'><strong>segregatos,</strong></span> 
     </span>
    </p>
   </div>
   <div class='ocr_carea' id='block_1_38' title="bbox 119 3641 1706 3716">
    <p class='ocr_par' dir='ltr' id='par_1_38' title="bbox 119 3641 1706 3716">
     <span class='ocr_line' id='line_1_38' title="bbox 119 3641 1706 3716; baseline 0.003 -19"><span class='ocrx_word' id='word_1_251' title='bbox 119 3641 298 3698; x_wconf 85' lang='lat' dir='ltr'><strong>reddit</strong></span> <span class='ocrx_word' id='word_1_252' title='bbox 344 3644 555 3716; x_wconf 67' lang='lat' dir='ltr'><strong>gratiae,</strong></span> <span class='ocrx_word' id='word_1_253' title='bbox 605 3644 778 3700; x_wconf 89' lang='lat' dir='ltr'><strong>sociat</strong></span> <span class='ocrx_word' id='word_1_254' title='bbox 820 3645 1119 3701; x_wconf 90' lang='lat' dir='ltr'><strong>sanctitati.</strong></span> <span class='ocrx_word' id='word_1_255' title='bbox 1168 3644 1297 3702; x_wconf 68' lang='lat' dir='ltr'><strong>Haec</strong></span> <span class='ocrx_word' id='word_1_256' title='bbox 1341 3661 1451 3703; x_wconf 92' lang='lat' dir='ltr'><strong>nox</strong></span> <span class='ocrx_word' id='word_1_257' title='bbox 1493 3656 1598 3714; x_wconf 91' lang='lat' dir='ltr'><strong>est,</strong></span> <span class='ocrx_word' id='word_1_258' title='bbox 1650 3647 1706 3702; x_wconf 90' lang='lat' dir='ltr'><strong>in</strong></span> 
     </span>
    </p>
   </div>
   <div class='ocr_carea' id='block_1_39' title="bbox 117 3735 1707 3806">
    <p class='ocr_par' dir='ltr' id='par_1_39' title="bbox 117 3735 1707 3806">
     <span class='ocr_line' id='line_1_39' title="bbox 117 3735 1707 3806; baseline 0.004 -17"><span class='ocrx_word' id='word_1_259' title='bbox 117 3751 223 3805; x_wconf 88' lang='lat' dir='ltr'><strong>qua</strong></span> <span class='ocrx_word' id='word_1_260' title='bbox 261 3735 558 3793; x_wconf 87' lang='lat' dir='ltr'><strong>destructis</strong></span> <span class='ocrx_word' id='word_1_261' title='bbox 584 3737 813 3793; x_wconf 90' lang='lat' dir='ltr'><strong>vinculis</strong></span> <span class='ocrx_word' id='word_1_262' title='bbox 850 3738 1066 3806; x_wconf 91' lang='lat' dir='ltr'><strong>mortis,</strong></span> <span class='ocrx_word' id='word_1_263' title='bbox 1112 3738 1360 3796; x_wconf 89' lang='lat' dir='ltr'><strong>Christus</strong></span> <span class='ocrx_word' id='word_1_264' title='bbox 1404 3742 1473 3797; x_wconf 86' lang='lat' dir='ltr'><strong>ab</strong></span> <span class='ocrx_word' id='word_1_265' title='bbox 1516 3741 1707 3797; x_wconf 82' lang='lat' dir='ltr'><strong>inferis</strong></span> 
     </span>
    </p>
   </div>
   <div class='ocr_carea' id='block_1_40' title="bbox 118 3824 1704 3902">
    <p class='ocr_par' dir='ltr' id='par_1_40' title="bbox 118 3824 1704 3902">
     <span class='ocr_line' id='line_1_40' title="bbox 118 3824 1704 3902; baseline 0.003 -22"><span class='ocrx_word' id='word_1_266' title='bbox 118 3826 295 3882; x_wconf 85' lang='lat' dir='ltr'><strong>victor</strong></span> <span class='ocrx_word' id='word_1_267' title='bbox 322 3824 585 3882; x_wconf 89' lang='lat' dir='ltr'><strong>ascendit.</strong></span> <span class='ocrx_word' id='word_1_268' title='bbox 636 3825 779 3898; x_wconf 75' lang='lat' dir='ltr'><strong>Nihil</strong></span> <span class='ocrx_word' id='word_1_269' title='bbox 808 3827 953 3884; x_wconf 89' lang='lat' dir='ltr'><strong>enim</strong></span> <span class='ocrx_word' id='word_1_270' title='bbox 983 3828 1138 3885; x_wconf 88' lang='lat' dir='ltr'><strong>nobis</strong></span> <span class='ocrx_word' id='word_1_271' title='bbox 1162 3830 1314 3884; x_wconf 89' lang='lat' dir='ltr'><strong>nasci</strong></span> <span class='ocrx_word' id='word_1_272' title='bbox 1348 3828 1571 3902; x_wconf 89' lang='lat' dir='ltr'><strong>profuit,</strong></span> <span class='ocrx_word' id='word_1_273' title='bbox 1598 3830 1704 3886; x_wconf 89' lang='lat' dir='ltr'><strong>nisi</strong></span> 
     </span>
    </p>
   </div>
   <div class='ocr_carea' id='block_1_41' title="bbox 117 3918 1708 3998">
    <p class='ocr_par' dir='ltr' id='par_1_41' title="bbox 117 3918 1708 3998">
     <span class='ocr_line' id='line_1_41' title="bbox 117 3918 1708 3998; baseline 0.004 -23"><span class='ocrx_word' id='word_1_274' title='bbox 117 3919 314 3976; x_wconf 85' lang='lat' dir='ltr'><strong>redimi</strong></span> <span class='ocrx_word' id='word_1_275' title='bbox 349 3918 664 3992; x_wconf 89' lang='lat' dir='ltr'><strong>profuisset.</strong></span> <span class='ocrx_word' id='word_1_276' title='bbox 706 3920 752 3978; x_wconf 99' lang='lat'><strong>0</strong></span> <span class='ocrx_word' id='word_1_277' title='bbox 785 3923 927 3978; x_wconf 88' lang='lat' dir='ltr'><strong>mira</strong></span> <span class='ocrx_word' id='word_1_278' title='bbox 952 3923 1098 3981; x_wconf 90' lang='lat' dir='ltr'><strong>circa</strong></span> <span class='ocrx_word' id='word_1_279' title='bbox 1123 3939 1222 3981; x_wconf 83' lang='lat' dir='ltr'><strong>nos</strong></span> <span class='ocrx_word' id='word_1_280' title='bbox 1246 3932 1352 3982; x_wconf 75' lang='lat' dir='ltr'><strong>tua:</strong></span> <span class='ocrx_word' id='word_1_281' title='bbox 1376 3925 1596 3998; x_wconf 89' lang='lat' dir='ltr'><strong>pietatis</strong></span> <span class='ocrx_word' id='word_1_282' title='bbox 1624 3927 1708 3982; x_wconf 90' lang='lat' dir='ltr'><strong>di-</strong></span> 
     </span>
    </p>
   </div>
   <div class='ocr_carea' id='block_1_42' title="bbox 116 4009 1705 4084">
    <p class='ocr_par' dir='ltr' id='par_1_42' title="bbox 116 4009 1705 4084">
     <span class='ocr_line' id='line_1_42' title="bbox 116 4009 1705 4084; baseline 0.005 -19"><span class='ocrx_word' id='word_1_283' title='bbox 116 4009 346 4084; x_wconf 83' lang='lat' dir='ltr'><strong>gnatio!</strong></span> <span class='ocrx_word' id='word_1_284' title='bbox 384 4009 431 4067; x_wconf 95' lang='lat'><strong>0</strong></span> <span class='ocrx_word' id='word_1_285' title='bbox 454 4010 742 4077; x_wconf 78' lang='lat' dir='ltr'><strong>ineﬂ&#39;abilis</strong></span> <span class='ocrx_word' id='word_1_286' title='bbox 768 4013 1336 4072; x_wconf 84' lang='lat' dir='ltr'><strong>dilectiocharitatisl</strong></span> <span class='ocrx_word' id='word_1_287' title='bbox 1382 4025 1444 4072; x_wconf 93' lang='lat' dir='ltr'><strong>ut</strong></span> <span class='ocrx_word' id='word_1_288' title='bbox 1485 4032 1705 4074; x_wconf 88' lang='lat' dir='ltr'><strong>servum</strong></span> 
     </span>
    </p>
   </div>
   <div class='ocr_carea' id='block_1_43' title="bbox 117 4102 1703 4181">
    <p class='ocr_par' dir='ltr' id='par_1_43' title="bbox 117 4102 1703 4181">
     <span class='ocr_line' id='line_1_43' title="bbox 117 4102 1703 4181; baseline 0.004 -23"><span class='ocrx_word' id='word_1_289' title='bbox 117 4102 437 4170; x_wconf 82' lang='lat' dir='ltr'><strong>redimeres,</strong></span> <span class='ocrx_word' id='word_1_290' title='bbox 458 4102 657 4161; x_wconf 88' lang='lat' dir='ltr'><strong>Filium</strong></span> <span class='ocrx_word' id='word_1_291' title='bbox 685 4105 975 4163; x_wconf 87' lang='lat' dir='ltr'><strong>tradidisti.</strong></span> <span class='ocrx_word' id='word_1_292' title='bbox 1027 4104 1073 4163; x_wconf 96' lang='lat'><strong>0</strong></span> <span class='ocrx_word' id='word_1_293' title='bbox 1095 4107 1255 4165; x_wconf 88' lang='lat' dir='ltr'><strong>beata</strong></span> <span class='ocrx_word' id='word_1_294' title='bbox 1278 4124 1406 4178; x_wconf 89' lang='lat' dir='ltr'><strong>nox,</strong></span> <span class='ocrx_word' id='word_1_295' title='bbox 1437 4123 1559 4181; x_wconf 86' lang='lat' dir='ltr'><strong>quae</strong></span> <span class='ocrx_word' id='word_1_296' title='bbox 1588 4109 1703 4166; x_wconf 89' lang='lat' dir='ltr'><strong>sola</strong></span> 
     </span>
    </p>
   </div>
   <div class='ocr_carea' id='block_1_44' title="bbox 119 4198 1705 4273">
    <p class='ocr_par' dir='ltr' id='par_1_44' title="bbox 119 4198 1705 4273">
     <span class='ocr_line' id='line_1_44' title="bbox 119 4198 1705 4273; baseline 0.004 -18"><span class='ocrx_word' id='word_1_297' title='bbox 119 4198 322 4255; x_wconf 91' lang='lat' dir='ltr'><strong>meruit</strong></span> <span class='ocrx_word' id='word_1_298' title='bbox 359 4198 502 4256; x_wconf 89' lang='lat' dir='ltr'><strong>scire</strong></span> <span class='ocrx_word' id='word_1_299' title='bbox 542 4207 753 4273; x_wconf 85' lang='lat' dir='ltr'><strong>tempus</strong></span> <span class='ocrx_word' id='word_1_300' title='bbox 795 4209 851 4256; x_wconf 91' lang='lat' dir='ltr'><strong>et</strong></span> <span class='ocrx_word' id='word_1_301' title='bbox 887 4201 1079 4258; x_wconf 91' lang='lat' dir='ltr'><strong>horam</strong></span> <span class='ocrx_word' id='word_1_302' title='bbox 1106 4202 1162 4258; x_wconf 91' lang='lat' dir='ltr'><strong>in</strong></span> <span class='ocrx_word' id='word_1_303' title='bbox 1191 4218 1297 4273; x_wconf 88' lang='lat' dir='ltr'><strong>qua</strong></span> <span class='ocrx_word' id='word_1_304' title='bbox 1339 4202 1588 4260; x_wconf 88' lang='lat' dir='ltr'><strong>Christus</strong></span> <span class='ocrx_word' id='word_1_305' title='bbox 1635 4205 1705 4261; x_wconf 91' lang='lat' dir='ltr'><strong>ab</strong></span> 
     </span>
    </p>
   </div>
   <div class='ocr_carea' id='block_1_45' title="bbox 118 4288 1739 4368">
    <p class='ocr_par' dir='ltr' id='par_1_45' title="bbox 118 4288 1739 4368">
     <span class='ocr_line' id='line_1_45' title="bbox 118 4288 1739 4368; baseline 0.006 -23"><span class='ocrx_word' id='word_1_306' title='bbox 118 4288 683 4348; x_wconf 76' lang='lat' dir='ltr'><strong>inferis‘resurrexitl</strong></span> <span class='ocrx_word' id='word_1_307' title='bbox 734 4290 863 4349; x_wconf 63' lang='lat' dir='ltr'><strong>Rrec</strong></span> <span class='ocrx_word' id='word_1_308' title='bbox 904 4308 1013 4350; x_wconf 91' lang='lat' dir='ltr'><strong>nox</strong></span> <span class='ocrx_word' id='word_1_309' title='bbox 1054 4302 1158 4362; x_wconf 90' lang='lat' dir='ltr'><strong>est,</strong></span> <span class='ocrx_word' id='word_1_310' title='bbox 1199 4294 1267 4351; x_wconf 88' lang='lat' dir='ltr'><strong>de</strong></span> <span class='ocrx_word' id='word_1_311' title='bbox 1294 4309 1401 4367; x_wconf 87' lang='lat' dir='ltr'><strong>qua</strong></span> <span class='ocrx_word' id='word_1_312' title='bbox 1441 4298 1739 4368; x_wconf 86' lang='lat' dir='ltr'><strong>scriptum&#39;</strong></span> 
     </span>
    </p>
   </div>
   <div class='ocr_carea' id='block_1_46' title="bbox 116 4382 1705 4454">
    <p class='ocr_par' dir='ltr' id='par_1_46' title="bbox 116 4382 1705 4454">
     <span class='ocr_line' id='line_1_46' title="bbox 116 4382 1705 4454; baseline 0.004 -15"><span class='ocrx_word' id='word_1_313' title='bbox 116 4391 202 4441; x_wconf 90' lang='lat' dir='ltr'><strong>est</strong></span> <span class='ocrx_word' id='word_1_314' title='bbox 234 4401 248 4440; x_wconf 88' lang='lat'><strong>:</strong></span> <span class='ocrx_word' id='word_1_315' title='bbox 279 4382 351 4440; x_wconf 87' lang='lat' dir='ltr'><strong>Et</strong></span> <span class='ocrx_word' id='word_1_316' title='bbox 373 4398 483 4441; x_wconf 91' lang='lat' dir='ltr'><strong>nox</strong></span> <span class='ocrx_word' id='word_1_317' title='bbox 505 4392 569 4440; x_wconf 93' lang='lat' dir='ltr'><strong>ut</strong></span> <span class='ocrx_word' id='word_1_318' title='bbox 589 4384 706 4442; x_wconf 88' lang='lat' dir='ltr'><strong>dies</strong></span> <span class='ocrx_word' id='word_1_319' title='bbox 725 4384 1139 4454; x_wconf 88' lang='lat' dir='ltr'><strong>illuminahitur,</strong></span> <span class='ocrx_word' id='word_1_320' title='bbox 1170 4396 1227 4443; x_wconf 93' lang='lat' dir='ltr'><strong>et</strong></span> <span class='ocrx_word' id='word_1_321' title='bbox 1244 4402 1352 4443; x_wconf 84' lang='lat' dir='ltr'><strong>nox</strong></span> <span class='ocrx_word' id='word_1_322' title='bbox 1380 4387 1705 4446; x_wconf 90' lang='lat' dir='ltr'><strong>illuminatio</strong></span> 
     </span>
    </p>
   </div>
   <div class='ocr_carea' id='block_1_47' title="bbox 117 4474 1705 4550">
    <p class='ocr_par' dir='ltr' id='par_1_47' title="bbox 117 4474 1705 4550">
     <span class='ocr_line' id='line_1_47' title="bbox 117 4474 1705 4550; baseline 0.004 -19"><span class='ocrx_word' id='word_1_323' title='bbox 117 4488 242 4531; x_wconf 88' lang='lat' dir='ltr'><strong>mea</strong></span> <span class='ocrx_word' id='word_1_324' title='bbox 267 4474 328 4532; x_wconf 90' lang='lat' dir='ltr'><strong>in</strong></span> <span class='ocrx_word' id='word_1_325' title='bbox 355 4474 567 4532; x_wconf 90' lang='lat' dir='ltr'><strong>deliciis</strong></span> <span class='ocrx_word' id='word_1_326' title='bbox 592 4475 747 4533; x_wconf 90' lang='lat' dir='ltr'><strong>meis.</strong></span> <span class='ocrx_word' id='word_1_327' title='bbox 794 4474 967 4546; x_wconf 86' lang='lat' dir='ltr'><strong>Hujus</strong></span> <span class='ocrx_word' id='word_1_328' title='bbox 1009 4476 1186 4550; x_wconf 71' lang='lat' dir='ltr'><strong>igitur,</strong></span> <span class='ocrx_word' id='word_1_329' title='bbox 1216 4477 1576 4537; x_wconf 82' lang='lat' dir='ltr'><strong>sanctificatio</strong></span> <span class='ocrx_word' id='word_1_330' title='bbox 1608 4497 1705 4538; x_wconf 91' lang='lat' dir='ltr'><strong>no-</strong></span> 
     </span>
    </p>
   </div>
   <div class='ocr_carea' id='block_1_48' title="bbox 118 4564 1785 4642">
    <p class='ocr_par' dir='ltr' id='par_1_48' title="bbox 118 4564 1785 4642">
     <span class='ocr_line' id='line_1_48' title="bbox 118 4564 1785 4642; baseline -0.001 -15"><span class='ocrx_word' id='word_1_331' title='bbox 118 4570 247 4638; x_wconf 87' lang='lat' dir='ltr'><strong>etis,</strong></span> <span class='ocrx_word' id='word_1_332' title='bbox 264 4567 417 4642; x_wconf 84' lang='lat' dir='ltr'><strong>fugat</strong></span> <span class='ocrx_word' id='word_1_333' title='bbox 445 4568 672 4637; x_wconf 88' lang='lat' dir='ltr'><strong>scelera,</strong></span> <span class='ocrx_word' id='word_1_334' title='bbox 697 4568 885 4642; x_wconf 90' lang='lat' dir='ltr'><strong>culpas</strong></span> <span class='ocrx_word' id='word_1_335' title='bbox 914 4570 1080 4638; x_wconf 88' lang='lat' dir='ltr'><strong>lavat,</strong></span> <span class='ocrx_word' id='word_1_336' title='bbox 1123 4579 1182 4629; x_wconf 89' lang='lat' dir='ltr'><strong>et</strong></span> <span class='ocrx_word' id='word_1_337' title='bbox 1220 4571 1400 4629; x_wconf 84' lang='lat' dir='ltr'><strong>reddit</strong></span> <span class='ocrx_word' id='word_1_338' title='bbox 1445 4572 1707 4630; x_wconf 88' lang='lat' dir='ltr'><strong>innocen-</strong></span> <span class='ocrx_word' id='word_1_339' title='bbox 1733 4564 1785 4625; x_wconf 89' lang='lat' dir='ltr'><strong>D</strong></span> 
     </span>
    </p>
   </div>
   <div class='ocr_carea' id='block_1_49' title="bbox 120 4659 1703 4736">
    <p class='ocr_par' dir='ltr' id='par_1_49' title="bbox 120 4659 1703 4736">
     <span class='ocr_line' id='line_1_49' title="bbox 120 4659 1703 4736; baseline 0.003 -18"><span class='ocrx_word' id='word_1_340' title='bbox 120 4662 251 4718; x_wconf 89' lang='lat' dir='ltr'><strong>tiam</strong></span> <span class='ocrx_word' id='word_1_341' title='bbox 284 4659 472 4734; x_wconf 86' lang='lat' dir='ltr'><strong>lapsis,</strong></span> <span class='ocrx_word' id='word_1_342' title='bbox 500 4661 711 4718; x_wconf 74' lang='lat' dir='ltr'><strong>mmstis</strong></span> <span class='ocrx_word' id='word_1_343' title='bbox 737 4660 1002 4718; x_wconf 74' lang='lat' dir='ltr'><strong>laetitiam.</strong></span> <span class='ocrx_word' id='word_1_344' title='bbox 1053 4661 1229 4736; x_wconf 85' lang='lat' dir='ltr'><strong>Fugat</strong></span> <span class='ocrx_word' id='word_1_345' title='bbox 1270 4663 1393 4720; x_wconf 90' lang='lat' dir='ltr'><strong>odia</strong></span> <span class='ocrx_word' id='word_1_346' title='bbox 1416 4706 1432 4733; x_wconf 93' lang='lat'><strong>,</strong></span> <span class='ocrx_word' id='word_1_347' title='bbox 1475 4680 1703 4722; x_wconf 83' lang='lat' dir='ltr'><strong>concor-</strong></span> 
     </span>
    </p>
   </div>
   <div class='ocr_carea' id='block_1_50' title="bbox 118 4755 1701 4830">
    <p class='ocr_par' dir='ltr' id='par_1_50' title="bbox 118 4755 1701 4830">
     <span class='ocr_line' id='line_1_50' title="bbox 118 4755 1701 4830; baseline 0.003 -19"><span class='ocrx_word' id='word_1_348' title='bbox 118 4755 266 4811; x_wconf 88' lang='lat' dir='ltr'><strong>diam</strong></span> <span class='ocrx_word' id='word_1_349' title='bbox 291 4763 471 4827; x_wconf 87' lang='lat' dir='ltr'><strong>parat,</strong></span> <span class='ocrx_word' id='word_1_350' title='bbox 500 4762 559 4812; x_wconf 93' lang='lat' dir='ltr'><strong>et</strong></span> <span class='ocrx_word' id='word_1_351' title='bbox 586 4759 779 4812; x_wconf 87' lang='lat' dir='ltr'><strong>curvat</strong></span> <span class='ocrx_word' id='word_1_352' title='bbox 796 4755 1044 4827; x_wconf 89' lang='lat' dir='ltr'><strong>imperia.</strong></span> <span class='ocrx_word' id='word_1_353' title='bbox 1081 4755 1141 4811; x_wconf 85' lang='lat' dir='ltr'><strong>In</strong></span> <span class='ocrx_word' id='word_1_354' title='bbox 1184 4756 1345 4829; x_wconf 91' lang='lat' dir='ltr'><strong>hujus</strong></span> <span class='ocrx_word' id='word_1_355' title='bbox 1388 4756 1555 4830; x_wconf 86' lang='lat' dir='ltr'><strong>igitur</strong></span> <span class='ocrx_word' id='word_1_356' title='bbox 1600 4775 1701 4816; x_wconf 86' lang='lat' dir='ltr'><strong>no-</strong></span> 
     </span>
    </p>
   </div>
   <div class='ocr_carea' id='block_1_51' title="bbox 120 4846 1706 4922">
    <p class='ocr_par' dir='ltr' id='par_1_51' title="bbox 120 4846 1706 4922">
     <span class='ocr_line' id='line_1_51' title="bbox 120 4846 1706 4922; baseline 0.002 -18"><span class='ocrx_word' id='word_1_357' title='bbox 120 4847 224 4904; x_wconf 87' lang='lat' dir='ltr'><strong>ctis</strong></span> <span class='ocrx_word' id='word_1_358' title='bbox 247 4846 695 4920; x_wconf 85' lang='lat' dir='ltr'><strong>gratia,suscipe,</strong></span> <span class='ocrx_word' id='word_1_359' title='bbox 711 4856 900 4904; x_wconf 87' lang='lat' dir='ltr'><strong>sancte</strong></span> <span class='ocrx_word' id='word_1_360' title='bbox 917 4846 1100 4917; x_wconf 85' lang='lat' dir='ltr'><strong>Pater,</strong></span> <span class='ocrx_word' id='word_1_361' title='bbox 1118 4848 1327 4906; x_wconf 88' lang='lat' dir='ltr'><strong>incensi</strong></span> <span class='ocrx_word' id='word_1_362' title='bbox 1349 4850 1511 4922; x_wconf 90' lang='lat' dir='ltr'><strong>hujus</strong></span> <span class='ocrx_word' id='word_1_363' title='bbox 1534 4852 1706 4907; x_wconf 87' lang='lat' dir='ltr'><strong>sacri-</strong></span> 
     </span>
    </p>
   </div>
   <div class='ocr_carea' id='block_1_52' title="bbox 120 4938 1705 5013">
    <p class='ocr_par' dir='ltr' id='par_1_52' title="bbox 120 4938 1705 5013">
     <span class='ocr_line' id='line_1_52' title="bbox 120 4938 1705 5013; baseline 0.003 -18"><span class='ocrx_word' id='word_1_364' title='bbox 120 4939 307 4997; x_wconf 85' lang='lat' dir='ltr'><strong>ﬁcium</strong></span> <span class='ocrx_word' id='word_1_365' title='bbox 332 4940 724 5013; x_wconf 86' lang='lat' dir='ltr'><strong>vespertinum,</strong></span> <span class='ocrx_word' id='word_1_366' title='bbox 759 4940 904 5012; x_wconf 84' lang='lat' dir='ltr'><strong>quod</strong></span> <span class='ocrx_word' id='word_1_367' title='bbox 929 4938 1029 4997; x_wconf 89' lang='lat' dir='ltr'><strong>tibi</strong></span> <span class='ocrx_word' id='word_1_368' title='bbox 1048 4940 1107 4996; x_wconf 91' lang='lat' dir='ltr'><strong>in</strong></span> <span class='ocrx_word' id='word_1_369' title='bbox 1133 4940 1238 4998; x_wconf 91' lang='lat' dir='ltr'><strong>hac</strong></span> <span class='ocrx_word' id='word_1_370' title='bbox 1260 4941 1404 4999; x_wconf 84' lang='lat' dir='ltr'><strong>cerei</strong></span> <span class='ocrx_word' id='word_1_371' title='bbox 1430 4941 1705 5001; x_wconf 88' lang='lat' dir='ltr'><strong>oblatione</strong></span> 
     </span>
    </p>
   </div>
   <div class='ocr_carea' id='block_1_53' title="bbox 119 5032 1700 5107">
    <p class='ocr_par' dir='ltr' id='par_1_53' title="bbox 119 5032 1700 5107">
     <span class='ocr_line' id='line_1_53' title="bbox 119 5032 1700 5107; baseline 0.002 -18"><span class='ocrx_word' id='word_1_372' title='bbox 119 5032 353 5099; x_wconf 85' lang='lat' dir='ltr'><strong>solenni,</strong></span> <span class='ocrx_word' id='word_1_373' title='bbox 381 5047 483 5106; x_wconf 90' lang='lat' dir='ltr'><strong>per</strong></span> <span class='ocrx_word' id='word_1_374' title='bbox 522 5032 896 5090; x_wconf 86' lang='lat' dir='ltr'><strong>ministrorum</strong></span> <span class='ocrx_word' id='word_1_375' title='bbox 932 5047 1126 5090; x_wconf 89' lang='lat' dir='ltr'><strong>manus</strong></span> <span class='ocrx_word' id='word_1_376' title='bbox 1163 5033 1230 5090; x_wconf 92' lang='lat' dir='ltr'><strong>de</strong></span> <span class='ocrx_word' id='word_1_377' title='bbox 1262 5034 1516 5106; x_wconf 91' lang='lat' dir='ltr'><strong>operibus</strong></span> <span class='ocrx_word' id='word_1_378' title='bbox 1540 5051 1700 5107; x_wconf 90' lang='lat' dir='ltr'><strong>apum</strong></span> 
     </span>
    </p>
   </div>
   <div class='ocr_carea' id='block_1_54' title="bbox 118 5124 1705 5198">
    <p class='ocr_par' dir='ltr' id='par_1_54' title="bbox 118 5124 1705 5198">
     <span class='ocr_line' id='line_1_54' title="bbox 118 5124 1705 5198; baseline 0 -15"><span class='ocrx_word' id='word_1_379' title='bbox 118 5133 468 5184; x_wconf 74' lang='lat' dir='ltr'><strong>sacrosancta</strong></span> <span class='ocrx_word' id='word_1_380' title='bbox 501 5125 680 5183; x_wconf 87' lang='lat' dir='ltr'><strong>reddit</strong></span> <span class='ocrx_word' id='word_1_381' title='bbox 704 5124 967 5183; x_wconf 83' lang='lat' dir='ltr'><strong>Ecclesia.</strong></span> <span class='ocrx_word' id='word_1_382' title='bbox 1028 5124 1138 5183; x_wconf 89' lang='lat' dir='ltr'><strong>Sed</strong></span> <span class='ocrx_word' id='word_1_383' title='bbox 1159 5126 1275 5198; x_wconf 88' lang='lat' dir='ltr'><strong>jam</strong></span> <span class='ocrx_word' id='word_1_384' title='bbox 1301 5126 1570 5183; x_wconf 63' lang='lat' dir='ltr'><strong>columna</strong></span> <span class='ocrx_word' id='word_1_385' title='bbox 1604 5127 1705 5183; x_wconf 91' lang='lat' dir='ltr'><strong>hu-</strong></span> 
     </span>
    </p>
   </div>
   <div class='ocr_carea' id='block_1_55' title="bbox 111 5217 1704 5293">
    <p class='ocr_par' dir='ltr' id='par_1_55' title="bbox 111 5217 1704 5293">
     <span class='ocr_line' id='line_1_55' title="bbox 111 5217 1704 5293; baseline 0.001 -18"><span class='ocrx_word' id='word_1_386' title='bbox 111 5217 206 5290; x_wconf 91' lang='lat' dir='ltr'><strong>jus</strong></span> <span class='ocrx_word' id='word_1_387' title='bbox 228 5220 502 5293; x_wconf 65' lang='lat' dir='ltr'><strong>praaconia</strong></span> <span class='ocrx_word' id='word_1_388' title='bbox 529 5220 809 5288; x_wconf 86' lang='lat' dir='ltr'><strong>novimus,</strong></span> <span class='ocrx_word' id='word_1_389' title='bbox 839 5234 1005 5292; x_wconf 87' lang='lat' dir='ltr'><strong>quam</strong></span> <span class='ocrx_word' id='word_1_390' title='bbox 1035 5220 1092 5276; x_wconf 93' lang='lat' dir='ltr'><strong>in</strong></span> <span class='ocrx_word' id='word_1_391' title='bbox 1120 5220 1325 5278; x_wconf 88' lang='lat' dir='ltr'><strong>honore</strong></span> <span class='ocrx_word' id='word_1_392' title='bbox 1352 5219 1450 5276; x_wconf 88' lang='lat' dir='ltr'><strong>Dei</strong></span> <span class='ocrx_word' id='word_1_393' title='bbox 1474 5220 1704 5277; x_wconf 88' lang='lat' dir='ltr'><strong>rutilans</strong></span> 
     </span>
    </p>
   </div>
   <div class='ocr_carea' id='block_1_56' title="bbox 117 5312 1704 5385">
    <p class='ocr_par' dir='ltr' id='par_1_56' title="bbox 117 5312 1704 5385">
     <span class='ocr_line' id='line_1_56' title="bbox 117 5312 1704 5385; baseline 0.002 -17"><span class='ocrx_word' id='word_1_394' title='bbox 117 5312 262 5384; x_wconf 89' lang='lat' dir='ltr'><strong>ignis</strong></span> <span class='ocrx_word' id='word_1_395' title='bbox 285 5313 551 5371; x_wconf 86' lang='lat' dir='ltr'><strong>accendit.</strong></span> <span class='ocrx_word' id='word_1_396' title='bbox 597 5312 703 5383; x_wconf 91' lang='lat' dir='ltr'><strong>Qui</strong></span> <span class='ocrx_word' id='word_1_397' title='bbox 741 5312 871 5371; x_wconf 88' lang='lat' dir='ltr'><strong>licet</strong></span> <span class='ocrx_word' id='word_1_398' title='bbox 898 5312 1106 5370; x_wconf 84' lang='lat' dir='ltr'><strong>divisus</strong></span> <span class='ocrx_word' id='word_1_399' title='bbox 1133 5313 1189 5369; x_wconf 91' lang='lat' dir='ltr'><strong>in</strong></span> <span class='ocrx_word' id='word_1_400' title='bbox 1219 5322 1432 5385; x_wconf 89' lang='lat' dir='ltr'><strong>partes,</strong></span> <span class='ocrx_word' id='word_1_401' title='bbox 1468 5314 1704 5371; x_wconf 89' lang='lat' dir='ltr'><strong>mutuati</strong></span> 
     </span>
    </p>
   </div>
   <div class='ocr_carea' id='block_1_57' title="bbox 117 5394 1703 5476">
    <p class='ocr_par' dir='ltr' id='par_1_57' title="bbox 117 5394 1703 5476">
     <span class='ocr_line' id='line_1_57' title="bbox 117 5394 1703 5476; baseline 0.001 -17"><span class='ocrx_word' id='word_1_402' title='bbox 117 5402 340 5461; x_wconf 86' lang='lat' dir='ltr'><strong>luminis</strong></span> <span class='ocrx_word' id='word_1_403' title='bbox 384 5405 712 5463; x_wconf 83' lang='lat' dir='ltr'><strong>detrimenta</strong></span> <span class='ocrx_word' id='word_1_404' title='bbox 755 5418 865 5462; x_wconf 88' lang='lat' dir='ltr'><strong>non</strong></span> <span class='ocrx_word' id='word_1_405' title='bbox 912 5404 1085 5463; x_wconf 79' lang='lat' dir='ltr'><strong>novit.</strong></span> <span class='ocrx_word' id='word_1_406' title='bbox 1148 5403 1325 5460; x_wconf 86' lang='lat' dir='ltr'><strong>Alitur</strong></span> <span class='ocrx_word' id='word_1_407' title='bbox 1374 5394 1703 5476; x_wconf 67' lang='lat' dir='ltr'><strong>liquentibus</strong></span> 
     </span>
    </p>
   </div>
   <div class='ocr_carea' id='block_1_58' title="bbox 117 5538 1701 5613">
    <p class='ocr_par' dir='ltr' id='par_1_58' title="bbox 117 5538 1701 5613">
     <span class='ocr_line' id='line_1_58' title="bbox 117 5538 1701 5613; baseline -0.002 -15"><span class='ocrx_word' id='word_1_408' title='bbox 117 5554 247 5598; x_wconf 87' lang='lat' dir='ltr'><strong>cum</strong></span> <span class='ocrx_word' id='word_1_409' title='bbox 270 5539 812 5613; x_wconf 74' lang='lat' dir='ltr'><strong>anteaAmbrosiana</strong></span> <span class='ocrx_word' id='word_1_410' title='bbox 822 5555 961 5613; x_wconf 83' lang='lat' dir='ltr'><strong>usus</strong></span> <span class='ocrx_word' id='word_1_411' title='bbox 984 5538 1146 5613; x_wconf 71' lang='lat' dir='ltr'><strong>foret,</strong></span> <span class='ocrx_word' id='word_1_412' title='bbox 1179 5540 1297 5613; x_wconf 10' lang='lat' dir='ltr'><strong>ipse,</strong></span> <span class='ocrx_word' id='word_1_413' title='bbox 1316 5539 1701 5613; x_wconf 76' lang='lat' dir='ltr'><strong>descripserit:</strong></span> 
     </span>
    </p>
   </div>
   <div class='ocr_carea' id='block_1_59' title="bbox 118 5610 1703 5669">
    <p class='ocr_par' dir='ltr' id='par_1_59' title="bbox 118 5610 1703 5669">
     <span class='ocr_line' id='line_1_59' title="bbox 118 5610 1703 5669; baseline -0.001 0"><span class='ocrx_word' id='word_1_414' title='bbox 118 5618 337 5669; x_wconf 88' lang='lat' dir='ltr'><strong>constat</strong></span> <span class='ocrx_word' id='word_1_415' title='bbox 364 5611 512 5669; x_wconf 90' lang='lat' dir='ltr'><strong>enim</strong></span> <span class='ocrx_word' id='word_1_416' title='bbox 536 5619 591 5669; x_wconf 90' lang='lat' dir='ltr'><strong>et</strong></span> <span class='ocrx_word' id='word_1_417' title='bbox 619 5612 673 5668; x_wconf 92' lang='lat' dir='ltr'><strong>in</strong></span> <span class='ocrx_word' id='word_1_418' title='bbox 697 5610 1077 5669; x_wconf 82' lang='lat' dir='ltr'><strong>Mediolanensi</strong></span> <span class='ocrx_word' id='word_1_419' title='bbox 1095 5610 1335 5668; x_wconf 86' lang='lat' dir='ltr'><strong>Ecclesia</strong></span> <span class='ocrx_word' id='word_1_420' title='bbox 1360 5629 1391 5667; x_wconf 92' lang='lat' dir='ltr'><strong>a</strong></span> <span class='ocrx_word' id='word_1_421' title='bbox 1416 5610 1541 5667; x_wconf 43' lang='lat' dir='ltr'><strong>div—0</strong></span> <span class='ocrx_word' id='word_1_422' title='bbox 1569 5612 1703 5667; x_wconf 76' lang='lat' dir='ltr'><strong>Am-</strong></span> 
     </span>
    </p>
   </div>
   <div class='ocr_carea' id='block_1_60' title="bbox 119 5680 1703 5754">
    <p class='ocr_par' dir='ltr' id='par_1_60' title="bbox 119 5680 1703 5754">
     <span class='ocr_line' id='line_1_60' title="bbox 119 5680 1703 5754; baseline -0.003 -13"><span class='ocrx_word' id='word_1_423' title='bbox 119 5681 306 5741; x_wconf 85' lang='lat' dir='ltr'><strong>brosio</strong></span> <span class='ocrx_word' id='word_1_424' title='bbox 328 5682 443 5754; x_wconf 87' lang='lat' dir='ltr'><strong>jam</strong></span> <span class='ocrx_word' id='word_1_425' title='bbox 466 5691 581 5740; x_wconf 91' lang='lat' dir='ltr'><strong>tum</strong></span> <span class='ocrx_word' id='word_1_426' title='bbox 600 5683 896 5751; x_wconf 82' lang='lat' dir='ltr'><strong>visitatam,</strong></span> <span class='ocrx_word' id='word_1_427' title='bbox 920 5691 975 5739; x_wconf 90' lang='lat' dir='ltr'><strong>et</strong></span> <span class='ocrx_word' id='word_1_428' title='bbox 1015 5682 1070 5737; x_wconf 90' lang='lat' dir='ltr'><strong>in</strong></span> <span class='ocrx_word' id='word_1_429' title='bbox 1110 5680 1368 5754; x_wconf 83' lang='lat' dir='ltr'><strong>Hispania</strong></span> <span class='ocrx_word' id='word_1_430' title='bbox 1398 5696 1611 5754; x_wconf 82' lang='lat' dir='ltr'><strong>quoque</strong></span> <span class='ocrx_word' id='word_1_431' title='bbox 1640 5698 1703 5737; x_wconf 89' lang='lat' dir='ltr'><strong>ea</strong></span> 
     </span>
    </p>
   </div>
   <div class='ocr_carea' id='block_1_61' title="bbox 121 5754 1704 5837">
    <p class='ocr_par' dir='ltr' id='par_1_61' title="bbox 121 5754 1704 5837">
     <span class='ocr_line' id='line_1_61' title="bbox 121 5754 1704 5837; baseline -0.002 -26"><span class='ocrx_word' id='word_1_432' title='bbox 121 5759 283 5837; x_wconf 61' lang='lat' dir='ltr'><strong>aetate</strong></span> <span class='ocrx_word' id='word_1_433' title='bbox 333 5762 564 5812; x_wconf 88' lang='lat' dir='ltr'><strong>testatur</strong></span> <span class='ocrx_word' id='word_1_434' title='bbox 600 5754 925 5813; x_wconf 84' lang='lat' dir='ltr'><strong>Prudentius</strong></span> <span class='ocrx_word' id='word_1_435' title='bbox 972 5754 1172 5825; x_wconf 89' lang='lat' dir='ltr'><strong>hymno</strong></span> <span class='ocrx_word' id='word_1_436' title='bbox 1220 5769 1283 5811; x_wconf 89' lang='lat' dir='ltr'><strong>ea</strong></span> <span class='ocrx_word' id='word_1_437' title='bbox 1324 5756 1391 5811; x_wconf 93' lang='lat' dir='ltr'><strong>dc</strong></span> <span class='ocrx_word' id='word_1_438' title='bbox 1444 5771 1502 5809; x_wconf 84' lang='lat' dir='ltr'><strong>re</strong></span> <span class='ocrx_word' id='word_1_439' title='bbox 1558 5769 1704 5809; x_wconf 80' lang='lat' dir='ltr'><strong>cont-</strong></span> 
     </span>
    </p>
   </div>
   <div class='ocr_carea' id='block_1_62' title="bbox 120 5826 320 5899">
    <p class='ocr_par' dir='ltr' id='par_1_62' title="bbox 120 5826 320 5899">
     <span class='ocr_line' id='line_1_62' title="bbox 120 5826 320 5899; baseline -0.01 -16"><span class='ocrx_word' id='word_1_440' title='bbox 120 5826 320 5899; x_wconf 78' lang='lat' dir='ltr'><strong>poiito.</strong></span> 
     </span>
    </p>
   </div>
   <div class='ocr_carea' id='block_1_63' title="bbox 1772 544 3409 624">
    <p class='ocr_par' dir='ltr' id='par_1_63' title="bbox 1772 544 3409 624">
     <span class='ocr_line' id='line_1_63' title="bbox 1772 544 3409 624; baseline 0.004 -23"><span class='ocrx_word' id='word_1_441' title='bbox 1772 544 1778 551; x_wconf 77' lang='grc'><strong>’</strong></span> <span class='ocrx_word' id='word_1_442' title='bbox 1823 546 1941 617; x_wconf 92' lang='lat' dir='ltr'><strong>apis</strong></span> <span class='ocrx_word' id='word_1_443' title='bbox 1960 554 2136 602; x_wconf 88' lang='lat' dir='ltr'><strong>mater</strong></span> <span class='ocrx_word' id='word_1_444' title='bbox 2160 547 2365 602; x_wconf 90' lang='lat' dir='ltr'><strong>eduxit.</strong></span> <span class='ocrx_word' id='word_1_445' title='bbox 2398 546 2443 605; x_wconf 96' lang='lat'><strong>0</strong></span> <span class='ocrx_word' id='word_1_446' title='bbox 2467 548 2782 615; x_wconf 83' lang='lat' dir='ltr'><strong>verebeata</strong></span> <span class='ocrx_word' id='word_1_447' title='bbox 2813 563 2920 604; x_wconf 83' lang='lat' dir='ltr'><strong>nox</strong></span> <span class='ocrx_word' id='word_1_448' title='bbox 2951 549 2964 603; x_wconf 83' lang='lat' dir='ltr'><strong>l</strong></span> <span class='ocrx_word' id='word_1_449' title='bbox 2996 564 3117 621; x_wconf 66' lang='lat' dir='ltr'><strong>qua:</strong></span> <span class='ocrx_word' id='word_1_450' title='bbox 3135 551 3409 624; x_wconf 79' lang='lat' dir='ltr'><strong>exSpolia-</strong></span> 
     </span>
    </p>
   </div>
   <div class='ocr_carea' id='block_1_64' title="bbox 1822 638 3410 715">
    <p class='ocr_par' dir='ltr' id='par_1_64' title="bbox 1822 638 3410 715">
     <span class='ocr_line' id='line_1_64' title="bbox 1822 638 3410 715; baseline 0.005 -20"><span class='ocrx_word' id='word_1_451' title='bbox 1822 639 1902 695; x_wconf 92' lang='lat' dir='ltr'><strong>vit</strong></span> <span class='ocrx_word' id='word_1_452' title='bbox 1929 638 2237 712; x_wconf 69' lang='lat' dir='ltr'><strong>.Egyptios,</strong></span> <span class='ocrx_word' id='word_1_453' title='bbox 2265 639 2457 696; x_wconf 87' lang='lat' dir='ltr'><strong>ditavit</strong></span> <span class='ocrx_word' id='word_1_454' title='bbox 2484 639 2760 698; x_wconf 73' lang='lat' dir='ltr'><strong>Hebraeos.</strong></span> <span class='ocrx_word' id='word_1_455' title='bbox 2804 640 2942 709; x_wconf 87' lang='lat' dir='ltr'><strong>Nox,</strong></span> <span class='ocrx_word' id='word_1_456' title='bbox 2966 640 3020 698; x_wconf 91' lang='lat' dir='ltr'><strong>in</strong></span> <span class='ocrx_word' id='word_1_457' title='bbox 3044 658 3149 715; x_wconf 88' lang='lat' dir='ltr'><strong>qua</strong></span> <span class='ocrx_word' id='word_1_458' title='bbox 3173 640 3410 703; x_wconf 84' lang='lat' dir='ltr'><strong>terrenis</strong></span> 
     </span>
    </p>
   </div>
   <div class='ocr_carea' id='block_1_65' title="bbox 1822 730 3407 806">
    <p class='ocr_par' dir='ltr' id='par_1_65' title="bbox 1822 730 3407 806">
     <span class='ocr_line' id='line_1_65' title="bbox 1822 730 3407 806; baseline 0.004 -18"><span class='ocrx_word' id='word_1_459' title='bbox 1822 730 2083 799; x_wconf 76' lang='lat' dir='ltr'><strong>cmlestia,</strong></span> <span class='ocrx_word' id='word_1_460' title='bbox 2112 732 2348 788; x_wconf 89' lang='lat' dir='ltr'><strong>humana</strong></span> <span class='ocrx_word' id='word_1_461' title='bbox 2375 732 2573 791; x_wconf 88' lang='lat' dir='ltr'><strong>divinis</strong></span> <span class='ocrx_word' id='word_1_462' title='bbox 2596 733 2914 806; x_wconf 83' lang='lat' dir='ltr'><strong>junguntur.</strong></span> <span class='ocrx_word' id='word_1_463' title='bbox 2937 735 3170 793; x_wconf 89' lang='lat' dir='ltr'><strong>Oramus</strong></span> <span class='ocrx_word' id='word_1_464' title='bbox 3194 744 3272 806; x_wconf 93' lang='lat' dir='ltr'><strong>te,</strong></span> <span class='ocrx_word' id='word_1_465' title='bbox 3298 736 3407 795; x_wconf 83' lang='lat' dir='ltr'><strong>Do-</strong></span> 
     </span>
    </p>
   </div>
   <div class='ocr_carea' id='block_1_66' title="bbox 1823 823 3409 892">
    <p class='ocr_par' dir='ltr' id='par_1_66' title="bbox 1823 823 3409 892">
     <span class='ocr_line' id='line_1_66' title="bbox 1823 823 3409 892; baseline 0.003 -12"><span class='ocrx_word' id='word_1_466' title='bbox 1823 823 1989 892; x_wconf 89' lang='lat' dir='ltr'><strong>mine,</strong></span> <span class='ocrx_word' id='word_1_467' title='bbox 2015 832 2076 879; x_wconf 93' lang='lat' dir='ltr'><strong>ut</strong></span> <span class='ocrx_word' id='word_1_468' title='bbox 2106 838 2295 880; x_wconf 88' lang='lat' dir='ltr'><strong>cereus</strong></span> <span class='ocrx_word' id='word_1_469' title='bbox 2320 823 2425 880; x_wconf 90' lang='lat' dir='ltr'><strong>iste</strong></span> <span class='ocrx_word' id='word_1_470' title='bbox 2450 823 2503 879; x_wconf 91' lang='lat' dir='ltr'><strong>in</strong></span> <span class='ocrx_word' id='word_1_471' title='bbox 2534 823 2739 879; x_wconf 86' lang='lat' dir='ltr'><strong>honore</strong></span> <span class='ocrx_word' id='word_1_472' title='bbox 2768 824 3003 881; x_wconf 91' lang='lat' dir='ltr'><strong>nominis</strong></span> <span class='ocrx_word' id='word_1_473' title='bbox 3024 826 3099 882; x_wconf 94' lang='lat' dir='ltr'><strong>tui</strong></span> <span class='ocrx_word' id='word_1_474' title='bbox 3120 842 3409 885; x_wconf 88' lang='lat' dir='ltr'><strong>consecra-</strong></span> 
     </span>
    </p>
   </div>
   <div class='ocr_carea' id='block_1_67' title="bbox 1824 914 3399 986">
    <p class='ocr_par' dir='ltr' id='par_1_67' title="bbox 1824 914 3399 986">
     <span class='ocr_line' id='line_1_67' title="bbox 1824 914 3399 986; baseline 0.003 -15"><span class='ocrx_word' id='word_1_475' title='bbox 1824 925 1931 984; x_wconf 92' lang='lat' dir='ltr'><strong>tus,</strong></span> <span class='ocrx_word' id='word_1_476' title='bbox 1959 915 2029 971; x_wconf 89' lang='lat' dir='ltr'><strong>ad</strong></span> <span class='ocrx_word' id='word_1_477' title='bbox 2053 916 2226 973; x_wconf 90' lang='lat' dir='ltr'><strong>noctis</strong></span> <span class='ocrx_word' id='word_1_478' title='bbox 2255 914 2414 986; x_wconf 90' lang='lat' dir='ltr'><strong>hujus</strong></span> <span class='ocrx_word' id='word_1_479' title='bbox 2446 914 2730 986; x_wconf 89' lang='lat' dir='ltr'><strong>caliginem</strong></span> <span class='ocrx_word' id='word_1_480' title='bbox 2762 917 3168 985; x_wconf 87' lang='lat' dir='ltr'><strong>destruendam,</strong></span> <span class='ocrx_word' id='word_1_481' title='bbox 3204 918 3399 975; x_wconf 86' lang='lat' dir='ltr'><strong>indeli-</strong></span> 
     </span>
    </p>
   </div>
   <div class='ocr_carea' id='block_1_68' title="bbox 1822 1007 3409 1080">
    <p class='ocr_par' dir='ltr' id='par_1_68' title="bbox 1822 1007 3409 1080">
     <span class='ocr_line' id='line_1_68' title="bbox 1822 1007 3409 1080; baseline 0.002 -16"><span class='ocrx_word' id='word_1_482' title='bbox 1822 1007 2375 1080; x_wconf 74' lang='lat' dir='ltr'><strong>ciens,~perseveret:</strong></span> <span class='ocrx_word' id='word_1_483' title='bbox 2407 1015 2572 1079; x_wconf 86' lang='lat' dir='ltr'><strong>atque</strong></span> <span class='ocrx_word' id='word_1_484' title='bbox 2601 1008 2655 1063; x_wconf 89' lang='lat' dir='ltr'><strong>in</strong></span> <span class='ocrx_word' id='word_1_485' title='bbox 2691 1008 2942 1071; x_wconf 90' lang='lat' dir='ltr'><strong>ordinem</strong></span> <span class='ocrx_word' id='word_1_486' title='bbox 2982 1010 3269 1067; x_wconf 90' lang='lat' dir='ltr'><strong>suavitatis</strong></span> <span class='ocrx_word' id='word_1_487' title='bbox 3315 1026 3409 1068; x_wconf 88' lang='lat' dir='ltr'><strong>ac-</strong></span> 
     </span>
    </p>
   </div>
   <div class='ocr_carea' id='block_1_69' title="bbox 1821 1095 3409 1171">
    <p class='ocr_par' dir='ltr' id='par_1_69' title="bbox 1821 1095 3409 1171">
     <span class='ocr_line' id='line_1_69' title="bbox 1821 1095 3409 1171; baseline 0.001 -16"><span class='ocrx_word' id='word_1_488' title='bbox 1821 1106 2011 1170; x_wconf 89' lang='lat' dir='ltr'><strong>ceptus</strong></span> <span class='ocrx_word' id='word_1_489' title='bbox 2037 1096 2156 1171; x_wconf 82' lang='grc' dir='ltr'><strong>[αι.,</strong></span> <span class='ocrx_word' id='word_1_490' title='bbox 2185 1095 2490 1170; x_wconf 77' lang='lat' dir='ltr'><strong>ac‘census],</strong></span> <span class='ocrx_word' id='word_1_491' title='bbox 2518 1098 2768 1169; x_wconf 91' lang='lat' dir='ltr'><strong>supernis</strong></span> <span class='ocrx_word' id='word_1_492' title='bbox 2797 1097 3155 1155; x_wconf 88' lang='lat' dir='ltr'><strong>luminaribus</strong></span> <span class='ocrx_word' id='word_1_493' title='bbox 3180 1100 3409 1158; x_wconf 82' lang='lat' dir='ltr'><strong>miscea-</strong></span> 
     </span>
    </p>
   </div>
   <div class='ocr_carea' id='block_1_70' title="bbox 1821 1187 3406 1259">
    <p class='ocr_par' dir='ltr' id='par_1_70' title="bbox 1821 1187 3406 1259">
     <span class='ocr_line' id='line_1_70' title="bbox 1821 1187 3406 1259; baseline 0 -11"><span class='ocrx_word' id='word_1_494' title='bbox 1821 1201 1930 1248; x_wconf 88' lang='lat' dir='ltr'><strong>tur.</strong></span> <span class='ocrx_word' id='word_1_495' title='bbox 1979 1190 2256 1247; x_wconf 89' lang='lat' dir='ltr'><strong>Flammas</strong></span> <span class='ocrx_word' id='word_1_496' title='bbox 2288 1188 2406 1259; x_wconf 88' lang='lat' dir='ltr'><strong>ejus</strong></span> <span class='ocrx_word' id='word_1_497' title='bbox 2432 1187 2650 1244; x_wconf 89' lang='lat' dir='ltr'><strong>Lucifer</strong></span> <span class='ocrx_word' id='word_1_498' title='bbox 2674 1188 2973 1246; x_wconf 89' lang='lat' dir='ltr'><strong>matutinus</strong></span> <span class='ocrx_word' id='word_1_499' title='bbox 3011 1190 3271 1246; x_wconf 89' lang='lat' dir='ltr'><strong>inveniat.</strong></span> <span class='ocrx_word' id='word_1_500' title='bbox 3294 1191 3406 1257; x_wconf 83' lang='lat' dir='ltr'><strong>ille,</strong></span> 
     </span>
    </p>
   </div>
   <div class='ocr_carea' id='block_1_71' title="bbox 1821 1280 3399 1356">
    <p class='ocr_par' dir='ltr' id='par_1_71' title="bbox 1821 1280 3399 1356">
     <span class='ocr_line' id='line_1_71' title="bbox 1821 1280 3399 1356; baseline 0 -16"><span class='ocrx_word' id='word_1_501' title='bbox 1821 1281 2296 1356; x_wconf 89' lang='lat' dir='ltr'><strong>inquam,Lucifer</strong></span> <span class='ocrx_word' id='word_1_502' title='bbox 2322 1282 2415 1354; x_wconf 89' lang='lat' dir='ltr'><strong>qui</strong></span> <span class='ocrx_word' id='word_1_503' title='bbox 2437 1280 2612 1338; x_wconf 90' lang='lat' dir='ltr'><strong>nescit</strong></span> <span class='ocrx_word' id='word_1_504' title='bbox 2641 1295 2930 1348; x_wconf 90' lang='lat' dir='ltr'><strong>occasum;</strong></span> <span class='ocrx_word' id='word_1_505' title='bbox 2969 1281 3060 1338; x_wconf 92' lang='lat' dir='ltr'><strong>ille</strong></span> <span class='ocrx_word' id='word_1_506' title='bbox 3084 1283 3176 1353; x_wconf 91' lang='lat' dir='ltr'><strong>qui</strong></span> <span class='ocrx_word' id='word_1_507' title='bbox 3202 1298 3399 1356; x_wconf 89' lang='lat' dir='ltr'><strong>regres-</strong></span> 
     </span>
    </p>
   </div>
   <div class='ocr_carea' id='block_1_72' title="bbox 1819 1373 3408 1446">
    <p class='ocr_par' dir='ltr' id='par_1_72' title="bbox 1819 1373 3408 1446">
     <span class='ocr_line' id='line_1_72' title="bbox 1819 1373 3408 1446; baseline 0 -15"><span class='ocrx_word' id='word_1_508' title='bbox 1819 1390 1913 1432; x_wconf 91' lang='lat' dir='ltr'><strong>sus</strong></span> <span class='ocrx_word' id='word_1_509' title='bbox 1939 1376 2007 1432; x_wconf 90' lang='lat' dir='ltr'><strong>ab</strong></span> <span class='ocrx_word' id='word_1_510' title='bbox 2040 1374 2249 1442; x_wconf 84' lang='lat' dir='ltr'><strong>inferis,</strong></span> <span class='ocrx_word' id='word_1_511' title='bbox 2278 1374 2522 1430; x_wconf 91' lang='lat' dir='ltr'><strong>humano</strong></span> <span class='ocrx_word' id='word_1_512' title='bbox 2553 1373 2738 1446; x_wconf 85' lang='lat' dir='ltr'><strong>generi</strong></span> <span class='ocrx_word' id='word_1_513' title='bbox 2765 1389 2991 1430; x_wconf 89' lang='lat' dir='ltr'><strong>serenus</strong></span> <span class='ocrx_word' id='word_1_514' title='bbox 3030 1373 3228 1430; x_wconf 82' lang='lat' dir='ltr'><strong>illuxit.</strong></span> <span class='ocrx_word' id='word_1_515' title='bbox 3279 1375 3408 1431; x_wconf 88' lang='lat' dir='ltr'><strong>Pre-</strong></span> 
     </span>
    </p>
   </div>
   <div class='ocr_carea' id='block_1_73' title="bbox 1821 1463 3408 1538">
    <p class='ocr_par' dir='ltr' id='par_1_73' title="bbox 1821 1463 3408 1538">
     <span class='ocr_line' id='line_1_73' title="bbox 1821 1463 3408 1538; baseline -0.001 -15"><span class='ocrx_word' id='word_1_516' title='bbox 1821 1481 2007 1523; x_wconf 88' lang='lat' dir='ltr'><strong>camur</strong></span> <span class='ocrx_word' id='word_1_517' title='bbox 2032 1480 2162 1538; x_wconf 88' lang='lat' dir='ltr'><strong>ergo</strong></span> <span class='ocrx_word' id='word_1_518' title='bbox 2189 1473 2263 1532; x_wconf 89' lang='lat' dir='ltr'><strong>te,</strong></span> <span class='ocrx_word' id='word_1_519' title='bbox 2289 1464 2611 1530; x_wconf 87' lang='lat' dir='ltr'><strong>Domine,ut</strong></span> <span class='ocrx_word' id='word_1_520' title='bbox 2640 1478 2741 1520; x_wconf 91' lang='lat' dir='ltr'><strong>nos</strong></span> <span class='ocrx_word' id='word_1_521' title='bbox 2767 1463 2997 1522; x_wconf 90' lang='lat' dir='ltr'><strong>famulos</strong></span> <span class='ocrx_word' id='word_1_522' title='bbox 3027 1473 3168 1531; x_wconf 91' lang='lat' dir='ltr'><strong>tuos,</strong></span> <span class='ocrx_word' id='word_1_523' title='bbox 3194 1481 3408 1522; x_wconf 86' lang='lat' dir='ltr'><strong>omnem</strong></span> 
     </span>
    </p>
   </div>
   <div class='ocr_carea' id='block_1_74' title="bbox 1818 1556 3408 1631">
    <p class='ocr_par' dir='ltr' id='par_1_74' title="bbox 1818 1556 3408 1631">
     <span class='ocr_line' id='line_1_74' title="bbox 1818 1556 3408 1631; baseline 0 -16"><span class='ocrx_word' id='word_1_524' title='bbox 1818 1558 2043 1625; x_wconf 88' lang='lat' dir='ltr'><strong>clerum,</strong></span> <span class='ocrx_word' id='word_1_525' title='bbox 2101 1566 2156 1614; x_wconf 90' lang='lat' dir='ltr'><strong>et</strong></span> <span class='ocrx_word' id='word_1_526' title='bbox 2200 1557 2610 1614; x_wconf 83' lang='lat' dir='ltr'><strong>devotissimum</strong></span> <span class='ocrx_word' id='word_1_527' title='bbox 2650 1556 2927 1628; x_wconf 89' lang='lat' dir='ltr'><strong>populum,</strong></span> <span class='ocrx_word' id='word_1_528' title='bbox 2968 1573 3075 1619; x_wconf 86' lang='lat' dir='ltr'><strong>una</strong></span> <span class='ocrx_word' id='word_1_529' title='bbox 3109 1573 3231 1615; x_wconf 91' lang='lat' dir='ltr'><strong>cum</strong></span> <span class='ocrx_word' id='word_1_530' title='bbox 3269 1574 3408 1631; x_wconf 90' lang='lat' dir='ltr'><strong>papa</strong></span> 
     </span>
    </p>
   </div>
   <div class='ocr_carea' id='block_1_75' title="bbox 1820 1647 3406 1722">
    <p class='ocr_par' dir='ltr' id='par_1_75' title="bbox 1820 1647 3406 1722">
     <span class='ocr_line' id='line_1_75' title="bbox 1820 1647 3406 1722; baseline 0 -17"><span class='ocrx_word' id='word_1_531' title='bbox 1820 1659 2008 1706; x_wconf 88' lang='lat' dir='ltr'><strong>nostro</strong></span> <span class='ocrx_word' id='word_1_532' title='bbox 2036 1648 2122 1704; x_wconf 28' lang='lat' dir='ltr'><strong>N.‘</strong></span> <span class='ocrx_word' id='word_1_533' title='bbox 2150 1657 2207 1705; x_wconf 89' lang='lat' dir='ltr'><strong>et</strong></span> <span class='ocrx_word' id='word_1_534' title='bbox 2230 1648 2622 1722; x_wconf 87' lang='lat' dir='ltr'><strong>gloriosissimo</strong></span> <span class='ocrx_word' id='word_1_535' title='bbox 2652 1663 2778 1722; x_wconf 89' lang='lat' dir='ltr'><strong>rege</strong></span> <span class='ocrx_word' id='word_1_536' title='bbox 2806 1657 2994 1705; x_wconf 88' lang='lat' dir='ltr'><strong>nostro</strong></span> <span class='ocrx_word' id='word_1_537' title='bbox 3024 1647 3091 1704; x_wconf 88' lang='grc' dir='ltr'><strong>Ν.</strong></span> <span class='ocrx_word' id='word_1_538' title='bbox 3120 1665 3328 1707; x_wconf 89' lang='lat' dir='ltr'><strong>necnon</strong></span> <span class='ocrx_word' id='word_1_539' title='bbox 3355 1658 3406 1706; x_wconf 86' lang='lat' dir='ltr'><strong>et</strong></span> 
     </span>
    </p>
   </div>
   <div class='ocr_carea' id='block_1_76' title="bbox 1819 1740 3509 1815">
    <p class='ocr_par' dir='ltr' id='par_1_76' title="bbox 1819 1740 3509 1815">
     <span class='ocr_line' id='line_1_76' title="bbox 1819 1740 3509 1815; baseline 0.003 -18"><span class='ocrx_word' id='word_1_540' title='bbox 1819 1743 2061 1800; x_wconf 89' lang='lat' dir='ltr'><strong>antistite</strong></span> <span class='ocrx_word' id='word_1_541' title='bbox 2088 1751 2276 1799; x_wconf 89' lang='lat' dir='ltr'><strong>nostro</strong></span> <span class='ocrx_word' id='word_1_542' title='bbox 2302 1740 2367 1798; x_wconf 84' lang='lat' dir='ltr'><strong>N.</strong></span> <span class='ocrx_word' id='word_1_543' title='bbox 2393 1742 2574 1814; x_wconf 89' lang='lat' dir='ltr'><strong>quiete</strong></span> <span class='ocrx_word' id='word_1_544' title='bbox 2598 1752 2904 1815; x_wconf 90' lang='lat' dir='ltr'><strong>temporum</strong></span> <span class='ocrx_word' id='word_1_545' title='bbox 2930 1759 3213 1811; x_wconf 84' lang='lat' dir='ltr'><strong>concessa,</strong></span> <span class='ocrx_word' id='word_1_546' title='bbox 3241 1745 3294 1801; x_wconf 93' lang='lat' dir='ltr'><strong>in</strong></span> <span class='ocrx_word' id='word_1_547' title='bbox 3324 1745 3409 1802; x_wconf 90' lang='lat' dir='ltr'><strong>his</strong></span> <span class='ocrx_word' id='word_1_548' title='bbox 3496 1795 3509 1809; x_wconf 83' lang='lat'><em>.</em></span> 
     </span>
    </p>
   </div>
   <div class='ocr_carea' id='block_1_77' title="bbox 1740 1824 3407 1906">
    <p class='ocr_par' dir='ltr' id='par_1_77' title="bbox 1740 1824 3407 1906">
     <span class='ocr_line' id='line_1_77' title="bbox 1740 1824 3407 1906; baseline 0.004 -22"><span class='ocrx_word' id='word_1_549' title='bbox 1740 1824 1789 1884; x_wconf 89' lang='grc' dir='ltr'><strong>Β</strong></span> <span class='ocrx_word' id='word_1_550' title='bbox 1814 1832 2162 1906; x_wconf 81' lang='lat' dir='ltr'><strong>paschalibus</strong></span> <span class='ocrx_word' id='word_1_551' title='bbox 2191 1831 2400 1906; x_wconf 89' lang='lat' dir='ltr'><strong>gaudiis</strong></span> <span class='ocrx_word' id='word_1_552' title='bbox 2427 1849 2754 1891; x_wconf 89' lang='lat' dir='ltr'><strong>conservare</strong></span> <span class='ocrx_word' id='word_1_553' title='bbox 2782 1834 3041 1905; x_wconf 89' lang='lat' dir='ltr'><strong>digneris.</strong></span> <span class='ocrx_word' id='word_1_554' title='bbox 3091 1834 3197 1890; x_wconf 89' lang='lat' dir='ltr'><strong>Per</strong></span> <span class='ocrx_word' id='word_1_555' title='bbox 3225 1834 3407 1891; x_wconf 85' lang='lat' dir='ltr'><strong>Domi-</strong></span> 
     </span>
    </p>
   </div>
   <div class='ocr_carea' id='block_1_78' title="bbox 1812 1924 3402 2000">
    <p class='ocr_par' dir='ltr' id='par_1_78' title="bbox 1812 1924 3402 2000">
     <span class='ocr_line' id='line_1_78' title="bbox 1812 1924 3402 2000; baseline 0.001 -19"><span class='ocrx_word' id='word_1_556' title='bbox 1812 1941 1942 1982; x_wconf 90' lang='lat' dir='ltr'><strong>num</strong></span> <span class='ocrx_word' id='word_1_557' title='bbox 1971 1933 2217 1982; x_wconf 88' lang='lat' dir='ltr'><strong>nostrum</strong></span> <span class='ocrx_word' id='word_1_558' title='bbox 2238 1924 2423 1982; x_wconf 69' lang='lat' dir='ltr'><strong>Iesum</strong></span> <span class='ocrx_word' id='word_1_559' title='bbox 2452 1926 2729 1983; x_wconf 88' lang='lat' dir='ltr'><strong>Christum</strong></span> <span class='ocrx_word' id='word_1_560' title='bbox 2752 1925 2947 1982; x_wconf 84' lang='lat' dir='ltr'><strong>Filium</strong></span> <span class='ocrx_word' id='word_1_561' title='bbox 2976 1935 3127 1982; x_wconf 91' lang='lat' dir='ltr'><strong>tuum</strong></span> <span class='ocrx_word' id='word_1_562' title='bbox 3147 1968 3162 1994; x_wconf 94' lang='lat'><strong>,</strong></span> <span class='ocrx_word' id='word_1_563' title='bbox 3187 1929 3280 2000; x_wconf 91' lang='lat' dir='ltr'><strong>qui</strong></span> <span class='ocrx_word' id='word_1_564' title='bbox 3322 1938 3402 1983; x_wconf 67' lang='grc' dir='ltr'><strong>ιεο</strong></span> 
     </span>
    </p>
   </div>
   <div class='ocr_carea' id='block_1_79' title="bbox 1811 2017 3396 2091">
    <p class='ocr_par' dir='ltr' id='par_1_79' title="bbox 1811 2017 3396 2091">
     <span class='ocr_line' id='line_1_79' title="bbox 1811 2017 3396 2091; baseline 0.002 -17"><span class='ocrx_word' id='word_1_565' title='bbox 1811 2033 1937 2075; x_wconf 92' lang='lat' dir='ltr'><strong>cum</strong></span> <span class='ocrx_word' id='word_1_566' title='bbox 1969 2017 2105 2074; x_wconf 90' lang='lat' dir='ltr'><strong>vivit</strong></span> <span class='ocrx_word' id='word_1_567' title='bbox 2128 2025 2184 2074; x_wconf 91' lang='lat' dir='ltr'><strong>et</strong></span> <span class='ocrx_word' id='word_1_568' title='bbox 2206 2027 2400 2091; x_wconf 89' lang='lat' dir='ltr'><strong>regnat</strong></span> <span class='ocrx_word' id='word_1_569' title='bbox 2422 2019 2567 2075; x_wconf 90' lang='lat' dir='ltr'><strong>Deus</strong></span> <span class='ocrx_word' id='word_1_570' title='bbox 2595 2019 2650 2074; x_wconf 92' lang='lat' dir='ltr'><strong>in</strong></span> <span class='ocrx_word' id='word_1_571' title='bbox 2681 2019 2885 2075; x_wconf 87' lang='lat' dir='ltr'><strong>unitate</strong></span> <span class='ocrx_word' id='word_1_572' title='bbox 2923 2018 3159 2090; x_wconf 88' lang='lat' dir='ltr'><strong>Spiritus</strong></span> <span class='ocrx_word' id='word_1_573' title='bbox 3202 2023 3396 2077; x_wconf 90' lang='lat' dir='ltr'><strong>sancti.</strong></span> 
     </span>
    </p>
   </div>
   <div class='ocr_carea' id='block_1_80' title="bbox 1810 2108 2973 2168">
    <p class='ocr_par' dir='ltr' id='par_1_80' title="bbox 1810 2108 2973 2168">
     <span class='ocr_line' id='line_1_80' title="bbox 1810 2108 2973 2168; baseline 0.003 -4"><span class='ocrx_word' id='word_1_574' title='bbox 1810 2108 1916 2167; x_wconf 91' lang='lat' dir='ltr'><strong>Per</strong></span> <span class='ocrx_word' id='word_1_575' title='bbox 1938 2111 2123 2168; x_wconf 89' lang='lat' dir='ltr'><strong>omnia</strong></span> <span class='ocrx_word' id='word_1_576' title='bbox 2150 2110 2346 2168; x_wconf 60' lang='lat' dir='ltr'><strong>sarcula</strong></span> <span class='ocrx_word' id='word_1_577' title='bbox 2378 2110 2721 2168; x_wconf 77' lang='lat' dir='ltr'><strong>Saeculorum.</strong></span> <span class='ocrx_word' id='word_1_578' title='bbox 2777 2111 2973 2168; x_wconf 85' lang='lat' dir='ltr'><strong>Amen.</strong></span> 
     </span>
    </p>
   </div>
   <div class='ocr_carea' id='block_1_81' title="bbox 1880 2202 3399 2278">
    <p class='ocr_par' dir='ltr' id='par_1_81' title="bbox 1880 2202 3399 2278">
     <span class='ocr_line' id='line_1_81' title="bbox 1880 2202 3399 2278; baseline 0.003 -19"><span class='ocrx_word' id='word_1_579' title='bbox 1880 2202 2008 2277; x_wconf 80' lang='lat' dir='ltr'><strong>(Hic</strong></span> <span class='ocrx_word' id='word_1_580' title='bbox 2027 2204 2215 2278; x_wconf 72' lang='lat' dir='ltr'><strong>desunt</strong></span> <span class='ocrx_word' id='word_1_581' title='bbox 2238 2221 2436 2260; x_wconf 84' lang='lat' dir='ltr'><strong>numm.</strong></span> <span class='ocrx_word' id='word_1_582' title='bbox 2456 2204 2526 2278; x_wconf 75' lang='lat' dir='ltr'><strong>ll,</strong></span> <span class='ocrx_word' id='word_1_583' title='bbox 2547 2204 2632 2271; x_wconf 86' lang='lat' dir='ltr'><strong>Ill,</strong></span> <span class='ocrx_word' id='word_1_584' title='bbox 2656 2203 2745 2278; x_wconf 63' lang='lat' dir='ltr'><strong>lY.</strong></span> <span class='ocrx_word' id='word_1_585' title='bbox 2766 2204 2987 2278; x_wconf 51' lang='lat' dir='ltr'><strong>Easton!</strong></span> <span class='ocrx_word' id='word_1_586' title='bbox 3000 2213 3207 2278; x_wconf 72' lang='lat' dir='ltr'><strong>quidem</strong></span> <span class='ocrx_word' id='word_1_587' title='bbox 3230 2225 3286 2263; x_wconf 81' lang='lat' dir='ltr'><strong>tn</strong></span> <span class='ocrx_word' id='word_1_588' title='bbox 3310 2223 3399 2264; x_wconf 82' lang='lat' dir='ltr'><strong>1n-</strong></span> 
     </span>
    </p>
   </div>
   <div class='ocr_carea' id='block_1_82' title="bbox 1809 2274 3405 2349">
    <p class='ocr_par' dir='ltr' id='par_1_82' title="bbox 1809 2274 3405 2349">
     <span class='ocr_line' id='line_1_82' title="bbox 1809 2274 3405 2349; baseline 0.003 -20"><span class='ocrx_word' id='word_1_589' title='bbox 1809 2274 2343 2349; x_wconf 39' lang='lat' dir='ltr'><strong>dic&#39;e,ucapitulorum,</strong></span> <span class='ocrx_word' id='word_1_590' title='bbox 2372 2276 2464 2332; x_wconf 76' lang='lat' dir='ltr'><strong>sed</strong></span> <span class='ocrx_word' id='word_1_591' title='bbox 2488 2274 2722 2349; x_wconf 71' lang='lat' dir='ltr'><strong>[nonnisi</strong></span> <span class='ocrx_word' id='word_1_592' title='bbox 2763 2274 2971 2331; x_wconf 80' lang='lat' dir='ltr'><strong>lectoris</strong></span> <span class='ocrx_word' id='word_1_593' title='bbox 3012 2274 3084 2333; x_wconf 64' lang='lat' dir='ltr'><strong>ad</strong></span> <span class='ocrx_word' id='word_1_594' title='bbox 3116 2276 3226 2335; x_wconf 82' lang='lat' dir='ltr'><strong>alia</strong></span> <span class='ocrx_word' id='word_1_595' title='bbox 3260 2296 3405 2334; x_wconf 82' lang='lat' dir='ltr'><strong>revo-</strong></span> 
     </span>
    </p>
   </div>
   <div class='ocr_carea' id='block_1_83' title="bbox 1809 2345 2203 2418">
    <p class='ocr_par' dir='ltr' id='par_1_83' title="bbox 1809 2345 2203 2418">
     <span class='ocr_line' id='line_1_83' title="bbox 1809 2345 2203 2418; baseline 0 -17"><span class='ocrx_word' id='word_1_596' title='bbox 1809 2346 1967 2402; x_wconf 82' lang='lat' dir='ltr'><strong>candi</strong></span> <span class='ocrx_word' id='word_1_597' title='bbox 1994 2345 2203 2418; x_wconf 77' lang='lat' dir='ltr'><strong>causa.)</strong></span> 
     </span>
    </p>
   </div>
   <div class='ocr_carea' id='block_1_84' title="bbox 2556 2442 2623 2498">
    <p class='ocr_par' dir='ltr' id='par_1_84' title="bbox 2556 2442 2623 2498">
     <span class='ocr_line' id='line_1_84' title="bbox 2556 2442 2623 2498; baseline -0.015 0"><span class='ocrx_word' id='word_1_598' title='bbox 2556 2442 2623 2498; x_wconf 65' lang='grc' dir='ltr'><strong>ν.</strong></span> 
     </span>
    </p>
   </div>
   <div class='ocr_carea' id='block_1_85' title="bbox 2075 2566 3118 2615">
    <p class='ocr_par' dir='ltr' id='par_1_85' title="bbox 2075 2566 3118 2615">
     <span class='ocr_line' id='line_1_85' title="bbox 2075 2566 3118 2615; baseline 0.001 -3"><span class='ocrx_word' id='word_1_599' title='bbox 2075 2566 2104 2596; x_wconf 73' lang='grc'>⁸</span> <span class='ocrx_word' id='word_1_600' title='bbox 2143 2569 2400 2612; x_wconf 67' lang='lat' dir='ltr'><strong>DOIINICA</strong></span> <span class='ocrx_word' id='word_1_601' title='bbox 2431 2571 2451 2611; x_wconf 88' lang='grc' dir='ltr'><strong>ι</strong></span> <span class='ocrx_word' id='word_1_602' title='bbox 2490 2569 2621 2613; x_wconf 71' lang='grc' dir='ltr'><strong>Ροετ</strong></span> <span class='ocrx_word' id='word_1_603' title='bbox 2659 2571 2872 2613; x_wconf 73' lang='grc' dir='ltr'><strong>ΝΔτΑιΕ</strong></span> <span class='ocrx_word' id='word_1_604' title='bbox 2911 2573 3118 2615; x_wconf 75' lang='lat' dir='ltr'><strong>DOIIINI.</strong></span> 
     </span>
    </p>
   </div>
   <div class='ocr_carea' id='block_1_86' title="bbox 1824 2661 3396 2739">
    <p class='ocr_par' dir='ltr' id='par_1_86' title="bbox 1824 2661 3396 2739">
     <span class='ocr_line' id='line_1_86' title="bbox 1824 2661 3396 2739; baseline 0.005 -21"><span class='ocrx_word' id='word_1_605' title='bbox 1824 2672 1829 2677; x_wconf 89' lang='lat'>&#39;</span> <span class='ocrx_word' id='word_1_606' title='bbox 1879 2661 2046 2733; x_wconf 89' lang='lat' dir='ltr'><strong>Deus,</strong></span> <span class='ocrx_word' id='word_1_607' title='bbox 2082 2663 2175 2735; x_wconf 89' lang='lat' dir='ltr'><strong>qui</strong></span> <span class='ocrx_word' id='word_1_608' title='bbox 2210 2663 2402 2721; x_wconf 88' lang='lat' dir='ltr'><strong>salutis</strong></span> <span class='ocrx_word' id='word_1_609' title='bbox 2425 2675 2644 2722; x_wconf 68' lang='lat' dir='ltr'><strong>aeternae</strong></span> <span class='ocrx_word' id='word_1_610' title='bbox 2668 2663 2733 2722; x_wconf 86' lang='grc' dir='ltr'><strong>Β.</strong></span> <span class='ocrx_word' id='word_1_611' title='bbox 2765 2664 2949 2722; x_wconf 82' lang='lat' dir='ltr'><strong>Mariae</strong></span> <span class='ocrx_word' id='word_1_612' title='bbox 2977 2666 3288 2739; x_wconf 86' lang='lat' dir='ltr'><strong>virginitate</strong></span> <span class='ocrx_word' id='word_1_613' title='bbox 3317 2669 3396 2726; x_wconf 89' lang='lat' dir='ltr'><strong>fe-</strong></span> 
     </span>
    </p>
   </div>
   <div class='ocr_carea' id='block_1_87' title="bbox 1810 2756 3398 2830">
    <p class='ocr_par' dir='ltr' id='par_1_87' title="bbox 1810 2756 3398 2830">
     <span class='ocr_line' id='line_1_87' title="bbox 1810 2756 3398 2830; baseline 0.004 -17"><span class='ocrx_word' id='word_1_614' title='bbox 1810 2756 1986 2813; x_wconf 91' lang='lat' dir='ltr'><strong>cunda</strong></span> <span class='ocrx_word' id='word_1_615' title='bbox 2035 2756 2275 2814; x_wconf 89' lang='lat' dir='ltr'><strong>humano</strong></span> <span class='ocrx_word' id='word_1_616' title='bbox 2325 2757 2514 2829; x_wconf 91' lang='lat' dir='ltr'><strong>generi</strong></span> <span class='ocrx_word' id='word_1_617' title='bbox 2560 2757 2783 2830; x_wconf 87' lang='lat' dir='ltr'><strong>praemia</strong></span> <span class='ocrx_word' id='word_1_618' title='bbox 2832 2760 3167 2829; x_wconf 68' lang='lat' dir='ltr'><strong>praestitisti,</strong></span> <span class='ocrx_word' id='word_1_619' title='bbox 3199 2762 3398 2829; x_wconf 88' lang='lat' dir='ltr'><strong>tribue,</strong></span> 
     </span>
    </p>
   </div>
   <div class='ocr_carea' id='block_1_88' title="bbox 1809 2849 3402 2923">
    <p class='ocr_par' dir='ltr' id='par_1_88' title="bbox 1809 2849 3402 2923">
     <span class='ocr_line' id='line_1_88' title="bbox 1809 2849 3402 2923; baseline 0.004 -20"><span class='ocrx_word' id='word_1_620' title='bbox 1809 2862 2141 2920; x_wconf 65' lang='lat' dir='ltr'><strong>quaesumus,</strong></span> <span class='ocrx_word' id='word_1_621' title='bbox 2170 2857 2233 2905; x_wconf 91' lang='lat' dir='ltr'><strong>ut</strong></span> <span class='ocrx_word' id='word_1_622' title='bbox 2271 2849 2446 2921; x_wconf 89' lang='lat' dir='ltr'><strong>ipsam</strong></span> <span class='ocrx_word' id='word_1_623' title='bbox 2479 2865 2578 2923; x_wconf 91' lang='lat' dir='ltr'><strong>pro</strong></span> <span class='ocrx_word' id='word_1_624' title='bbox 2622 2849 2778 2907; x_wconf 92' lang='lat' dir='ltr'><strong>nobis</strong></span> <span class='ocrx_word' id='word_1_625' title='bbox 2817 2849 3157 2909; x_wconf 88' lang='lat' dir='ltr'><strong>intercedere</strong></span> <span class='ocrx_word' id='word_1_626' title='bbox 3199 2855 3402 2910; x_wconf 89' lang='lat' dir='ltr'><strong>sentia-</strong></span> 
     </span>
    </p>
   </div>
   <div class='ocr_carea' id='block_1_89' title="bbox 1808 2942 3396 3017">
    <p class='ocr_par' dir='ltr' id='par_1_89' title="bbox 1808 2942 3396 3017">
     <span class='ocr_line' id='line_1_89' title="bbox 1808 2942 3396 3017; baseline 0.005 -22"><span class='ocrx_word' id='word_1_627' title='bbox 1808 2954 1950 3008; x_wconf 90' lang='lat' dir='ltr'><strong>mus,</strong></span> <span class='ocrx_word' id='word_1_628' title='bbox 1990 2955 2090 3012; x_wconf 90' lang='lat' dir='ltr'><strong>per</strong></span> <span class='ocrx_word' id='word_1_629' title='bbox 2132 2957 2298 3013; x_wconf 90' lang='lat' dir='ltr'><strong>quam</strong></span> <span class='ocrx_word' id='word_1_630' title='bbox 2325 2942 2625 3000; x_wconf 89' lang='lat' dir='ltr'><strong>meruimus</strong></span> <span class='ocrx_word' id='word_1_631' title='bbox 2651 2949 2931 2999; x_wconf 88' lang='lat' dir='ltr'><strong>auctorem</strong></span> <span class='ocrx_word' id='word_1_632' title='bbox 2950 2942 3078 3000; x_wconf 65' lang='lat' dir='ltr'><strong>vitae</strong></span> <span class='ocrx_word' id='word_1_633' title='bbox 3096 2945 3396 3017; x_wconf 82' lang='lat' dir='ltr'><strong>suscipere,</strong></span> 
     </span>
    </p>
   </div>
   <div class='ocr_carea' id='block_1_90' title="bbox 1809 3030 2910 3089">
    <p class='ocr_par' dir='ltr' id='par_1_90' title="bbox 1809 3030 2910 3089">
     <span class='ocr_line' id='line_1_90' title="bbox 1809 3030 2910 3089; baseline -0.002 0"><span class='ocrx_word' id='word_1_634' title='bbox 1809 3030 2098 3089; x_wconf 89' lang='lat' dir='ltr'><strong>Dominum</strong></span> <span class='ocrx_word' id='word_1_635' title='bbox 2124 3040 2373 3089; x_wconf 87' lang='lat' dir='ltr'><strong>nostmm</strong></span> <span class='ocrx_word' id='word_1_636' title='bbox 2399 3032 2586 3089; x_wconf 77' lang='lat' dir='ltr'><strong>Jesum</strong></span> <span class='ocrx_word' id='word_1_637' title='bbox 2611 3031 2910 3089; x_wconf 77' lang='lat' dir='ltr'><strong>Christum.</strong></span> 
     </span>
    </p>
   </div>
   <div class='ocr_carea' id='block_1_91' title="bbox 2477 3148 2713 3205">
    <p class='ocr_par' dir='ltr' id='par_1_91' title="bbox 2477 3148 2713 3205">
     <span class='ocr_line' id='line_1_91' title="bbox 2477 3148 2713 3205; baseline -0.008 0"><span class='ocrx_word' id='word_1_638' title='bbox 2477 3148 2713 3205; x_wconf 80' lang='lat' dir='ltr'><strong>Secreta.</strong></span> 
     </span>
    </p>
   </div>
   <div class='ocr_carea' id='block_1_92' title="bbox 1880 3262 3400 3337">
    <p class='ocr_par' dir='ltr' id='par_1_92' title="bbox 1880 3262 3400 3337">
     <span class='ocr_line' id='line_1_92' title="bbox 1880 3262 3400 3337; baseline 0 -15"><span class='ocrx_word' id='word_1_639' title='bbox 1880 3265 2191 3324; x_wconf 81' lang='lat' dir='ltr'><strong>Muneribus</strong></span> <span class='ocrx_word' id='word_1_640' title='bbox 2227 3265 2448 3331; x_wconf 90' lang='lat' dir='ltr'><strong>nostris,</strong></span> <span class='ocrx_word' id='word_1_641' title='bbox 2500 3262 2747 3331; x_wconf 92' lang='lat' dir='ltr'><strong>Domine,</strong></span> <span class='ocrx_word' id='word_1_642' title='bbox 2798 3266 3160 3337; x_wconf 82' lang='lat' dir='ltr'><strong>precibusque</strong></span> <span class='ocrx_word' id='word_1_643' title='bbox 3207 3281 3400 3323; x_wconf 87' lang='lat' dir='ltr'><strong>susce-</strong></span> 
     </span>
    </p>
   </div>
   <div class='ocr_carea' id='block_1_93' title="bbox 1807 3355 3396 3431">
    <p class='ocr_par' dir='ltr' id='par_1_93' title="bbox 1807 3355 3396 3431">
     <span class='ocr_line' id='line_1_93' title="bbox 1807 3355 3396 3431; baseline -0.001 -17"><span class='ocrx_word' id='word_1_644' title='bbox 1807 3358 1935 3431; x_wconf 87' lang='lat' dir='ltr'><strong>ptis,</strong></span> <span class='ocrx_word' id='word_1_645' title='bbox 1962 3365 2017 3414; x_wconf 92' lang='lat' dir='ltr'><strong>et</strong></span> <span class='ocrx_word' id='word_1_646' title='bbox 2041 3357 2357 3415; x_wconf 74' lang='lat' dir='ltr'><strong>coelestibus</strong></span> <span class='ocrx_word' id='word_1_647' title='bbox 2386 3371 2485 3412; x_wconf 92' lang='lat' dir='ltr'><strong>nos</strong></span> <span class='ocrx_word' id='word_1_648' title='bbox 2513 3355 2715 3412; x_wconf 90' lang='lat' dir='ltr'><strong>munda</strong></span> <span class='ocrx_word' id='word_1_649' title='bbox 2743 3357 3048 3428; x_wconf 87' lang='lat' dir='ltr'><strong>mysteriis,</strong></span> <span class='ocrx_word' id='word_1_650' title='bbox 3075 3365 3132 3414; x_wconf 90' lang='lat' dir='ltr'><strong>et</strong></span> <span class='ocrx_word' id='word_1_651' title='bbox 3159 3357 3396 3414; x_wconf 88' lang='lat' dir='ltr'><strong>clemen-</strong></span> 
     </span>
    </p>
   </div>
   <div class='ocr_carea' id='block_1_94' title="bbox 1809 3448 2300 3506">
    <p class='ocr_par' dir='ltr' id='par_1_94' title="bbox 1809 3448 2300 3506">
     <span class='ocr_line' id='line_1_94' title="bbox 1809 3448 2300 3506; baseline -0.006 -1"><span class='ocrx_word' id='word_1_652' title='bbox 1809 3457 1893 3506; x_wconf 90' lang='lat' dir='ltr'><strong>ter</strong></span> <span class='ocrx_word' id='word_1_653' title='bbox 1920 3449 2137 3505; x_wconf 89' lang='lat' dir='ltr'><strong>exaudi.</strong></span> <span class='ocrx_word' id='word_1_654' title='bbox 2176 3448 2300 3504; x_wconf 90' lang='lat' dir='ltr'><strong>Per.</strong></span> 
     </span>
    </p>
   </div>
   <div class='ocr_carea' id='block_1_95' title="bbox 2287 3556 2918 3614">
    <p class='ocr_par' dir='ltr' id='par_1_95' title="bbox 2287 3556 2918 3614">
     <span class='ocr_line' id='line_1_95' title="bbox 2287 3556 2918 3614; baseline 0.002 -1"><span class='ocrx_word' id='word_1_655' title='bbox 2287 3557 2418 3614; x_wconf 72' lang='lat' dir='ltr'><strong>Post</strong></span> <span class='ocrx_word' id='word_1_656' title='bbox 2467 3556 2918 3614; x_wconf 82' lang='lat' dir='ltr'><strong>Communionem.</strong></span> 
     </span>
    </p>
   </div>
   <div class='ocr_carea' id='block_1_96' title="bbox 1877 3668 3394 3742">
    <p class='ocr_par' dir='ltr' id='par_1_96' title="bbox 1877 3668 3394 3742">
     <span class='ocr_line' id='line_1_96' title="bbox 1877 3668 3394 3742; baseline -0.001 -15"><span class='ocrx_word' id='word_1_657' title='bbox 1877 3671 1959 3727; x_wconf 90' lang='lat' dir='ltr'><strong>Da</strong></span> <span class='ocrx_word' id='word_1_658' title='bbox 1983 3670 2159 3736; x_wconf 88' lang='lat' dir='ltr'><strong>nobis,</strong></span> <span class='ocrx_word' id='word_1_659' title='bbox 2197 3684 2526 3741; x_wconf 60' lang='lat' dir='ltr'><strong>quaesumus,</strong></span> <span class='ocrx_word' id='word_1_660' title='bbox 2557 3668 2784 3725; x_wconf 86' lang='lat' dir='ltr'><strong>Domine</strong></span> <span class='ocrx_word' id='word_1_661' title='bbox 2808 3668 2952 3725; x_wconf 90' lang='lat' dir='ltr'><strong>Deus</strong></span> <span class='ocrx_word' id='word_1_662' title='bbox 2991 3681 3194 3737; x_wconf 87' lang='lat' dir='ltr'><strong>noster,</strong></span> <span class='ocrx_word' id='word_1_663' title='bbox 3220 3679 3280 3725; x_wconf 91' lang='lat' dir='ltr'><strong>ut</strong></span> <span class='ocrx_word' id='word_1_664' title='bbox 3299 3671 3394 3742; x_wconf 89' lang='lat' dir='ltr'><strong>qui</strong></span> 
     </span>
    </p>
   </div>
   <div class='ocr_carea' id='block_1_97' title="bbox 1807 3757 3390 3832">
    <p class='ocr_par' dir='ltr' id='par_1_97' title="bbox 1807 3757 3390 3832">
     <span class='ocr_line' id='line_1_97' title="bbox 1807 3757 3390 3832; baseline -0.001 -15"><span class='ocrx_word' id='word_1_665' title='bbox 1807 3761 2144 3817; x_wconf 87' lang='lat' dir='ltr'><strong>nativitatem</strong></span> <span class='ocrx_word' id='word_1_666' title='bbox 2181 3759 2393 3815; x_wconf 88' lang='lat' dir='ltr'><strong>Domini</strong></span> <span class='ocrx_word' id='word_1_667' title='bbox 2417 3759 2593 3816; x_wconf 90' lang='lat' dir='ltr'><strong>nostri</strong></span> <span class='ocrx_word' id='word_1_668' title='bbox 2621 3758 2750 3814; x_wconf 86' lang='lat' dir='ltr'><strong>Jesu</strong></span> <span class='ocrx_word' id='word_1_669' title='bbox 2775 3757 2977 3815; x_wconf 87' lang='lat' dir='ltr'><strong>Christi</strong></span> <span class='ocrx_word' id='word_1_670' title='bbox 3004 3775 3106 3817; x_wconf 90' lang='lat' dir='ltr'><strong>nos</strong></span> <span class='ocrx_word' id='word_1_671' title='bbox 3131 3759 3390 3832; x_wconf 65' lang='lat' dir='ltr'><strong>frequen~</strong></span> 
     </span>
    </p>
   </div>
   <div class='ocr_carea' id='block_1_98' title="bbox 1808 3850 3396 3926">
    <p class='ocr_par' dir='ltr' id='par_1_98' title="bbox 1808 3850 3396 3926">
     <span class='ocr_line' id='line_1_98' title="bbox 1808 3850 3396 3926; baseline -0.002 -16"><span class='ocrx_word' id='word_1_672' title='bbox 1808 3863 1925 3911; x_wconf 89' lang='lat' dir='ltr'><strong>tare</strong></span> <span class='ocrx_word' id='word_1_673' title='bbox 1948 3852 2261 3926; x_wconf 88' lang='lat' dir='ltr'><strong>gaudemus,</strong></span> <span class='ocrx_word' id='word_1_674' title='bbox 2295 3850 2471 3924; x_wconf 88' lang='lat' dir='ltr'><strong>dignis</strong></span> <span class='ocrx_word' id='word_1_675' title='bbox 2491 3850 3011 3919; x_wconf 88' lang='lat' dir='ltr'><strong>conversationibus,</strong></span> <span class='ocrx_word' id='word_1_676' title='bbox 3040 3852 3110 3909; x_wconf 89' lang='lat' dir='ltr'><strong>ad</strong></span> <span class='ocrx_word' id='word_1_677' title='bbox 3136 3852 3256 3924; x_wconf 89' lang='lat' dir='ltr'><strong>ejus</strong></span> <span class='ocrx_word' id='word_1_678' title='bbox 3282 3866 3396 3908; x_wconf 51' lang='lat' dir='ltr'><strong>me.</strong></span> 
     </span>
    </p>
   </div>
   <div class='ocr_carea' id='block_1_99' title="bbox 1808 3939 3402 4015">
    <p class='ocr_par' dir='ltr' id='par_1_99' title="bbox 1808 3939 3402 4015">
     <span class='ocr_line' id='line_1_99' title="bbox 1808 3939 3402 4015; baseline -0.002 -14"><span class='ocrx_word' id='word_1_679' title='bbox 1808 3959 2028 4002; x_wconf 88' lang='lat' dir='ltr'><strong>reamur</strong></span> <span class='ocrx_word' id='word_1_680' title='bbox 2074 3944 2349 4015; x_wconf 90' lang='lat' dir='ltr'><strong>pertinere</strong></span> <span class='ocrx_word' id='word_1_681' title='bbox 2397 3941 2753 3999; x_wconf 91' lang='lat' dir='ltr'><strong>consortium.</strong></span> <span class='ocrx_word' id='word_1_682' title='bbox 2822 3939 2928 3998; x_wconf 87' lang='lat' dir='ltr'><strong>Per</strong></span> <span class='ocrx_word' id='word_1_683' title='bbox 2974 3942 3261 4000; x_wconf 89' lang='lat' dir='ltr'><strong>Dominum</strong></span> <span class='ocrx_word' id='word_1_684' title='bbox 3308 3958 3402 3999; x_wconf 89' lang='lat' dir='ltr'><strong>no-</strong></span> 
     </span>
    </p>
   </div>
   <div class='ocr_carea' id='block_1_100' title="bbox 1806 4044 2000 4125">
    <p class='ocr_par' dir='ltr' id='par_1_100' title="bbox 1806 4044 2000 4093">
     <span class='ocr_line' id='line_1_100' title="bbox 1806 4044 2000 4093; baseline -0.015 0"><span class='ocrx_word' id='word_1_685' title='bbox 1806 4044 2000 4093; x_wconf 83' lang='lat' dir='ltr'><strong>strum.</strong></span> 
     </span>
    </p>
   </div>
   <div class='ocr_carea' id='block_1_101' title="bbox 2561 4124 2649 4182">
    <p class='ocr_par' dir='ltr' id='par_1_101' title="bbox 2561 4124 2649 4182">
     <span class='ocr_line' id='line_1_101' title="bbox 2561 4124 2649 4182; baseline 0 0"><span class='ocrx_word' id='word_1_686' title='bbox 2561 4124 2649 4182; x_wconf 82' lang='lat' dir='ltr'><strong>VI.</strong></span> 
     </span>
    </p>
   </div>
   <div class='ocr_carea' id='block_1_102' title="bbox 2102 4255 3098 4311">
    <p class='ocr_par' dir='ltr' id='par_1_102' title="bbox 2102 4255 3098 4311">
     <span class='ocr_line' id='line_1_102' title="bbox 2102 4255 3098 4311; baseline 0.002 -14"><span class='ocrx_word' id='word_1_687' title='bbox 2102 4255 2356 4297; x_wconf 75' lang='lat' dir='ltr'><strong>DOIINICA</strong></span> <span class='ocrx_word' id='word_1_688' title='bbox 2395 4255 2434 4295; x_wconf 86' lang='grc' dir='ltr'>ιι</span> <span class='ocrx_word' id='word_1_689' title='bbox 2472 4255 2604 4311; x_wconf 71' lang='lat' dir='ltr'><strong>POST</strong></span> <span class='ocrx_word' id='word_1_690' title='bbox 2643 4257 2853 4298; x_wconf 71' lang='lat' dir='ltr'><strong>NATALE</strong></span> <span class='ocrx_word' id='word_1_691' title='bbox 2890 4259 3098 4300; x_wconf 78' lang='lat' dir='ltr'><strong>DOIIINI.</strong></span> 
     </span>
    </p>
   </div>
   <div class='ocr_carea' id='block_1_103' title="bbox 1803 4333 3401 4407">
    <p class='ocr_par' dir='ltr' id='par_1_103' title="bbox 1803 4333 3401 4407">
     <span class='ocr_line' id='line_1_103' title="bbox 1803 4333 3401 4407; baseline 0.003 -17"><span class='ocrx_word' id='word_1_692' title='bbox 1803 4392 1807 4397; x_wconf 72' lang='grc'>,</span> <span class='ocrx_word' id='word_1_693' title='bbox 1877 4333 2232 4404; x_wconf 91' lang='lat' dir='ltr'><strong>Omnipotens</strong></span> <span class='ocrx_word' id='word_1_694' title='bbox 2258 4334 2588 4405; x_wconf 89' lang='lat' dir='ltr'><strong>sempiterne</strong></span> <span class='ocrx_word' id='word_1_695' title='bbox 2618 4335 2791 4401; x_wconf 63' lang='lat' dir='ltr'><strong>Deus,</strong></span> <span class='ocrx_word' id='word_1_696' title='bbox 2812 4336 2985 4407; x_wconf 85' lang='lat' dir='ltr'><strong>dirige</strong></span> <span class='ocrx_word' id='word_1_697' title='bbox 3007 4346 3162 4394; x_wconf 88' lang='lat' dir='ltr'><strong>actus</strong></span> <span class='ocrx_word' id='word_1_698' title='bbox 3182 4347 3401 4394; x_wconf 90' lang='lat' dir='ltr'><strong>nostros</strong></span> 
     </span>
    </p>
   </div>
   <div class='ocr_carea' id='block_1_104' title="bbox 1809 4429 3398 4501">
    <p class='ocr_par' dir='ltr' id='par_1_104' title="bbox 1809 4429 3398 4501">
     <span class='ocr_line' id='line_1_104' title="bbox 1809 4429 3398 4501; baseline -0.001 -14"><span class='ocrx_word' id='word_1_699' title='bbox 1809 4431 1870 4487; x_wconf 88' lang='lat' dir='ltr'><strong>in</strong></span> <span class='ocrx_word' id='word_1_700' title='bbox 1904 4429 2244 4501; x_wconf 86' lang='lat' dir='ltr'><strong>beneplacito</strong></span> <span class='ocrx_word' id='word_1_701' title='bbox 2292 4441 2405 4495; x_wconf 90' lang='lat' dir='ltr'><strong>tuo,</strong></span> <span class='ocrx_word' id='word_1_702' title='bbox 2463 4436 2523 4484; x_wconf 91' lang='lat' dir='ltr'><strong>ut</strong></span> <span class='ocrx_word' id='word_1_703' title='bbox 2567 4429 2622 4484; x_wconf 91' lang='lat' dir='ltr'><strong>in</strong></span> <span class='ocrx_word' id='word_1_704' title='bbox 2678 4430 2894 4486; x_wconf 89' lang='lat' dir='ltr'><strong>nomine</strong></span> <span class='ocrx_word' id='word_1_705' title='bbox 2942 4430 3064 4486; x_wconf 86' lang='lat' dir='ltr'><strong>Filii</strong></span> <span class='ocrx_word' id='word_1_706' title='bbox 3105 4431 3181 4486; x_wconf 91' lang='lat' dir='ltr'><strong>tui</strong></span> <span class='ocrx_word' id='word_1_707' title='bbox 3217 4430 3398 4501; x_wconf 70' lang='lat' dir='ltr'><strong>dilecti</strong></span> 
     </span>
    </p>
   </div>
   <div class='ocr_carea' id='block_1_105' title="bbox 1811 4521 3391 4591">
    <p class='ocr_par' dir='ltr' id='par_1_105' title="bbox 1811 4521 3391 4591">
     <span class='ocr_line' id='line_1_105' title="bbox 1811 4521 3391 4591; baseline -0.001 -13"><span class='ocrx_word' id='word_1_708' title='bbox 1811 4537 2119 4579; x_wconf 87' lang='lat' dir='ltr'><strong>mereamur</strong></span> <span class='ocrx_word' id='word_1_709' title='bbox 2166 4521 2324 4578; x_wconf 85' lang='lat' dir='ltr'><strong>bonis</strong></span> <span class='ocrx_word' id='word_1_710' title='bbox 2359 4521 2616 4591; x_wconf 87' lang='lat' dir='ltr'><strong>operibus</strong></span> <span class='ocrx_word' id='word_1_711' title='bbox 2654 4521 2950 4579; x_wconf 87' lang='lat' dir='ltr'><strong>abundare.</strong></span> <span class='ocrx_word' id='word_1_712' title='bbox 2985 4522 3089 4580; x_wconf 89' lang='lat' dir='ltr'><strong>Per</strong></span> <span class='ocrx_word' id='word_1_713' title='bbox 3116 4524 3391 4580; x_wconf 74' lang='lat' dir='ltr'><strong>eumdem.</strong></span> 
     </span>
    </p>
   </div>
   <div class='ocr_carea' id='block_1_106' title="bbox 2484 4630 2714 4689">
    <p class='ocr_par' dir='ltr' id='par_1_106' title="bbox 2484 4630 2714 4689">
     <span class='ocr_line' id='line_1_106' title="bbox 2484 4630 2714 4689; baseline -0.009 0"><span class='ocrx_word' id='word_1_714' title='bbox 2484 4630 2714 4689; x_wconf 87' lang='lat' dir='ltr'><strong>Secreta.</strong></span> 
     </span>
    </p>
   </div>
   <div class='ocr_carea' id='block_1_107' title="bbox 1880 4747 3395 4820">
    <p class='ocr_par' dir='ltr' id='par_1_107' title="bbox 1880 4747 3395 4820">
     <span class='ocr_line' id='line_1_107' title="bbox 1880 4747 3395 4820; baseline 0 -13"><span class='ocrx_word' id='word_1_715' title='bbox 1880 4749 2153 4817; x_wconf 87' lang='lat' dir='ltr'><strong>Concede,</strong></span> <span class='ocrx_word' id='word_1_716' title='bbox 2186 4754 2513 4819; x_wconf 65' lang='lat' dir='ltr'><strong>quaesumus,</strong></span> <span class='ocrx_word' id='word_1_717' title='bbox 2546 4756 2607 4804; x_wconf 92' lang='lat' dir='ltr'><strong>ut</strong></span> <span class='ocrx_word' id='word_1_718' title='bbox 2635 4748 2807 4805; x_wconf 90' lang='lat' dir='ltr'><strong>oculis</strong></span> <span class='ocrx_word' id='word_1_719' title='bbox 2828 4757 2932 4805; x_wconf 85' lang='lat' dir='ltr'><strong>tuae</strong></span> <span class='ocrx_word' id='word_1_720' title='bbox 2952 4747 3248 4820; x_wconf 72' lang='lat' dir='ltr'><strong>maiestatis</strong></span> <span class='ocrx_word' id='word_1_721' title='bbox 3275 4765 3395 4807; x_wconf 86' lang='lat' dir='ltr'><strong>mu-</strong></span> 
     </span>
    </p>
   </div>
   <div class='ocr_carea' id='block_1_108' title="bbox 1812 4838 3395 4911">
    <p class='ocr_par' dir='ltr' id='par_1_108' title="bbox 1812 4838 3395 4911">
     <span class='ocr_line' id='line_1_108' title="bbox 1812 4838 3395 4911; baseline -0.001 -13"><span class='ocrx_word' id='word_1_722' title='bbox 1812 4858 1915 4899; x_wconf 90' lang='lat' dir='ltr'><strong>nus</strong></span> <span class='ocrx_word' id='word_1_723' title='bbox 1941 4840 2202 4907; x_wconf 89' lang='lat' dir='ltr'><strong>oblatum,</strong></span> <span class='ocrx_word' id='word_1_724' title='bbox 2235 4848 2291 4896; x_wconf 91' lang='lat' dir='ltr'><strong>et</strong></span> <span class='ocrx_word' id='word_1_725' title='bbox 2318 4838 2547 4911; x_wconf 90' lang='lat' dir='ltr'><strong>gratiam</strong></span> <span class='ocrx_word' id='word_1_726' title='bbox 2590 4839 2748 4896; x_wconf 89' lang='lat' dir='ltr'><strong>nobis</strong></span> <span class='ocrx_word' id='word_1_727' title='bbox 2787 4840 3087 4897; x_wconf 89' lang='lat' dir='ltr'><strong>devotionis</strong></span> <span class='ocrx_word' id='word_1_728' title='bbox 3127 4841 3395 4911; x_wconf 86' lang='lat' dir='ltr'><strong>obtineat,</strong></span> 
     </span>
    </p>
   </div>
   <div class='ocr_carea' id='block_1_109' title="bbox 1810 4934 3397 5007">
    <p class='ocr_par' dir='ltr' id='par_1_109' title="bbox 1810 4934 3397 5007">
     <span class='ocr_line' id='line_1_109' title="bbox 1810 4934 3397 5007; baseline 0.001 -15"><span class='ocrx_word' id='word_1_729' title='bbox 1810 4945 1867 4992; x_wconf 92' lang='lat' dir='ltr'><strong>et</strong></span> <span class='ocrx_word' id='word_1_730' title='bbox 1907 4934 2381 5007; x_wconf 72' lang='lat' dir='ltr'><strong>eﬂ&#39;eetum_beat:c</strong></span> <span class='ocrx_word' id='word_1_731' title='bbox 2428 4934 2785 5005; x_wconf 88' lang='lat' dir='ltr'><strong>perennitatis</strong></span> <span class='ocrx_word' id='word_1_732' title='bbox 2829 4935 3101 5007; x_wconf 87' lang='lat' dir='ltr'><strong>acquirat.</strong></span> <span class='ocrx_word' id='word_1_733' title='bbox 3146 4934 3249 4993; x_wconf 87' lang='lat' dir='ltr'><strong>Per</strong></span> <span class='ocrx_word' id='word_1_734' title='bbox 3292 4936 3397 4993; x_wconf 90' lang='lat' dir='ltr'><strong>Do-</strong></span> 
     </span>
    </p>
   </div>
   <div class='ocr_carea' id='block_1_110' title="bbox 1813 5030 2038 5087">
    <p class='ocr_par' dir='ltr' id='par_1_110' title="bbox 1813 5030 2038 5087">
     <span class='ocr_line' id='line_1_110' title="bbox 1813 5030 2038 5087; baseline -0.013 0"><span class='ocrx_word' id='word_1_735' title='bbox 1813 5030 2038 5087; x_wconf 90' lang='lat' dir='ltr'><strong>minum.</strong></span> 
     </span>
    </p>
   </div>
   <div class='ocr_carea' id='block_1_111' title="bbox 2294 5109 2933 5156">
    <p class='ocr_par' dir='ltr' id='par_1_111' title="bbox 2294 5109 2933 5156">
     <span class='ocr_line' id='line_1_111' title="bbox 2294 5109 2933 5156; baseline 0.002 -2"><span class='ocrx_word' id='word_1_736' title='bbox 2294 5109 2424 5155; x_wconf 65' lang='grc' dir='ltr'><strong>μου</strong></span> <span class='ocrx_word' id='word_1_737' title='bbox 2477 5116 2907 5156; x_wconf 67' lang='lat' dir='ltr'><strong>communionem</strong></span> <span class='ocrx_word' id='word_1_738' title='bbox 2919 5141 2933 5155; x_wconf 85' lang='lat'><strong>.</strong></span> 
     </span>
    </p>
   </div>
   <div class='ocr_carea' id='block_1_112' title="bbox 1804 5214 3394 5287">
    <p class='ocr_par' dir='ltr' id='par_1_112' title="bbox 1804 5214 3394 5287">
     <span class='ocr_line' id='line_1_112' title="bbox 1804 5214 3394 5287; baseline 0.001 -16"><span class='ocrx_word' id='word_1_739' title='bbox 1804 5248 1807 5253; x_wconf 95' lang='lat'><strong><em>-</em></strong></span> <span class='ocrx_word' id='word_1_740' title='bbox 1879 5216 1981 5272; x_wconf 89' lang='lat' dir='ltr'><strong>Per</strong></span> <span class='ocrx_word' id='word_1_741' title='bbox 2004 5216 2183 5287; x_wconf 91' lang='lat' dir='ltr'><strong>hujus,</strong></span> <span class='ocrx_word' id='word_1_742' title='bbox 2211 5214 2461 5282; x_wconf 90' lang='lat' dir='ltr'><strong>Domine,</strong></span> <span class='ocrx_word' id='word_1_743' title='bbox 2491 5214 2858 5286; x_wconf 89' lang='lat' dir='ltr'><strong>operationem</strong></span> <span class='ocrx_word' id='word_1_744' title='bbox 2890 5214 3157 5287; x_wconf 88' lang='lat' dir='ltr'><strong>mysterii,</strong></span> <span class='ocrx_word' id='word_1_745' title='bbox 3182 5224 3236 5272; x_wconf 92' lang='lat' dir='ltr'><strong>et</strong></span> <span class='ocrx_word' id='word_1_746' title='bbox 3262 5215 3394 5273; x_wconf 81' lang='lat' dir='ltr'><strong>vitia‘</strong></span> 
     </span>
    </p>
   </div>
   <div class='ocr_carea' id='block_1_113' title="bbox 1808 5304 3394 5380">
    <p class='ocr_par' dir='ltr' id='par_1_113' title="bbox 1808 5304 3394 5380">
     <span class='ocr_line' id='line_1_113' title="bbox 1808 5304 3394 5380; baseline -0.001 -16"><span class='ocrx_word' id='word_1_747' title='bbox 1808 5317 1992 5366; x_wconf 86' lang='lat' dir='ltr'><strong>nostra</strong></span> <span class='ocrx_word' id='word_1_748' title='bbox 2033 5316 2361 5380; x_wconf 89' lang='lat' dir='ltr'><strong>purgentur,</strong></span> <span class='ocrx_word' id='word_1_749' title='bbox 2414 5316 2469 5363; x_wconf 92' lang='lat' dir='ltr'><strong>et</strong></span> <span class='ocrx_word' id='word_1_750' title='bbox 2502 5304 2647 5376; x_wconf 76' lang='lat' dir='ltr'><strong>iusta</strong></span> <span class='ocrx_word' id='word_1_751' title='bbox 2693 5306 2958 5362; x_wconf 88' lang='lat' dir='ltr'><strong>desideria</strong></span> <span class='ocrx_word' id='word_1_752' title='bbox 3001 5306 3394 5379; x_wconf 87' lang='lat' dir='ltr'><strong>compleantur.</strong></span> 
     </span>
    </p>
   </div>
   <div class='ocr_carea' id='block_1_114' title="bbox 1806 5401 2481 5460">
    <p class='ocr_par' dir='ltr' id='par_1_114' title="bbox 1806 5401 2481 5460">
     <span class='ocr_line' id='line_1_114' title="bbox 1806 5401 2481 5460; baseline 0.001 -2"><span class='ocrx_word' id='word_1_753' title='bbox 1806 5401 1929 5460; x_wconf 88' lang='lat' dir='ltr'><strong>Per.</strong></span> <span class='ocrx_word' id='word_1_754' title='bbox 2278 5436 2293 5451; x_wconf 71' lang='grc' dir='ltr'><strong>ι</strong></span> <span class='ocrx_word' id='word_1_755' title='bbox 2468 5412 2481 5421; x_wconf 86' lang='lat'><strong><em>‘</em></strong></span> 
     </span>
    </p>
   </div>
   <div class='ocr_carea' id='block_1_115' title="bbox 1880 5530 3398 5601">
    <p class='ocr_par' dir='ltr' id='par_1_115' title="bbox 1880 5530 3398 5601">
     <span class='ocr_line' id='line_1_115' title="bbox 1880 5530 3398 5601; baseline -0.001 -12"><span class='ocrx_word' id='word_1_756' title='bbox 1880 5546 1906 5576; x_wconf 72' lang='grc' dir='ltr'>α</span> <span class='ocrx_word' id='word_1_757' title='bbox 1945 5534 2013 5589; x_wconf 88' lang='lat' dir='ltr'><strong>Et</strong></span> <span class='ocrx_word' id='word_1_758' title='bbox 2035 5534 2081 5589; x_wconf 90' lang='lat' dir='ltr'><strong>si</strong></span> <span class='ocrx_word' id='word_1_759' title='bbox 2112 5533 2257 5590; x_wconf 90' lang='lat' dir='ltr'><strong>solus</strong></span> <span class='ocrx_word' id='word_1_760' title='bbox 2280 5532 2399 5587; x_wconf 87' lang='lat' dir='ltr'><strong>cod.</strong></span> <span class='ocrx_word' id='word_1_761' title='bbox 2434 5530 2621 5587; x_wconf 85' lang='lat' dir='ltr'><strong>Colon.</strong></span> <span class='ocrx_word' id='word_1_762' title='bbox 2656 5530 2852 5601; x_wconf 80' lang='lat' dir='ltr'><strong>lihrum</strong></span> <span class='ocrx_word' id='word_1_763' title='bbox 2884 5533 3026 5588; x_wconf 89' lang='lat' dir='ltr'><strong>hunc</strong></span> <span class='ocrx_word' id='word_1_764' title='bbox 3051 5548 3090 5587; x_wconf 86' lang='lat' dir='ltr'><strong>ll</strong></span> <span class='ocrx_word' id='word_1_765' title='bbox 3119 5531 3398 5589; x_wconf 83' lang='lat' dir='ltr'><strong>contineat</strong></span> 
     </span>
    </p>
   </div>
   <div class='ocr_carea' id='block_1_116' title="bbox 1825 5602 3395 5674">
    <p class='ocr_par' dir='ltr' id='par_1_116' title="bbox 1825 5602 3395 5674">
     <span class='ocr_line' id='line_1_116' title="bbox 1825 5602 3395 5674; baseline -0.003 -13"><span class='ocrx_word' id='word_1_766' title='bbox 1825 5605 2093 5674; x_wconf 81' lang='lat' dir='ltr'><strong>)lerasque</strong></span> <span class='ocrx_word' id='word_1_767' title='bbox 2110 5615 2286 5660; x_wconf 88' lang='lat' dir='ltr'><strong>tamen</strong></span> <span class='ocrx_word' id='word_1_768' title='bbox 2308 5617 2498 5659; x_wconf 89' lang='lat' dir='ltr'><strong>omnes</strong></span> <span class='ocrx_word' id='word_1_769' title='bbox 2520 5602 2796 5674; x_wconf 88' lang='lat' dir='ltr'><strong>orationes</strong></span> <span class='ocrx_word' id='word_1_770' title='bbox 2815 5604 2920 5660; x_wconf 88' lang='lat' dir='ltr'><strong>hoc</strong></span> <span class='ocrx_word' id='word_1_771' title='bbox 2944 5604 3083 5659; x_wconf 91' lang='lat' dir='ltr'><strong>libro</strong></span> <span class='ocrx_word' id='word_1_772' title='bbox 3096 5610 3395 5674; x_wconf 80' lang='lat' dir='ltr'><strong>contentas</strong></span> 
     </span>
    </p>
   </div>
   <div class='ocr_carea' id='block_1_117' title="bbox 1811 5671 3391 5743">
    <p class='ocr_par' dir='ltr' id='par_1_117' title="bbox 1811 5671 3391 5743">
     <span class='ocr_line' id='line_1_117' title="bbox 1811 5671 3391 5743; baseline -0.003 -12"><span class='ocrx_word' id='word_1_773' title='bbox 1811 5671 2142 5733; x_wconf 39' lang='lat' dir='ltr'><strong>habent—duo</strong></span> <span class='ocrx_word' id='word_1_774' title='bbox 2169 5675 2233 5731; x_wconf 93' lang='lat' dir='ltr'><strong>D.</strong></span> <span class='ocrx_word' id='word_1_775' title='bbox 2265 5674 2500 5731; x_wconf 83' lang='lat' dir='ltr'><strong>Banonis</strong></span> <span class='ocrx_word' id='word_1_776' title='bbox 2535 5673 2803 5732; x_wconf 85' lang='lat' dir='ltr'><strong>Ganeusis</strong></span> <span class='ocrx_word' id='word_1_777' title='bbox 2837 5683 2890 5731; x_wconf 89' lang='lat' dir='ltr'><strong>et</strong></span> <span class='ocrx_word' id='word_1_778' title='bbox 2938 5672 3218 5743; x_wconf 85' lang='lat' dir='ltr'><strong>Ultraject.</strong></span> <span class='ocrx_word' id='word_1_779' title='bbox 3267 5671 3391 5729; x_wconf 88' lang='lat' dir='ltr'><strong>cod.</strong></span> 
     </span>
    </p>
   </div>
  </div>
