3954 6342
873 484 1007 565 xui.

424 589 678 661 meum
719 592 738 645 ι
776 592 905 659 rem
942 593 1181 647 unum
1221 594 1453 647 nscas-

216 696 388 761 Deus,
405 692 496 764 qui
529 693 583 747 in
606 691 728 747 Filii
757 692 833 747 tui
860 692 1165 748 humilitate
1188 692 1459 763 jacentem
1482 692 1742 748 mundum

153 785 677 853 erexisti,‘lldelibus
707 784 813 841 tuis
854 792 1171 855 perpetuam
1202 788 1437 841 concede
1476 784 1738 850 Imtitiam,

152 886 369 946 utquos
406 885 681 948 perpetere
722 877 914 933 intortis
956 876 1209 946 eripuisti
1250 876 1497 941 ossibus,
1532 876 1742 946 gaudiis

155 968 324 1035 iacias
350 968 700 1040 segmiternis
728 967 953 1040 perfrui.
987 968 1093 1031 Pet‘
1132 970 1381 1037 eundem
1429 967 1737 1027 Dominum.

164 1096 169 1121 ί
254 1114 258 1122 ι
833 1081 1067 1139 Secreta.

222 1172 666 1230 Benedictionem
696 1182 866 1241 tuam,
890 1173 1138 1239 Desiste,
1170 1172 1329 1229 nobis
1364 1171 1612 1229 mutarat
1654 1186 1742 1227 sa-

150 1270 379 1325 lutarem
407 1282 567 1323 sacra
589 1281 806 1338 semper
836 1266 1083 1335 oblatio,
1108 1276 1189 1333 ut,
1217 1266 1359 1336 quod
1385 1266 1498 1337 agit
1540 1272 1740 1336 myste-

153 1363 253 1435 rio,
290 1361 493 1431 virtute
517 1359 785 1443 perﬁciat.
828 1359 951 1425 Per.

638 1472 770 1539 Best
792 1473 1244 1541 Germaniam.

216 1567 423 1625 Praesta
451 1567 633 1635 nobis.
672 1568 1018 1637 ominatum
1040 1567 1219 1636 nens,
1249 1574 1333 1633 ut,
1364 1563 1742 1631 viviﬂoationis

151 1672 252 1719 tuae
288 1653 525 1734 gratiam
567 1670 997 1737 consequentes,
1042 1662 1097 1729 in
1140 1672 1231 1729 tuo
1257 1675 1472 1729 semper
1516 1672 1741 1715 munere

149 1754 463 1833 gloriemur.
679 1736 690 1744 ’
760 1736 771 1745 γ’

695 1842 894 1929 [Super
920 1842 1191 1925 populum,

213 1956 506 2014 Familiam
538 1965 708 2022 tuam,
742 1965 873 2023 etc.,
910 1965 965 2009 ut
988 1951 1192 2035 supraal
1238 1942 1243 1949 α

873 2067 1011 2124 XIV.

424 2177 683 2225 DOIINICA
713 2175 753 2215 II
785 2175 914 2227 POST
944 2174 1180 2216 OCTAVAS
1215 2173 1448 2215 PASCIIE.

219 2254 378 2322 Deus,
430 2255 527 2325 qui
559 2253 870 2310 errantibus
910 2263 969 2307 ut
1014 2253 1069 2307 in
1097 2253 1242 2307 viam
1286 2250 1496 2322 possint
1536 2250 1734 2315 redire,

1294 374 1495 439 LIBER
1538 373 2180 441 SACRAMENTORUM.

1658 528 1661 533 ι
1764 489 1813 561 Α
1839 487 2091 558 plicibus,
2119 497 2178 544 ut
2200 495 2496 558 cogitemus
2542 495 2593 543 te
2634 487 2933 560 inspirante
2954 504 3075 560 quae
3099 497 3246 547 recta
3275 502 3424 560 sunt,

3321 374 3427 461 αρε

1843 591 1900 638 et
1922 591 1973 639 te
1991 582 2330 671 gubernante
2351 581 2540 639 eadem
2572 578 2854 662 faciamus.
2886 581 3015 665 Per.

2512 692 2748 759 Secreta.
2874 742 2879 745 .
3193 736 3199 740 .
3342 738 3349 745 .
3364 744 3375 759 ,

1916 808 2162 879 Suscipe,
2181 807 2432 874 Domine,
2453 807 2690 877 amunia
2713 780 2907 879 preces
2924 823 3051 874 cum
3064 808 3439 877 unum

1843 903 2163 967 hostiarum,
2192 909 2254 957 ut
2279 918 2378 973 per
2401 901 2517 957 haec
2539 900 2979 972 pite'devdtimitt
2999 899 3174 965 ω
3213 900 3285 967 ad
3315 915 3439 967 οὓς

1844 995 2033 1052 lestem
2057 996 2285 1069 gloriam
2314 1004 2674 1051 transeamus.
2702 994 2828 1053 Per.
2916 1046 2925 1053 .
3158 1010 3165 1055 _‘
3230 1008 3235 1011 ‘
3429 1036 3437 1057 κ

2326 1107 2455 1163 Post
2501 1106 2951 1166 Communionem.

1914 1222 2117 1279 Trihue
2166 1222 2323 1279 nobis
2344 1262 2359 1288 ,
2410 1223 2658 1288 lbmirne,
2705 1222 2966 1279 colentis"
2990 1238 3197 1287 uulsa
3230 1224 3432 1283 virtue

1846 1312 1945 1386 [αι.
1976 1314 2219 1370 ρωιθδιὶε
2255 1327 2460 1369 mensae
2484 1311 2758 1386 satietate]
2787 1313 3020 1380 satiatis,
3042 1313 3443 1381 sidonide

1843 1422 1962 1477 qua:
1984 1414 2131 1463 recta
2158 1413 2304 1473 sunt,
2336 1414 2393 1461 et
2420 1406 2726 1463 desiderata
2763 1406 3065 1478 percipere.
3091 1406 3203 1465 Pe!
3242 1406 3439 1463 [huic

1842 1515 1972 1555 num
2003 1506 2273 1557 HOStl'llm.

2552 1611 2719 1679 XVII.

2166 1738 2423 1781 υοωιιαι
2459 1739 2591 1781 1‘08!
2625 1734 2859 1783 m
2897 1738 3119 1784 κιαι.

1763 1856 1811 1929 Β
1912 1837 2267 1910 Omnipotens
2290 1839 2617 1909 sempiterne
2642 1840 2806 1907 Deus,
2826 1842 2910 1896 fac
2927 1840 3081 1897 nobis
3098 1838 3441 1912 tlbisemper

1720 1960 1735 1968 -
1840 1939 1897 1986 et
1923 1930 2172 1987 devotam
2195 1944 2384 2003 gerere
2400 1933 2767 2000 voluntatem,
2813 1941 2870 1989 et
2890 1932 3160 2004 majestati
3189 1941 3291 1989 tua:
3316 1935 3431 1990 sin-

1842 2037 1971 2079 cero
1995 2024 2162 2080 corde
2188 2025 2414 2079 servire.
2440 2023 2565 2080 Per.
2625 2042 2630 2047 υ

2510 2138 2744 2195 Secreta.

1912 2254 2194 2311 Sacriﬁcia
2224 2270 2344 2322 nos,
2382 2254 2626 2322 Domine,
2656 2254 3001 2310 immaculata
3020 2255 3326 2326 puriﬂcent,
3373 2263 3430 2311 et

145 2346 355 2418 iustitia:
377 2359 491 2406 tua:
512 2349 691 2405 lumen
714 2349 974 2415 ostendis,
1001 2350 1068 2404 da
1092 2348 1299 2404 cunctis
1319 2347 1408 2419 qui
1432 2346 1734 2403 Christiana
1839 2349 2111 2404 mentibus
2139 2349 2339 2404 nostris
2368 2364 2617 2420 supernae
2636 2349 2824 2421 gratiae
2857 2351 2986 2405 dent
3012 2350 3272 2420 vigorem.
3303 2348 3428 2405 Per.

150 2439 487 2511 professione
515 2448 826 2506 censentur,
857 2448 913 2495 et
940 2439 1030 2494 illa
1058 2454 1312 2510 respuere
1332 2454 1450 2509 qua:
1484 2439 1609 2494 huic
1630 2437 1733 2492 ini-

152 2529 280 2586 mica
307 2540 438 2586 sunt
463 2530 693 2597 nomini,
720 2538 776 2585 et
795 2544 859 2585 ea
892 2545 1015 2601 quae
1037 2538 1164 2586 sunt
1192 2538 1315 2600 apta
1341 2530 1562 2585 sectari.
1606 2527 1731 2583 Per.

720 2654 725 2659 '
828 2644 1058 2701 Secreta.

220 2738 313 2796 llis
333 2738 503 2796 nobis
534 2736 807 2812 mysteriis
833 2738 1167 2803 conferatur,
1214 2752 1323 2808 quo
1352 2746 1567 2793 terrena
1594 2735 1738 2792 desi-

151 2833 293 2890 deria
319 2834 664 2907 mitigantes,
695 2832 971 2888 discamus
1004 2845 1189 2888 amare
1215 2829 1479 2886 coelestia.
1506 2827 1631 2884 Per.

646 2945 771 3002 Post
789 2943 1241 3003 Communionem.

2326 2462 2455 2520 Post
2492 2465 2946 2520 Communionem.

1909 2580 2143 2652 Repleti,
2185 2580 2432 2647 Domine,
2466 2579 2783 2637 muneribus
2828 2578 3034 2651 sacris,
3080 2578 3179 2655 da,
3220 2592 3431 2649 quaesu-

1839 2688 1983 2739 mus,
2026 2682 2086 2728 ut
2128 2673 2183 2727 in
2231 2672 2531 2744 gratiarum
2567 2686 2785 2742 semper
2830 2670 3044 2736 actione
3093 2682 3429 2737 maneamus.

1838 2766 1964 2823 Per.

2382 2855 2577 2930 [Super
2602 2854 2873 2927 populum.
2966 2844 2972 2851 ’

1913 2975 2055 3033 Deus
2082 2974 2193 3031 vita
2221 2974 2482 3040 fidelium,
2512 2974 2681 3046 gloria
2719 2974 3026 3041 humilium,
3071 2949 3135 3030 et
3155 2975 3432 3045 beatitudo

217 3062 575 3118 Sacramenta
597 3075 717 3132 quae
740 3058 1088 3131 δυωρείιηιιεί
1123 3073 1458 3133 quaesumus.
1486 3058 1735 3124 Domine.
1834 3068 2124 3139 justorum,
2183 3066 2449 3137 propitius
2494 3067 2706 3136 suscipe
2755 3065 3053 3145 supplicum
3100 3079 3330 3137 preces;
3372 3072 3434 3120 ut

150 3170 200 3216 et
225 3160 563 3233 spiritalibus
587 3174 687 3216 nos
718 3160 989 3228 instruant
1021 3158 1310 3227 alimentis,
1340 3167 1393 3213 et
1433 3157 1734 3228 corporali-

151 3254 243 3311 bus
266 3263 529 3313 tueantur
551 3254 789 3311 auxiliis.
818 3252 923 3309 Per
966 3244 1263 3309 Dominum
1286 3259 1553 3308 nostrum.

280 3445 285 3451 '
702 3364 898 3441 [Super
913 3364 1183 3453 populum.

214 3457 483 3531 Gaudeat,
514 3467 647 3527 etc.,
672 3466 729 3513 ut
752 3459 965 3530 supra.j

884 3566 1002 3631 XV.

381 3680 640 3723 DOIINICA
679 3679 742 3733 tn
782 3677 913 3721 posr
965 3676 1205 3730 uersus
1255 3676 1492 3717 pascua.

217 3782 384 3850 Deus,
419 3782 515 3853 qui
545 3778 783 3835 ﬁdelium
813 3784 1023 3833 mentes
1043 3775 1207 3831 unius
1233 3773 1401 3833 emeis
1420 3775 1735 3840 voluntatis,

154 3874 212 3930 ds
236 3871 455 3946 populis
483 3871 608 3935 tuis,
641 3870 695 3925 id
736 3884 922 3925 amare
965 3867 1109 3938 qtmd
1137 3866 1407 3937 pmipis,
1449 3865 1503 3923 id
1534 3866 1742 3923 deside-

155 3979 270 4021 rare
290 3963 440 4035 quod
487 3961 779 4034 promittis,
827 3967 888 4014 ut
928 3959 1073 4016 inter
1114 3959 1418 4014 umndanas
1446 3959 1742 4015 varietates

155 4055 223 4111 ibi
251 4065 441 4113 nostra
469 4055 577 4110 ﬁxa
607 4054 721 4119 sint,
746 4052 932 4122 certis.
962 4053 1059 4120 tibi
1085 4067 1213 4123 Vera
1244 4061 1371 4110 sunt
1398 4053 1613 4125 gaudia.
1638 4051 1742 4108 Per

159 4148 441 4221 Dominum
465 4158 733 4217 nostrum.

844 4235 1074 4303 Secreto.

223 4331 383 4402 Deus,
412 4332 507 4406 qui
533 4347 633 4403 nos
652 4347 749 4403 per
771 4330 930 4403 hujus
952 4331 1208 4399 sacriﬁcii
1246 4329 1558 4399 veneranda
1584 4344 1739 4386 com-

157 4425 348 4480 mercia
391 4424 553 4495 unius
596 4439 819 4481 summae
862 4422 1161 4479 divinitatis
1204 4421 1503 4495 participes
1547 4420 1740 4491 eﬂlcis,

158 4526 365 4587 praesta,
394 4534 722 4597 quaesumus,
764 4527 843 4584 ut,
869 4518 1005 4572 sicut
1035 4525 1177 4571 tuam
1201 4516 1578 4587 cognoscimus
1606 4515 1747 4572 veri—

159 4613 337 4676 tatem,
360 4610 442 4666 sic
470 4624 589 4665 eam
624 4609 801 4680 dignis
834 4608 1078 4663 moribus
1110 4622 1484 4677 assequamur.
1515 4606 1639 4663 Per.

642 4718 769 4774 Post
797 4718 1246 4774 Communionem.

226 4813 444 4880 Adesto,
469 4812 697 4868 Domine
724 4813 867 4867 Deus
894 4819 1096 4877 noster,
1130 4820 1195 4866 ut
1231 4827 1331 4883 per
1371 4813 1488 4869 haec
1528 4828 1649 4884 quae
1679 4810 1742 4867 fi-

165 4904 343 4964 deliter
371 4907 725 4980 sumpsimus,
753 4915 808 4962 et
833 4921 1126 4979 purgamur
1163 4920 1195 4961 a
1240 4906 1408 4975 vitiis,
1438 4916 1493 4963 et
1541 4923 1570 4962 a
1601 4906 1744 4979 peri-

165 4998 291 5057 culis
320 5002 571 5071 omnibus
600 5015 885 5071 exuainur.
919 4999 1044 5057 Per.

419 5223 674 5264 DOIINICA
711 5223 767 5263 IV
806 5222 935 5263 POST
974 5220 1213 5275 οςτΑνΑδ
1248 5221 1482 5261 PASCIIE.

237 5316 393 5386 Deus,
420 5338 451 5377 a
478 5336 586 5391 quo
617 5322 757 5376 bona
788 5328 985 5375 cuncta
1031 5318 1355 5390 procedunt,
1387 5315 1589 5401 largire
1619 5333 1746 5389 sup-

234 5507 258 5538 ι
296 5498 646 5561 Itainscrihit
681 5498 901 5571 quidem
946 5495 1387 5571 hasDominipas
1423 5493 1550 5571 ped.
1588 5509 1706 5571 _ms.
1729 5535 1744 5561 ,

174 5579 351 5640 verum
376 5571 556 5640 plures
580 5563 820 5626 Ilissales
851 5569 1016 5623 libros
1045 5569 1245 5640 habere
1278 5565 1555 5640 ﬂaminica
1576 5563 1604 5619 Ι
1630 5575 1749 5635 post

176 5648 269 5718 eet.
305 5637 602 5718 ιξρὴιᾳοοεεη
637 5651 707 5718 et
732 5644 803 5718 in
834 5642 975 5718 hune
1024 5638 1240 5718 mnium
1283 5637 1478 5718 melius
1524 5652 1748 5699 concor-

178 5706 309 5765 diam
330 5712 453 5768 ini’ri
478 5706 599 5773 eum
621 5713 841 5781 Antiph.
874 5721 927 5767 et
950 5711 1075 5768 lect.
1102 5709 1173 5767 25
1200 5709 1621 5781 Dominicarum,
1660 5723 1747 5767 as-

176 5782 301 5853 serit
325 5782 515 5853 Berno,
549 5785 585 5838 l.
619 5786 683 5841 de
732 5779 903 5848 Miss.,
933 5800 980 5853 c.
1015 5781 1067 5836 5.
1101 5780 1417 5853 nominatim
1445 5779 1745 5853 orationem

177 5851 455 5923 explicans,
487 5850 541 5912 et
563 5854 904 5912 concordiam
932 5852 1049 5923 ejus
1092 5852 1338 5907 indicans
1361 5867 1483 5906 cum
1509 5850 1747 5921 Evange-

1843 3162 2037 3231 animae
2068 3175 2186 3231 quae
2205 3158 2594 3230 promissiones
2627 3166 2747 3215 tuas
2769 3159 2979 3224 sitiunt,
3007 3158 3074 3214 de
3096 3169 3188 3214 tua
3217 3172 3433 3230 semper

1762 3232 1808 3298 Ο
1842 3250 2172 3308 abundantia
2200 3249 2528 3321 repleantur.
2575 3246 2680 3305 Per
2709 3248 3017 3315 Dominum.
3049 3245 3070 3322 ]

2541 3358 2725 3417 XVIII.

2135 3492 2162 3521 ⁸
2202 3494 2458 3535 DOIINICA
2494 3494 2513 3533 ι
2550 3492 2681 3537 POST
2716 3492 3120 3534 PENTBCOSTEN.

1913 3598 2059 3659 Deus
2079 3597 2132 3653 in
2163 3604 2215 3651 te
2242 3594 2579 3667 sperantium
2601 3584 2883 3658 fortitudo,
2933 3592 3120 3648 adesto
3157 3591 3429 3664 propitius

1842 3689 2281 3745 lnvocationihus
2310 3687 2532 3752 nostris,
2563 3694 2619 3741 et
2658 3687 2785 3759 quia
2827 3686 2946 3741 sine
2984 3694 3040 3741 te
3082 3685 3219 3751 nihil
3258 3693 3438 3761 potest

1846 3783 2091 3838 mortalis
2118 3781 2429 3847 inﬁrmitas,
2461 3788 2659 3850 praesta
2701 3778 2960 3833 auxilium
3001 3779 3188 3848 gratiae
3214 3787 3342 3859 tuae,
3375 3785 3436 3851 ut

1845 3874 1900 3928 in
1942 3872 2303 3943 exsequendis
2331 3871 2607 3927 mandatis
2643 3870 2772 3938 tuis,
2811 3879 2867 3925 et
2907 3869 3185 3927 voluntate
3230 3868 3329 3926 tibi
3381 3876 3439 3926 et

1845 3968 2058 4024 actione
2083 3967 2413 4039 placeamus.
2444 3965 2549 4023 Per
2568 3964 2859 4025 Dominum
2894 3974 3164 4031 nostrum.

2520 4082 2755 4157 Secreta.

1919 4200 2139 4257 Hostias
2163 4206 2400 4268 nostras,
2422 4199 2669 4266 Domine,
2713 4200 2809 4255 tibi
2851 4199 3060 4255 dicatas
3079 4196 3324 4270 placatus
3345 4211 3435 4253 as-

1846 4310 2023 4362 sume,
2047 4303 2104 4349 et
2124 4294 2192 4350 ad
2221 4300 2540 4365 perpetuum
2586 4293 2744 4349 nobis
2772 4292 2948 4347 tribue
2976 4291 3264 4362 provenire
3308 4290 3436 4345 sub-

1845 4389 2063 4445 sidium.
2089 4386 2212 4443 Per.

2340 4496 2469 4553 Post
2498 4497 2949 4553 Communionem.

1765 4599 1822 4674 D
1915 4602 2122 4677 Tantis,
2148 4609 2393 4675 Domine,
2417 4607 2607 4678 repleti
2638 4607 2974 4670 muneribus,
3024 4615 3244 4676 praesta,
3287 4617 3437 4673 quae-

1842 4720 2047 4767 sumus,
2081 4715 2137 4759 ut
2159 4711 2215 4759 et
2242 4700 2502 4757 salutaria
2526 4701 2665 4755 dona
2711 4700 3013 4768 capiamus,
3041 4705 3096 4752 et
3124 4712 3154 4750 a
3183 4704 3270 4751 tua
3302 4711 3440 4750 nun-

1844 4815 2004 4872 quam
2036 4797 2192 4852 laude
2222 4809 2516 4851 cessemus.
2550 4792 2655 4848 Per
2676 4792 2963 4847 Dominum
2989 4798 3258 4846 nostrum.

2398 4909 2592 4986 [Super
2611 4908 2885 4982 populum.

1918 5031 2130 5087 Fideles
2160 5039 2299 5091 tuos,
2352 5026 2594 5092 Domine,
2625 5023 2931 5081 benedictio
2964 5020 3265 5077 desiderata
3309 5034 3441 5075 con-

1852 5127 2051 5189 ﬁrmet,
2079 5138 2198 5193 quae
2225 5136 2319 5175 eos
2344 5129 2399 5175 et
2440 5134 2469 5172 a
2505 5126 2594 5171 tua
2635 5116 2913 5171 voluntate
2944 5110 3130 5178 faciat,
3163 5126 3439 5182 nunquam

1852 5220 2178 5287 discrepare,
2211 5223 2266 5269 et
2287 5212 2392 5267 tuis
2424 5226 2637 5282 semper
2682 5207 2954 5277 indulgeat
2993 5203 3269 5262 beneﬂciis
3317 5219 3441 5276 gra-

1852 5312 2027 5368 tulari.
2060 5309 2163 5364 Per
2194 5303 2531 5393 Dominum]

1849 5492 1923 5549 lio
1951 5490 2019 5545 de
2037 5488 2269 5553 Lazaro,
2291 5494 2348 5539 et
2390 5483 2613 5539 introitu
2639 5497 2654 5553 ς
2684 5481 2905 5535 Domine
2950 5480 3006 5534 in
3050 5480 3438 5553 misericordia,

1852 5560 2012 5619 sicuti
2037 5575 2197 5629 supra
2244 5550 2513 5629 habentur
2560 5555 2612 5608 in
2639 5552 2948 5629 Lectionar.
2993 5550 3436 5629 etdntiplional'.

1854 5634 2008 5689 Dom.
2040 5630 2061 5687 I
2105 5620 2229 5701 post
2254 5636 2363 5685 oet.
2394 5625 2701 5701 Pentecost.
2753 5623 2933 5701 Quare
2952 5630 3014 5701 et
3039 5622 3128 5701 hic
3152 5620 3227 5701 ita
3257 5620 3441 5692 legen-

1852 5707 1979 5762 dum
2005 5691 2228 5766 censeo,
2255 5709 2315 5774 et
2358 5696 2720 5774 conformiter
2754 5691 2810 5750 iu
2838 5694 2910 5774 ἓξ)
2952 5691 3270 5774 Dominicis,
3296 5691 3440 5761 prae-

1852 5776 2039 5834 sertim
2067 5789 2197 5830 eum
2222 5772 2303 5829 sic
2325 5770 2491 5826 etiam
2537 5766 2838 5826 inscribant
2870 5766 2970 5822 has
2999 5765 3308 5823 Dominicas
3349 5778 3439 5819 sn-

1847 5845 2082 5913 pradicti
2108 5854 2219 5900 tres
2243 5858 2343 5899 ms.
2378 5842 2500 5897 cod.
