3954 6342
507 410 613 474 80'!

1227 518 1368 575 XIX.

648 628 904 676 nonnum
937 630 977 672 n
1012 627 1144 670 post
1183 627 1558 670 rsnrncos'rsn
1585 612 1732 685 [οοτ.
1774 611 1961 685 psmn]

582 733 773 795 Sancti
795 730 1033 789 nominis
1072 729 1176 797 tui,
1204 728 1452 794 Domine,
1501 728 1750 783 timorem
1792 725 1999 798 pariter
2037 733 2096 781 et

515 839 757 884 amorem
776 823 985 880 facnos
1027 822 1232 880 habere
1276 828 1624 893 perpetuum,
1652 820 1780 891 quia
1818 830 2092 888 nunquam

515 922 611 972 tua
634 913 1025 985 gubernatione
1042 911 1292 970 destituis
1325 928 1461 984 quos
1489 910 1546 966 in
1572 910 1845 967 soliditate
1867 917 1972 965 tua:
2015 904 2095 962 di-

512 1004 765 1064 lectionis
785 1004 1044 1063 instituis.
1070 1003 1196 1063 Per.

1177 1114 1410 1172 Secreta.

576 1225 793 1286 Oblatto
826 1242 948 1296 nos,
976 1227 1223 1295 Domine,
1248 1235 1341 1284 tuo
1382 1226 1588 1284 nomini
1615 1225 1863 1291 dicanda,
1905 1225 2093 1295 puriﬁ-

509 1326 618 1386 cet,
640 1327 701 1376 et
727 1319 795 1377 de
831 1319 920 1377 die
942 1319 1001 1377 in
1041 1318 1187 1376 diem
1230 1318 1300 1376 ad
1342 1317 1582 1375 caelestis
1626 1317 1752 1374 vitae
1798 1313 2092 1373 transferat

510 1408 805 1467 actionem.
841 1408 954 1483 Per
968 1409 1281 1468 Dominum.
1341 1484 1344 1488 Δ

1005 1519 1129 1579 Post
1154 1519 1605 1579 Communium.

577 1640 820 1712 Sumptts
858 1642 1197 1708 muneribus,
1222 1640 1481 1709 Domine,
1520 1653 1940 1711 quasumus,'ut
1966 1656 2089 1697 cum

508 1732 951 1805 frequentatione
995 1732 1242 1806 mysterii
1285 1741 1496 1827 crescat
1537 1741 1739 1821 nostrae
1777 1732 1970 1790 salutis
2011 1731 2091 1789 ef-

506 1823 704 1883 fectus.
730 1822 856 1883 Per.

1042 1915 1239 1989 [Super
1279 1915 1555 1989 populum.

577 2028 743 2095 Deus,
766 2027 937 2101 quite
957 2028 1013 2085 in
1039 2028 1205 2085 rectis
1235 2043 1300 2085 ac
1323 2028 1554 2085 sinceris
1596 2044 1819 2086 manere
1860 2028 2092 2101 pectori-

507 2121 613 2178 bus
641 2121 842 2178 asseris
863 2161 880 2190 ,
912 2121 981 2177 da
1018 2119 1176 2178 nobis
1216 2128 1309 2175 tua
1351 2120 1525 2192 gratia
1560 2119 1695 2177 tales
1733 2120 1987 2187 existere,
2037 2119 2090 2174 in

506 2214 705 2286 quibus
732 2213 981 2271 habitare
1004 2213 1265 2284 digneris.
1291 2194 1760 2288 PerODominumJ

788 2433 816 2462 ⁸
854 2435 1109 2477 DOIINICA
1148 2435 1210 2476 III
1241 2435 1374 2477 POST
1410 2436 1805 2478 PEN‘I'ECOS'I‘EN.

575 2532 1021 2603 Deprecationem
1044 2539 1307 2599 nostram,
1335 2507 1663 2604 quaesumus,
1703 2534 1952 2601 Domine,
1996 2535 2094 2590 be-

507 2625 706 2699 nignus
750 2626 969 2693 exaudi,
1002 2634 1059 2682 et
1097 2626 1294 2698 quibus
1331 2627 1667 2700 supplicandi
1707 2636 1936 2700 praestas
1964 2625 2093 2684 aﬂ‘eo

503 2726 677 2786 ctum,
703 2718 883 2776 tribue
905 2718 1236 2778 defensionis
1262 2720 1547 2777 auxilium.
1572 2720 1697 2778 Per.

1182 2836 1415 2893 Secreta.

579 2947 824 3017 Munera,
854 2946 1103 3012 Domine,
1139 2946 1322 3004 oblata
1368 2947 1682 3013 sanctiﬁca,
1712 2955 1774 3003 ut
1820 2947 1897 3003 tui
1936 2948 2092 3005 nobis

503 3039 774 3110 unigeniti
801 3053 998 3110 corpus
1016 3045 1071 3093 et
1099 3036 1319 3109 sanguis
1346 3037 1495 3092 ﬁant.
1522 3036 1628 3094 Per
1655 3040 1927 3094 eumdem.

995 3126 1125 3183 Post
1158 3129 1606 3186 Communionem.

576 3209 705 3277 Haec
726 3236 826 3277 nos
848 3219 1157 3277 communio
1191 3219 1421 3275 Domine
1460 3229 1652 3292 purget
1679 3238 1711 3276 a
1755 3223 2002 3291 crimine,
2035 3231 2091 3281 et
2114 3263 2161 3328 C

505 3314 746 3371 celestis
769 3313 996 3370 remedii
1017 3310 1183 3369 faciat
1213 3327 1332 3369 esse
1360 3321 1657 3369 consortes.
1679 3312 1801 3368 Per.

610 3410 629 3417 Ἢ
1042 3423 1240 3498 [Super
1282 3424 1561 3498 populum.

573 3535 752 3594 Plebis
777 3545 900 3601 tuae,
917 3551 1247 3606 quaesumus,
1264 3533 1510 3602 Domine,
1534 3537 1600 3593 ad
1624 3545 1676 3594 te
1697 3554 1911 3610 semper
1929 3544 2092 3597 corda

506 3637 786 3697 converte,
809 3638 870 3685 ut
897 3644 1059 3700 quam
1100 3629 1265 3686 tantis
1292 3629 1429 3686 facis
1469 3633 1783 3701 patrociniis
1827 3625 2092 3704 adjuvari,

501 3720 778 3792 perpetuis
806 3734 913 3777 non
945 3718 1161 3776 desinas
1190 3721 1496 3793 gubernare
1529 3724 1812 3794 prazsidiis.
1848 3725 1953 3782 Per
1991 3728 2094 3785 Do—

502 3812 730 3867 minum.
1017 3827 1029 3834 ’

460 3892 467 3897 ’
1226 3903 1366 3961 XXI.

790 4008 1045 4051 DOIINICA
1081 4010 1136 4050 ιν
1176 4010 1305 4052 pos'r
1347 4012 1723 4055 pnsrscosrsn
1751 4001 1802 4055 δ.

580 4107 865 4164 Protector
904 4109 963 4164 in
1000 4118 1055 4166 te
1082 4111 1418 4180 sperantium
1442 4109 1608 4181 Deus,
1655 4116 1774 4171 sine
1815 4131 1925 4187 quo
1956 4094 2090 4173 nihil

506 4207 592 4254 est
636 4198 899 4265 validum,
946 4200 1083 4256 nihil
1129 4210 1398 4270 sanctum,
1442 4203 1742 4276 multiplica
1788 4223 1951 4279 super
1992 4226 2093 4267 nos

511 4290 942 4347 misericordiam
996 4300 1270 4359 tuam,ut
1313 4304 1368 4350 te
1429 4303 1661 4364 rectore,
1707 4307 1758 4354 te
1800 4299 1955 4365 duce,
2013 4302 2093 4359 sic

513 4392 856 4441 transeamus
893 4399 992 4456 per
1050 4388 1193 4443 bona
1240 4387 1577 4459 temporalia,
1623 4397 1684 4445 ut
1723 4405 1831 4448 non
1877 4392 2094 4448 amitta-

505 4489 629 4529 mus
647 4482 875 4530 aeterna.
904 4472 1028 4532 Per.

1176 4571 1410 4629 Secreta.

574 4683 823 4756 Respice,
843 4685 1094 4753 Domine,
1128 4702 1357 4744 munera
1393 4689 1748 4760 supplicantis
1785 4690 2041 4749 Ecclesia:
2069 4734 2086 4761 ,

503 4786 559 4834 et
587 4779 746 4834 saluti
769 4779 1105 4836 credentium
1131 4789 1393 4852 perpetua
1417 4784 1848 4843 sanctiﬁcatione
1872 4801 2090 4843 sumen-

507 4868 573 4924 da
592 4869 848 4926 concede.
873 4868 996 4925 Per.

992 4959 1124 5017 Post
1152 4962 1600 5020 Communionem.

581 5071 784 5139 Sancta
814 5082 904 5127 tua
935 5088 1067 5140 nos,
1101 5074 1360 5141 Domine,
1424 5086 1638 5148 sumpta
1692 5080 1986 5148 vivillcent,
2037 5091 2097 5138 et

509 5162 897 5220 misericordia:
923 5165 1265 5237 sempiternae
1284 5179 1588 5240 praeparent
1614 5172 1877 5244 expiatos.
1908 5173 2032 5231 Per.

1051 5276 1242 5352 [Super
1267 5282 1520 5354 papulum

581 5366 899 5439 Propitiare,
955 5369 1195 5435 Domine.
1254 5375 1448 5445 populo
1479 5386 1588 5444 tuo,
1646 5387 1699 5433 ct
1729 5380 1797 5436 ab
1842 5383 2094 5440 omnibus

480 5560 545 5577 κ
582 5514 609 5543 ι
654 5499 768 5558 Hoc
829 5503 1059 5560 cilicium
1094 5506 1200 5577 hic
1245 5510 1604 5566 omittendum
1661 5522 1716 5569 et
1780 5514 1836 5569 in
1904 5527 2096 5577 octava

511 5570 859 5668 Pentecosles
896 5576 1220 5660 ponendum
1242 5581 1453 5663 videtur
1481 5596 1547 5639 eo
1585 5585 1729 5668 quod
1760 5570 2093 5668 superfluum

510 5661 630 5702 esse
658 5653 806 5715 patet
831 5661 896 5701 ex
922 5663 1147 5721 numero
1173 5650 1361 5721 viginti
1407 5650 1643 5721 quatuor
1686 5650 2096 5718 Dominicarum

512 5731 636 5789 cum
692 5724 902 5789 constet
946 5719 1134 5789 viginti
1194 5719 1305 5777 tres
1352 5719 1617 5780 duntaxat
1666 5725 1981 5787 Dominicas
2039 5731 2095 5788 in

508 5787 732 5868 A_ntipb.
779 5797 835 5868 et
872 5787 1117 5868 Sacram,
1146 5790 1444 5868 orditgatas,
1492 5798 1794 5868 praesertim
1837 5815 1961 5857 cum
2007 5787 2097 5860 ea;

512 5857 892 5914 dem‘inculcet
921 5859 1123 5915 Μία-οι.
1155 5876 1203 5916 c.
1237 5862 1323 5917 Gl.

2116 4650 2172 4713 D

1497 410 1828 466 GRIMALDI
1867 410 1951 466 SA
1960 405 2390 465 NGALLENSlS
2427 403 2719 461 ABBATIS
3694 400 3787 457 ωε

2076 506 2085 511 ’
2118 520 2175 581 Α
2198 515 2347 570 illum
2377 517 2599 574 absolve
2640 518 2880 589 peccatis
2906 534 2923 586 ;
2951 527 3036 587 ut,
3068 519 3215 590 quod
3238 519 3445 577 nostris
3488 511 3786 570 Oﬁ'ensioni-

2192 608 2294 664 bus
2321 623 2726 680 promeremur,
2776 617 2871 666 tua
2925 609 3263 682 indulgentia
3310 609 3640 684 repellat!"-
3696 603 3792 663 Ρα

2192 697 2533 757 Dominumﬂ

2525 905 2781 949 DOIINICL
2806 907 2844 948 ν
2885 906 3019 948 POS‘I‘
3045 906 3455 955 ,PENTEGOS‘I’II.

2262 997 2341 1054 Da
2378 1000 2557 1069 nobis,
2588 1000 2837 1070 Domine,
2867 1018 3198 1074 quaesumus,
3227 1012 3291 1060 ut
3309 1000 3575 1059 etmundi
3598 1006 3792 1058 cum

2191 1089 2413 1161 paciﬁce
2439 1092 2597 1150 nobis
2636 1101 2729 1150 tuo
2755 1093 2949 1150 ordine
2981 1094 3269 1167 dirigatur,
3295 1101 3356 1153 et
3398 1091 3649 1151 Ecclesia
3697 1101 3791 1148 tua

2192 1181 2487 1253 tranquilla
2514 1182 2811 1242 devotione
2849 1183 3083 1241 laetetur.

2864 1295 3095 1353 Secreta.

2261 1407 2660 1479 Oblationibus,
2704 1425 3035 1483 quaesumus,
3067 1412 3322 1478 Domine,
3355 1411 3577 1485 placate
3604 1426 3785 1468 susce-

2190 1499 2319 1571 ptis,
2347 1508 2404 1557 et
2430 1502 2500 1558 ad
2525 1511 2581 1559 te
2622 1511 2839 1560 nostras
2874 1498 3301 1561 etiam'rebelles
3319 1503 3588 1576 compelle
3610 1502 3789 1575 propi-

2195 1592 2305 1650 tius
2331 1593 2663 1653 voluntates.
2689 1595 2796 1654 Per
2819 1597 3110 1654 Dominum
3140 1604 3412 1655 nostrum.

2667 1707 2801 1766 Post
2824 1708 3279 1767 Communionem.

2263 1814 2517 1888 Mysteria
2557 1834 2677 1887 nos,
2707 1820 2937 1877 Domine
2958 1861 2974 1888 .
3005 1830 3194 1878 sancta
3244 1819 3545 1878 ouriﬁcent
3604 1826 3664 1877 et
3688 1835 3781 1877 suo

2119 1893 2170 1955 Β
2193 1921 2423 1964 munere
2448 1916 2720 1966 tueantur.
2754 1909 2863 1968 Per
2889 1912 3196 1969 Dominum.

2761 2027 2932 2101 Super
2962 2028 3235 2101 populum.

2265 2137 2489 2206 Adesto,
2522 2138 2772 2208 Domine,
2816 2140 3015 2214 populo
3048 2149 3166 2210 tuo,
3196 2151 3252 2199 et
3278 2140 3411 2198 nihil
3437 2140 3510 2196 de
3542 2156 3643 2197 sua
3668 2155 3784 2196 con-

2194 2230 2426 2286 scientia
2483 2234 2833 2305 praesumenti
2859 2274 2876 2301 ,
2944 2232 3199 2292 ineﬂ'abili
3257 2234 3615 2292 miseratione
3669 2249 3782 2288 suc-

2194 2336 2395 2388 curre;
2426 2330 2507 2389 ut,
2545 2324 2691 2394 quod
2713 2340 2823 2381 non
2852 2325 3016 2381 habet
3054 2324 3251 2381 ﬁducia
3297 2326 3647 2387 meritorum.
3702 2332 3781 2379 tua

2193 2414 2444 2471 conferat
2473 2415 2696 2488 largitas
2724 2417 2926 2474 invicta
2952 2418 3240 2475 donorum.
3267 2418 3373 2475 Per
3401 2416 3739 2490 Dominum.]

2894 2528 3088 2584 XXIII.

2534 2632 2788 2699 υοιιιιςιολ
2813 2634 2869 2673 VI
2899 2634 3033 2675 POST
3063 2635 3461 2677 PENTECOSTEI‘.

2266 2739 2289 2767 ο
2322 2728 2484 2797 Deus,
2516 2731 2608 2802 qui
2630 2731 2981 2805 diligentibus
3005 2741 3059 2789 te
3083 2734 3225 2789 bona
3253 2733 3553 2789 invisibilia
3586 2750 3784 2807 praepa-

2194 2823 2349 2888 rasti,
2401 2824 2621 2881 infunde
2641 2826 2903 2883 cordibus
2941 2829 3144 2885 nostris
3170 2829 3247 2884 tui
3272 2829 3477 2885 amoris
3517 2827 3783 2892 allectum.

2196 2921 2254 2967 ut
2292 2921 2345 2968 te
2381 2914 2433 2971 in
2461 2916 2714 2973 omnibus
2736 2928 2791 2974 et
2821 2934 2984 2990 super
3012 2921 3196 2976 omnia
3227 2920 3535 2992 diligentes,
3564 2921 3785 2992 promis-

2194 3005 2374 3062 siones
2398 3018 2515 3063 tuas
2544 3024 2666 3079 quae
2691 3026 2854 3079 omne
2883 3012 3210 3070 desiderium
3261 3025 3558 3086 superant,
3599 3030 3782 3073 conse-

2193 3111 2444 3166 quamur.
2482 3098 2588 3155 Per
2613 3099 2919 3159 Dominum.

2876 3215 3110 3273 Secreta.

2264 3327 2593 3398 Propitiare,
2645 3327 2913 3398 Domine,
2970 3330 3455 3403 supplicationibus
3480 3335 3706 3401 nostris,
3734 3347 3783 3390 et

2195 3418 2296 3474 has
2313 3417 2617 3475 oblationes
2637 3417 2966 3475 famulorum
2987 3419 3425 3493 famularumque
3453 3434 3678 3491 tuarum
3696 3427 3780 3481 δε-

2194 3510 2390 3581 nignus
2420 3525 2656 3579 assume,
2688 3519 2750 3566 ut
2796 3513 2940 3583 quod
2963 3513 3158 3584 singuli
3190 3514 3506 3579 obtulerunt
3530 3518 3601 3572 ad
3628 3517 3782 3575 bono-

2193 3618 2309 3659 rem
2340 3604 2576 3660 nominis
2605 3603 2701 3671 tui,
2731 3606 2945 3662 cunctis
2969 3607 3221 3677 proﬁciat
3249 3606 3316 3663 ad
3342 3607 3601 3665 salutem.
3634 3609 3750 3666 Per.

2683 3695 2815 3755 Post
2839 3698 3292 3757 Communiouem.

2266 3788 2412 3857 Quos
2431 3789 2667 3858 caelesti,
2695 3786 2947 3861 Domine,
2976 3794 3118 3850 dono
3144 3795 3373 3859 satiasti,
3398 3807 3627 3867 praesta,
3654 3812 3783 3868 qum-

2195 3895 2404 3947 sumus,
2446 3891 2508 3938 ut
2537 3899 2571 3938 a
2599 3883 2805 3940 nostris
2850 3885 3180 3943 mundemur
3204 3887 3458 3957 occultis,
3500 3899 3562 3947 et
3592 3891 3664 3946 ab
3695 3890 3785 3945 bo-

2112 3998 2115 4001 ι
2196 3969 2361 4027 stium
2391 3971 2697 4030 liberemur
2724 3973 2955 4032 insidiis.
2988 3974 3113 4033 Per.

2734 4083 2938 4159 [Super
2960 4087 3231 4159 populum.

2268 4197 2368 4267 Da,
2394 4215 2728 4272 quaesumus,
2764 4201 3018 4272 Domine,
3058 4205 3256 4276 populo
3278 4217 3372 4263 tuo
3391 4219 3641 4264 mentem
3690 4223 3786 4279 qua

2199 4288 2295 4346 tibi
2341 4290 2570 4347 devotus
2594 4292 2835 4360 existat;
2883 4303 2940 4349 et
2967 4294 3322 4364 intellectum,
3373 4312 3486 4368 quo
3525 4297 3680 4370 just:
3707 4299 3788 4355 de-

2195 4389 2422 4451 poscat;
2453 4391 2509 4439 et
2539 4384 2981 4455 propitiationem
3009 4396 3180 4471 tuam,
3215 4403 3320 4460 qua
3350 4389 3441 4459 pie
3481 4390 3791 4448 desideran-

2198 4474 2343 4532 tibus
2369 4476 2653 4547 profutura
2673 4477 2953 4549 perﬁcias.
2980 4479 3086 4536 Per
3116 4481 3455 4557 Dominum.]

2894 4594 3084 4651 XXIV.

2512 4701 2768 4745 DOIINICA
2796 4703 2873 4745 VII
2918 4704 3051 4745 POS'I'
3082 4705 3483 4749 PENTECOSTER.

2273 4802 2417 4859 Deus
2468 4801 2750 4872 virtutum,
2803 4803 2956 4875 cuius
3002 4815 3088 4863 est
3140 4815 3313 4864 totum
3344 4809 3491 4881 quod
3525 4818 3619 4867 est
3656 4810 3789 4879 opti-

2201 4908 2371 4960 mum,
2428 4894 2609 4951 insere
2644 4896 2955 4967 pectoribus
2980 4898 3185 4955 nostris
3219 4914 3466 4956 amorem
3508 4902 3597 4958 tui
3627 4901 3788 4957 nomi-

2203 4983 2309 5051 nis,
2359 4992 2415 5039 et
2453 4993 2654 5066 prmsta
2682 4985 2739 5041 in
2780 4986 2942 5045 nobis
2980 4988 3258 5062 religionis
3292 4999 3672 5063 augmentum,
3715 5000 3787 5055 ut,

2202 5090 2322 5145 qua:
2353 5084 2479 5131 sunt
2520 5078 2685 5160 bona;
2736 5080 2945 5137 nutrias
2974 5122 2989 5148 ,
3027 5098 3093 5139 ac
3137 5074 3386 5155 vigilanti
3425 5085 3636 5153 studio,
3678 5098 3789 5155 quae

2197 5175 2325 5224 sunt
2358 5168 2582 5237 nutrita,
2619 5170 2913 5229 custodias.
2942 5170 3066 5228 Per.

2875 5281 3108 5341 Secreta.

2270 5392 2596 5469 Propitiare,
2632 5394 2881 5467 Domine,
2926 5398 3412 5472 supplicationibus
3462 5400 3690 5467 nostris,
3728 5405 3786 5456 et

2274 5527 2304 5568 ι»
2326 5526 2638 5612 Legendum
2666 5536 2840 5611 puto:
2869 5527 3084 5585 Domin.
3114 5528 3236 5597 III,
3256 5539 3371 5601 post
3409 5541 3514 5586 act.
3548 5530 3781 5594 Penus"

2199 5607 2258 5654 et
2285 5607 2643 5669 contormiter
2664 5607 2721 5655 in
2748 5613 2864 5669 seq.

2186 5684 2193 5687 ·
2274 5679 2297 5709 ο
2328 5668 2687 5740 Concordiam
2719 5667 2881 5740 hujus
2921 5667 3083 5726 oﬂicii
3120 5686 3242 5727 cum
3271 5672 3397 5729 lect.
3426 5673 3723 5732 Dominicae
3743 5668 3782 5730 Υ

2198 5749 2324 5812 post
2346 5749 2455 5799 oct.
2483 5739 2641 5799 Pent.
2663 5739 2953 5811 vide’apud
2972 5741 3159 5810 Bern..
3188 5742 3226 5797 l.
3253 5744 3320 5800 de
3342 5743 3553 5815 Μίδεω..
3575 5763 3625 5804 c.
3652 5747 3708 5804 5-
