3954 6342
171 319 277 377 809

168 520 369 577 nullius
389 520 460 575 sit
486 519 699 574 irritum
732 526 916 573 votum
937 524 992 574 et
1020 517 1218 572 nullius
1244 532 1412 572 vacua
1436 517 1749 588 postulatio,

167 621 365 681 praesta
401 609 629 680 utquod
674 608 906 665 ﬁdeliter
957 608 1208 678 petimus,
1243 607 1530 664 efficaciter
1560 622 1752 665 conse-

166 718 421 774 quamur.
451 701 573 758 Per.

255 800 258 804 '
643 789 767 848 Post
817 794 1263 873 Communionem.

237 903 448 974 Repleti
489 914 698 972 sumus,
753 904 998 973 Domine,
1023 905 1338 962 muneribus
1374 905 1520 972 tuis;
1554 905 1750 974 tribue,

165 1011 499 1067 quaesumus,
554 1005 614 1051 ut
639 1013 828 1054 eorum
873 1004 930 1052 et
955 997 1276 1052 mundemur
1302 995 1514 1064 effectu,
1552 1003 1607 1053 et
1633 1011 1752 1052 mu-

157 1081 382 1143 niamur
408 1088 630 1144 auxilio.
661 1087 768 1145 Per
795 1087 1081 1144 Dominum
1108 1096 1372 1144 nostrum.

703 1199 898 1273 [Super
926 1190 1196 1272 populum.

233 1308 486 1376 Absolve,
518 1324 854 1380 quaesumus,
888 1309 1132 1376 Domine,
1161 1309 1362 1368 delicta
1385 1311 1745 1384 populorum;

161 1411 218 1457 et
242 1416 273 1454 a
294 1410 641 1471 peccatorum
665 1410 842 1458 nostrt
855 1417 975 1457 rum
998 1403 1226 1459 nexibus
1243 1443 1259 1468 ,
1288 1419 1410 1474 qua
1433 1420 1535 1475 pro
1565 1413 1750 1461 nostra

161 1493 454 1566 fragilitate
490 1495 881 1564 contraximus,
923 1504 1013 1552 tua
1046 1496 1380 1568 benignitate
1430 1496 1746 1554 liberemur.

159 1582 266 1640 Per
293 1583 631 1658 Dominum.]

875 1700 1043 1759 XXV.

459 1831 716 1874 υοιιιΝιοΑ
746 1832 844 1873 VIII
873 1833 1004 1875 POST
1047 1831 1444 1876 PENTECOS‘I'EN.

226 1940 254 1971 ι
279 1929 446 1997 Deus,
467 1931 622 2001 cujus
649 1931 988 2002 providentia
1033 1931 1088 1986 in
1129 1932 1213 1988 sui
1241 1931 1594 2004 dispositione
1640 1945 1749 1988 non

153 2022 382 2089 fallitur,
411 2032 460 2078 te
488 2023 759 2095 supplices
787 2039 1098 2089 exoramus,
1130 2034 1192 2081 ut
1218 2025 1378 2081 noxia
1405 2032 1602 2081 cuncta
1627 2025 1748 2080 sub-

150 2129 398 2180 moveas,
429 2122 484 2171 et
529 2116 711 2172 omnia
759 2116 917 2173 nobis
961 2115 1243 2188 profutura
1307 2117 1591 2175 concedas.
1643 2113 1748 2173 Per

151 2207 463 2264 Dominum.

833 2315 1060 2378 Secreta.

223 2431 390 2501 Deus,
429 2435 523 2506 qui
568 2435 820 2507 legalium
848 2434 1212 2492 differentiam
1247 2435 1550 2494 hostiarum
1581 2434 1745 2492 unius

149 2529 406 2585 sacriﬁcii
437 2528 770 2600 perfectione
811 2529 1058 2594 salix-isti,
1107 2529 1295 2601 accipe
1335 2530 1665 2586 sacriﬁcium
1711 2545 1744 2584 a

148 2621 362 2677 devotis
393 2621 489 2677 tibi
517 2619 754 2688 famulis,
785 2630 840 2676 et
864 2621 983 2692 pari
1021 2621 1421 2688 benedictione,
1451 2621 1595 2677 sicut
1625 2636 1744 2676 mu-

145 2725 281 2766 nera
309 2710 467 2776 Abel,
497 2709 800 2776 sanctiﬁea,
851 2717 913 2766 ut
941 2710 1083 2780 quod
1111 2710 1308 2781 singuli
1333 2710 1647 2767 obtulerunt
1673 2709 1743 2764 ad

145 2797 451 2868 maiestatis
483 2807 583 2855 tuae
609 2801 906 2868 honorem,
946 2799 1158 2856 cunctis
1183 2797 1436 2871 proﬁciat
1481 2799 1552 2856 ad
1597 2798 1742 2856 salu-

145 2899 281 2946 tem.
311 2889 438 2946 Per.

628 3002 757 3059 Post
809 3003 1259 3061 Commum'ouem.

220 3113 326 3169 Tui
370 3115 526 3171 nobis
553 3154 569 3182 ,
619 3115 869 3184 Domine,
920 3118 1228 3175 communio
1274 3119 1629 3186 sacramenti,
1681 3125 1740 3176 et

138 3206 582 3278 puriﬁcationem
608 3208 876 3276 conferat,
913 3216 969 3266 et
995 3209 1199 3266 tribuat
1219 3209 1502 3267 unitatem.
1528 3209 1654 3268 Per.

695 3319 898 3394 [Super
920 3320 1190 3394 populum.

216 3430 442 3500 Adesto,
471 3433 718 3506 Domine,
746 3433 960 3508 populis
991 3435 1118 3506 tuis,
1170 3441 1303 3504 etc.,
1333 3443 1392 3493 ut
1422 3452 1583 3508 supra
1605 3437 1740 3493 inter

133 3531 283 3577 orat.
314 3523 566 3597 quotid.].

843 3637 1036 3695 XXVI.

476 3765 727 3809 DOKINICA
755 3767 814 3808 ιι
857 3767 989 3809 POST
1028 3766 1424 3810 PBNTECOSTEN.

212 3863 445 3933 Largire
471 3862 649 3930 nobis,
680 3862 930 3931 Domine,
958 3879 1287 3935 quaesumus,
1333 3878 1548 3937 semper
1575 3865 1737 3936 spiriz

130 3965 256 4011 tum
286 3952 562 4024 cogitandi
591 3969 713 4025 quae
736 3961 887 4011 recta
918 3963 1080 4022 sunt,
1119 3955 1406 4026 propitius,
1441 3963 1497 4010 et
1523 3955 1734 4026 agendi,

126 4057 199 4102 ut
219 4046 314 4117 qui
341 4045 460 4101 sine
485 4052 538 4101 te
557 4060 677 4102 esse
699 4061 806 4103 non
829 4061 1136 4119 possumus,
1166 4047 1460 4105 secundum
1485 4055 1536 4104 te
1554 4047 1736 4107 vivere

130 4136 442 4192 valeamus.
473 4133 577 4191 Per
609 4136 921 4193 Dominum.

820 4247 1052 4304 Secreta.

212 4355 444 4428 Suscipe
468 4373 714 4426 munera,
755 4375 1084 4432 quaesumus,
1113 4362 1359 4431 Domine,
1383 4379 1503 4436 quae
1531 4363 1625 4423 tibi
1667 4366 1734 4423 de

131 4461 233 4503 tua
261 4447 517 4519 largitate
559 4451 874 4521 deferimus,
923 4463 978 4510 et
1016 4454 1132 4512 haec
1159 4465 1506 4513 sacrosancta
1528 4465 1731 4530 myste-

1308 311 1508 380 LIBER
1549 309 2188 368 SACRALIENTORUM.

170 435 272 489 bas
321 428 499 500 populi
539 428 614 484 tui
659 425 960 484 oblationes
1007 426 1271 496 benignus
1319 442 1556 492 assume,
1607 434 1662 480 et
1692 433 1746 480 ut
1776 430 1829 488 Δ

3347 315 3450 371 8|‘J

2542 426 2752 484 XXVII.

2182 535 2436 578 DOIINICA
2462 537 2492 576 Χ
2548 536 2680 578 POS'I‘
2709 537 3106 580 PENTECOSTEN.

1925 631 2153 688 Pateant
2179 649 2340 692 aures
2376 635 2765 693 misericordiae
2805 645 2933 706 tuae,
2977 639 3222 708 Domine,
3255 641 3444 713 preci-

1853 724 1957 780 bus
1980 724 2421 796 supplicantium,
2461 735 2520 783 et
2560 738 2621 785 ut
2649 731 2956 800 petentibus
2979 732 3285 790 desiderata
3311 749 3444 792 con-

1853 815 2039 886 cedas,
2093 815 2182 874 fac
2230 818 2326 875 tibi
2373 833 2488 887 eos,
2544 835 2876 892 quaesumus,
2911 824 3108 896 placita
3145 827 3440 898 postulare.

1854 902 1960 962 Per

2518 1003 2754 1062 Secreta.

1925 1111 2171 1170 Concede
2191 1114 2348 1171 nobis
2373 1114 2512 1184 haec,
2543 1130 2870 1186 quaesumus,
2902 1118 3148 1185 Domine,
3188 1120 3443 1192 frequen-

1856 1210 1973 1258 tare
2007 1205 2287 1276 mysteria,
2318 1206 2446 1278 quia
2477 1207 2692 1277 quoties
2715 1208 2874 1280 hujus
2899 1211 3089 1268 hostiae
3110 1228 3443 1270 commemo-

1855 1293 1994 1350 ratio
2036 1294 2344 1352 celebratur
2362 1337 2378 1364 ,
2408 1312 2544 1369 opus
2571 1307 2774 1356 nostra:
2801 1301 3192 1374 redemptionis
3219 1319 3444 1362 exerce-

1856 1396 1962 1444 tur.
1993 1387 2097 1444 Per
2118 1389 2427 1446 Dominum.

2342 1501 2472 1560 Post
2496 1504 2947 1567 Communionem.

1925 1612 2061 1680 Tua,
2117 1629 2248 1682 nos,
2290 1615 2543 1687 Domine,
2599 1620 2938 1680 medicinalis
2979 1625 3226 1695 operatio
3251 1666 3268 1692 ,
3311 1636 3367 1683 et
3411 1642 3442 1681 a

1851 1703 2054 1760 nostris
2075 1708 2521 1776 perversitatibus
2550 1709 2848 1770 clementer
2888 1717 3158 1787 expediat,
3203 1727 3260 1778 et
3280 1720 3349 1777 ad
3377 1735 3443 1776 ea

1775 1792 1826 1854 B
1851 1809 1972 1865 quae
1997 1805 2125 1854 sunt
2155 1807 2323 1869 recta,
2353 1802 2636 1873 perducat.
2665 1803 2773 1862 Per
2808 1804 3117 1864 Dominum.

2557 1915 2722 1990 [Alia.

1919 2020 2020 2078 Tui
2049 2023 2228 2092 nobis,
2266 2025 2513 2096 Domine,
2551 2025 2863 2089 communio
2887 2036 3237 2102 sacramenti,
3265 2044 3322 2092 et
3344 2051 3444 2108 pu-

1847 2112 2208 2172 riﬁcationem
2246 2118 2510 2186 conferat,
2537 2127 2595 2176 et
2635 2121 2840 2180 tribuat
2866 2125 3152 2184 unitatem.
3187 2126 3294 2185 Per
3338 2129 3444 2185 Do-

1846 2204 2103 2279 minum.]

2407 2304 2602 2380 [Super
2627 2310 2900 2384 populum.

1917 2409 2164 2484 Respice,
2192 2411 2440 2483 Domine,
2475 2419 2774 2489 propitius,
2804 2431 2937 2491 etc.,
2969 2433 3028 2480 ut
3052 2425 3262 2498 supra.‘

2528 2530 2762 2588 XXVIII.

2180 2631 2435 2674 DOMINICA
2461 2634 2515 2674 XI
2545 2636 2677 2677 POST
2707 2637 3104 2682 PENTECOSTEN.

1916 2723 1944 2764 ι)
1965 2722 2130 2791 Deus,
2154 2727 2245 2797 qui
2267 2727 2714 2798 omnipotentiam
2737 2739 2887 2788 tuam
2908 2735 3182 2805 parcendo
3204 2738 3444 2795 maxime

1843 2821 1899 2868 et
1931 2813 2242 2872 miserando
2266 2817 2606 2889 manifestas,
2636 2823 2932 2896 multiplica
2961 2842 3126 2899 super
3145 2845 3246 2886 nos
3274 2833 3442 2888 mise-

1844 2903 2136 2961 ricordiam
2189 2914 2378 2974 tuam,
2429 2911 2603 2986 utvad
2655 2921 2750 2971 tua
2800 2917 3070 2987 promissa
3131 2929 3442 2989 currentes,

1841 2994 2148 3053 caelestium
2175 2998 2444 3057 bonorum
2471 3001 2643 3060 facias
2671 3019 2794 3063 esse
2827 3016 3132 3068 consortes.
3166 3010 3294 3070 Per.

2527 3115 2765 3177 Secreta.

1913 3220 2056 3292 Tibi,
2084 3224 2332 3294 Domine,
2359 3228 2626 3288 sacriﬁcia
2667 3230 2812 3290 dicta
2846 3233 3181 3306 reddantur;
3215 3254 3334 3310 qua:
3356 3241 3438 3298 sic

1840 3311 1909 3367 ad
1951 3313 2211 3371 honorem
2265 3319 2499 3377 nominis
2561 3323 2638 3380 tui
2688 3323 2981 3383 deferenda
3035 3329 3312 3401 tribuisti,
3378 3341 3442 3388 ut

1839 3404 2030 3462 eadem
2056 3410 2297 3467 remedia
2320 3408 2438 3468 ﬁeri
2469 3421 2657 3471 nostra
2687 3412 2998 3487 praestares.
3026 3418 3151 3478 Per.

2327 3523 2459 3580 Post
2486 3523 2940 3586 Commuuionem.

1911 3611 2253 3681 Quaesumus,
2286 3615 2513 3673 Domine
2565 3619 2706 3676 Deus
2735 3629 2962 3691 noster,
3003 3633 3066 3681 ut
3111 3640 3248 3697 quos
3291 3630 3432 3686 divi-

1841 3703 1925 3758 nis
1954 3719 2206 3774 reparare
2225 3721 2331 3762 non
2363 3708 2567 3766 desinis
2591 3715 2969 3784 sacramentis,
3005 3717 3113 3775 tuis
3136 3736 3243 3778 non
3272 3723 3437 3780 desti-

1842 3801 1961 3850 tuas
1988 3794 2253 3868 benignus
2280 3799 2518 3857 auxiliis.
2546 3799 2652 3859 Per
2677 3797 2984 3863 Dominum.
3433 3801 3443 3807 ’

2381 3911 2583 3987 [Super
2623 3917 2897 3990 populum.

1907 4015 2120 4078 Fideles
2145 4028 2298 4092 tuos,
2328 4023 2572 4098 Domine,
2599 4038 2730 4088 ete..
2771 4041 2830 4089 ut
2865 4035 3074 4110 supra.]

2536 4144 2729 4202 XXIX.

2154 4243 2406 4289 DOIINICA
2439 4249 2515 4290 XII
2547 4251 2680 4295 POST
2713 4255 3111 4301 PENTECOS’I'EN.

1872 4422 1874 4424 ν
1907 4347 1930 4376 ε
1960 4337 2315 4410 Omnipotens
2356 4347 2686 4418 sempiterne
2737 4351 2882 4412 Deus
2905 4395 2922 4423 ,
2973 4357 3065 4427 qui
3102 4357 3430 4419 abundantia

1835 4428 2052 4522 pietatis
2102 4440 2209 4489 tua:
2255 4444 2311 4490 et
2357 4439 2554 4495 merita
2597 4443 2899 4515 supplicum
2943 4450 3163 4506 excedis
3193 4461 3248 4508 et
3282 4463 3428 4522 vota,

132 4542 221 4596 ria
243 4580 258 4604 ,
285 4517 474 4611 gratiae
500 4553 603 4601 tute
631 4517 889 4618 operante
914 4549 1136 4618 virtute,
1165 4551 1449 4622 praesentis
1476 4517 1602 4607 vitae
1632 4567 1730 4608 nos
1757 4517 1810 4578 Β
1833 4517 2048 4576 effunde
2073 4536 2364 4622 suPerst
2391 4528 2823 4622 ““SBFiCMd‘am
2862 4545 3030 4603 tuam’
3081 4549 3142 4596 ut
3187 4542 3432 4599 dimiuas

129 4635 552 4692 conversatione
601 4639 970 4708 sanetiﬁcent,
997 4649 1054 4696 et
1087 4642 1155 4698 ad
1179 4643 1375 4715 gaudia
1401 4642 1730 4716 sempiterna

129 4723 456 4792 perducant.
487 4725 609 4784 Per.
687 4731 696 4740 '

627 4842 755 4904 Post
782 4842 1232 4903 Communionem.

212 4949 299 5006 Sit
331 4953 506 5021 nobis,
548 4955 794 5025 Domine,
845 4960 1117 5030 reparatio
1155 4957 1352 5019 meritis
1389 4972 1446 5019 et
1485 4964 1728 5035 corporis

133 5041 363 5098 caeleste
390 5047 728 5117 mysterium,
776 5055 836 5103 ut
860 5047 1016 5118 cujus
1045 5051 1394 5122 exsequimur
1431 5053 1724 5120 actionem,

135 5134 441 5192 sentiamus
470 5135 739 5194 effectum.
774 5139 895 5195 Per.

691 5249 886 5323 [Super
910 5253 1179 5325 populum.

211 5357 647 5418 Benedictionem
698 5371 866 5430 tuam,
912 5374 1046 5434 etc.,
1095 5377 1154 5423 ut
1183 5384 1343 5440 supra
1381 5370 1493 5425 loco
1517 5372 1723 5444 citato.j

209 5542 238 5576 ι
269 5532 439 5608 Hujus
466 5551 680 5608 quoque
721 5541 1067 5602 concordiam
1107 5558 1230 5600 cum
1281 5545 1406 5600 lect.
1453 5555 1505 5603 et
1545 5545 1723 5603 offert.

135 5600 431 5686 Domiiiieae
482 5600 721 5686 Vl_l_'post
749 5610 869 5667 Oct.
911 5600 1066 5670 Pent.
1105 5615 1229 5672 vide
1270 5619 1412 5686 apud
1451 5600 1721 5686 eumdem,

133 5681 192 5726 et
224 5674 429 5730 Μία-οι.
461 5694 510 5733 c.
539 5674 628 5734 δι’.

206 5745 234 5784 ι’
257 5743 437 5801 Etiam
488 5748 646 5819 hujus
684 5755 1029 5810 concordiam
1062 5773 1183 5815 cum
1215 5758 1509 5832 Evangelia
1541 5762 1722 5818 Domi—

533 5847 804 5909 Ρηκοι.
851 5851 1076 5938 CXXI.

1832 4624 1954 4680 qua:
1982 4612 2317 4670 conscientia
2368 4619 2582 4687 metuit,
2632 4630 2688 4677 et
2732 4621 2955 4692 adjicias
2988 4630 3133 4698 quod
3183 4631 3432 4689 oratione

1831 4716 1941 4758 non
1979 4705 2276 4773 praesumit.
2308 4705 2434 4766 Per.

2509 4800 2740 4860 Secreta.
2769 4833 2772 4837 -

1903 4884 2150 4978 Respice,
2199 4890 2448 4958 Domine,
2492 4907 2822 4966 quaesumus,
2878 4911 3119 4959 nostram
3161 4907 3428 4978 propitius

1831 4977 2172 5046 servitutem,
2218 4988 2278 5035 ut
2324 4984 2469 5052 quod
2496 4984 2796 5057 offerimus,
2826 4991 2897 5047 sit
2924 4993 3021 5049 tibi
3049 5010 3244 5054 munus
3264 4977 3425 5054 accc~

1829 5074 2003 5136 ptum,
2036 5067 2108 5126 sit
2131 5078 2330 5128 nostra:
2354 5071 2636 5146 fragilitati
2665 5079 2987 5139 subsidium.
3015 5084 3139 5142 Per.

2320 5188 2448 5247 Post
2475 5191 2929 5255 Communionem.

1901 5275 2230 5346 Sentiamus,
2276 5280 2524 5349 Domine,
2557 5270 3018 5357 quasumusptui
3074 5282 3420 5368 perceptione

1829 5371 2155 5425 sacramenti
2193 5372 2490 5430 subsidium
2511 5378 2708 5434 mentis
2737 5388 2792 5435 et
2814 5385 3078 5454 corporis,
3107 5396 3166 5442 ut
3189 5388 3240 5442 in
3265 5400 3418 5447 utro-

1829 5550 2036 5631 nicaenX
2057 5561 2180 5631 post
2204 5562 2344 5631 octa.
2373 5555 2528 5612 Pent.
2555 5559 2677 5615 vide
2704 5561 2842 5631 apud
2866 5565 3135 5620 eumdem.

1900 5633 1922 5706 ε
1953 5620 2130 5706 Sidet
2166 5625 2326 5694 hujus
2367 5637 2509 5706 erat.
2563 5645 2685 5706 eum
2722 5620 2855 5706 lect.
2900 5633 3162 5706 Dominic.
3215 5637 3258 5691 ll
3291 5647 3416 5706 post

1824 5700 1934 5775 oet.
1963 5691 2498 5775 Pentn..ooncordiam
2529 5702 2693 5758 tradit
2720 5704 2920 5762 ibidem
2959 5705 3157 5775 Berno,
3212 5717 3270 5763 et
3293 5691 3414 5762 ’Μίέ

1827 5763 1958 5820 crol.
1995 5779 2044 5818 c.
2080 5763 2167 5820 61.

2936 5869 3031 5950 26,
