  <div class='ocr_page' id='page_1' title='image "/cluster/home/n/w/nwhite01/storage/ocr_20150623/121/hvd.32044015471642/412.png"; bbox 0 0 3954 6342; ppageno 0'>
   <div class='ocr_carea' id='block_1_1' title="bbox 160 277 3402 358">
    <p class='ocr_par' dir='ltr' id='par_1_1' title="bbox 160 277 3402 358">
     <span class='ocr_line' id='line_1_1' title="bbox 160 277 3402 358; baseline -0.007 0"><span class='ocrx_word' id='word_1_1' title='bbox 160 300 264 358; x_wconf 81' lang='grc'><strong>815</strong></span> <span class='ocrx_word' id='word_1_2' title='bbox 1328 293 1529 348; x_wconf 81' lang='lat' dir='ltr'><strong>LIBER</strong></span> <span class='ocrx_word' id='word_1_3' title='bbox 1569 283 2208 346; x_wconf 64' lang='lat' dir='ltr'><strong>SACIIAMENTORUM.</strong></span> <span class='ocrx_word' id='word_1_4' title='bbox 3297 277 3402 334; x_wconf 72' lang='lat' dir='ltr'><strong>8M</strong></span> 
     </span>
    </p>
   </div>
   <div class='ocr_carea' id='block_1_2' title="bbox 159 387 3408 478">
    <p class='ocr_par' dir='ltr' id='par_1_2' title="bbox 159 387 3408 478">
     <span class='ocr_line' id='line_1_2' title="bbox 159 387 3408 478; baseline -0.007 -12"><span class='ocrx_word' id='word_1_5' title='bbox 159 407 525 466; x_wconf 77' lang='lat' dir='ltr'><strong>miserationis</strong></span> <span class='ocrx_word' id='word_1_6' title='bbox 572 406 840 478; x_wconf 76' lang='lat' dir='ltr'><strong>operatio,</strong></span> <span class='ocrx_word' id='word_1_7' title='bbox 873 405 1000 478; x_wconf 83' lang='lat' dir='ltr'><strong>quia</strong></span> <span class='ocrx_word' id='word_1_8' title='bbox 1030 405 1123 462; x_wconf 84' lang='lat' dir='ltr'><strong>tibi</strong></span> <span class='ocrx_word' id='word_1_9' title='bbox 1148 406 1262 462; x_wconf 89' lang='lat' dir='ltr'><strong>sine</strong></span> <span class='ocrx_word' id='word_1_10' title='bbox 1290 413 1342 461; x_wconf 92' lang='lat' dir='ltr'><strong>te</strong></span> <span class='ocrx_word' id='word_1_11' title='bbox 1371 403 1587 476; x_wconf 83' lang='lat' dir='ltr'><strong>placere</strong></span> <span class='ocrx_word' id='word_1_12' title='bbox 1616 415 1724 457; x_wconf 87' lang='lat' dir='ltr'><strong>non</strong></span> <span class='ocrx_word' id='word_1_13' title='bbox 1755 402 1804 462; x_wconf 76' lang='grc' dir='ltr'><strong>Α</strong></span> <span class='ocrx_word' id='word_1_14' title='bbox 1833 404 2064 468; x_wconf 78' lang='lat' dir='ltr'><strong>tegente,</strong></span> <span class='ocrx_word' id='word_1_15' title='bbox 2099 395 2170 450; x_wconf 91' lang='lat' dir='ltr'><strong>sit</strong></span> <span class='ocrx_word' id='word_1_16' title='bbox 2198 395 2390 459; x_wconf 90' lang='lat' dir='ltr'><strong>libera,</strong></span> <span class='ocrx_word' id='word_1_17' title='bbox 2413 399 2471 447; x_wconf 91' lang='lat' dir='ltr'><strong>et</strong></span> <span class='ocrx_word' id='word_1_18' title='bbox 2496 406 2550 446; x_wconf 88' lang='lat' dir='ltr'><strong>tn</strong></span> <span class='ocrx_word' id='word_1_19' title='bbox 2572 389 2730 448; x_wconf 85' lang='lat' dir='ltr'><strong>bonis</strong></span> <span class='ocrx_word' id='word_1_20' title='bbox 2755 388 2963 446; x_wconf 87' lang='lat' dir='ltr'><strong>actibus</strong></span> <span class='ocrx_word' id='word_1_21' title='bbox 2993 395 3086 445; x_wconf 86' lang='lat' dir='ltr'><strong>tuo</strong></span> <span class='ocrx_word' id='word_1_22' title='bbox 3105 387 3310 444; x_wconf 83' lang='lat' dir='ltr'><strong>nomini</strong></span> <span class='ocrx_word' id='word_1_23' title='bbox 3335 392 3408 446; x_wconf 81' lang='lat' dir='ltr'><strong>sit</strong></span> 
     </span>
    </p>
   </div>
   <div class='ocr_carea' id='block_1_3' title="bbox 158 484 2777 575">
    <p class='ocr_par' dir='ltr' id='par_1_3' title="bbox 158 484 2777 575">
     <span class='ocr_line' id='line_1_3' title="bbox 158 484 2777 575; baseline -0.009 -16"><span class='ocrx_word' id='word_1_24' title='bbox 158 518 465 575; x_wconf 86' lang='lat' dir='ltr'><strong>possumus.</strong></span> <span class='ocrx_word' id='word_1_25' title='bbox 496 501 601 557; x_wconf 90' lang='lat' dir='ltr'><strong>Per</strong></span> <span class='ocrx_word' id='word_1_26' title='bbox 625 501 910 557; x_wconf 91' lang='lat' dir='ltr'><strong>Dominum</strong></span> <span class='ocrx_word' id='word_1_27' title='bbox 937 509 1204 556; x_wconf 90' lang='lat' dir='ltr'><strong>nostrum.</strong></span> <span class='ocrx_word' id='word_1_28' title='bbox 1831 488 2044 544; x_wconf 87' lang='lat' dir='ltr'><strong>devota.</strong></span> <span class='ocrx_word' id='word_1_29' title='bbox 2071 485 2174 542; x_wconf 90' lang='lat' dir='ltr'><strong>Per</strong></span> <span class='ocrx_word' id='word_1_30' title='bbox 2201 484 2485 540; x_wconf 91' lang='lat' dir='ltr'><strong>Dominum</strong></span> <span class='ocrx_word' id='word_1_31' title='bbox 2512 490 2777 539; x_wconf 91' lang='lat' dir='ltr'><strong>nostrum.</strong></span> 
     </span>
    </p>
   </div>
   <div class='ocr_carea' id='block_1_4' title="bbox 129 590 1753 699">
    <p class='ocr_par' dir='ltr' id='par_1_4' title="bbox 129 616 1049 699">
     <span class='ocr_line' id='line_1_4' title="bbox 129 616 1049 699; baseline -0.002 -28"><span class='ocrx_word' id='word_1_32' title='bbox 129 627 141 699; x_wconf 55' lang='grc' dir='ltr'><strong><em>ε</em></strong></span> <span class='ocrx_word' id='word_1_33' title='bbox 819 616 1049 672; x_wconf 85' lang='lat' dir='ltr'><strong>Secreta.</strong></span> 
     </span>
    </p>
   </div>
   <div class='ocr_carea' id='block_1_5' title="bbox 1889 590 3111 699">
    <p class='ocr_par' dir='ltr' id='par_1_5' title="bbox 2504 590 2737 649">
     <span class='ocr_line' id='line_1_5' title="bbox 2504 590 2737 649; baseline -0.013 0"><span class='ocrx_word' id='word_1_34' title='bbox 2504 590 2737 649; x_wconf 85' lang='lat' dir='ltr'><strong>Secreta.</strong></span> 
     </span>
    </p>
   </div>
   <div class='ocr_carea' id='block_1_6' title="bbox 229 681 1753 779">
    <p class='ocr_par' dir='ltr' id='par_1_6' title="bbox 229 703 1735 779">
     <span class='ocr_line' id='line_1_6' title="bbox 229 703 1735 779; baseline -0.005 -15"><span class='ocrx_word' id='word_1_35' title='bbox 229 708 392 774; x_wconf 88' lang='lat' dir='ltr'><strong>Deus,</strong></span> <span class='ocrx_word' id='word_1_36' title='bbox 416 708 507 778; x_wconf 88' lang='lat' dir='ltr'><strong>qui</strong></span> <span class='ocrx_word' id='word_1_37' title='bbox 539 723 636 764; x_wconf 94' lang='lat' dir='ltr'><strong>nos</strong></span> <span class='ocrx_word' id='word_1_38' title='bbox 662 722 760 779; x_wconf 91' lang='lat' dir='ltr'><strong>per</strong></span> <span class='ocrx_word' id='word_1_39' title='bbox 792 707 950 776; x_wconf 88' lang='lat' dir='ltr'><strong>hujus</strong></span> <span class='ocrx_word' id='word_1_40' title='bbox 979 705 1231 762; x_wconf 77' lang='lat' dir='ltr'><strong>sacrificii</strong></span> <span class='ocrx_word' id='word_1_41' title='bbox 1257 703 1566 760; x_wconf 83' lang='lat' dir='ltr'><strong>veneranda</strong></span> <span class='ocrx_word' id='word_1_42' title='bbox 1588 716 1735 759; x_wconf 92' lang='lat' dir='ltr'><strong>com-</strong></span> 
     </span>
    </p>
   </div>
   <div class='ocr_carea' id='block_1_7' title="bbox 1889 681 3409 779">
    <p class='ocr_par' dir='ltr' id='par_1_7' title="bbox 1906 681 3409 756">
     <span class='ocr_line' id='line_1_7' title="bbox 1906 681 3409 756; baseline -0.002 -15"><span class='ocrx_word' id='word_1_43' title='bbox 1906 685 2149 756; x_wconf 91' lang='lat' dir='ltr'><strong>Suscipe,</strong></span> <span class='ocrx_word' id='word_1_44' title='bbox 2182 683 2426 752; x_wconf 87' lang='lat' dir='ltr'><strong>Domine,</strong></span> <span class='ocrx_word' id='word_1_45' title='bbox 2458 683 2722 754; x_wconf 87' lang='lat' dir='ltr'><strong>propitius</strong></span> <span class='ocrx_word' id='word_1_46' title='bbox 2755 681 2989 756; x_wconf 72' lang='lat' dir='ltr'><strong>hostias,</strong></span> <span class='ocrx_word' id='word_1_47' title='bbox 3023 681 3218 751; x_wconf 90' lang='lat' dir='ltr'><strong>quibus</strong></span> <span class='ocrx_word' id='word_1_48' title='bbox 3255 691 3310 738; x_wconf 86' lang='lat' dir='ltr'><strong>et</strong></span> <span class='ocrx_word' id='word_1_49' title='bbox 3356 689 3409 738; x_wconf 89' lang='lat' dir='ltr'><strong>te</strong></span> 
     </span>
    </p>
   </div>
   <div class='ocr_carea' id='block_1_8' title="bbox 161 771 1753 878">
    <p class='ocr_par' dir='ltr' id='par_1_8' title="bbox 161 793 1736 868">
     <span class='ocr_line' id='line_1_8' title="bbox 161 793 1736 868; baseline -0.008 -10"><span class='ocrx_word' id='word_1_50' title='bbox 161 802 363 858; x_wconf 86' lang='lat' dir='ltr'><strong>mercia</strong></span> <span class='ocrx_word' id='word_1_51' title='bbox 402 801 560 856; x_wconf 91' lang='lat' dir='ltr'><strong>unius</strong></span> <span class='ocrx_word' id='word_1_52' title='bbox 590 814 917 868; x_wconf 86' lang='lat' dir='ltr'><strong>summaeque</strong></span> <span class='ocrx_word' id='word_1_53' title='bbox 949 798 1248 853; x_wconf 80' lang='lat' dir='ltr'><strong>divinitatis</strong></span> <span class='ocrx_word' id='word_1_54' title='bbox 1289 797 1580 868; x_wconf 83' lang='lat' dir='ltr'><strong>participes</strong></span> <span class='ocrx_word' id='word_1_55' title='bbox 1624 793 1736 849; x_wconf 82' lang='lat' dir='ltr'><strong>eﬂi-</strong></span> 
     </span>
    </p>
   </div>
   <div class='ocr_carea' id='block_1_9' title="bbox 1889 771 3408 878">
    <p class='ocr_par' dir='ltr' id='par_1_9' title="bbox 1891 771 3408 843">
     <span class='ocr_line' id='line_1_9' title="bbox 1891 771 3408 843; baseline -0.002 -12"><span class='ocrx_word' id='word_1_56' title='bbox 1891 776 2039 831; x_wconf 86' lang='lat' dir='ltr'><strong>acari</strong></span> <span class='ocrx_word' id='word_1_57' title='bbox 2086 774 2320 840; x_wconf 87' lang='lat' dir='ltr'><strong>voluisti,</strong></span> <span class='ocrx_word' id='word_1_58' title='bbox 2361 781 2417 829; x_wconf 93' lang='lat' dir='ltr'><strong>et</strong></span> <span class='ocrx_word' id='word_1_59' title='bbox 2466 773 2622 828; x_wconf 86' lang='lat' dir='ltr'><strong>nobis</strong></span> <span class='ocrx_word' id='word_1_60' title='bbox 2669 771 2895 828; x_wconf 85' lang='lat' dir='ltr'><strong>salutem</strong></span> <span class='ocrx_word' id='word_1_61' title='bbox 2946 773 3151 843; x_wconf 90' lang='lat' dir='ltr'><strong>potenti</strong></span> <span class='ocrx_word' id='word_1_62' title='bbox 3207 773 3408 843; x_wconf 85' lang='lat' dir='ltr'><strong>pietate</strong></span> 
     </span>
    </p>
   </div>
   <div class='ocr_carea' id='block_1_10' title="bbox 162 867 2535 966">
    <p class='ocr_par' dir='ltr' id='par_1_10' title="bbox 162 867 2535 966">
     <span class='ocr_line' id='line_1_10' title="bbox 162 867 2535 966; baseline -0.003 -16"><span class='ocrx_word' id='word_1_63' title='bbox 162 895 264 961; x_wconf 91' lang='lat' dir='ltr'><strong>cis,</strong></span> <span class='ocrx_word' id='word_1_64' title='bbox 294 902 508 966; x_wconf 86' lang='lat' dir='ltr'><strong>praesta,</strong></span> <span class='ocrx_word' id='word_1_65' title='bbox 537 907 871 963; x_wconf 54' lang='lat' dir='ltr'><strong>quaesumus,</strong></span> <span class='ocrx_word' id='word_1_66' title='bbox 900 900 958 946; x_wconf 92' lang='lat' dir='ltr'><strong>ut</strong></span> <span class='ocrx_word' id='word_1_67' title='bbox 984 891 1123 946; x_wconf 90' lang='lat' dir='ltr'><strong>sicut</strong></span> <span class='ocrx_word' id='word_1_68' title='bbox 1170 898 1315 945; x_wconf 88' lang='lat' dir='ltr'><strong>tuam</strong></span> <span class='ocrx_word' id='word_1_69' title='bbox 1357 887 1736 960; x_wconf 75' lang='lat' dir='ltr'><strong>cognoscimus</strong></span> <span class='ocrx_word' id='word_1_70' title='bbox 1836 868 2068 925; x_wconf 72' lang='grc' dir='ltr'><strong>Γθδιίῑυίο</strong></span> <span class='ocrx_word' id='word_1_71' title='bbox 2097 867 2204 923; x_wconf 61' lang='lat' dir='ltr'><strong>Per</strong></span> <span class='ocrx_word' id='word_1_72' title='bbox 2230 867 2535 922; x_wconf 69' lang='lat' dir='ltr'><strong>Dominum-</strong></span> 
     </span>
    </p>
   </div>
   <div class='ocr_carea' id='block_1_11' title="bbox 162 978 2926 1054">
    <p class='ocr_par' dir='ltr' id='par_1_11' title="bbox 162 978 2926 1054">
     <span class='ocr_line' id='line_1_11' title="bbox 162 978 2926 1054; baseline -0.002 -15"><span class='ocrx_word' id='word_1_73' title='bbox 162 987 472 1050; x_wconf 86' lang='lat' dir='ltr'><strong>vcritatem,</strong></span> <span class='ocrx_word' id='word_1_74' title='bbox 501 986 580 1040; x_wconf 89' lang='lat' dir='ltr'><strong>sic</strong></span> <span class='ocrx_word' id='word_1_75' title='bbox 604 999 724 1040; x_wconf 88' lang='lat' dir='ltr'><strong>eam</strong></span> <span class='ocrx_word' id='word_1_76' title='bbox 752 982 926 1054; x_wconf 80' lang='lat' dir='ltr'><strong>dignis</strong></span> <span class='ocrx_word' id='word_1_77' title='bbox 972 981 1240 1036; x_wconf 86' lang='lat' dir='ltr'><strong>mentibus</strong></span> <span class='ocrx_word' id='word_1_78' title='bbox 1271 988 1326 1037; x_wconf 90' lang='lat' dir='ltr'><strong>et</strong></span> <span class='ocrx_word' id='word_1_79' title='bbox 1367 980 1612 1036; x_wconf 90' lang='lat' dir='ltr'><strong>moribus</strong></span> <span class='ocrx_word' id='word_1_80' title='bbox 1653 992 1740 1033; x_wconf 86' lang='lat' dir='ltr'><strong>as-</strong></span> <span class='ocrx_word' id='word_1_81' title='bbox 2323 978 2453 1034; x_wconf 84' lang='lat' dir='ltr'><strong>Post</strong></span> <span class='ocrx_word' id='word_1_82' title='bbox 2480 978 2926 1034; x_wconf 79' lang='lat' dir='ltr'><strong>Commumonem.</strong></span> 
     </span>
    </p>
   </div>
   <div class='ocr_carea' id='block_1_12' title="bbox 165 1069 3410 1146">
    <p class='ocr_par' dir='ltr' id='par_1_12' title="bbox 165 1069 3410 1146">
     <span class='ocr_line' id='line_1_12' title="bbox 165 1069 3410 1146; baseline -0.002 -14"><span class='ocrx_word' id='word_1_83' title='bbox 165 1091 478 1146; x_wconf 85' lang='lat' dir='ltr'><strong>sequamur.</strong></span> <span class='ocrx_word' id='word_1_84' title='bbox 506 1075 629 1132; x_wconf 88' lang='lat' dir='ltr'><strong>Per.</strong></span> <span class='ocrx_word' id='word_1_85' title='bbox 1907 1069 2336 1126; x_wconf 87' lang='lat' dir='ltr'><strong>Immortalitatis</strong></span> <span class='ocrx_word' id='word_1_86' title='bbox 2386 1069 2697 1126; x_wconf 87' lang='lat' dir='ltr'><strong>alimoniam</strong></span> <span class='ocrx_word' id='word_1_87' title='bbox 2740 1071 3034 1134; x_wconf 89' lang='lat' dir='ltr'><strong>consecuti,</strong></span> <span class='ocrx_word' id='word_1_88' title='bbox 3085 1086 3410 1140; x_wconf 64' lang='lat' dir='ltr'><strong>quazsumus,</strong></span> 
     </span>
    </p>
   </div>
   <div class='ocr_carea' id='block_1_13' title="bbox 652 1159 3410 1244">
    <p class='ocr_par' dir='ltr' id='par_1_13' title="bbox 652 1159 3410 1244">
     <span class='ocr_line' id='line_1_13' title="bbox 652 1159 3410 1244; baseline -0 -30"><span class='ocrx_word' id='word_1_89' title='bbox 652 1187 779 1244; x_wconf 50' lang='lat' dir='ltr'><strong>post</strong></span> <span class='ocrx_word' id='word_1_90' title='bbox 808 1187 1254 1244; x_wconf 45' lang='lat' dir='ltr'><strong>communionem.</strong></span> <span class='ocrx_word' id='word_1_91' title='bbox 1840 1160 2082 1225; x_wconf 89' lang='lat' dir='ltr'><strong>Domine,</strong></span> <span class='ocrx_word' id='word_1_92' title='bbox 2108 1168 2166 1214; x_wconf 92' lang='lat' dir='ltr'><strong>ut</strong></span> <span class='ocrx_word' id='word_1_93' title='bbox 2196 1159 2340 1229; x_wconf 92' lang='lat' dir='ltr'><strong>quod</strong></span> <span class='ocrx_word' id='word_1_94' title='bbox 2369 1173 2462 1214; x_wconf 90' lang='lat' dir='ltr'><strong>ore</strong></span> <span class='ocrx_word' id='word_1_95' title='bbox 2495 1160 2856 1229; x_wconf 90' lang='lat' dir='ltr'><strong>percepimus,</strong></span> <span class='ocrx_word' id='word_1_96' title='bbox 2897 1169 3073 1215; x_wconf 89' lang='lat' dir='ltr'><strong>mente</strong></span> <span class='ocrx_word' id='word_1_97' title='bbox 3120 1169 3410 1215; x_wconf 87' lang='lat' dir='ltr'><strong>sectemur.</strong></span> 
     </span>
    </p>
   </div>
   <div class='ocr_carea' id='block_1_14' title="bbox 236 1253 1965 1347">
    <p class='ocr_par' dir='ltr' id='par_1_14' title="bbox 236 1253 1965 1347">
     <span class='ocr_line' id='line_1_14' title="bbox 236 1253 1965 1347; baseline -0.006 -10"><span class='ocrx_word' id='word_1_98' title='bbox 236 1280 457 1338; x_wconf 84' lang='lat' dir='ltr'><strong>Gratias</strong></span> <span class='ocrx_word' id='word_1_99' title='bbox 486 1281 604 1347; x_wconf 89' lang='lat' dir='ltr'><strong>tibi,</strong></span> <span class='ocrx_word' id='word_1_100' title='bbox 630 1280 877 1344; x_wconf 88' lang='lat' dir='ltr'><strong>Domine,</strong></span> <span class='ocrx_word' id='word_1_101' title='bbox 908 1277 1195 1334; x_wconf 78' lang='lat' dir='ltr'><strong>referimus</strong></span> <span class='ocrx_word' id='word_1_102' title='bbox 1221 1291 1381 1334; x_wconf 88' lang='lat' dir='ltr'><strong>sacro</strong></span> <span class='ocrx_word' id='word_1_103' title='bbox 1402 1288 1629 1331; x_wconf 89' lang='lat' dir='ltr'><strong>munere</strong></span> <span class='ocrx_word' id='word_1_104' title='bbox 1653 1287 1745 1329; x_wconf 86' lang='lat' dir='ltr'><strong>ve-</strong></span> <span class='ocrx_word' id='word_1_105' title='bbox 1841 1253 1965 1308; x_wconf 66' lang='lat' dir='ltr'><strong>Per-</strong></span> 
     </span>
    </p>
   </div>
   <div class='ocr_carea' id='block_1_15' title="bbox 166 1341 2884 1446">
    <p class='ocr_par' dir='ltr' id='par_1_15' title="bbox 166 1341 2884 1446">
     <span class='ocr_line' id='line_1_15' title="bbox 166 1341 2884 1446; baseline -0.001 -19"><span class='ocrx_word' id='word_1_106' title='bbox 166 1372 355 1444; x_wconf 89' lang='lat' dir='ltr'><strong>getati,</strong></span> <span class='ocrx_word' id='word_1_107' title='bbox 389 1383 533 1428; x_wconf 91' lang='lat' dir='ltr'><strong>tuam</strong></span> <span class='ocrx_word' id='word_1_108' title='bbox 573 1341 995 1427; x_wconf 82' lang='lat' dir='ltr'><strong>misericordiam</strong></span> <span class='ocrx_word' id='word_1_109' title='bbox 1045 1371 1416 1439; x_wconf 84' lang='lat' dir='ltr'><strong>deprecantes,</strong></span> <span class='ocrx_word' id='word_1_110' title='bbox 1462 1373 1524 1422; x_wconf 91' lang='lat' dir='ltr'><strong>ut</strong></span> <span class='ocrx_word' id='word_1_111' title='bbox 1553 1365 1744 1436; x_wconf 82' lang='lat' dir='ltr'><strong>dignos</strong></span> <span class='ocrx_word' id='word_1_112' title='bbox 1881 1363 1953 1446; x_wconf 31' lang='lat'><strong>‘_</strong></span> <span class='ocrx_word' id='word_1_113' title='bbox 2163 1436 2176 1446; x_wconf 86' lang='lat'>_</span> <span class='ocrx_word' id='word_1_114' title='bbox 2249 1445 2255 1446; x_wconf 13' lang='grc' dir='ltr'><em>γ</em></span> <span class='ocrx_word' id='word_1_115' title='bbox 2376 1343 2571 1424; x_wconf 64' lang='lat' dir='ltr'><strong>[super</strong></span> <span class='ocrx_word' id='word_1_116' title='bbox 2616 1341 2884 1446; x_wconf 53' lang='grc' dir='ltr'><strong>Ρθρίίίωπς</strong></span> 
     </span>
    </p>
   </div>
   <div class='ocr_carea' id='block_1_16' title="bbox 166 1433 3420 1532">
    <p class='ocr_par' dir='ltr' id='par_1_16' title="bbox 166 1433 3420 1532">
     <span class='ocr_line' id='line_1_16' title="bbox 166 1433 3420 1532; baseline -0 -43"><span class='ocrx_word' id='word_1_117' title='bbox 166 1433 266 1517; x_wconf 61' lang='grc' dir='ltr'><strong>ἧος</strong></span> <span class='ocrx_word' id='word_1_118' title='bbox 294 1433 411 1530; x_wconf 47' lang='lat' dir='ltr'><strong>eius</strong></span> <span class='ocrx_word' id='word_1_119' title='bbox 435 1461 844 1531; x_wconf 48' lang='lat' dir='ltr'><strong>participatione</strong></span> <span class='ocrx_word' id='word_1_120' title='bbox 874 1433 1142 1532; x_wconf 39' lang='lat' dir='ltr'><strong>perﬁci“:</strong></span> <span class='ocrx_word' id='word_1_121' title='bbox 1171 1459 1292 1516; x_wconf 53' lang='lat' dir='ltr'><strong>per.</strong></span> <span class='ocrx_word' id='word_1_122' title='bbox 1402 1433 1408 1435; x_wconf 56' lang='grc'><strong><em>⁷</em></strong></span> <span class='ocrx_word' id='word_1_123' title='bbox 1618 1433 1637 1436; x_wconf 73' lang='grc'><em>’</em></span> <span class='ocrx_word' id='word_1_124' title='bbox 1915 1435 1992 1491; x_wconf 91' lang='lat' dir='ltr'><strong>Da</strong></span> <span class='ocrx_word' id='word_1_125' title='bbox 2019 1436 2215 1507; x_wconf 88' lang='lat' dir='ltr'><strong>popqu</strong></span> <span class='ocrx_word' id='word_1_126' title='bbox 2243 1445 2354 1503; x_wconf 90' lang='lat' dir='ltr'><strong>tuo,</strong></span> <span class='ocrx_word' id='word_1_127' title='bbox 2375 1451 2702 1507; x_wconf 63' lang='lat' dir='ltr'><strong>quaesumus,</strong></span> <span class='ocrx_word' id='word_1_128' title='bbox 2722 1434 3110 1500; x_wconf 88' lang='lat' dir='ltr'><strong>Domine,etc.,</strong></span> <span class='ocrx_word' id='word_1_129' title='bbox 3136 1442 3190 1487; x_wconf 87' lang='lat' dir='ltr'><strong>ut</strong></span> <span class='ocrx_word' id='word_1_130' title='bbox 3211 1433 3420 1508; x_wconf 81' lang='lat' dir='ltr'><strong>supra.]</strong></span> 
     </span>
    </p>
   </div>
   <div class='ocr_carea' id='block_1_17' title="bbox 693 1548 2690 1640">
    <p class='ocr_par' dir='ltr' id='par_1_17' title="bbox 693 1548 2690 1640">
     <span class='ocr_line' id='line_1_17' title="bbox 693 1548 2690 1640; baseline -0.001 -17"><span class='ocrx_word' id='word_1_131' title='bbox 693 1567 885 1640; x_wconf 86' lang='lat' dir='ltr'><strong>[Super</strong></span> <span class='ocrx_word' id='word_1_132' title='bbox 927 1567 1199 1638; x_wconf 81' lang='lat' dir='ltr'><strong>populum.</strong></span> <span class='ocrx_word' id='word_1_133' title='bbox 1787 1571 1796 1575; x_wconf 38' lang='grc' dir='ltr'><strong>λ’</strong></span> <span class='ocrx_word' id='word_1_134' title='bbox 2578 1548 2690 1603; x_wconf 71' lang='lat' dir='ltr'><strong>XL-</strong></span> 
     </span>
    </p>
   </div>
   <div class='ocr_carea' id='block_1_18' title="bbox 239 1655 3142 1728">
    <p class='ocr_par' dir='ltr' id='par_1_18' title="bbox 239 1655 3142 1728">
     <span class='ocr_line' id='line_1_18' title="bbox 239 1655 3142 1728; baseline 0 -16"><span class='ocrx_word' id='word_1_135' title='bbox 239 1657 508 1728; x_wconf 90' lang='lat' dir='ltr'><strong>Tempora</strong></span> <span class='ocrx_word' id='word_1_136' title='bbox 553 1666 765 1722; x_wconf 90' lang='lat' dir='ltr'><strong>nostra,</strong></span> <span class='ocrx_word' id='word_1_137' title='bbox 793 1671 1123 1726; x_wconf 64' lang='lat' dir='ltr'><strong>quaesumus,</strong></span> <span class='ocrx_word' id='word_1_138' title='bbox 1157 1656 1401 1722; x_wconf 89' lang='lat' dir='ltr'><strong>Domine,</strong></span> <span class='ocrx_word' id='word_1_139' title='bbox 1433 1655 1524 1728; x_wconf 91' lang='lat' dir='ltr'><strong>pio</strong></span> <span class='ocrx_word' id='word_1_140' title='bbox 1563 1655 1749 1712; x_wconf 81' lang='lat' dir='ltr'><strong>favore</strong></span> <span class='ocrx_word' id='word_1_141' title='bbox 2126 1656 2380 1698; x_wconf 66' lang='grc' dir='ltr'><strong>υοηῐΝιοΑ</strong></span> <span class='ocrx_word' id='word_1_142' title='bbox 2414 1656 2551 1696; x_wconf 68' lang='grc' dir='ltr'><strong>Πιη</strong></span> <span class='ocrx_word' id='word_1_143' title='bbox 2588 1655 2718 1696; x_wconf 73' lang='grc' dir='ltr'><strong>Ροετ</strong></span> <span class='ocrx_word' id='word_1_144' title='bbox 2749 1655 3142 1697; x_wconf 70' lang='grc' dir='ltr'><strong>ΡεΝτεοοετΕΝ·</strong></span> 
     </span>
    </p>
   </div>
   <div class='ocr_carea' id='block_1_19' title="bbox 165 1729 1753 1828">
    <p class='ocr_par' dir='ltr' id='par_1_19' title="bbox 165 1748 1746 1820">
     <span class='ocr_line' id='line_1_19' title="bbox 165 1748 1746 1820; baseline 0 -16"><span class='ocrx_word' id='word_1_145' title='bbox 165 1765 517 1820; x_wconf 90' lang='lat' dir='ltr'><strong>prosequere,</strong></span> <span class='ocrx_word' id='word_1_146' title='bbox 551 1759 607 1805; x_wconf 92' lang='lat' dir='ltr'><strong>et</strong></span> <span class='ocrx_word' id='word_1_147' title='bbox 655 1749 850 1818; x_wconf 90' lang='lat' dir='ltr'><strong>quibus</strong></span> <span class='ocrx_word' id='word_1_148' title='bbox 899 1763 1114 1804; x_wconf 90' lang='lat' dir='ltr'><strong>cursum</strong></span> <span class='ocrx_word' id='word_1_149' title='bbox 1177 1748 1370 1805; x_wconf 90' lang='lat' dir='ltr'><strong>tribuis</strong></span> <span class='ocrx_word' id='word_1_150' title='bbox 1421 1749 1746 1820; x_wconf 85' lang='lat' dir='ltr'><strong>largiorem,</strong></span> 
     </span>
    </p>
   </div>
   <div class='ocr_carea' id='block_1_20' title="bbox 1889 1729 3425 1828">
    <p class='ocr_par' dir='ltr' id='par_1_20' title="bbox 1919 1729 3425 1804">
     <span class='ocr_line' id='line_1_20' title="bbox 1919 1729 3425 1804; baseline 0.001 -18"><span class='ocrx_word' id='word_1_151' title='bbox 1919 1731 1946 1772; x_wconf 75' lang='grc' dir='ltr'><em>ά</em></span> <span class='ocrx_word' id='word_1_152' title='bbox 1979 1732 2139 1796; x_wconf 90' lang='lat' dir='ltr'><strong>Deus,</strong></span> <span class='ocrx_word' id='word_1_153' title='bbox 2173 1731 2440 1804; x_wconf 83' lang='lat' dir='ltr'><strong>refugium</strong></span> <span class='ocrx_word' id='word_1_154' title='bbox 2486 1741 2731 1787; x_wconf 89' lang='lat' dir='ltr'><strong>nostrum</strong></span> <span class='ocrx_word' id='word_1_155' title='bbox 2779 1741 2835 1787; x_wconf 93' lang='lat' dir='ltr'><strong>et</strong></span> <span class='ocrx_word' id='word_1_156' title='bbox 2873 1732 3072 1797; x_wconf 87' lang='lat' dir='ltr'><strong>virtus,</strong></span> <span class='ocrx_word' id='word_1_157' title='bbox 3106 1730 3291 1786; x_wconf 88' lang='lat' dir='ltr'><strong>adesto</strong></span> <span class='ocrx_word' id='word_1_158' title='bbox 3320 1729 3425 1802; x_wconf 90' lang='lat' dir='ltr'><strong>piis</strong></span> 
     </span>
    </p>
   </div>
   <div class='ocr_carea' id='block_1_21' title="bbox 167 1825 3424 1912">
    <p class='ocr_par' dir='ltr' id='par_1_21' title="bbox 167 1825 3424 1912">
     <span class='ocr_line' id='line_1_21' title="bbox 167 1825 3424 1912; baseline -0.001 -31"><span class='ocrx_word' id='word_1_159' title='bbox 167 1849 369 1912; x_wconf 51' lang='lat' dir='ltr'><strong>praesta</strong></span> <span class='ocrx_word' id='word_1_160' title='bbox 395 1841 711 1896; x_wconf 75' lang='grc' dir='ltr'><strong>οοηιίιωυω</strong></span> <span class='ocrx_word' id='word_1_161' title='bbox 739 1839 1003 1910; x_wconf 68' lang='lat' dir='ltr'><strong>benignus</strong></span> <span class='ocrx_word' id='word_1_162' title='bbox 1032 1837 1336 1910; x_wconf 59' lang='lat' dir='ltr'><strong>auxilium]</strong></span> <span class='ocrx_word' id='word_1_163' title='bbox 1775 1825 1812 1828; x_wconf 73' lang='grc'><em>’</em></span> <span class='ocrx_word' id='word_1_164' title='bbox 1851 1825 2106 1882; x_wconf 82' lang='lat' dir='ltr'><strong>Ecclesiae</strong></span> <span class='ocrx_word' id='word_1_165' title='bbox 2133 1835 2237 1880; x_wconf 70' lang='lat' dir='ltr'><strong>tua:</strong></span> <span class='ocrx_word' id='word_1_166' title='bbox 2259 1825 2507 1894; x_wconf 88' lang='lat' dir='ltr'><strong>precibus</strong></span> <span class='ocrx_word' id='word_1_167' title='bbox 2534 1832 2724 1880; x_wconf 86' lang='lat' dir='ltr'><strong>auctor</strong></span> <span class='ocrx_word' id='word_1_168' title='bbox 2743 1825 2855 1895; x_wconf 90' lang='lat' dir='ltr'><strong>ipse</strong></span> <span class='ocrx_word' id='word_1_169' title='bbox 2872 1825 3112 1895; x_wconf 91' lang='lat' dir='ltr'><strong>pietatis,</strong></span> <span class='ocrx_word' id='word_1_170' title='bbox 3130 1832 3186 1879; x_wconf 90' lang='lat' dir='ltr'><strong>et</strong></span> <span class='ocrx_word' id='word_1_171' title='bbox 3204 1831 3424 1896; x_wconf 84' lang='lat' dir='ltr'><strong>praesta,</strong></span> 
     </span>
    </p>
   </div>
   <div class='ocr_carea' id='block_1_22' title="bbox 839 1913 3425 2002">
    <p class='ocr_par' dir='ltr' id='par_1_22' title="bbox 839 1913 3425 2002">
     <span class='ocr_line' id='line_1_22' title="bbox 839 1913 3425 2002; baseline -0.006 -18"><span class='ocrx_word' id='word_1_172' title='bbox 839 1947 1101 2002; x_wconf 48' lang='lat' dir='ltr'><strong>xxxv“.</strong></span> <span class='ocrx_word' id='word_1_173' title='bbox 1852 1925 1912 1970; x_wconf 92' lang='lat' dir='ltr'><strong>ut</strong></span> <span class='ocrx_word' id='word_1_174' title='bbox 1947 1915 2092 1985; x_wconf 91' lang='lat' dir='ltr'><strong>quod</strong></span> <span class='ocrx_word' id='word_1_175' title='bbox 2140 1915 2372 1972; x_wconf 85' lang='lat' dir='ltr'><strong>ﬁdeliter</strong></span> <span class='ocrx_word' id='word_1_176' title='bbox 2415 1916 2667 1986; x_wconf 89' lang='lat' dir='ltr'><strong>petimus,</strong></span> <span class='ocrx_word' id='word_1_177' title='bbox 2691 1913 2982 1972; x_wconf 77' lang='lat' dir='ltr'><strong>efﬁcaciter</strong></span> <span class='ocrx_word' id='word_1_178' title='bbox 3009 1929 3425 1985; x_wconf 87' lang='lat' dir='ltr'><strong>consequamur.</strong></span> 
     </span>
    </p>
   </div>
   <div class='ocr_carea' id='block_1_23' title="bbox 1851 2004 1976 2062">
    <p class='ocr_par' dir='ltr' id='par_1_23' title="bbox 1851 2004 1976 2062">
     <span class='ocr_line' id='line_1_23' title="bbox 1851 2004 1976 2062; baseline -0.032 0"><span class='ocrx_word' id='word_1_179' title='bbox 1851 2004 1976 2062; x_wconf 86' lang='lat' dir='ltr'><strong>Per.</strong></span> 
     </span>
    </p>
   </div>
   <div class='ocr_carea' id='block_1_24' title="bbox 459 2054 1448 2097">
    <p class='ocr_par' dir='ltr' id='par_1_24' title="bbox 459 2054 1448 2097">
     <span class='ocr_line' id='line_1_24' title="bbox 459 2054 1448 2097; baseline 0.002 -3"><span class='ocrx_word' id='word_1_180' title='bbox 459 2055 712 2096; x_wconf 74' lang='lat' dir='ltr'><strong>DOIINICA</strong></span> <span class='ocrx_word' id='word_1_181' title='bbox 760 2055 832 2094; x_wconf 72' lang='lat' dir='ltr'><strong>XX</strong></span> <span class='ocrx_word' id='word_1_182' title='bbox 881 2054 1010 2095; x_wconf 86' lang='lat' dir='ltr'><strong>POST</strong></span> <span class='ocrx_word' id='word_1_183' title='bbox 1055 2055 1448 2097; x_wconf 68' lang='lat' dir='ltr'><strong>PENTECOS&#39;I‘EN.</strong></span> 
     </span>
    </p>
   </div>
   <div class='ocr_carea' id='block_1_25' title="bbox 243 2129 1753 2202">
    <p class='ocr_par' dir='ltr' id='par_1_25' title="bbox 243 2129 1753 2202">
     <span class='ocr_line' id='line_1_25' title="bbox 243 2129 1753 2202; baseline 0.001 -15"><span class='ocrx_word' id='word_1_184' title='bbox 243 2144 268 2172; x_wconf 73' lang='grc' dir='ltr'>ε</span> <span class='ocrx_word' id='word_1_185' title='bbox 303 2129 656 2202; x_wconf 92' lang='lat' dir='ltr'><strong>Omnipotens</strong></span> <span class='ocrx_word' id='word_1_186' title='bbox 681 2140 736 2187; x_wconf 90' lang='lat' dir='ltr'><strong>et</strong></span> <span class='ocrx_word' id='word_1_187' title='bbox 762 2132 1074 2188; x_wconf 90' lang='lat' dir='ltr'><strong>misericors</strong></span> <span class='ocrx_word' id='word_1_188' title='bbox 1105 2133 1269 2200; x_wconf 90' lang='lat' dir='ltr'><strong>Deus,</strong></span> <span class='ocrx_word' id='word_1_189' title='bbox 1297 2133 1550 2189; x_wconf 88' lang='lat' dir='ltr'><strong>universa</strong></span> <span class='ocrx_word' id='word_1_190' title='bbox 1594 2133 1753 2189; x_wconf 85' lang='lat' dir='ltr'><strong>nobis</strong></span> 
     </span>
    </p>
   </div>
   <div class='ocr_carea' id='block_1_26' title="bbox 170 2222 1753 2295">
    <p class='ocr_par' dir='ltr' id='par_1_26' title="bbox 170 2222 1753 2295">
     <span class='ocr_line' id='line_1_26' title="bbox 170 2222 1753 2295; baseline 0.001 -18"><span class='ocrx_word' id='word_1_191' title='bbox 170 2222 519 2279; x_wconf 79' lang='lat' dir='ltr'><strong>adversantia</strong></span> <span class='ocrx_word' id='word_1_192' title='bbox 546 2223 872 2293; x_wconf 88' lang='lat' dir='ltr'><strong>propitiatus</strong></span> <span class='ocrx_word' id='word_1_193' title='bbox 900 2222 1144 2288; x_wconf 79' lang='lat' dir='ltr'><strong>exclude,</strong></span> <span class='ocrx_word' id='word_1_194' title='bbox 1162 2231 1223 2277; x_wconf 93' lang='lat' dir='ltr'><strong>ut</strong></span> <span class='ocrx_word' id='word_1_195' title='bbox 1244 2231 1425 2280; x_wconf 90' lang='lat' dir='ltr'><strong>mente</strong></span> <span class='ocrx_word' id='word_1_196' title='bbox 1447 2232 1501 2280; x_wconf 88' lang='lat' dir='ltr'><strong>et</strong></span> <span class='ocrx_word' id='word_1_197' title='bbox 1525 2238 1753 2295; x_wconf 84' lang='lat' dir='ltr'><strong>corpore</strong></span> 
     </span>
    </p>
   </div>
   <div class='ocr_carea' id='block_1_27' title="bbox 168 2314 1755 2387">
    <p class='ocr_par' dir='ltr' id='par_1_27' title="bbox 168 2314 1755 2387">
     <span class='ocr_line' id='line_1_27' title="bbox 168 2314 1755 2387; baseline 0.001 -17"><span class='ocrx_word' id='word_1_198' title='bbox 168 2316 383 2387; x_wconf 86' lang='lat' dir='ltr'><strong>pariter</strong></span> <span class='ocrx_word' id='word_1_199' title='bbox 407 2315 666 2386; x_wconf 73' lang='lat' dir='ltr'><strong>espediti,</strong></span> <span class='ocrx_word' id='word_1_200' title='bbox 694 2330 814 2385; x_wconf 66' lang='lat' dir='ltr'><strong>qua:</strong></span> <span class='ocrx_word' id='word_1_201' title='bbox 843 2324 932 2370; x_wconf 88' lang='lat' dir='ltr'><strong>tua</strong></span> <span class='ocrx_word' id='word_1_202' title='bbox 966 2322 1093 2370; x_wconf 91' lang='lat' dir='ltr'><strong>sunt</strong></span> <span class='ocrx_word' id='word_1_203' title='bbox 1116 2314 1307 2373; x_wconf 89' lang='lat' dir='ltr'><strong>liberis</strong></span> <span class='ocrx_word' id='word_1_204' title='bbox 1342 2316 1620 2374; x_wconf 90' lang='lat' dir='ltr'><strong>mentibus</strong></span> <span class='ocrx_word' id='word_1_205' title='bbox 1659 2331 1755 2372; x_wconf 78' lang='lat' dir='ltr'><strong>ex-</strong></span> 
     </span>
    </p>
   </div>
   <div class='ocr_carea' id='block_1_28' title="bbox 169 2402 638 2478">
    <p class='ocr_par' dir='ltr' id='par_1_28' title="bbox 169 2402 638 2478">
     <span class='ocr_line' id='line_1_28' title="bbox 169 2402 638 2478; baseline -0.006 -15"><span class='ocrx_word' id='word_1_206' title='bbox 169 2402 486 2478; x_wconf 82' lang='lat' dir='ltr'><strong>sequamur.</strong></span> <span class='ocrx_word' id='word_1_207' title='bbox 514 2406 638 2463; x_wconf 90' lang='lat' dir='ltr'><strong>Per.</strong></span> 
     </span>
    </p>
   </div>
   <div class='ocr_carea' id='block_1_29' title="bbox 2520 2096 2753 2154">
    <p class='ocr_par' dir='ltr' id='par_1_29' title="bbox 2520 2096 2753 2154">
     <span class='ocr_line' id='line_1_29' title="bbox 2520 2096 2753 2154; baseline -0.009 0"><span class='ocrx_word' id='word_1_208' title='bbox 2520 2096 2753 2154; x_wconf 86' lang='lat' dir='ltr'><strong>Secreta.</strong></span> 
     </span>
    </p>
   </div>
   <div class='ocr_carea' id='block_1_30' title="bbox 1923 2184 3434 2254">
    <p class='ocr_par' dir='ltr' id='par_1_30' title="bbox 1923 2184 3434 2254">
     <span class='ocr_line' id='line_1_30' title="bbox 1923 2184 3434 2254; baseline 0 -14"><span class='ocrx_word' id='word_1_209' title='bbox 1923 2184 2002 2240; x_wconf 93' lang='lat' dir='ltr'><strong>Da</strong></span> <span class='ocrx_word' id='word_1_210' title='bbox 2052 2185 2384 2253; x_wconf 88' lang='lat' dir='ltr'><strong>misericors,</strong></span> <span class='ocrx_word' id='word_1_211' title='bbox 2426 2188 2589 2254; x_wconf 92' lang='lat' dir='ltr'><strong>Deus,</strong></span> <span class='ocrx_word' id='word_1_212' title='bbox 2619 2196 2679 2242; x_wconf 93' lang='lat' dir='ltr'><strong>ut</strong></span> <span class='ocrx_word' id='word_1_213' title='bbox 2708 2188 2823 2243; x_wconf 83' lang='lat' dir='ltr'><strong>haec</strong></span> <span class='ocrx_word' id='word_1_214' title='bbox 2850 2186 3104 2243; x_wconf 87' lang='lat' dir='ltr'><strong>salutaris</strong></span> <span class='ocrx_word' id='word_1_215' title='bbox 3126 2186 3349 2253; x_wconf 88' lang='lat' dir='ltr'><strong>oblatio,</strong></span> <span class='ocrx_word' id='word_1_216' title='bbox 3374 2196 3434 2242; x_wconf 87' lang='lat' dir='ltr'><strong>et</strong></span> 
     </span>
    </p>
   </div>
   <div class='ocr_carea' id='block_1_31' title="bbox 1855 2279 3434 2352">
    <p class='ocr_par' dir='ltr' id='par_1_31' title="bbox 1855 2279 3434 2352">
     <span class='ocr_line' id='line_1_31' title="bbox 1855 2279 3434 2352; baseline 0.003 -21"><span class='ocrx_word' id='word_1_217' title='bbox 1855 2291 1884 2331; x_wconf 91' lang='lat' dir='ltr'><strong>a</strong></span> <span class='ocrx_word' id='word_1_218' title='bbox 1907 2279 2141 2348; x_wconf 88' lang='lat' dir='ltr'><strong>pr0priis</strong></span> <span class='ocrx_word' id='word_1_219' title='bbox 2178 2294 2277 2335; x_wconf 89' lang='lat' dir='ltr'><strong>nos</strong></span> <span class='ocrx_word' id='word_1_220' title='bbox 2301 2280 2538 2337; x_wconf 85' lang='lat' dir='ltr'><strong>reatibus</strong></span> <span class='ocrx_word' id='word_1_221' title='bbox 2569 2281 2939 2337; x_wconf 88' lang='lat' dir='ltr'><strong>indesinenter</strong></span> <span class='ocrx_word' id='word_1_222' title='bbox 2969 2282 3250 2352; x_wconf 83' lang='lat' dir='ltr'><strong>expediat,</strong></span> <span class='ocrx_word' id='word_1_223' title='bbox 3282 2289 3337 2338; x_wconf 90' lang='lat' dir='ltr'><strong>et</strong></span> <span class='ocrx_word' id='word_1_224' title='bbox 3364 2281 3434 2337; x_wconf 92' lang='lat' dir='ltr'><strong>ab</strong></span> 
     </span>
    </p>
   </div>
   <div class='ocr_carea' id='block_1_32' title="bbox 1854 2362 3109 2430">
    <p class='ocr_par' dir='ltr' id='par_1_32' title="bbox 1854 2362 3109 2430">
     <span class='ocr_line' id='line_1_32' title="bbox 1854 2362 3109 2430; baseline 0.002 -5"><span class='ocrx_word' id='word_1_225' title='bbox 1854 2370 2104 2426; x_wconf 91' lang='lat' dir='ltr'><strong>omnibus</strong></span> <span class='ocrx_word' id='word_1_226' title='bbox 2135 2378 2351 2427; x_wconf 88' lang='lat' dir='ltr'><strong>tueatur</strong></span> <span class='ocrx_word' id='word_1_227' title='bbox 2373 2362 2633 2429; x_wconf 76' lang='lat' dir='ltr'><strong>adversis.</strong></span> <span class='ocrx_word' id='word_1_228' title='bbox 2666 2372 2772 2428; x_wconf 87' lang='lat' dir='ltr'><strong>Per</strong></span> <span class='ocrx_word' id='word_1_229' title='bbox 2804 2374 3109 2430; x_wconf 90' lang='lat' dir='ltr'><strong>Dominum.</strong></span> 
     </span>
    </p>
   </div>
   <div class='ocr_carea' id='block_1_33' title="bbox 846 2481 2937 2553">
    <p class='ocr_par' dir='ltr' id='par_1_33' title="bbox 846 2481 2937 2553">
     <span class='ocr_line' id='line_1_33' title="bbox 846 2481 2937 2553; baseline -0.005 -5"><span class='ocrx_word' id='word_1_230' title='bbox 846 2497 1077 2553; x_wconf 82' lang='lat' dir='ltr'><strong>Secreta.</strong></span> <span class='ocrx_word' id='word_1_231' title='bbox 2340 2481 2468 2538; x_wconf 91' lang='lat' dir='ltr'><strong>Post</strong></span> <span class='ocrx_word' id='word_1_232' title='bbox 2490 2482 2937 2540; x_wconf 80' lang='lat' dir='ltr'><strong>Communionem.</strong></span> 
     </span>
    </p>
   </div>
   <div class='ocr_carea' id='block_1_34' title="bbox 244 2571 3434 2661">
    <p class='ocr_par' dir='ltr' id='par_1_34' title="bbox 244 2571 3434 2661">
     <span class='ocr_line' id='line_1_34' title="bbox 244 2571 3434 2661; baseline 0.001 -34"><span class='ocrx_word' id='word_1_233' title='bbox 244 2587 376 2644; x_wconf 60' lang='lat' dir='ltr'><strong>Haec</strong></span> <span class='ocrx_word' id='word_1_234' title='bbox 403 2603 646 2653; x_wconf 52' lang='lat' dir='ltr'><strong>munem,</strong></span> <span class='ocrx_word' id='word_1_235' title='bbox 677 2603 1006 2659; x_wconf 48' lang='lat' dir='ltr'><strong>quaesumus,</strong></span> <span class='ocrx_word' id='word_1_236' title='bbox 1030 2589 1257 2646; x_wconf 70' lang='lat' dir='ltr'><strong>nomine</strong></span> <span class='ocrx_word' id='word_1_237' title='bbox 1275 2629 1290 2657; x_wconf 57' lang='lat'><strong>,</strong></span> <span class='ocrx_word' id='word_1_238' title='bbox 1316 2605 1436 2661; x_wconf 55' lang='lat' dir='ltr'><strong>qua,</strong></span> <span class='ocrx_word' id='word_1_239' title='bbox 1459 2589 1632 2646; x_wconf 69' lang='lat' dir='ltr'><strong>oculis</strong></span> <span class='ocrx_word' id='word_1_240' title='bbox 1653 2596 1758 2649; x_wconf 64' lang='lat' dir='ltr'><strong>me</strong></span> <span class='ocrx_word' id='word_1_241' title='bbox 1929 2571 2290 2642; x_wconf 91' lang='lat' dir='ltr'><strong>Sumpsimus,</strong></span> <span class='ocrx_word' id='word_1_242' title='bbox 2319 2572 2566 2638; x_wconf 90' lang='lat' dir='ltr'><strong>Domine,</strong></span> <span class='ocrx_word' id='word_1_243' title='bbox 2591 2575 2733 2630; x_wconf 89' lang='lat' dir='ltr'><strong>sacri</strong></span> <span class='ocrx_word' id='word_1_244' title='bbox 2781 2575 2917 2629; x_wconf 92' lang='lat' dir='ltr'><strong>dona</strong></span> <span class='ocrx_word' id='word_1_245' title='bbox 2961 2575 3224 2646; x_wconf 88' lang='lat' dir='ltr'><strong>mysterii,</strong></span> <span class='ocrx_word' id='word_1_246' title='bbox 3253 2575 3434 2631; x_wconf 75' lang='lat' dir='ltr'><strong>ltumi-</strong></span> 
     </span>
    </p>
   </div>
   <div class='ocr_carea' id='block_1_35' title="bbox 170 2661 3442 2748">
    <p class='ocr_par' dir='ltr' id='par_1_35' title="bbox 170 2661 3442 2748">
     <span class='ocr_line' id='line_1_35' title="bbox 170 2661 3442 2748; baseline -0.001 -14"><span class='ocrx_word' id='word_1_247' title='bbox 170 2677 482 2748; x_wconf 87' lang='lat' dir='ltr'><strong>majestatis</strong></span> <span class='ocrx_word' id='word_1_248' title='bbox 515 2678 822 2746; x_wconf 75' lang='lat' dir='ltr'><strong>offerimus,</strong></span> <span class='ocrx_word' id='word_1_249' title='bbox 853 2679 1112 2735; x_wconf 87' lang='lat' dir='ltr'><strong>salutaria</strong></span> <span class='ocrx_word' id='word_1_250' title='bbox 1151 2681 1308 2737; x_wconf 88' lang='lat' dir='ltr'><strong>nobis</strong></span> <span class='ocrx_word' id='word_1_251' title='bbox 1341 2695 1462 2737; x_wconf 90' lang='lat' dir='ltr'><strong>esse</strong></span> <span class='ocrx_word' id='word_1_252' title='bbox 1498 2680 1754 2737; x_wconf 87' lang='lat' dir='ltr'><strong>concede.</strong></span> <span class='ocrx_word' id='word_1_253' title='bbox 1856 2661 1982 2748; x_wconf 61' lang='lat' dir='ltr'><strong>me&quot;</strong></span> <span class='ocrx_word' id='word_1_254' title='bbox 2005 2661 2379 2731; x_wconf 59' lang='lat' dir='ltr'><strong>deprecantes:</strong></span> <span class='ocrx_word' id='word_1_255' title='bbox 2405 2670 2465 2716; x_wconf 76' lang='grc' dir='ltr'><strong>ιη</strong></span> <span class='ocrx_word' id='word_1_256' title='bbox 2485 2677 2604 2732; x_wconf 54' lang='lat' dir='ltr'><strong>(illa!3</strong></span> <span class='ocrx_word' id='word_1_257' title='bbox 2632 2663 2684 2717; x_wconf 76' lang='grc' dir='ltr'><strong>ίη</strong></span> <span class='ocrx_word' id='word_1_258' title='bbox 2709 2663 2784 2718; x_wconf 70' lang='lat' dir='ltr'><strong>“li</strong></span> <span class='ocrx_word' id='word_1_259' title='bbox 2807 2664 3320 2730; x_wconf 71' lang='lat' dir='ltr'><strong>commemoratione</strong></span> <span class='ocrx_word' id='word_1_260' title='bbox 3339 2678 3442 2719; x_wconf 77' lang='lat' dir='ltr'><strong>n05</strong></span> 
     </span>
    </p>
   </div>
   <div class='ocr_carea' id='block_1_36' title="bbox 170 2747 3440 2827">
    <p class='ocr_par' dir='ltr' id='par_1_36' title="bbox 170 2747 3440 2827">
     <span class='ocr_line' id='line_1_36' title="bbox 170 2747 3440 2827; baseline 0.004 -32"><span class='ocrx_word' id='word_1_261' title='bbox 170 2747 304 2827; x_wconf 44' lang='lat' dir='ltr'><strong>Pel’.’</strong></span> <span class='ocrx_word' id='word_1_262' title='bbox 1857 2747 2039 2805; x_wconf 78' lang='lat' dir='ltr'><strong>facere</strong></span> <span class='ocrx_word' id='word_1_263' title='bbox 2080 2750 2411 2821; x_wconf 72' lang='lat' dir='ltr'><strong>praecepisti,</strong></span> <span class='ocrx_word' id='word_1_264' title='bbox 2443 2751 2496 2805; x_wconf 91' lang='lat' dir='ltr'><strong>in</strong></span> <span class='ocrx_word' id='word_1_265' title='bbox 2537 2763 2737 2808; x_wconf 78' lang='lat' dir='ltr'><strong>nostrae</strong></span> <span class='ocrx_word' id='word_1_266' title='bbox 2775 2753 3064 2824; x_wconf 83' lang='lat' dir='ltr'><strong>proﬁciant</strong></span> <span class='ocrx_word' id='word_1_267' title='bbox 3107 2753 3440 2809; x_wconf 87' lang='lat' dir='ltr'><strong>inﬁrmitatis</strong></span> 
     </span>
    </p>
   </div>
   <div class='ocr_carea' id='block_1_37' title="bbox 667 2839 2598 2916">
    <p class='ocr_par' dir='ltr' id='par_1_37' title="bbox 667 2839 2598 2916">
     <span class='ocr_line' id='line_1_37' title="bbox 667 2839 2598 2916; baseline -0.006 -8"><span class='ocrx_word' id='word_1_268' title='bbox 667 2857 796 2915; x_wconf 74' lang='grc' dir='ltr'><strong>Ροει</strong></span> <span class='ocrx_word' id='word_1_269' title='bbox 826 2857 1276 2916; x_wconf 61' lang='lat' dir='ltr'><strong>communionem,</strong></span> <span class='ocrx_word' id='word_1_270' title='bbox 1859 2839 2140 2897; x_wconf 78' lang='lat' dir='ltr'><strong>auxilium.</strong></span> <span class='ocrx_word' id='word_1_271' title='bbox 2167 2842 2272 2898; x_wconf 89' lang='lat' dir='ltr'><strong>Per</strong></span> <span class='ocrx_word' id='word_1_272' title='bbox 2293 2842 2598 2898; x_wconf 92' lang='lat' dir='ltr'><strong>Dominum.</strong></span> 
     </span>
    </p>
   </div>
   <div class='ocr_carea' id='block_1_38' title="bbox 249 2949 2897 3025">
    <p class='ocr_par' dir='ltr' id='par_1_38' title="bbox 249 2949 2897 3025">
     <span class='ocr_line' id='line_1_38' title="bbox 249 2949 2897 3025; baseline 0.002 -21"><span class='ocrx_word' id='word_1_273' title='bbox 249 2949 368 3006; x_wconf 86' lang='lat' dir='ltr'><strong>Tua</strong></span> <span class='ocrx_word' id='word_1_274' title='bbox 391 2965 511 3016; x_wconf 90' lang='lat' dir='ltr'><strong>nos,</strong></span> <span class='ocrx_word' id='word_1_275' title='bbox 541 2949 785 3015; x_wconf 90' lang='lat' dir='ltr'><strong>Domine,</strong></span> <span class='ocrx_word' id='word_1_276' title='bbox 819 2951 1151 3006; x_wconf 90' lang='lat' dir='ltr'><strong>medicinalis</strong></span> <span class='ocrx_word' id='word_1_277' title='bbox 1192 2950 1456 3021; x_wconf 82' lang='lat' dir='ltr'><strong>Operatio,</strong></span> <span class='ocrx_word' id='word_1_278' title='bbox 1494 2957 1550 3006; x_wconf 88' lang='lat' dir='ltr'><strong>et</strong></span> <span class='ocrx_word' id='word_1_279' title='bbox 1595 2965 1625 3005; x_wconf 88' lang='lat' dir='ltr'><strong>a</strong></span> <span class='ocrx_word' id='word_1_280' title='bbox 1667 2965 1760 3006; x_wconf 87' lang='lat' dir='ltr'><strong>no-</strong></span> <span class='ocrx_word' id='word_1_281' title='bbox 2408 2950 2604 3025; x_wconf 85' lang='lat' dir='ltr'><strong>[Super</strong></span> <span class='ocrx_word' id='word_1_282' title='bbox 2646 2954 2897 3025; x_wconf 84' lang='lat' dir='ltr'><strong>populum</strong></span> 
     </span>
    </p>
   </div>
   <div class='ocr_carea' id='block_1_39' title="bbox 171 3039 3444 3112">
    <p class='ocr_par' dir='ltr' id='par_1_39' title="bbox 171 3039 3444 3112">
     <span class='ocr_line' id='line_1_39' title="bbox 171 3039 3444 3112; baseline 0.001 -15"><span class='ocrx_word' id='word_1_283' title='bbox 171 3042 312 3097; x_wconf 88' lang='lat' dir='ltr'><strong>stris</strong></span> <span class='ocrx_word' id='word_1_284' title='bbox 338 3040 784 3111; x_wconf 82' lang='lat' dir='ltr'><strong>perversitatibus</strong></span> <span class='ocrx_word' id='word_1_285' title='bbox 814 3041 1105 3096; x_wconf 88' lang='lat' dir='ltr'><strong>clementer</strong></span> <span class='ocrx_word' id='word_1_286' title='bbox 1129 3042 1415 3112; x_wconf 81' lang='lat' dir='ltr'><strong>expediat,</strong></span> <span class='ocrx_word' id='word_1_287' title='bbox 1443 3050 1499 3098; x_wconf 94' lang='lat' dir='ltr'><strong>et</strong></span> <span class='ocrx_word' id='word_1_288' title='bbox 1524 3041 1630 3098; x_wconf 91' lang='lat' dir='ltr'><strong>tuis</strong></span> <span class='ocrx_word' id='word_1_289' title='bbox 1672 3040 1756 3096; x_wconf 81' lang='lat' dir='ltr'><strong>fa-</strong></span> <span class='ocrx_word' id='word_1_290' title='bbox 1933 3039 2140 3096; x_wconf 77' lang='lat' dir='ltr'><strong>Exaudi</strong></span> <span class='ocrx_word' id='word_1_291' title='bbox 2183 3054 2305 3108; x_wconf 92' lang='lat' dir='ltr'><strong>nos,</strong></span> <span class='ocrx_word' id='word_1_292' title='bbox 2345 3041 2571 3098; x_wconf 91' lang='lat' dir='ltr'><strong>Domine</strong></span> <span class='ocrx_word' id='word_1_293' title='bbox 2615 3042 2758 3100; x_wconf 91' lang='lat' dir='ltr'><strong>Deus</strong></span> <span class='ocrx_word' id='word_1_294' title='bbox 2796 3053 3005 3112; x_wconf 91' lang='lat' dir='ltr'><strong>noster,</strong></span> <span class='ocrx_word' id='word_1_295' title='bbox 3047 3053 3104 3100; x_wconf 92' lang='lat' dir='ltr'><strong>et</strong></span> <span class='ocrx_word' id='word_1_296' title='bbox 3143 3043 3444 3102; x_wconf 86' lang='lat' dir='ltr'><strong>Ecclesiam</strong></span> 
     </span>
    </p>
   </div>
   <div class='ocr_carea' id='block_1_40' title="bbox 172 3131 3447 3208">
    <p class='ocr_par' dir='ltr' id='par_1_40' title="bbox 172 3131 3447 3208">
     <span class='ocr_line' id='line_1_40' title="bbox 172 3131 3447 3208; baseline 0.003 -23"><span class='ocrx_word' id='word_1_297' title='bbox 172 3131 294 3186; x_wconf 89' lang='lat' dir='ltr'><strong>ciat</strong></span> <span class='ocrx_word' id='word_1_298' title='bbox 323 3131 587 3187; x_wconf 66' lang='lat' dir='ltr'><strong>inbuarere</strong></span> <span class='ocrx_word' id='word_1_299' title='bbox 613 3131 902 3187; x_wconf 89' lang='lat' dir='ltr'><strong>mandatis.</strong></span> <span class='ocrx_word' id='word_1_300' title='bbox 929 3131 1032 3186; x_wconf 89' lang='lat' dir='ltr'><strong>Per</strong></span> <span class='ocrx_word' id='word_1_301' title='bbox 1056 3131 1366 3187; x_wconf 91' lang='lat' dir='ltr'><strong>Dominum.</strong></span> <span class='ocrx_word' id='word_1_302' title='bbox 1785 3142 1828 3204; x_wconf 73' lang='grc' dir='ltr'><strong>ρ</strong></span> <span class='ocrx_word' id='word_1_303' title='bbox 1862 3141 2009 3187; x_wconf 87' lang='lat' dir='ltr'><strong>tuam</strong></span> <span class='ocrx_word' id='word_1_304' title='bbox 2059 3133 2204 3188; x_wconf 90' lang='lat' dir='ltr'><strong>inter</strong></span> <span class='ocrx_word' id='word_1_305' title='bbox 2245 3134 2432 3189; x_wconf 91' lang='lat' dir='ltr'><strong>mundi</strong></span> <span class='ocrx_word' id='word_1_306' title='bbox 2479 3134 2723 3194; x_wconf 85' lang='lat' dir='ltr'><strong>turbines</strong></span> <span class='ocrx_word' id='word_1_307' title='bbox 2768 3136 3138 3208; x_wconf 83' lang='lat' dir='ltr'><strong>ﬂuctuantem,</strong></span> <span class='ocrx_word' id='word_1_308' title='bbox 3190 3138 3447 3196; x_wconf 83' lang='lat' dir='ltr'><strong>clementi</strong></span> 
     </span>
    </p>
   </div>
   <div class='ocr_carea' id='block_1_41' title="bbox 715 3221 3088 3319">
    <p class='ocr_par' dir='ltr' id='par_1_41' title="bbox 715 3221 3088 3319">
     <span class='ocr_line' id='line_1_41' title="bbox 715 3221 3088 3319; baseline -0.002 -33"><span class='ocrx_word' id='word_1_309' title='bbox 715 3245 909 3319; x_wconf 69' lang='lat' dir='ltr'><strong>[super</strong></span> <span class='ocrx_word' id='word_1_310' title='bbox 943 3247 1210 3318; x_wconf 51' lang='lat' dir='ltr'><strong>populum.</strong></span> <span class='ocrx_word' id='word_1_311' title='bbox 1864 3221 2253 3293; x_wconf 89' lang='lat' dir='ltr'><strong>gubernatione</strong></span> <span class='ocrx_word' id='word_1_312' title='bbox 2282 3225 2581 3281; x_wconf 90' lang='lat' dir='ltr'><strong>moderare.</strong></span> <span class='ocrx_word' id='word_1_313' title='bbox 2612 3225 2718 3281; x_wconf 87' lang='lat' dir='ltr'><strong>Per</strong></span> <span class='ocrx_word' id='word_1_314' title='bbox 2751 3226 3088 3302; x_wconf 88' lang='lat' dir='ltr'><strong>Dominum.]</strong></span> 
     </span>
    </p>
   </div>
   <div class='ocr_carea' id='block_1_42' title="bbox 251 3335 2723 3414">
    <p class='ocr_par' dir='ltr' id='par_1_42' title="bbox 251 3335 2723 3414">
     <span class='ocr_line' id='line_1_42' title="bbox 251 3335 2723 3414; baseline -0.001 -21"><span class='ocrx_word' id='word_1_315' title='bbox 251 3335 535 3394; x_wconf 81' lang='lat' dir='ltr'><strong>Familiam</strong></span> <span class='ocrx_word' id='word_1_316' title='bbox 571 3347 738 3405; x_wconf 88' lang='lat' dir='ltr'><strong>tuam,</strong></span> <span class='ocrx_word' id='word_1_317' title='bbox 771 3339 1017 3404; x_wconf 90' lang='lat' dir='ltr'><strong>Domine,</strong></span> <span class='ocrx_word' id='word_1_318' title='bbox 1043 3339 1288 3407; x_wconf 83' lang='lat' dir='ltr'><strong>dextera,</strong></span> <span class='ocrx_word' id='word_1_319' title='bbox 1311 3348 1440 3407; x_wconf 91' lang='lat' dir='ltr'><strong>etc.,</strong></span> <span class='ocrx_word' id='word_1_320' title='bbox 1468 3348 1526 3395; x_wconf 87' lang='lat' dir='ltr'><strong>ut</strong></span> <span class='ocrx_word' id='word_1_321' title='bbox 1549 3338 1758 3414; x_wconf 86' lang='lat' dir='ltr'><strong>supra.]</strong></span> <span class='ocrx_word' id='word_1_322' title='bbox 2586 3335 2723 3392; x_wconf 88' lang='lat' dir='ltr'><strong>XLI.</strong></span> 
     </span>
    </p>
   </div>
   <div class='ocr_carea' id='block_1_43' title="bbox 831 3435 1753 3507">
    <p class='ocr_par' dir='ltr' id='par_1_43' title="bbox 831 3450 1115 3507">
     <span class='ocr_line' id='line_1_43' title="bbox 831 3450 1115 3507; baseline 0 -2"><span class='ocrx_word' id='word_1_323' title='bbox 831 3450 1115 3507; x_wconf 78' lang='lat' dir='ltr'><strong>XXXVIII.</strong></span> 
     </span>
    </p>
   </div>
   <div class='ocr_carea' id='block_1_44' title="bbox 1889 3435 3240 3507">
    <p class='ocr_par' dir='ltr' id='par_1_44' title="bbox 2110 3435 3240 3488">
     <span class='ocr_line' id='line_1_44' title="bbox 2110 3435 3240 3488; baseline 0.006 -10"><span class='ocrx_word' id='word_1_324' title='bbox 2110 3435 2134 3463; x_wconf 75' lang='grc' dir='ltr'>θ</span> <span class='ocrx_word' id='word_1_325' title='bbox 2173 3439 2428 3481; x_wconf 70' lang='lat' dir='ltr'><strong>DOIINICA</strong></span> <span class='ocrx_word' id='word_1_326' title='bbox 2470 3442 2601 3482; x_wconf 75' lang='lat' dir='ltr'><strong>XXIV</strong></span> <span class='ocrx_word' id='word_1_327' title='bbox 2629 3441 2760 3484; x_wconf 82' lang='lat' dir='ltr'><strong>POST</strong></span> <span class='ocrx_word' id='word_1_328' title='bbox 2801 3444 3199 3488; x_wconf 73' lang='lat' dir='ltr'><strong>PENTECOSTEN.</strong></span> <span class='ocrx_word' id='word_1_329' title='bbox 3233 3467 3240 3471; x_wconf 97' lang='lat'><strong><em>-</em></strong></span> 
     </span>
    </p>
   </div>
   <div class='ocr_carea' id='block_1_45' title="bbox 464 3511 3443 3596">
    <p class='ocr_par' dir='ltr' id='par_1_45' title="bbox 464 3511 3443 3596">
     <span class='ocr_line' id='line_1_45' title="bbox 464 3511 3443 3596; baseline 0.003 -31"><span class='ocrx_word' id='word_1_330' title='bbox 464 3554 715 3596; x_wconf 52' lang='grc' dir='ltr'>»πωπω</span> <span class='ocrx_word' id='word_1_331' title='bbox 761 3555 852 3594; x_wconf 64' lang='lat' dir='ltr'><strong>nl</strong></span> <span class='ocrx_word' id='word_1_332' title='bbox 901 3555 1033 3595; x_wconf 64' lang='lat' dir='ltr'><strong>pOST</strong></span> <span class='ocrx_word' id='word_1_333' title='bbox 1083 3555 1479 3596; x_wconf 44' lang='lat' dir='ltr'><strong>pannosum</strong></span> <span class='ocrx_word' id='word_1_334' title='bbox 1936 3511 2149 3578; x_wconf 83' lang='lat' dir='ltr'><strong>Excita,</strong></span> <span class='ocrx_word' id='word_1_335' title='bbox 2183 3513 2427 3580; x_wconf 90' lang='lat' dir='ltr'><strong>Domine,</strong></span> <span class='ocrx_word' id='word_1_336' title='bbox 2454 3529 2784 3584; x_wconf 86' lang='lat' dir='ltr'><strong>quaesumus,</strong></span> <span class='ocrx_word' id='word_1_337' title='bbox 2814 3526 3030 3574; x_wconf 90' lang='lat' dir='ltr'><strong>tuorum</strong></span> <span class='ocrx_word' id='word_1_338' title='bbox 3073 3517 3314 3594; x_wconf 73' lang='lat' dir='ltr'><strong>fidelium</strong></span> <span class='ocrx_word' id='word_1_339' title='bbox 3351 3532 3443 3575; x_wconf 87' lang='lat' dir='ltr'><strong>vo-</strong></span> 
     </span>
    </p>
   </div>
   <div class='ocr_carea' id='block_1_46' title="bbox 255 3601 3446 3703">
    <p class='ocr_par' dir='ltr' id='par_1_46' title="bbox 255 3601 3446 3703">
     <span class='ocr_line' id='line_1_46' title="bbox 255 3601 3446 3703; baseline 0.003 -49"><span class='ocrx_word' id='word_1_340' title='bbox 255 3628 286 3668; x_wconf 78' lang='grc' dir='ltr'><strong>ι,</strong></span> <span class='ocrx_word' id='word_1_341' title='bbox 310 3626 554 3699; x_wconf 52' lang='lat' dir='ltr'><strong>Largire,</strong></span> <span class='ocrx_word' id='word_1_342' title='bbox 579 3643 910 3697; x_wconf 53' lang='lat' dir='ltr'><strong>qumsnmus’</strong></span> <span class='ocrx_word' id='word_1_343' title='bbox 950 3628 1198 3693; x_wconf 54' lang='lat' dir='ltr'>nomine,</span> <span class='ocrx_word' id='word_1_344' title='bbox 1236 3629 1482 3684; x_wconf 67' lang='lat' dir='ltr'><strong>ﬁdelibus</strong></span> <span class='ocrx_word' id='word_1_345' title='bbox 1527 3629 1634 3685; x_wconf 64' lang='lat' dir='ltr'><strong>mis</strong></span> <span class='ocrx_word' id='word_1_346' title='bbox 1681 3629 1764 3684; x_wconf 52' lang='lat' dir='ltr'><strong>im</strong></span> <span class='ocrx_word' id='word_1_347' title='bbox 1869 3601 2121 3668; x_wconf 90' lang='lat' dir='ltr'><strong>luntates,</strong></span> <span class='ocrx_word' id='word_1_348' title='bbox 2151 3611 2216 3703; x_wconf 73' lang='lat' dir='ltr'><strong>ut</strong></span> <span class='ocrx_word' id='word_1_349' title='bbox 2237 3603 2401 3703; x_wconf 45' lang='lat' dir='ltr'><strong>divi-ni</strong></span> <span class='ocrx_word' id='word_1_350' title='bbox 2431 3605 2612 3675; x_wconf 91' lang='lat' dir='ltr'><strong>operis</strong></span> <span class='ocrx_word' id='word_1_351' title='bbox 2655 3605 2892 3703; x_wconf 74' lang='lat' dir='ltr'><strong>fructum</strong></span> <span class='ocrx_word' id='word_1_352' title='bbox 2931 3609 3262 3703; x_wconf 73' lang='lat' dir='ltr'><strong>propensius</strong></span> <span class='ocrx_word' id='word_1_353' title='bbox 3293 3622 3446 3703; x_wconf 76' lang='lat' dir='ltr'><strong>exse-</strong></span> 
     </span>
    </p>
   </div>
   <div class='ocr_carea' id='block_1_47' title="bbox 171 3693 3440 3794">
    <p class='ocr_par' dir='ltr' id='par_1_47' title="bbox 171 3693 3440 3794">
     <span class='ocr_line' id='line_1_47' title="bbox 171 3693 3440 3794; baseline 0 -20"><span class='ocrx_word' id='word_1_354' title='bbox 171 3693 520 3789; x_wconf 41' lang='lat' dir='ltr'><strong>dulgenti‘am</strong></span> <span class='ocrx_word' id='word_1_355' title='bbox 551 3693 790 3786; x_wconf 73' lang='lat' dir='ltr'><strong>placatus</strong></span> <span class='ocrx_word' id='word_1_356' title='bbox 811 3725 866 3770; x_wconf 86' lang='lat' dir='ltr'><strong>et</strong></span> <span class='ocrx_word' id='word_1_357' title='bbox 894 3731 1106 3785; x_wconf 90' lang='lat' dir='ltr'><strong>pacem,</strong></span> <span class='ocrx_word' id='word_1_358' title='bbox 1139 3727 1199 3771; x_wconf 92' lang='lat' dir='ltr'><strong>ut</strong></span> <span class='ocrx_word' id='word_1_359' title='bbox 1232 3718 1436 3787; x_wconf 88' lang='lat' dir='ltr'><strong>pariter</strong></span> <span class='ocrx_word' id='word_1_360' title='bbox 1483 3719 1551 3774; x_wconf 93' lang='lat' dir='ltr'><strong>ab</strong></span> <span class='ocrx_word' id='word_1_361' title='bbox 1589 3719 1764 3775; x_wconf 84' lang='lat' dir='ltr'><strong>omni—</strong></span> <span class='ocrx_word' id='word_1_362' title='bbox 1865 3693 2383 3794; x_wconf 44' lang='grc' dir='ltr'><strong>Ξυθηέθδνορίθίίδῑίδ</strong></span> <span class='ocrx_word' id='word_1_363' title='bbox 2416 3701 2534 3794; x_wconf 48' lang='lat' dir='ltr'><strong>Wa</strong></span> <span class='ocrx_word' id='word_1_364' title='bbox 2580 3695 2820 3752; x_wconf 64' lang='lat' dir='ltr'><strong>remedia</strong></span> <span class='ocrx_word' id='word_1_365' title='bbox 2872 3695 3074 3766; x_wconf 60' lang='lat' dir='ltr'><strong>majora</strong></span> <span class='ocrx_word' id='word_1_366' title='bbox 3117 3697 3440 3768; x_wconf 65' lang='grc' dir='ltr'><strong>νθτθίΡίθητσ</strong></span> 
     </span>
    </p>
   </div>
   <div class='ocr_carea' id='block_1_48' title="bbox 170 3781 2575 3880">
    <p class='ocr_par' dir='ltr' id='par_1_48' title="bbox 170 3781 2575 3880">
     <span class='ocr_line' id='line_1_48' title="bbox 170 3781 2575 3880; baseline 0 -16"><span class='ocrx_word' id='word_1_367' title='bbox 170 3810 289 3864; x_wconf 86' lang='lat' dir='ltr'><strong>bus</strong></span> <span class='ocrx_word' id='word_1_368' title='bbox 320 3807 648 3862; x_wconf 78' lang='lat' dir='ltr'><strong>mandentur</strong></span> <span class='ocrx_word' id='word_1_369' title='bbox 679 3803 920 3874; x_wconf 84' lang='lat' dir='ltr'><strong>oil&#39;ensis,</strong></span> <span class='ocrx_word' id='word_1_370' title='bbox 962 3815 1018 3863; x_wconf 90' lang='lat' dir='ltr'><strong>et</strong></span> <span class='ocrx_word' id='word_1_371' title='bbox 1066 3822 1257 3864; x_wconf 87' lang='lat' dir='ltr'><strong>secura</strong></span> <span class='ocrx_word' id='word_1_372' title='bbox 1305 3809 1400 3864; x_wconf 86' lang='lat' dir='ltr'><strong>tibi</strong></span> <span class='ocrx_word' id='word_1_373' title='bbox 1446 3817 1628 3865; x_wconf 92' lang='lat' dir='ltr'><strong>mente</strong></span> <span class='ocrx_word' id='word_1_374' title='bbox 1671 3808 1765 3864; x_wconf 87' lang='lat' dir='ltr'><strong>de-</strong></span> <span class='ocrx_word' id='word_1_375' title='bbox 1865 3781 1971 3837; x_wconf 64' lang='grc' dir='ltr'><strong>Ρθτ</strong></span> <span class='ocrx_word' id='word_1_376' title='bbox 1994 3783 2280 3838; x_wconf 66' lang='lat' dir='ltr'><strong>Dominum</strong></span> <span class='ocrx_word' id='word_1_377' title='bbox 2309 3792 2575 3880; x_wconf 57' lang='lat' dir='ltr'><strong>“suum</strong></span> 
     </span>
    </p>
   </div>
   <div class='ocr_carea' id='block_1_49' title="bbox 172 3896 2774 3956">
    <p class='ocr_par' dir='ltr' id='par_1_49' title="bbox 172 3896 2774 3956">
     <span class='ocr_line' id='line_1_49' title="bbox 172 3896 2774 3956; baseline -0 -1"><span class='ocrx_word' id='word_1_378' title='bbox 172 3898 450 3956; x_wconf 82' lang='lat' dir='ltr'><strong>serviant.</strong></span> <span class='ocrx_word' id='word_1_379' title='bbox 478 3896 603 3952; x_wconf 88' lang='lat' dir='ltr'><strong>Per.</strong></span> <span class='ocrx_word' id='word_1_380' title='bbox 2546 3897 2774 3956; x_wconf 85' lang='lat' dir='ltr'><strong>Secreta.</strong></span> 
     </span>
    </p>
   </div>
   <div class='ocr_carea' id='block_1_50' title="bbox 864 3987 3449 4068">
    <p class='ocr_par' dir='ltr' id='par_1_50' title="bbox 864 3987 3449 4068">
     <span class='ocr_line' id='line_1_50' title="bbox 864 3987 3449 4068; baseline 0.002 -23"><span class='ocrx_word' id='word_1_381' title='bbox 864 3987 1097 4046; x_wconf 83' lang='lat' dir='ltr'><strong>Secreta.</strong></span> <span class='ocrx_word' id='word_1_382' title='bbox 1940 3989 2214 4061; x_wconf 88' lang='lat' dir='ltr'><strong>Propitius</strong></span> <span class='ocrx_word' id='word_1_383' title='bbox 2236 3999 2376 4060; x_wconf 91' lang='lat' dir='ltr'><strong>esto,</strong></span> <span class='ocrx_word' id='word_1_384' title='bbox 2400 3990 2649 4060; x_wconf 91' lang='lat' dir='ltr'><strong>Domine,</strong></span> <span class='ocrx_word' id='word_1_385' title='bbox 2677 3993 3005 4064; x_wconf 89' lang='lat' dir='ltr'><strong>supplicibus</strong></span> <span class='ocrx_word' id='word_1_386' title='bbox 3032 3995 3159 4061; x_wconf 89' lang='lat' dir='ltr'><strong>tuis,</strong></span> <span class='ocrx_word' id='word_1_387' title='bbox 3183 4002 3238 4051; x_wconf 90' lang='lat' dir='ltr'><strong>et</strong></span> <span class='ocrx_word' id='word_1_388' title='bbox 3262 3993 3449 4068; x_wconf 90' lang='lat' dir='ltr'><strong>populi</strong></span> 
     </span>
    </p>
   </div>
   <div class='ocr_carea' id='block_1_51' title="bbox 261 4079 3423 4157">
    <p class='ocr_par' dir='ltr' id='par_1_51' title="bbox 261 4079 3423 4157">
     <span class='ocr_line' id='line_1_51' title="bbox 261 4079 3423 4157; baseline 0.002 -20"><span class='ocrx_word' id='word_1_389' title='bbox 261 4079 550 4137; x_wconf 87' lang='lat' dir='ltr'><strong>Ccelestem</strong></span> <span class='ocrx_word' id='word_1_390' title='bbox 591 4081 748 4137; x_wconf 89' lang='lat' dir='ltr'><strong>nobis</strong></span> <span class='ocrx_word' id='word_1_391' title='bbox 791 4083 1067 4151; x_wconf 69' lang='lat' dir='ltr'><strong>pmbeant</strong></span> <span class='ocrx_word' id='word_1_392' title='bbox 1109 4084 1226 4139; x_wconf 80' lang='lat' dir='ltr'><strong>haec</strong></span> <span class='ocrx_word' id='word_1_393' title='bbox 1259 4086 1534 4157; x_wconf 88' lang='lat' dir='ltr'><strong>mysteria,</strong></span> <span class='ocrx_word' id='word_1_394' title='bbox 1559 4102 1769 4157; x_wconf 84' lang='lat' dir='ltr'><strong>quaesu-</strong></span> <span class='ocrx_word' id='word_1_395' title='bbox 1869 4083 1947 4138; x_wconf 92' lang='lat' dir='ltr'><strong>tui</strong></span> <span class='ocrx_word' id='word_1_396' title='bbox 1977 4084 2340 4141; x_wconf 86' lang='lat' dir='ltr'><strong>oblationibus</strong></span> <span class='ocrx_word' id='word_1_397' title='bbox 2365 4086 2723 4156; x_wconf 89' lang='lat' dir='ltr'><strong>precibusque</strong></span> <span class='ocrx_word' id='word_1_398' title='bbox 2752 4087 3037 4157; x_wconf 91' lang='lat' dir='ltr'><strong>susceptis,</strong></span> <span class='ocrx_word' id='word_1_399' title='bbox 3063 4088 3306 4143; x_wconf 92' lang='lat' dir='ltr'><strong>omnium</strong></span> <span class='ocrx_word' id='word_1_400' title='bbox 3349 4101 3423 4142; x_wconf 92' lang='lat' dir='ltr'><strong>no</strong></span> 
     </span>
    </p>
   </div>
   <div class='ocr_carea' id='block_1_52' title="bbox 177 4169 3452 4248">
    <p class='ocr_par' dir='ltr' id='par_1_52' title="bbox 177 4169 3452 4248">
     <span class='ocr_line' id='line_1_52' title="bbox 177 4169 3452 4248; baseline 0.002 -22"><span class='ocrx_word' id='word_1_401' title='bbox 177 4185 338 4236; x_wconf 87' lang='lat' dir='ltr'><strong>mus,</strong></span> <span class='ocrx_word' id='word_1_402' title='bbox 359 4171 605 4237; x_wconf 91' lang='lat' dir='ltr'><strong>Domine,</strong></span> <span class='ocrx_word' id='word_1_403' title='bbox 633 4169 978 4238; x_wconf 88' lang='lat' dir='ltr'><strong>medicinam,</strong></span> <span class='ocrx_word' id='word_1_404' title='bbox 999 4181 1054 4228; x_wconf 95' lang='lat' dir='ltr'><strong>et</strong></span> <span class='ocrx_word' id='word_1_405' title='bbox 1086 4174 1217 4229; x_wconf 83' lang='lat' dir='ltr'><strong>vitia</strong></span> <span class='ocrx_word' id='word_1_406' title='bbox 1257 4177 1428 4231; x_wconf 90' lang='lat' dir='ltr'><strong>nostri</strong></span> <span class='ocrx_word' id='word_1_407' title='bbox 1471 4177 1649 4234; x_wconf 90' lang='lat' dir='ltr'><strong>cordis</strong></span> <span class='ocrx_word' id='word_1_408' title='bbox 1674 4192 1769 4234; x_wconf 79' lang='lat' dir='ltr'><strong>ex-</strong></span> <span class='ocrx_word' id='word_1_409' title='bbox 1871 4185 2109 4232; x_wconf 88' lang='lat' dir='ltr'><strong>strorum</strong></span> <span class='ocrx_word' id='word_1_410' title='bbox 2137 4176 2205 4232; x_wconf 90' lang='lat' dir='ltr'><strong>ad</strong></span> <span class='ocrx_word' id='word_1_411' title='bbox 2235 4184 2288 4232; x_wconf 92' lang='lat' dir='ltr'><strong>te</strong></span> <span class='ocrx_word' id='word_1_412' title='bbox 2313 4179 2478 4233; x_wconf 88' lang='lat' dir='ltr'><strong>corda</strong></span> <span class='ocrx_word' id='word_1_413' title='bbox 2508 4186 2798 4244; x_wconf 87' lang='lat' dir='ltr'><strong>converte,</strong></span> <span class='ocrx_word' id='word_1_414' title='bbox 2826 4189 2943 4233; x_wconf 91' lang='lat' dir='ltr'><strong>uta</strong></span> <span class='ocrx_word' id='word_1_415' title='bbox 2969 4179 3202 4234; x_wconf 90' lang='lat' dir='ltr'><strong>terrenis</strong></span> <span class='ocrx_word' id='word_1_416' title='bbox 3241 4177 3452 4248; x_wconf 88' lang='lat' dir='ltr'><strong>cupidi-</strong></span> 
     </span>
    </p>
   </div>
   <div class='ocr_carea' id='block_1_53' title="bbox 177 4261 3452 4335">
    <p class='ocr_par' dir='ltr' id='par_1_53' title="bbox 177 4261 3452 4335">
     <span class='ocr_line' id='line_1_53' title="bbox 177 4261 3452 4335; baseline 0.002 -21"><span class='ocrx_word' id='word_1_417' title='bbox 177 4269 446 4332; x_wconf 82' lang='lat' dir='ltr'><strong>purgent.</strong></span> <span class='ocrx_word' id='word_1_418' title='bbox 471 4261 580 4318; x_wconf 89' lang='lat' dir='ltr'><strong>Per</strong></span> <span class='ocrx_word' id='word_1_419' title='bbox 601 4263 886 4319; x_wconf 90' lang='lat' dir='ltr'><strong>Dominum</strong></span> <span class='ocrx_word' id='word_1_420' title='bbox 929 4274 1194 4320; x_wconf 88' lang='lat' dir='ltr'><strong>nostrum.</strong></span> <span class='ocrx_word' id='word_1_421' title='bbox 1874 4266 2073 4322; x_wconf 90' lang='lat' dir='ltr'><strong>tatibus</strong></span> <span class='ocrx_word' id='word_1_422' title='bbox 2101 4265 2279 4335; x_wconf 83' lang='lat' dir='ltr'><strong>liberi,</strong></span> <span class='ocrx_word' id='word_1_423' title='bbox 2304 4268 2372 4324; x_wconf 94' lang='lat' dir='ltr'><strong>ad</strong></span> <span class='ocrx_word' id='word_1_424' title='bbox 2398 4267 2642 4326; x_wconf 68' lang='lat' dir='ltr'><strong>cmlestia</strong></span> <span class='ocrx_word' id='word_1_425' title='bbox 2663 4269 2933 4326; x_wconf 89' lang='lat' dir='ltr'><strong>desideria</strong></span> <span class='ocrx_word' id='word_1_426' title='bbox 2969 4279 3327 4326; x_wconf 88' lang='lat' dir='ltr'><strong>transeamus.</strong></span> <span class='ocrx_word' id='word_1_427' title='bbox 3345 4267 3452 4323; x_wconf 91' lang='lat' dir='ltr'><strong>Per</strong></span> 
     </span>
    </p>
   </div>
   <div class='ocr_carea' id='block_1_54' title="bbox 671 4359 1753 4438">
    <p class='ocr_par' dir='ltr' id='par_1_54' title="bbox 671 4378 1290 4438">
     <span class='ocr_line' id='line_1_54' title="bbox 671 4378 1290 4438; baseline 0.01 -6"><span class='ocrx_word' id='word_1_428' title='bbox 671 4378 802 4436; x_wconf 89' lang='lat' dir='ltr'><strong>Post</strong></span> <span class='ocrx_word' id='word_1_429' title='bbox 839 4379 1290 4438; x_wconf 81' lang='lat' dir='ltr'><strong>Communionem.</strong></span> 
     </span>
    </p>
   </div>
   <div class='ocr_carea' id='block_1_55' title="bbox 1889 4359 2452 4438">
    <p class='ocr_par' dir='ltr' id='par_1_55' title="bbox 1889 4360 2452 4417">
     <span class='ocr_line' id='line_1_55' title="bbox 1889 4360 2452 4417; baseline 0.005 -3"><span class='ocrx_word' id='word_1_430' title='bbox 1889 4360 2156 4415; x_wconf 82' lang='lat' dir='ltr'><strong>)ominum</strong></span> <span class='ocrx_word' id='word_1_431' title='bbox 2185 4367 2452 4417; x_wconf 89' lang='lat' dir='ltr'><strong>nostrum.</strong></span> 
     </span>
    </p>
   </div>
   <div class='ocr_carea' id='block_1_56' title="bbox 266 4470 1753 4559">
    <p class='ocr_par' dir='ltr' id='par_1_56' title="bbox 266 4470 1753 4550">
     <span class='ocr_line' id='line_1_56' title="bbox 266 4470 1753 4550; baseline 0.01 -25"><span class='ocrx_word' id='word_1_432' title='bbox 266 4470 339 4526; x_wconf 90' lang='lat' dir='ltr'><strong>Ut</strong></span> <span class='ocrx_word' id='word_1_433' title='bbox 387 4471 580 4540; x_wconf 89' lang='lat' dir='ltr'><strong>sacris,</strong></span> <span class='ocrx_word' id='word_1_434' title='bbox 623 4473 868 4542; x_wconf 89' lang='lat' dir='ltr'><strong>Domine,</strong></span> <span class='ocrx_word' id='word_1_435' title='bbox 899 4476 1186 4549; x_wconf 78' lang='lat' dir='ltr'><strong>reddamur</strong></span> <span class='ocrx_word' id='word_1_436' title='bbox 1236 4478 1384 4549; x_wconf 90' lang='lat' dir='ltr'><strong>digni</strong></span> <span class='ocrx_word' id='word_1_437' title='bbox 1429 4483 1753 4550; x_wconf 65' lang='lat' dir='ltr'><strong>muneribus1</strong></span> 
     </span>
    </p>
   </div>
   <div class='ocr_carea' id='block_1_57' title="bbox 1889 4470 3221 4559">
    <p class='ocr_par' dir='ltr' id='par_1_57' title="bbox 1955 4474 3221 4559">
     <span class='ocr_line' id='line_1_57' title="bbox 1955 4474 3221 4559; baseline 0.009 -35"><span class='ocrx_word' id='word_1_438' title='bbox 1955 4542 1985 4559; x_wconf 82' lang='lat'><strong>_</strong></span> <span class='ocrx_word' id='word_1_439' title='bbox 2357 4474 2484 4531; x_wconf 89' lang='lat' dir='ltr'><strong>Post</strong></span> <span class='ocrx_word' id='word_1_440' title='bbox 2511 4475 2959 4532; x_wconf 81' lang='lat' dir='ltr'><strong>Commuuionem.</strong></span> <span class='ocrx_word' id='word_1_441' title='bbox 3212 4527 3221 4535; x_wconf 94' lang='lat'><strong>.</strong></span> 
     </span>
    </p>
   </div>
   <div class='ocr_carea' id='block_1_58' title="bbox 185 4554 1753 4638">
    <p class='ocr_par' dir='ltr' id='par_1_58' title="bbox 185 4564 1753 4637">
     <span class='ocr_line' id='line_1_58' title="bbox 185 4564 1753 4637; baseline 0.01 -20"><span class='ocrx_word' id='word_1_442' title='bbox 185 4564 283 4618; x_wconf 83' lang='lat' dir='ltr'><strong>fac</strong></span> <span class='ocrx_word' id='word_1_443' title='bbox 309 4579 440 4633; x_wconf 90' lang='lat' dir='ltr'><strong>nos,</strong></span> <span class='ocrx_word' id='word_1_444' title='bbox 471 4580 800 4637; x_wconf 59' lang='lat' dir='ltr'><strong>quassumus,</strong></span> <span class='ocrx_word' id='word_1_445' title='bbox 829 4569 935 4625; x_wconf 90' lang='lat' dir='ltr'><strong>tuis</strong></span> <span class='ocrx_word' id='word_1_446' title='bbox 968 4570 1189 4629; x_wconf 89' lang='lat' dir='ltr'><strong>obedire</strong></span> <span class='ocrx_word' id='word_1_447' title='bbox 1217 4574 1504 4632; x_wconf 88' lang='lat' dir='ltr'><strong>mandatis.</strong></span> <span class='ocrx_word' id='word_1_448' title='bbox 1533 4575 1639 4632; x_wconf 90' lang='lat' dir='ltr'><strong>Per</strong></span> <span class='ocrx_word' id='word_1_449' title='bbox 1665 4576 1753 4632; x_wconf 86' lang='lat' dir='ltr'><strong>Do</strong></span> 
     </span>
    </p>
   </div>
   <div class='ocr_carea' id='block_1_59' title="bbox 1889 4554 3454 4638">
    <p class='ocr_par' dir='ltr' id='par_1_59' title="bbox 1946 4554 3454 4638">
     <span class='ocr_line' id='line_1_59' title="bbox 1946 4554 3454 4638; baseline 0.002 -20"><span class='ocrx_word' id='word_1_450' title='bbox 1946 4554 2193 4620; x_wconf 74' lang='lat' dir='ltr'><strong>Concede</strong></span> <span class='ocrx_word' id='word_1_451' title='bbox 2213 4554 2652 4633; x_wconf 50' lang='lat' dir='ltr'><strong>nobisTDom‘in‘é,</strong></span> <span class='ocrx_word' id='word_1_452' title='bbox 2667 4582 2998 4638; x_wconf 63' lang='lat' dir='ltr'><strong>quaesumus,</strong></span> <span class='ocrx_word' id='word_1_453' title='bbox 3028 4575 3088 4622; x_wconf 91' lang='lat' dir='ltr'><strong>ut</strong></span> <span class='ocrx_word' id='word_1_454' title='bbox 3113 4561 3454 4623; x_wconf 73' lang='lat' dir='ltr'><strong>sacramenta</strong></span> 
     </span>
    </p>
   </div>
   <div class='ocr_carea' id='block_1_60' title="bbox 186 4655 3453 4730">
    <p class='ocr_par' dir='ltr' id='par_1_60' title="bbox 186 4655 3453 4730">
     <span class='ocr_line' id='line_1_60' title="bbox 186 4655 3453 4730; baseline 0.001 -20"><span class='ocrx_word' id='word_1_455' title='bbox 186 4655 427 4711; x_wconf 82' lang='lat' dir='ltr'><strong>minum.</strong></span> <span class='ocrx_word' id='word_1_456' title='bbox 1874 4671 1995 4726; x_wconf 72' lang='lat' dir='ltr'><strong>qua:</strong></span> <span class='ocrx_word' id='word_1_457' title='bbox 2041 4657 2398 4727; x_wconf 89' lang='lat' dir='ltr'><strong>sumpsimus,</strong></span> <span class='ocrx_word' id='word_1_458' title='bbox 2433 4659 2694 4730; x_wconf 90' lang='lat' dir='ltr'><strong>quidquid</strong></span> <span class='ocrx_word' id='word_1_459' title='bbox 2737 4660 2792 4716; x_wconf 93' lang='lat' dir='ltr'><strong>in</strong></span> <span class='ocrx_word' id='word_1_460' title='bbox 2834 4667 3019 4715; x_wconf 89' lang='lat' dir='ltr'><strong>nostra</strong></span> <span class='ocrx_word' id='word_1_461' title='bbox 3071 4666 3249 4715; x_wconf 91' lang='lat' dir='ltr'><strong>mente</strong></span> <span class='ocrx_word' id='word_1_462' title='bbox 3291 4657 3453 4714; x_wconf 83' lang='lat' dir='ltr'><strong>vitio-</strong></span> 
     </span>
    </p>
   </div>
   <div class='ocr_carea' id='block_1_61' title="bbox 738 4749 3457 4828">
    <p class='ocr_par' dir='ltr' id='par_1_61' title="bbox 738 4749 3457 4828">
     <span class='ocr_line' id='line_1_61' title="bbox 738 4749 3457 4828; baseline -0.001 -18"><span class='ocrx_word' id='word_1_463' title='bbox 738 4753 931 4826; x_wconf 87' lang='lat' dir='ltr'><strong>[Super</strong></span> <span class='ocrx_word' id='word_1_464' title='bbox 971 4755 1241 4827; x_wconf 85' lang='lat' dir='ltr'><strong>populum.</strong></span> <span class='ocrx_word' id='word_1_465' title='bbox 1739 4821 1746 4828; x_wconf 29' lang='grc' dir='ltr'>θ</span> <span class='ocrx_word' id='word_1_466' title='bbox 1875 4764 1996 4806; x_wconf 91' lang='lat' dir='ltr'><strong>sum</strong></span> <span class='ocrx_word' id='word_1_467' title='bbox 2023 4757 2138 4817; x_wconf 89' lang='lat' dir='ltr'><strong>est,</strong></span> <span class='ocrx_word' id='word_1_468' title='bbox 2165 4750 2331 4821; x_wconf 84' lang='lat' dir='ltr'><strong>ipsius</strong></span> <span class='ocrx_word' id='word_1_469' title='bbox 2359 4751 2732 4808; x_wconf 91' lang='lat' dir='ltr'><strong>medicationis</strong></span> <span class='ocrx_word' id='word_1_470' title='bbox 2773 4752 2914 4808; x_wconf 86' lang='lat' dir='ltr'><strong>dono</strong></span> <span class='ocrx_word' id='word_1_471' title='bbox 2945 4760 3184 4808; x_wconf 89' lang='lat' dir='ltr'><strong>curetur.</strong></span> <span class='ocrx_word' id='word_1_472' title='bbox 3222 4750 3327 4806; x_wconf 91' lang='lat' dir='ltr'><strong>Per</strong></span> <span class='ocrx_word' id='word_1_473' title='bbox 3348 4749 3457 4806; x_wconf 85' lang='lat' dir='ltr'><strong>Do-</strong></span> 
     </span>
    </p>
   </div>
   <div class='ocr_carea' id='block_1_62' title="bbox 267 4837 2103 4923">
    <p class='ocr_par' dir='ltr' id='par_1_62' title="bbox 267 4837 2103 4923">
     <span class='ocr_line' id='line_1_62' title="bbox 267 4837 2103 4923; baseline 0.007 -28"><span class='ocrx_word' id='word_1_474' title='bbox 267 4837 551 4899; x_wconf 87' lang='lat' dir='ltr'><strong>Protector</strong></span> <span class='ocrx_word' id='word_1_475' title='bbox 575 4843 630 4899; x_wconf 94' lang='lat' dir='ltr'><strong>in</strong></span> <span class='ocrx_word' id='word_1_476' title='bbox 655 4851 710 4902; x_wconf 88' lang='lat' dir='ltr'><strong>te</strong></span> <span class='ocrx_word' id='word_1_477' title='bbox 732 4846 1087 4916; x_wconf 88' lang='lat' dir='ltr'><strong>sperantium,</strong></span> <span class='ocrx_word' id='word_1_478' title='bbox 1115 4855 1247 4914; x_wconf 91' lang='lat' dir='ltr'><strong>etc.,</strong></span> <span class='ocrx_word' id='word_1_479' title='bbox 1271 4856 1328 4904; x_wconf 89' lang='lat' dir='ltr'><strong>ut</strong></span> <span class='ocrx_word' id='word_1_480' title='bbox 1354 4865 1529 4922; x_wconf 85' lang='lat' dir='ltr'><strong>supra.</strong></span> <span class='ocrx_word' id='word_1_481' title='bbox 1539 4870 1560 4923; x_wconf 60' lang='grc' dir='ltr'><em>λ</em></span> <span class='ocrx_word' id='word_1_482' title='bbox 1875 4840 2103 4897; x_wconf 76' lang='lat' dir='ltr'><strong>minum-</strong></span> 
     </span>
    </p>
   </div>
   <div class='ocr_carea' id='block_1_63' title="bbox 858 4933 1753 5013">
    <p class='ocr_par' dir='ltr' id='par_1_63' title="bbox 858 4955 1100 5013">
     <span class='ocr_line' id='line_1_63' title="bbox 858 4955 1100 5013; baseline 0.012 -3"><span class='ocrx_word' id='word_1_483' title='bbox 858 4955 1100 5013; x_wconf 80' lang='lat' dir='ltr'><strong>XXXIX.</strong></span> 
     </span>
    </p>
   </div>
   <div class='ocr_carea' id='block_1_64' title="bbox 1889 4933 2843 5013">
    <p class='ocr_par' dir='ltr' id='par_1_64' title="bbox 2588 4933 2843 4992">
     <span class='ocr_line' id='line_1_64' title="bbox 2588 4933 2843 4992; baseline 0.004 -1"><span class='ocrx_word' id='word_1_484' title='bbox 2588 4935 2742 4992; x_wconf 82' lang='lat' dir='ltr'><strong>XLII.</strong></span> <span class='ocrx_word' id='word_1_485' title='bbox 2815 4933 2843 4953; x_wconf 88' lang='grc'>⁶</span> 
     </span>
    </p>
   </div>
   <div class='ocr_carea' id='block_1_65' title="bbox 502 5039 3064 5125">
    <p class='ocr_par' dir='ltr' id='par_1_65' title="bbox 502 5039 3064 5125">
     <span class='ocr_line' id='line_1_65' title="bbox 502 5039 3064 5125; baseline 0.003 -25"><span class='ocrx_word' id='word_1_486' title='bbox 502 5060 753 5104; x_wconf 63' lang='grc' dir='ltr'><strong>υοκικιςλ</strong></span> <span class='ocrx_word' id='word_1_487' title='bbox 783 5063 897 5103; x_wconf 80' lang='lat' dir='ltr'><strong>xxn</strong></span> <span class='ocrx_word' id='word_1_488' title='bbox 934 5063 1067 5105; x_wconf 79' lang='lat' dir='ltr'><strong>rosr</strong></span> <span class='ocrx_word' id='word_1_489' title='bbox 1097 5063 1490 5107; x_wconf 78' lang='lat' dir='ltr'><strong>PENTECOSTEN.</strong></span> <span class='ocrx_word' id='word_1_490' title='bbox 2273 5039 2422 5080; x_wconf 60' lang='lat' dir='ltr'>&#39;“ss‘</span> <span class='ocrx_word' id='word_1_491' title='bbox 2469 5041 2810 5125; x_wconf 57' lang='lat' dir='ltr'><strong>QUOTID&#39;AN‘S</strong></span> <span class='ocrx_word' id='word_1_492' title='bbox 2856 5040 3064 5082; x_wconf 52' lang='lat' dir='ltr'><strong>manus“</strong></span> 
     </span>
    </p>
   </div>
   <div class='ocr_carea' id='block_1_66' title="bbox 272 5133 3458 5210">
    <p class='ocr_par' dir='ltr' id='par_1_66' title="bbox 272 5133 3458 5210">
     <span class='ocr_line' id='line_1_66' title="bbox 272 5133 3458 5210; baseline 0.006 -21"><span class='ocrx_word' id='word_1_493' title='bbox 272 5145 294 5174; x_wconf 79' lang='grc' dir='ltr'><strong>ο</strong></span> <span class='ocrx_word' id='word_1_494' title='bbox 327 5134 610 5192; x_wconf 90' lang='lat' dir='ltr'><strong>Familiam</strong></span> <span class='ocrx_word' id='word_1_495' title='bbox 651 5133 821 5204; x_wconf 87' lang='lat' dir='ltr'><strong>tuam,</strong></span> <span class='ocrx_word' id='word_1_496' title='bbox 869 5155 1198 5210; x_wconf 67' lang='lat' dir='ltr'><strong>quaesumus,</strong></span> <span class='ocrx_word' id='word_1_497' title='bbox 1237 5143 1481 5208; x_wconf 91' lang='lat' dir='ltr'><strong>Domine,</strong></span> <span class='ocrx_word' id='word_1_498' title='bbox 1521 5143 1774 5198; x_wconf 86' lang='lat' dir='ltr'><strong>continua</strong></span> <span class='ocrx_word' id='word_1_499' title='bbox 1947 5134 2236 5206; x_wconf 81' lang='lat' dir='ltr'><strong>Perpetua,</strong></span> <span class='ocrx_word' id='word_1_500' title='bbox 2264 5152 2607 5208; x_wconf 74' lang='lat' dir='ltr'><strong>quaesumus.</strong></span> <span class='ocrx_word' id='word_1_501' title='bbox 2630 5138 2878 5206; x_wconf 71' lang='lat' dir='ltr'><strong>Domine.</strong></span> <span class='ocrx_word' id='word_1_502' title='bbox 2909 5151 3044 5210; x_wconf 74' lang='lat' dir='ltr'><strong>Pace</strong></span> <span class='ocrx_word' id='word_1_503' title='bbox 3065 5136 3458 5210; x_wconf 67' lang='grc' dir='ltr'><strong>ουειοάῖνάιιοε</strong></span> 
     </span>
    </p>
   </div>
   <div class='ocr_carea' id='block_1_67' title="bbox 192 5222 3361 5304">
    <p class='ocr_par' dir='ltr' id='par_1_67' title="bbox 192 5222 3361 5304">
     <span class='ocr_line' id='line_1_67' title="bbox 192 5222 3361 5304; baseline 0.003 -24"><span class='ocrx_word' id='word_1_504' title='bbox 192 5226 402 5296; x_wconf 85' lang='lat' dir='ltr'><strong>pietate</strong></span> <span class='ocrx_word' id='word_1_505' title='bbox 443 5228 675 5294; x_wconf 87' lang='lat' dir='ltr'><strong>custodi,</strong></span> <span class='ocrx_word' id='word_1_506' title='bbox 701 5238 812 5284; x_wconf 86' lang='lat' dir='ltr'><strong>uta</strong></span> <span class='ocrx_word' id='word_1_507' title='bbox 837 5232 1047 5288; x_wconf 89' lang='lat' dir='ltr'><strong>cunctis</strong></span> <span class='ocrx_word' id='word_1_508' title='bbox 1072 5233 1536 5304; x_wconf 82' lang='lat' dir='ltr'><strong>perversitatibus,</strong></span> <span class='ocrx_word' id='word_1_509' title='bbox 1568 5243 1618 5289; x_wconf 91' lang='lat' dir='ltr'><strong>te</strong></span> <span class='ocrx_word' id='word_1_510' title='bbox 1645 5249 1775 5304; x_wconf 87' lang='lat' dir='ltr'><strong>pro-</strong></span> <span class='ocrx_word' id='word_1_511' title='bbox 1881 5225 1936 5280; x_wconf 85' lang='lat' dir='ltr'><strong>in</strong></span> <span class='ocrx_word' id='word_1_512' title='bbox 1971 5233 2025 5281; x_wconf 80' lang='lat' dir='ltr'><strong>te</strong></span> <span class='ocrx_word' id='word_1_513' title='bbox 2052 5241 2271 5297; x_wconf 81' lang='lat' dir='ltr'><strong>sperare</strong></span> <span class='ocrx_word' id='word_1_514' title='bbox 2294 5227 2526 5282; x_wconf 78' lang='lat' dir='ltr'><strong>donasti.</strong></span> <span class='ocrx_word' id='word_1_515' title='bbox 2559 5227 2663 5283; x_wconf 85' lang='lat' dir='ltr'><strong>Per</strong></span> <span class='ocrx_word' id='word_1_516' title='bbox 2690 5228 2977 5284; x_wconf 86' lang='lat' dir='ltr'><strong>Dominum</strong></span> <span class='ocrx_word' id='word_1_517' title='bbox 3009 5235 3274 5283; x_wconf 77' lang='lat' dir='ltr'><strong>nostrum.</strong></span> <span class='ocrx_word' id='word_1_518' title='bbox 3360 5222 3361 5225; x_wconf 56' lang='grc'><em>“</em></span> 
     </span>
    </p>
   </div>
   <div class='ocr_carea' id='block_1_68' title="bbox 274 5359 3462 5434">
    <p class='ocr_par' dir='ltr' id='par_1_68' title="bbox 274 5359 3462 5434">
     <span class='ocr_line' id='line_1_68' title="bbox 274 5359 3462 5434; baseline -0.001 -17"><span class='ocrx_word' id='word_1_519' title='bbox 274 5376 300 5403; x_wconf 80' lang='grc' dir='ltr'><strong>ει</strong></span> <span class='ocrx_word' id='word_1_520' title='bbox 336 5362 512 5418; x_wconf 88' lang='lat' dir='ltr'><strong>Etiam</strong></span> <span class='ocrx_word' id='word_1_521' title='bbox 557 5364 715 5433; x_wconf 86' lang='lat' dir='ltr'><strong>hujus</strong></span> <span class='ocrx_word' id='word_1_522' title='bbox 755 5373 918 5432; x_wconf 88' lang='lat' dir='ltr'><strong>orat.,</strong></span> <span class='ocrx_word' id='word_1_523' title='bbox 961 5367 1306 5424; x_wconf 88' lang='lat' dir='ltr'><strong>concordiam</strong></span> <span class='ocrx_word' id='word_1_524' title='bbox 1357 5384 1480 5424; x_wconf 91' lang='lat' dir='ltr'><strong>cum</strong></span> <span class='ocrx_word' id='word_1_525' title='bbox 1540 5367 1664 5422; x_wconf 90' lang='lat' dir='ltr'><strong>lect.</strong></span> <span class='ocrx_word' id='word_1_526' title='bbox 1722 5377 1776 5425; x_wconf 90' lang='lat' dir='ltr'><strong>et</strong></span> <span class='ocrx_word' id='word_1_527' title='bbox 1926 5372 1979 5434; x_wconf 18' lang='grc' dir='ltr'><strong>κο</strong></span> <span class='ocrx_word' id='word_1_528' title='bbox 2013 5359 2180 5434; x_wconf 69' lang='lat' dir='ltr'><strong>Huius</strong></span> <span class='ocrx_word' id='word_1_529' title='bbox 2232 5377 2446 5434; x_wconf 84' lang='lat' dir='ltr'><strong>quoque</strong></span> <span class='ocrx_word' id='word_1_530' title='bbox 2512 5378 2636 5434; x_wconf 84' lang='lat' dir='ltr'><strong>cum</strong></span> <span class='ocrx_word' id='word_1_531' title='bbox 2700 5363 2824 5420; x_wconf 89' lang='lat' dir='ltr'><strong>lect.</strong></span> <span class='ocrx_word' id='word_1_532' title='bbox 2889 5371 2946 5419; x_wconf 86' lang='lat' dir='ltr'><strong>et</strong></span> <span class='ocrx_word' id='word_1_533' title='bbox 2998 5363 3220 5424; x_wconf 82' lang='lat' dir='ltr'><strong>Antinh.</strong></span> <span class='ocrx_word' id='word_1_534' title='bbox 3280 5360 3462 5416; x_wconf 89' lang='lat' dir='ltr'><strong>Domi-</strong></span> 
     </span>
    </p>
   </div>
   <div class='ocr_carea' id='block_1_69' title="bbox 197 5433 1753 5560">
    <p class='ocr_par' dir='ltr' id='par_1_69' title="bbox 197 5434 1752 5560">
     <span class='ocr_line' id='line_1_69' title="bbox 197 5434 1752 5560; baseline 0.005 -72"><span class='ocrx_word' id='word_1_535' title='bbox 197 5434 447 5560; x_wconf 49' lang='lat' dir='ltr'><strong>ggiaplcti.‘</strong></span> <span class='ocrx_word' id='word_1_536' title='bbox 474 5434 687 5490; x_wconf 91' lang='lat' dir='ltr'><strong>Domin.</strong></span> <span class='ocrx_word' id='word_1_537' title='bbox 732 5435 795 5490; x_wconf 85' lang='lat' dir='ltr'><strong>X.</strong></span> <span class='ocrx_word' id='word_1_538' title='bbox 838 5447 961 5508; x_wconf 88' lang='lat' dir='ltr'><strong>post</strong></span> <span class='ocrx_word' id='word_1_539' title='bbox 1005 5439 1160 5495; x_wconf 91' lang='lat' dir='ltr'><strong>Pent.</strong></span> <span class='ocrx_word' id='word_1_540' title='bbox 1198 5441 1321 5496; x_wconf 83' lang='lat' dir='ltr'><strong>vide</strong></span> <span class='ocrx_word' id='word_1_541' title='bbox 1352 5440 1493 5510; x_wconf 90' lang='lat' dir='ltr'><strong>apud</strong></span> <span class='ocrx_word' id='word_1_542' title='bbox 1523 5440 1642 5495; x_wconf 85' lang='lat' dir='ltr'><strong>Ber.</strong></span> <span class='ocrx_word' id='word_1_543' title='bbox 1672 5439 1752 5495; x_wconf 91' lang='lat' dir='ltr'><strong>loc</strong></span> 
     </span>
    </p>
   </div>
   <div class='ocr_carea' id='block_1_70' title="bbox 1889 5433 3462 5560">
    <p class='ocr_par' dir='ltr' id='par_1_70' title="bbox 1889 5433 3462 5560">
     <span class='ocr_line' id='line_1_70' title="bbox 1889 5433 2685 5503; baseline 0.003 -17"><span class='ocrx_word' id='word_1_544' title='bbox 1889 5433 2018 5487; x_wconf 70' lang='lat' dir='ltr'><strong>nica:</strong></span> <span class='ocrx_word' id='word_1_545' title='bbox 2040 5433 2159 5487; x_wconf 83' lang='lat' dir='ltr'><strong>XXI</strong></span> <span class='ocrx_word' id='word_1_546' title='bbox 2186 5433 2305 5503; x_wconf 88' lang='lat' dir='ltr'><strong>post</strong></span> <span class='ocrx_word' id='word_1_547' title='bbox 2329 5441 2503 5488; x_wconf 89' lang='lat' dir='ltr'><strong>octav.</strong></span> <span class='ocrx_word' id='word_1_548' title='bbox 2529 5433 2685 5488; x_wconf 87' lang='lat' dir='ltr'><strong>Pent.</strong></span> 
     </span>
     <span class='ocr_line' id='line_1_71' title="bbox 1957 5500 3462 5560; baseline -0.002 -4"><span class='ocrx_word' id='word_1_549' title='bbox 1957 5503 1980 5541; x_wconf 78' lang='grc' dir='ltr'>ἀ</span> <span class='ocrx_word' id='word_1_550' title='bbox 2012 5503 2180 5560; x_wconf 87' lang='lat' dir='ltr'><strong>Huius</strong></span> <span class='ocrx_word' id='word_1_551' title='bbox 2217 5505 2445 5560; x_wconf 77' lang='lat' dir='ltr'><strong>denique</strong></span> <span class='ocrx_word' id='word_1_552' title='bbox 2471 5520 2594 5559; x_wconf 91' lang='lat' dir='ltr'><strong>cum</strong></span> <span class='ocrx_word' id='word_1_553' title='bbox 2625 5506 2748 5560; x_wconf 90' lang='lat' dir='ltr'><strong>lect.</strong></span> <span class='ocrx_word' id='word_1_554' title='bbox 2793 5513 2848 5560; x_wconf 88' lang='lat' dir='ltr'><strong>et</strong></span> <span class='ocrx_word' id='word_1_555' title='bbox 2896 5505 3119 5560; x_wconf 88' lang='lat' dir='ltr'><strong>Antinh.</strong></span> <span class='ocrx_word' id='word_1_556' title='bbox 3169 5500 3462 5558; x_wconf 73' lang='lat' dir='ltr'><strong>Dominica:</strong></span> 
     </span>
    </p>
   </div>
   <div class='ocr_carea' id='block_1_71' title="bbox 278 5519 3119 5654">
    <p class='ocr_par' dir='ltr' id='par_1_71' title="bbox 278 5519 3119 5654">
     <span class='ocr_line' id='line_1_72' title="bbox 281 5519 3119 5575; baseline 0 -17"><span class='ocrx_word' id='word_1_557' title='bbox 281 5519 349 5574; x_wconf 87' lang='lat' dir='ltr'><strong>pe</strong></span> <span class='ocrx_word' id='word_1_558' title='bbox 373 5519 467 5558; x_wconf 82' lang='lat' dir='ltr'><strong>ett.</strong></span> <span class='ocrx_word' id='word_1_559' title='bbox 1957 5519 1980 5541; x_wconf 87' lang='grc' dir='ltr'>α</span> <span class='ocrx_word' id='word_1_560' title='bbox 2013 5519 2180 5573; x_wconf 74' lang='grc' dir='ltr'><strong>ιιυμιε</strong></span> <span class='ocrx_word' id='word_1_561' title='bbox 2217 5519 2445 5573; x_wconf 77' lang='lat' dir='ltr'><strong>denique</strong></span> <span class='ocrx_word' id='word_1_562' title='bbox 2471 5520 2594 5559; x_wconf 91' lang='lat' dir='ltr'><strong>cum</strong></span> <span class='ocrx_word' id='word_1_563' title='bbox 2625 5519 2748 5560; x_wconf 84' lang='lat' dir='ltr'><strong>teet.</strong></span> <span class='ocrx_word' id='word_1_564' title='bbox 2793 5519 2848 5560; x_wconf 89' lang='lat' dir='ltr'><strong>et</strong></span> <span class='ocrx_word' id='word_1_565' title='bbox 2896 5519 3119 5575; x_wconf 86' lang='lat' dir='ltr'><strong>Anttpn.</strong></span> 
     </span>
     <span class='ocr_line' id='line_1_73' title="bbox 278 5572 3090 5654; baseline 0.004 -25"><span class='ocrx_word' id='word_1_566' title='bbox 278 5575 307 5615; x_wconf 62' lang='grc' dir='ltr'>δ</span> <span class='ocrx_word' id='word_1_567' title='bbox 345 5573 535 5654; x_wconf 82' lang='lat' dir='ltr'><strong>Itidem</strong></span> <span class='ocrx_word' id='word_1_568' title='bbox 554 5577 723 5654; x_wconf 63' lang='lat' dir='ltr'><strong>istius</strong></span> <span class='ocrx_word' id='word_1_569' title='bbox 749 5597 874 5638; x_wconf 88' lang='lat' dir='ltr'><strong>eum</strong></span> <span class='ocrx_word' id='word_1_570' title='bbox 899 5581 1028 5640; x_wconf 85' lang='lat' dir='ltr'><strong>lect.</strong></span> <span class='ocrx_word' id='word_1_571' title='bbox 1061 5589 1118 5639; x_wconf 90' lang='lat' dir='ltr'><strong>et</strong></span> <span class='ocrx_word' id='word_1_572' title='bbox 1158 5581 1342 5654; x_wconf 85' lang='lat' dir='ltr'><strong>Antip.</strong></span> <span class='ocrx_word' id='word_1_573' title='bbox 1383 5581 1648 5641; x_wconf 90' lang='lat' dir='ltr'><strong>Dominic.</strong></span> <span class='ocrx_word' id='word_1_574' title='bbox 1683 5579 1783 5640; x_wconf 80' lang='lat' dir='ltr'><strong>XX</strong></span> <span class='ocrx_word' id='word_1_575' title='bbox 1888 5572 2403 5654; x_wconf 57' lang='lat' dir='ltr'><strong>XXllconcgrdian}</strong></span> <span class='ocrx_word' id='word_1_576' title='bbox 2430 5575 2828 5654; x_wconf 41' lang='lat' dir='ltr'><strong>traﬁcgaﬂferno</strong></span> <span class='ocrx_word' id='word_1_577' title='bbox 2855 5575 2974 5633; x_wconf 89' lang='lat' dir='ltr'><strong>loco</strong></span> <span class='ocrx_word' id='word_1_578' title='bbox 2997 5577 3090 5632; x_wconf 77' lang='lat' dir='ltr'><strong>cit-</strong></span> 
     </span>
    </p>
   </div>
   <div class='ocr_carea' id='block_1_72' title="bbox 196 5644 3460 5718">
    <p class='ocr_par' dir='ltr' id='par_1_72' title="bbox 196 5644 3460 5718">
     <span class='ocr_line' id='line_1_74' title="bbox 196 5644 3460 5718; baseline -0.003 -16"><span class='ocrx_word' id='word_1_579' title='bbox 196 5655 328 5716; x_wconf 85' lang='lat' dir='ltr'><strong>post</strong></span> <span class='ocrx_word' id='word_1_580' title='bbox 352 5653 528 5704; x_wconf 87' lang='lat' dir='ltr'><strong>octav.</strong></span> <span class='ocrx_word' id='word_1_581' title='bbox 553 5648 706 5707; x_wconf 88' lang='lat' dir='ltr'><strong>Pent.</strong></span> <span class='ocrx_word' id='word_1_582' title='bbox 1287 5644 1305 5654; x_wconf 85' lang='grc'><strong>’</strong></span> <span class='ocrx_word' id='word_1_583' title='bbox 1954 5656 1988 5718; x_wconf 21' lang='grc' dir='ltr'><strong>με</strong></span> <span class='ocrx_word' id='word_1_584' title='bbox 2019 5644 2164 5718; x_wconf 84' lang='lat' dir='ltr'><strong>Lego</strong></span> <span class='ocrx_word' id='word_1_585' title='bbox 2190 5645 2461 5718; x_wconf 75' lang='lat' dir='ltr'><strong>Dominica</strong></span> <span class='ocrx_word' id='word_1_586' title='bbox 2483 5644 2687 5700; x_wconf 81' lang='lat' dir='ltr'><strong>XXIII</strong></span> <span class='ocrx_word' id='word_1_587' title='bbox 2712 5656 2824 5718; x_wconf 86' lang='lat' dir='ltr'><strong>post</strong></span> <span class='ocrx_word' id='word_1_588' title='bbox 2851 5657 3084 5703; x_wconf 86' lang='lat' dir='ltr'><strong>octavam</strong></span> <span class='ocrx_word' id='word_1_589' title='bbox 3111 5644 3460 5704; x_wconf 82' lang='lat' dir='ltr'><strong>Peutecostes,</strong></span> 
     </span>
    </p>
   </div>
   <div class='ocr_carea' id='block_1_73' title="bbox 1889 5715 2812 5774">
    <p class='ocr_par' dir='ltr' id='par_1_73' title="bbox 1889 5715 2812 5774">
     <span class='ocr_line' id='line_1_75' title="bbox 1889 5715 2812 5774; baseline 0.001 -3"><span class='ocrx_word' id='word_1_590' title='bbox 1889 5715 1968 5771; x_wconf 89' lang='lat' dir='ltr'><strong>uti</strong></span> <span class='ocrx_word' id='word_1_591' title='bbox 1992 5716 2150 5771; x_wconf 89' lang='lat' dir='ltr'><strong>etiam</strong></span> <span class='ocrx_word' id='word_1_592' title='bbox 2176 5732 2337 5774; x_wconf 86' lang='lat' dir='ltr'><strong>sunra</strong></span> <span class='ocrx_word' id='word_1_593' title='bbox 2367 5717 2681 5774; x_wconf 91' lang='lat' dir='ltr'><strong>adnotatum</strong></span> <span class='ocrx_word' id='word_1_594' title='bbox 2711 5715 2812 5774; x_wconf 79' lang='lat' dir='ltr'><strong>est.</strong></span> 
     </span>
    </p>
   </div>
  </div>
