3954 6342
499 337 605 400 8Ιέ

1222 426 1359 510 Alia.

567 565 772 620 Adesto
809 565 972 621 nobis
996 565 1309 621 misericors
1333 567 1493 631 Deus,
1520 575 1574 621 et
1613 574 1716 622 tute
1763 568 1983 638 pietatis
2032 568 2088 624 in

499 656 650 714 nobis
678 656 950 731 propitius
972 656 1110 712 dona
1135 657 1391 713 concede.
1421 655 1544 713 Per.

1183 769 1393 825 Secreta

563 861 772 916 Adesto
799 861 988 928 nobis,
1012 876 1341 932 quaesumus,
1375 864 1602 919 Domtne
1621 904 1636 929 ,
1666 872 1722 919 et
1761 879 1950 935 preces
1997 879 2094 918 no-

495 957 635 1002 stras
669 949 938 1021 benignus
966 950 1186 1016 exaudi,
1233 959 1291 1004 ut
1342 951 1487 1019 quod
1531 950 1729 1006 ﬁducia
1776 968 1882 1006 non
1931 952 2092 1008 habet

495 1041 840 1109 meritorum,
867 1041 1102 1112 placatio
1130 1042 1374 1096 obtineat
1396 1042 1720 1097 hostiarum.
1748 1043 1872 1099 Per.

967 1149 1113 1206 'Post
1145 1150 1596 1207 Communionem.

566 1266 829 1339 Mysteria
871 1276 1056 1324 sancta
1085 1284 1208 1332 nos.
1239 1270 1488 1336 Domine,
1518 1278 1573 1326 et
1598 1266 1968 1340 spiritualibus
1993 1285 2090 1324 ex-

495 1355 685 1426 pleant
725 1357 1020 1425 alimentis,
1058 1367 1110 1414 et
1155 1361 1539 1431 corporalibus.
1565 1368 1816 1415 tueantur
1848 1358 2086 1415 auxiliis.

497 1447 629 1505 Per.
1472 1465 1480 1472 ·

1173 1523 1175 1525 ’
1199 1520 1387 1576 XLIII.

1027 1625 1160 1665 ITEM
1219 1627 1342 1666 ALIA
1395 1627 1567 1668 MISSA.

569 1717 781 1773 Exaudi
812 1735 932 1784 nos,
959 1720 1250 1774 miserator
1271 1730 1325 1775 et
1351 1721 1661 1777 misericors
1679 1721 1848 1786 'Deus,
1879 1729 1934 1776 et
1963 1734 2090 1774 con-

1431 387 1434 390 .
1519 345 1851 404 GRIMALDI
1891 345 2410 409 SANGALLENSIS
2451 355 2740 411 ABBATIS

1675 462 1686 467 ”
2121 460 2175 524 Δ

2684 468 2811 523 Post
2841 470 3289 526 Communionem.

2267 558 2609 627 Quotidiani,
2659 560 2914 627 Domine,
2964 578 3294 632 quaesumus,
3334 581 3560 621 munera
3597 583 3771 624 sacra-

2197 652 2366 706 menti
2398 651 2466 706 ad
2490 660 2765 722 perpetua:
2794 653 2950 709 nobis
2976 654 3153 710 tribue
3187 655 3378 712 salutis
3405 667 3769 727 augmentum.

2198 741 2304 799 Per
2328 744 2633 800 Dominum.

2728 852 2859 894 ΙἸΈΙΙ
2897 852 3019 893 ΑΗΔ
3058 853 3212 894 ιιιεεΑ

2265 931 2347 988 Ab
2377 932 2627 988 omnibus
2674 949 2774 990 nos
2825 934 3086 1001 defende,
3136 951 3474 1006 quaesumus,
3531 937 3776 1000 Domine,

2195 1038 2411 1096 semper
2439 1025 2681 1081 adversis
2713 1033 2767 1080 et
2790 1027 3063 1082 continuis
3087 1034 3236 1082 tuere
3264 1027 3553 1097 praesidiis.
3583 1027 3707 1082 Per.

2448 1183 2450 1185 .
2866 1136 3097 1193 Secreta.

2265 1226 2554 1283 Otl'erimus
2600 1227 2733 1292 tibi,
2770 1229 3015 1294 Domine,
3060 1243 3283 1284 munera
3311 1244 3430 1299 qua:
3456 1227 3678 1292 dedisti,
3721 1237 3775 1281 ut

2193 1326 2248 1374 et
2273 1319 2566 1374 creationis
2596 1328 2701 1375 tua“:
2733 1313 2878 1375 circa
2903 1320 3287 1375 mortalitatem
3317 1329 3585 1382 nostram,
3627 1319 3772 1372 testi-

2193 1409 2426 1464 ﬁcentur
2449 1409 2736 1476 auxilium,
2765 1419 2818 1466 et
2853 1411 3149 1465 remedium
3177 1410 3332 1465 nobis
3357 1410 3776 1464 immortalitatis

2192 1510 2508 1575 operentur.
2541 1503 2665 1559 Per.

2671 1617 2800 1673 Post
2841 1615 3292 1673 Communionem.

2235 1712 2416 1780 ‘Quod
2448 1727 2561 1768 ‘ore
2596 1713 2946 1784 sumpsimus,
2977 1711 3222 1775 Domine,
3265 1718 3450 1764 mente
3481 1709 3771 1779 capiamus,

496 1808 740 1864 tinentiaa
765 1809 1016 1865 salutaris
1048 1810 1313 1882 propitius
1341 1812 1498 1868 nobis
1529 1813 1670 1868 dona
1699 1811 1959 1867 concede.
1983 1809 2089 1866 Per
2119 1825 2164 1886 Β
2193 1815 2248 1860 et
2275 1805 2342 1859 de
2368 1821 2594 1860 munere
2622 1805 2927 1876 temporali,
2958 1805 3060 1861 ﬁat
3090 1804 3248 1860 nobis
3267 1804 3573 1858 remedium
3597 1802 3782 1872 sempi—

498 1899 794 1957 Dominum
823 1911 1089 1958 nostrum.

1093 1974 1265 2046 Super
1310 1973 1492 2030 oblata

566 2060 815 2127 Hostias,
875 2078 1217 2133 quaesumus,
1269 2065 1535 2128 Domine,
1587 2065 1804 2136 suscipe
1845 2063 2089 2136 placatus

499 2151 738 2217 oblatas,
771 2169 892 2222 quae
937 2164 993 2208 et
1044 2160 1096 2209 te
1141 2155 1530 2211 sanctiﬁcando
1583 2156 1742 2213 nobis
1788 2154 2088 2211 efﬁciantur

498 2239 940 2300 salutares..'Per.

987 2337 1117 2395 Post
1141 2339 1592 2426 Communionem.

514 2501 535 2518 ,
569 2444 770 2502 Sancta
803 2456 1040 2518 tua-nos,
1071 2452 1319 2517 Domine,
1351 2465 1685 2522 quaesumus,
1711 2457 1766 2506 et
1794 2467 1824 2506 a
1851 2459 2087 2522 peccatis

496 2546 716 2604 exuant,
744 2545 800 2594 et
825 2538 1068 2598 ctelestis
1086 2541 1212 2597 vita:
1234 2542 1419 2612 vigore
1445 2540 1786 2596 conﬁrment.
1819 2540 1939 2596 Per.

1188 2651 1379 2707 XLIV.

1018 2755 1160 2799 ‘ITEM
1201 2760 1334 2799 ’ΜΛΔ
1377 2756 1552 2799 mssa.
1621 2812 1626 2818 .

563 2853 900 2922 Quazsumus,
936 2854 1276 2926 omnipotens
1315 2855 1476 2921 Deus,
1522 2862 1584 2910 ut
1624 2854 1914 2926 plebstua
1967 2862 2084 2910 toto

395 3011 405 3018 .
495 2945 591 3000 tibi
613 2947 777 3002 corde
805 2947 1138 3018 deserviens,
1181 2957 1237 3004 et
1281 2947 1546 3004 beneﬁcia
1598 2955 1686 3002 tua
1728 2947 1933 3020 jugiter
1974 2961 2087 3002 me-

492 3047 682 3096 reatur
709 3048 764 3096 et
787 3055 998 3112 pacem.
1024 3041 1152 3097 Per.

1083 3131 1256 3202 Super
1295 3131 1489 3187 oblata.

568 3218 815 3290 Suscipe,
845 3236 1174 3291 quaesumus,
1211 3221 1458 3288 Domine,
1499 3221 1732 3276 hostiam
1761 3191 2161 3303 redemptio:C

492 3313 578 3369 nis
603 3313 872 3377 humanae,
896 3322 951 3369 et
1001 3313 1232 3370 salutem
1285 3314 1442 3368 nobis
1492 3313 1687 3368 mentis
1731 3320 1785 3367 et
1839 3311 2086 3384 corporis

491 3421 722 3476 operare
747 3405 1010 3478 placatus.
1035 3405 1161 3462 Per.

976 3496 1106 3552 Post
1143 3498 1592 3553 Communionem.

561 3587 662 3654 Da,
694 3600 1036 3662 qumsumus,
1086 3591 1429 3659 omnipotens
1478 3590 1652 3654 Deus,
1693 3595 1753 3642 ut
1802 3587 2081 3659 mysterio-

493 3693 614 3735 rum
636 3680 835 3736 virtute
865 3681 1065 3749 satiati,
1097 3683 1205 3738 vita
1237 3689 1428 3735 nostra
1448 3678 1862 3737 firmetur."Per.

1205 3791 1370 3848 XLV.

1051 3902 1160 3944 ’πεδί
1194 3903 1321 3943 ΑιιΑ
1360 3900 1537 3943 ιιιεεΑ.

459 4029 464 4035 -
563 3997 964 4069 Regenostras,
988 3997 1234 4064 Domine,
1261 3995 1526 4068 propitius
1552 3995 1879 4064 voluntates,
1901 4005 2083 4055 utnec

490 4090 727 4160 propriis
776 4090 1152 4161 iniquitatibus
1208 4089 1576 4162 implicentur,
1625 4103 1730 4146 nec
1778 4091 2082 4147 subdantur

492 4182 706 4238 alienis.
732 4179 859 4238 Per.

1065 4273 1072 4276 ·
1168 4251 1403 4309 Secreta.

563 4344 677 4399 Tua
724 4352 1068 4400 sacramenta
1113 4359 1234 4412 nos,
1268 4344 1430 4409 Deus,
1463 4342 1857 4415 circumtegan‘t
1896 4329 1958 4398 et
1984 4357 2084 4399 ‘re-

489 4435 745 4504 formem,
779 4436 1050 4507 simulque
1077 4436 1233 4492 nobis
1269 4435 1566 4507 temporale
1613 4436 1912 4493 remedium
1954 4453 2083 4493 con-

485 4527 666 4583 ferant
695 4536 750 4583 et
782 4536 1072 4600 aeternum.
1093 4526 1226 4582 Per.

973 4641 1106 4700 Post
1133 4640 1588 4699 Communionem.

558 4740 675 4795 Tua
707 4748 892 4796 sancta
914 4741 1094 4808 nobis,
1122 4742 1466 4812 omnipotens
1493 4741 1654 4807 Deus,
1679 4753 1801 4810 quae
1846 4735 2081 4807 sumpsi-

485 4848 632 4899 mus,
654 4841 710 4888 et
737 4833 1125 4905 indulgentiam
1161 4833 1466 4904 praebeant,
1491 4841 1548 4887 et
1576 4831 1840 4887 auxilium
1889 4843 2082 4902 perpe-

485 4935 592 4982 tuae
611 4926 941 4984 defensionis
969 4927 1304 5011 impendant.
1336 4926 1460 4982 Per.

1193 5037 1376 5093 XLVI.

1117 5144 1239 5185 ΑιιΑ
1278 5137 1451 5184 ΠΙΞΒΔ.

559 5241 889 5313 Comprime,
933 5242 1183 5309 Domine,
1235 5255 1565 5313 quaesumus,
1614 5239 1807 5296 noxios
1859 5254 2075 5310 semper

487 5338 760 5399 incursus,
783 5345 838 5391 et
877 5335 1168 5393 salutarem
1217 5334 1552 5407 temporibus
1578 5334 1778 5390 nostris
1806 5334 2074 5405 prOpitius

487 5431 554 5486 da
591 5428 850 5500 quietem.
874 5427 981 5484 Per

1148 5498 1380 5556 Secreta.

554 5615 612 5670 In
644 5623 736 5670 tuo
760 5621 1069 5686 conspectu,
1098 5614 1343 5680 Domine,
1367 5629 1703 5685 quaesumus,
1729 5612 1855 5668 talia
1883 5619 2068 5669 nostra

483 5707 592 5761 siut
619 5718 863 5769 munera,
891 5719 1011 5774 qua:
1039 5712 1093 5760 et
1114 5703 1330 5774 placare
1362 5712 1414 5758 te
1446 5703 1676 5766 valeant,
1726 5711 1783 5758 et
1827 5718 1925 5760 nos
1971 5702 2067 5758 tibi

483 5799 696 5864 placere
718 5794 1020 5867 perﬁciant.
1047 5795 1150 5852 Per
1179 5795 1464 5851 Dominum
1507 5803 1778 5852 nostrum.

2109 4573 2164 4635 D

2197 1907 2431 1953 ternum.
2461 1897 2568 1952 Per
2601 1897 2910 1952 Dominum.

2915 2007 3058 2062 Alia.

2262 2099 2598 2157 Conservent
2631 2115 2750 2166 nos,
2780 2114 3109 2170 quaesumus,
3146 2097 3396 2162 Domine,
3417 2111 3655 2152 munera
3676 2104 3776 2158 tua,

2191 2201 2247 2250 et
2277 2203 2537 2248 aeternam
2568 2193 2734 2248 vitam
2765 2193 3007 2248 tribuant
3037 2192 3192 2248 nobis
3214 2191 3664 2262 deprecantibus.
3689 2189 3780 2244 Per

2194 2285 2501 2341 Dominum.

2887 2373 3095 2429 XLVII.

2581 2481 2633 2520 IN
2672 2479 2883 2520 NA’I‘ALE
2921 2481 3077 2521 UNIUS
3115 2480 3395 2522 APOSTOIJI.

2263 2555 2472 2622 Oratio,
2511 2554 2748 2623 Secreta,
2785 2567 2832 2612 et
2874 2555 3004 2610 Post
3047 2555 3502 2624 Communionem,
3531 2566 3592 2612 ut
3626 2573 3778 2630 33pm

2173 2648 2246 2701 ιίη
2282 2645 2478 2718 Vigilia
2504 2646 2566 2703 S.
2598 2647 2842 2701 Andrew.

2722 2757 2917 2832 [Super
2948 2761 3221 2831 papulum.

2261 2850 2492 2916 Exaudi,
2524 2851 2776 2916 Domine,
2800 2851 3056 2922 populum
3091 2861 3417 2918 tuum,ecum
3449 2854 3776 2923 sanctiapo-

2190 2944 2314 3001 stoli
2357 2944 2432 3000 tui
2461 2943 2526 2999 N.
2552 2943 2852 3015 patrocinio
2902 2944 3292 3014 supplicantem
3313 2984 3329 3011 ,
3358 2954 3550 3000 ut-tuo
3575 2959 3778 3014 semper

2191 3037 2394 3093 auxilio
2422 3053 2614 3094 secura
2647 3037 2740 3092 tibi
2769 3037 3256 3109 possitdcvotione
3279 3041 3508 3097 servire.
3542 3038 3652 3096 Per
3683 3042 3772 3096 Do-

2193 3133 2419 3186 minum.

2795 3219 2877 3276 Ἀιι
2909 3219 3174 3294 Vesperos.

2261 3336 2423 3401 Deus,
2457 3335 2550 3406 qui
2591 3350 2689 3391 nos
2723 3335 2782 3389 Β.
2827 3335 3057 3407 apostoli
3090 3336 3164 3390 tui
3207 3334 3269 3390 N.
3303 3351 3483 3390 annua
3530 3336 3773 3391 solemni-

2189 3435 2300 3482 tate
2329 3425 2574 3482 lcetiticas
2594 3467 2608 3492 ,
2649 3428 2886 3482 concede
2928 3427 3215 3497 propitius,
3246 3436 3306 3482 ut
3353 3427 3510 3496 cujus
3541 3428 3774 3482 natalitia

2186 3519 2441 3588 colimus,
2465 3521 2631 3575 etiam
2658 3519 2873 3576 actione
2901 3519 3202 3574 imitemur.
3236 3519 3342 3576 Per
3372 3519 3713 3592 Dominum]

2873 3630 3099 3687 XLVIII.

2419 3740 2472 3782 .N
2509 3740 2718 3806 NATALB
2753 3740 3100 3781 PLURIIOBUI
3143 3739 3554 3781 APOSTOLORUI.

2259 3835 2421 3903 Deus,
2450 3839 2542 3908 qui
2567 3853 2665 3894 nos
2687 3854 2868 3895 annua
2890 3838 3255 3909 apostolorum
3280 3847 3500 3894 tuorum
3531 3838 3598 3893 Ν.
3629 3848 3684 3895 et
3715 3837 3774 3893 Ν.

2187 3929 2531 3987 solemnitate
2572 3931 2834 3997 lmtilicas,
2863 3940 3081 4002 praesta,
3110 3946 3443 4000 quaesumus,
3468 3942 3532 3985 ut
3555 3947 3776 4003 quorum

2189 4022 2490 4095 gaudemus
2530 4024 2761 4089 meritis,
2785 4025 3122 4079 instruamur
3141 4024 3441 4096 exemplis.
3469 4023 3580 4080 Per
3604 4025 3774 4081 Domi.

2190 4129 2318 4170 num
2348 4123 2593 4171 nostrum
2622 4115 3129 4172 Jesum‘Christum.

2857 4227 3093 4287 Secreta.

2258 4319 2500 4386 Munera,
2557 4320 2804 4388 Domine,
2854 4334 2973 4390 quae
3002 4334 3102 4390 pro
3145 4316 3518 4389 apostolorum
3567 4327 3770 4374 tuorum

2187 4411 2253 4468 N.
2281 4422 2335 4467 et
2366 4411 2429 4466 N.
2464 4413 2805 4468 solemnitate
2831 4411 3438 4482 deferimus,.propitius
3459 4412 3696 4483 suscipe,
3723 4420 3772 4467 et

2189 4508 2331 4564 mala
2358 4510 2540 4566 omnia
2565 4525 2688 4580 quae
2727 4524 3002 4565 meremur
3026 4519 3231 4566 averte.
3264 4510 3390 4567 Per.

2586 4658 2588 4660 τ
2672 4620 2801 4677 Post
2835 4622 3282 4678 Communionem.

2257 4712 2604 4781 Quaesumus,
2636 4713 2882 4781 Domine,
2908 4713 3238 4769 salutaribus
3259 4711 3449 4782 repleti
3479 4709 3764 4782 mysteriis,

2184 4813 2244 4862 ut
2275 4820 2504 4876 quorum
2535 4805 2797 4861 solemnia
2823 4803 3187 4871 celebramus,
3217 4818 3404 4860 eorum
3433 4802 3767 4860 orationibus

2187 4897 2524 4968 adjuvemur.
2549 4897 2680 4953 ‘Per.

2735 4989 2925 5064 [Super
2951 4991 3220 5063 populum.

2253 5107 2414 5172 Deus,
2447 5108 2537 5179 qui
2564 5108 2770 5181 ligandi
2809 5109 3156 5178 solvendique
3185 5106 3462 5163 licentiam
3495 5103 3604 5160 tuis
3644 5115 3764 5172 apo—

2179 5202 2336 5258 stolis
2367 5202 2664 5268 contulisti,
2691 5203 2777 5267 da,
2808 5217 3136 5272 qumsumus,
3157 5209 3218 5255 ut
3246 5215 3344 5270 per
3372 5201 3519 5269 ipsos
3546 5213 3575 5250 a
3604 5206 3762 5251 terre.

2178 5295 2265 5352 nis
2299 5295 2448 5350 vitiis
2477 5295 2735 5364 expediti,
2767 5294 2924 5349 liberi
2961 5293 3233 5363 possimus
3273 5287 3588 5347 cmlestibus
3632 5286 3760 5339 inte-

2177 5402 2327 5443 resse
2375 5387 2668 5458 mysteriis.
2697 5387 2802 5442 Per
2830 5387 3137 5443 Dominum.

2771 5498 2852 5552 Ad
2890 5495 3164 5570 Vesperos.

2245 5615 2398 5682 Esto,
2429 5613 2678 5680 Domine,
2709 5612 2853 5684 plebi
2886 5620 2990 5666 tum
3036 5608 3406 5666 sanctiﬁcator
3451 5613 3507 5661 et
3558 5608 3752 5662 custos.

2171 5714 2234 5761 ut
2259 5705 2568 5777 apostolicis
2598 5705 2806 5759 munita
2828 5701 3111 5774 prasidiis,
3143 5710 3198 5756 et
3223 5697 3634 5756 conversatione
3661 5689 3753 5747 tibi

2174 5797 2405 5870 placeat,
2437 5805 2494 5854 et
2535 5811 2728 5853 secura
2757 5793 3050 5853 deserviat.
3077 5793 3181 5848 Per
3210 5785 3542 5856 Dominum]
