3954 6342
207 379 314 435 817

591 599 644 639 ιιι
673 598 881 639 ΝᾹτΛιΕ
912 596 1068 638 UNIUS
1097 591 1388 634 IARTYRIS.

275 680 503 744 Praesta,
527 691 856 746 quaesumus,
879 675 1218 744 omnipotens
1244 670 1404 734 Dens,
1433 677 1492 722 ut
1515 667 1608 737 qui
1633 667 1696 720 Β.
1720 663 1786 719 Ν.
1847 689 1856 696 ·

202 771 462 842 martyris
493 769 568 824 tui
603 769 846 823 natalitia
875 767 1124 830 colimus,
1155 765 1272 834 ejus
1320 761 1705 818 intercessione
1734 757 1789 812 in

203 866 282 920 tui
314 862 551 920 nominis
580 876 767 916 amore
803 860 1140 916 roboremur.
1174 856 1298 911 Per.

799 970 967 1042 Super
1003 969 1199 1024 oblata.

273 1061 592 1117 Muneribus
617 1061 842 1126 nostris,
873 1074 1203 1130 quaesumus,
1230 1056 1474 1121 Domine,
1508 1054 1790 1125 precibus-

198 1171 312 1226 que
355 1154 645 1224 susceptis,
691 1164 745 1209 et
789 1154 1224 1209 cmlestibusnos
1258 1149 1457 1206 munda
1495 1147 1791 1220 mysteriis,

199 1257 261 1304 et
289 1247 587 1304 clementer
613 1245 825 1302 exaudi.
855 1245 959 1301 Per
986 1243 1304 1300 Dominum.

702 1356 828 1411 Post
865 1356 1309 1411 Commuuiouem.

273 1451 378 1516 Da,
408 1465 736 1522 qumsumus,
773 1449 998 1504 Domine
1025 1447 1168 1500 Dens
1194 1452 1398 1509 noster,
1424 1451 1484 1497 ut
1509 1443 1647 1497 sicut
1673 1450 1793 1496 tuo—

201 1559 327 1597 rum
356 1541 872 1597 commemoratione
921 1546 1253 1602 sanctorum,
1298 1533 1578 1604 temporali
1611 1541 1793 1604 gratu-

199 1635 385 1690 lamur
404 1633 598 1699 oﬁicio,
627 1633 698 1687 ita
725 1639 983 1702 perpetuo
1018 1630 1261 1684 laetemur
1290 1636 1530 1699 aspectu.
1560 1626 1665 1682 Per
1690 1626 1793 1681 Do-

201 1727 436 1782 minum.

743 1816 941 1890 [Super
975 1815 1246 1888 populum.

275 1909 436 1964 Plebs
469 1917 582 1974 tua,
613 1908 855 1974 Domine,
891 1908 1066 1963 sancti
1095 1907 1349 1978 martyris
1381 1907 1455 1961 tui
1491 1905 1556 1961 N.
1591 1913 1642 1960 te
1671 1905 1788 1978 glo-

202 2001 815 2072 ﬁcatione-magniﬁcet,
845 2009 900 2056 et
930 2001 1120 2057 eodem
1161 2016 1376 2070 semper
1412 2008 1692 2071 precante,
1740 2007 1794 2056 te

207 2102 486 2149 mereatur
508 2091 709 2147 habere
744 2103 1033 2146 restarem.
1066 2091 1169 2146 Per
1198 2090 1504 2146 Dominum.

804 2202 887 2257 Ad
923 2201 1192 2274 Vesperos.

277 2296 442 2361 Deus,
462 2295 552 2365 qui
581 2309 681 2350 nos
709 2293 769 2349 Β.
811 2295 1068 2365 martyris
1099 2293 1271 2348 tui:N-.
1303 2293 1645 2349 confessione
1681 2293 1794 2364 glo-

202 2386 354 2441 riosa
403 2386 708 2441 circumdas
737 2393 791 2441 et
817 2384 1074 2457 protegis,
1127 2384 1196 2439 da
1249 2384 1428 2450 nobis,
1460 2401 1790 2454 quaesumus,

203 2479 327 2548 ejus
355 2479 655 2534 imitatione
683 2477 980 2549 proﬁcere,
1018 2477 1361 2535 etoratioue
1391 2478 1644 2548 gaudere.
1692 2477 1794 2533 Per

205 2568 546 2643 Dominum]
564 2617 567 2620 .

971 2664 1034 2720 L.

498 2775 551 2816 ΙΝ
563 2780 565 2783 ’
575 2774 783 2815 ΝΑτΑιε
811 2771 1158 2814 ριυιιικοιιωι
1187 2770 1504 2811 ΠΔΒΊὝΒῊΠ.

282 2851 458 2914 Deus,
516 2852 608 2921 qui
655 2867 755 2907 nos
801 2851 1056 2907 concedis
1107 2859 1454 2909 sanctoruum
1496 2857 1796 2918 martyrum

209 2954 451 3010 tuorum,
477 2953 532 3000 et
560 2944 624 3000 N.
654 2944 720 2998 N.
743 2945 986 3000 natalitia
1014 2943 1212 3009 colere,
1241 2943 1307 2997 da
1334 2942 1489 2997 nobis
1513 2942 1566 2994 in
1592 2948 1796 2995 aeterna

211 3037 542 3095 beatitudine
566 3038 632 3094 de
662 3051 848 3094 eorum
888 3037 1148 3093 societate
1175 3035 1429 3107 gaudere.
1458 3032 1582 3088 Per.

891 3143 1124 3201 Secreta.

284 3237 506 3295 Munera
535 3238 651 3303 tibi,
674 3237 920 3304 Domine,
946 3247 1146 3293 nostrae
1166 3235 1468 3293 devotionis
1491 3232 1793 3302 oﬁ'erimus,

213 3345 338 3400 qua:
363 3341 418 3387 et
439 3347 536 3403 pro
569 3341 782 3386 tuorum
810 3331 906 3386 tibi
935 3339 1088 3402 grata
1120 3331 1229 3387 sint
1272 3331 1479 3385 honore
1500 3329 1796 3399 justorum,

212 3436 271 3482 et
293 3425 446 3481 nobis
470 3424 745 3491 salutaria,
781 3432 832 3480 te
869 3425 1185 3489 miserante,
1213 3421 1530 3478 reddantur.
1560 3420 1688 3476 Per.

697 3535 825 3592 Post
862 3535 1316 3592 Canimunioncm.

285 3629 488 3684 Prtesta
513 3629 685 3693 nobis,
709 3629 956 3693 Domine,
985 3642 1314 3697 quaesumus,
1339 3627 1801 3682 intercedentibus

215 3720 424 3774 sanctis
448 3720 553 3773 tuis
582 3718 647 3772 Ν.
678 3726 732 3772 et
769 3717 832 3771 N.
859 3726 918 3772 ut
963 3732 1081 3787 quae
1105 3732 1200 3773 ore
1234 3717 1615 3787 contingimus,
1665 3731 1800 3787 pura

213 3818 398 3866 mente
432 3810 730 3880 capiamus.
751 3808 877 3864 Per.
1287 3795 1318 3820 '

758 3920 956 3994 [Super
995 3921 1265 3993 populum.

286 4011 510 4076 Adesto,
539 4010 781 4077 Domine,
811 4011 1006 4080 pOpnlo
1041 4023 1133 4067 tuo
1162 4026 1284 4067 cum
1331 4019 1642 4067 sanctorum
1677 4019 1798 4066 tuo-

216 4121 337 4159 rum
367 4104 668 4175 patrocinio
689 4103 1042 4174 supplicanti;
1085 4113 1143 4158 ut
1177 4103 1318 4174 quod
1359 4104 1576 4174 propria
1603 4103 1799 4158 ﬁducia

217 4211 327 4250 non
355 4194 654 4264 prazsumit,
702 4193 1111 4264 suffragantium
1161 4194 1370 4250 meritis
1413 4202 1795 4265 consequatur.

217 4283 322 4340 Per
353 4283 660 4341 Dominum.

813 4378 895 4432 Ad
934 4375 1202 4450 Vesperos.

293 4489 563 4554 Concede,
591 4506 916 4560 quaesumus,
968 4493 1310 4563 omnipotens
1359 4493 1520 4556 Deus,
1570 4501 1640 4547 ut
1680 4508 1798 4549 san-

220 4590 430 4636 ctorum
463 4591 758 4654 martyrum
808 4591 1021 4638 tuorum
1065 4584 1130 4637 N.
1180 4599 1430 4654 quorum.
1457 4583 1797 4641 celebramus

219 4673 497 4740 victorias,
546 4673 933 4746 participentur
959 4683 1012 4729 et
1037 4675 1294 4744 praemiis.
1335 4673 1440 4729 Per
1465 4673 1807 4748 Dominum]

961 4784 1044 4839 LI.

560 4895 612 4932 ιΝ
651 4891 857 4933 ΝᾹΤΔΙΕ
898 4893 1054 4934 UNIUS
1091 4892 1459 4934 CONl-‘ESSORIS.

291 4991 388 5056 Da,
423 5007 754 5060 quaesumus,
796 4992 1136 5061 omnipotens
1184 4991 1344 5056 Deus,
1389 4999 1448 5044 ut
1481 4989 1542 5043 Β.
1574 4989 1638 5044 Ν.
1673 5006 1800 5044 con-

187 5083 444 5169 ,l'essoris
487 5083 562 5136 tui
607 5083 910 5137 veneranda
965 5081 1305 5146 solemnitas,
1361 5089 1417 5135 et
1460 5081 1798 5136 devotionem

218 5175 380 5232 nobis
411 5183 624 5245 augeat,
655 5183 707 5229 et
735 5174 985 5229 salutem.
1011 5174 1134 5229 Per.

898 5286 1131 5344 Secreta.

293 5400 482 5457 Sancti
511 5401 587 5455 tui
626 5415 748 5465 nos,
775 5415 1105 5472 quaesumus,
1151 5397 1398 5462 Domine,
1433 5395 1632 5466 ubique
1668 5395 1800 5449 lacti-

218 5491 406 5557 ﬁcent,
429 5499 490 5546 ut
517 5490 644 5546 dum
674 5505 863 5546 eorum
911 5490 1103 5546 merita
1146 5486 1456 5555 recolimus,
1501 5484 1802 5556 patrocinia

218 5584 538 5641 sentiamus.
571 5582 696 5640 Per.

711 5693 841 5752 Post
871 5695 1318 5753 Communionem.

294 5807 521 5879 Praesta,
554 5827 882 5884 qumsnmus,
915 5813 1252 5884 omnipotens
1284 5811 1448 5881 Deus,
1487 5820 1543 5868 ut
1571 5812 1635 5871 de
1683 5827 1805 5886 per-

1372 366 1578 432 LIBER
1615 358 2255 423 SACRAMENTORUM.

1809 480 1862 543 Λ
1887 479 2059 548 ceptis
2086 480 2401 537 muneribus
2450 478 2653 549 gratias
2698 473 3040 537 exhibentes,
3073 465 3338 525 beneﬁcia
3380 481 3479 538 po-

3369 351 3474 406 8ιῦ

1891 565 2031 622 tiora
2055 581 2353 622 sumamus.
2393 565 2516 621 Per.

2431 677 2626 752 [Super
2659 674 2930 746 populum.

1963 769 2122 826 Plebs
2152 779 2263 836 tua,
2287 769 2532 834 Domine,
2564 753 2776 822 laetetur
2797 774 3009 819 tuorum
3041 774 3256 832 semper
3286 759 3342 814 iu
3372 757 3478 815 ho-

1893 879 2028 920 nore
2071 873 2404 928 sanctorum,
2451 869 2508 915 ut
2547 874 2733 916 eorum
2779 856 3045 927 percipiat
3089 851 3480 908 intercessione

1892 954 2072 1009 votiva
2101 951 2361 1016 subsidia,
2391 964 2619 1019 quorum
2650 945 2967 1017 patrociniis
3004 943 3337 1001 sublevatur.
3368 993 3371 995 _

2496 1063 2584 1117 Ad.
2618 1060 2886 1132 Vesperos.

1967 1157 2151 1215 Sancti
2175 1154 2506 1213 confessoris
2538 1154 2612 1208 tui
2638 1151 2703 1205 N.
2729 1166 2827 1206 nos
2855 1161 3188 1219 quaesumus,
3232 1144 3486 1211 Domine,

1895 1259 2047 1306 tuere
2075 1247 2362 1319 praesidiis,
2394 1257 2450 1302 et
2475 1245 2593 1314 ejus
2631 1257 2847 1312 semper
2875 1236 3358 1296 intercessionibus
3388 1236 3486 1290 ad-

1889 1339 2165 1411 juvemur.
2197 1337 2303 1394 Per
2334 1333 2672 1406 Dominum]

2633 1449 2740 1504 Lll.

2124 1564 2177 1605 ιΝ
2214 1561 2422 1604 ΝΑτΑιις
2461 1557 2808 1601 Ριυιιιιοιιωι
2849 1553 3242 1597 CONFESSORUI.

1965 1641 2130 1706 Deus,
2157 1639 2248 1708 qui
2287 1653 2389 1694 nos
2418 1645 2733 1692 sanctorum
2761 1643 2976 1688 tuorum
3001 1630 3064 1685 Ν.
3089 1641 3144 1686 et
3181 1628 3246 1684 Ν.
3276 1624 3495 1684 confes-

1898 1733 2143 1790 sionibus
2182 1729 2430 1802 gloriosis
2448 1726 2757 1784 circumdas
2780 1733 2837 1780 et
2863 1721 3126 1794 protegis,
3151 1721 3218 1775 da
3251 1719 3408 1774 nobis
3437 1718 3494 1772 in

1820 1835 1869 1897 Β
1897 1840 2086 1880 eorum
2111 1822 2411 1877 imitatione
2429 1819 2716 1890 proﬁcere,
2739 1825 2796 1873 et
2817 1814 3203 1874 intercessione
3227 1811 3488 1883 gaudere.

1896 1915 2000 1972 Per
2025 1913 2332 1972 Dominum
2342 1920 2612 1968 nostrum.

2482 2022 2653 2094 Super
2682 2020 2896 2078 Oblata.
2922 2068 2932 2074 .

1966 2117 2215 2188 Suscipe,
2257 2116 2500 2180 Domine,
2534 2129 2724 2185 preces
2754 2123 2811 2168 et
2849 2123 3251 2179 munera,,.quae
3291 2115 3352 2162 ut
3395 2113 3488 2164 tuo

1895 2209 2005 2266 sint
2033 2210 2193 2280 digna
2237 2206 2923 2278 conspectui,.sanctorum
2969 2210 3188 2258 tuorum
3235 2198 3488 2271 precibus

1895 2300 2234 2372 adjuvemur.
2262 2299 2370 2356 Per
2400 2297 2708 2355 Dominum.

2388 2411 2517 2466 Post
2556 2409 3008 2465 Communionem.

1967 2504 2230 2576 Corporis
2258 2503 2400 2559 sacri
2447 2510 2503 2557 et
2546 2499 2769 2570 pretiosi
2809 2496 3089 2568 sanguinis
3126 2494 3312 2565 repleti
3357 2492 3490 2547 liba-
3533 2494 3535 2497 ’

1896 2601 2063 2664 mine,
2092 2611 2422 2668 quaesumus,
2452 2593 2676 2648 Domine
2706 2592 2847 2646 Deus
2876 2599 3080 2655 noster,
3124 2599 3184 2642 ut
3215 2587 3359 2657 quod
3399 2586 3488 2656 pia

1899 2691 2185 2746 devotione
2237 2687 2512 2758 gerimus,
2566 2694 2717 2740 certa
2767 2681 3138 2753 redemptione
3187 2679 3485 2749 capiamus.

1899 2781 2024 2835 Per.

2443 2864 2641 2938 [Super
2677 2862 2948 2935 populum.

1969 2959 2167 3027 Tuere,
2215 2973 2544 3030 quaesumus,
2608 2956 2876 3020 Domine,
2916 2953 3170 3025 populum
3216 2963 3389 3014 tuum,
3437 2959 3522 3004 et:

1901 3049 2131 3123 mystica
2155 3049 2360 3120 jugiter
2403 3044 2815 3118 participatione
2844 3051 3183 3106 renovatum,
3227 3049 3282 3095 et
3321 3042 3492 3094 conti—

1900 3155 2006 3195 nua
2047 3123 2360 3194 sanctorum
2408 3136 2782 3194 confessorum
2855 3133 3247 3205 supplicatione
3315 3141 3492 3203 prole:

1901 3240 2069 3288 ctum.
2091 3229 2196 3285 Per
2221 3228 2524 3285 Dominum.

2499 3319 2580 3374 Ad
2625 3316 2894 3391 Vesperos.

1973 3412 2300 3469 Sanctorum
2349 3409 2723 3465 confessorum
2781 3418 2998 3463 tuorum
3040 3423 3175 3474 nos,
3241 3406 3490 3471 Domine,

1902 3518 2230 3574 quaesumus,
2273 3500 2454 3556 foveat
2498 3500 2735 3570 pretiosa
2777 3497 3071 3566 confessio,
3097 3508 3152 3554 et
3178 3499 3266 3568 pia
3290 3495 3493 3566 jugiter

1902 3591 2222 3647 intercessio
2249 3599 2482 3646 tueatur.
2515 3589 2621 3644 Per
2652 3587 2987 3658 Dominum]
3071 3654 3086 3668 .

2624 3701 2755 3756 Llll.

2312 3812 2364 3852 IN
2398 3812 2607 3852 NATALE
2635 3810 2790 3854 UNIUS
2821 3809 3076 3855 "lBGJNISQ

1975 3891 2142 3954 Deus,
2177 3889 2270 3959 qui
2321 3889 2462 3944 inter
2505 3895 2722 3954 caetera,
2771 3894 2906 3952 etc.,
2955 3894 3012 3939 ut
3048 3901 3208 3956 supra
3252 3883 3307 3938 in
3361 3883 3491 3954 festo

1903 3993 2099 4038 sanctce
2127 3982 2366 4053 Agathaz.

2630 4070 2748 4123 Alta

1969 4163 2358 4234 Indulgentiam
2386 4162 2563 4229 nobis,
2595 4162 2840 4226 Domine,
2869 4158 2932 4214 Β.
2959 4159 3024 4214 Ν.
3071 4166 3282 4232 martyr
3306 4157 3490 4230 implo-

1904 4263 2005 4320 ret,
2031 4269 2151 4326 qua:
2186 4254 2280 4310 tibi
2304 4261 2458 4325 grata
2487 4268 2703 4324 semper
2723 4252 2935 4308 exstitit
2961 4259 3016 4306 et
3041 4250 3236 4308 merito
3260 4250 3487 4306 castita-

1902 4349 1972 4404 tis
2000 4358 2057 4403 et
2105 4356 2212 4404 tua:
2241 4345 2580 4419 professione
2608 4345 2845 4400 virtutis.
2887 4343 3011 4398 Per.

2573 4461 2808 4517 Secreta.

1831 4553 1877 4612 D
1969 4554 2196 4625 Suscipe
2223 4569 2469 4618 munera,
2494 4551 2743 4616 Domine,
2768 4564 2895 4620 [quae
2917 4549 2971 4604 in
2995 4549 3174 4605 beata:
3193 4546 3257 4601 N.
3287 4557 3491 4617 marty-

1907 4645 1985 4700 ris
2033 4653 2136 4700 tuac
2183 4643 2527 4700 solemnitate
2577 4639 2898 4706 deferimus,
2952 4639 3110 4708 cujus
3157 4652 3258 4693 nos
3293 4636 3493 4692 scimus

1906 4736 2213 4807 patrocinio
2241 4734 2478 4790 liberari.
2514 4732 2640 4788 Per.

2400 4843 2546 4900 Post.
2561 4842 3013 4900 Commum'onem.

1980 4938 2321 4995 Auxilientur
2367 4937 2542 5001 nobis,
2570 4935 2818 5000 Domine,
2869 4942 3082 5005 sumpta
3112 4933 3388 5005 mysteria,
3445 4943 3499 4984 et

1906 5030 2272 5086 intercedente
2299 5027 2454 5083 beata
2495 5025 2559 5080 N.
2592 5034 2834 5096 martyre
2862 5034 2976 5090 tua,
3003 5025 3330 5096 sempiterna
3368 5038 3497 5092 pro-

1905 5125 2141 5181 tectione
2169 5121 2513 5178 conﬁrment.
2551 5120 2656 5176 Per
2684 5119 2994 5176 Dominum.

2439 5233 2630 5308 [Super
2668 5231 2938 5304 populum.

1975 5330 2132 5385 Adsit
2175 5326 2320 5399 plebi
2349 5335 2474 5389 tuas,
2503 5324 2844 5394 omnipotens
2875 5324 3036 5388 Deus,
3063 5321 3234 5384 beatae
3267 5319 3492 5390 virginis

1907 5431 2010 5477 tua:
2051 5417 2113 5473 N.
2150 5417 2490 5488 supplicatio,
2540 5424 2600 5470 ut
2655 5414 2809 5483 cuius
2866 5414 3162 5470 honoribus
3209 5412 3500 5484 gloriatur,

1903 5518 2219 5584 protegatur
2251 5507 2478 5563 auxilio.
2512 5505 2618 5561 Per
2650 5505 2961 5584 Dominum.

2495 5620 2578 5675 Ad
2618 5617 2891 5690 Vesperos.

1979 5716 2334 5786 Omnipotens
2357 5711 2684 5783 sempiterno
2711 5710 3314 5778 Deus,misericordiam
3345 5717 3488 5763 tuam

1906 5809 2130 5872 ostende
2158 5803 2508 5879 supplicibus,
2542 5813 2598 5860 ut
2630 5805 2720 5877 qui
2751 5805 2815 5862 de
2845 5806 3162 5865 meritorum
3184 5810 3491 5860 nostrorum
