3954 6342
511 372 614 430 819

1516 371 1845 430 GRIMALDI
1885 370 2401 430 SANGALLENSIS
2437 370 2726 428 ABBATIS

3676 370 3781 429 820

489 482 748 554 qualitate
792 480 1099 548 diffidimus,
1152 482 1519 540 intercedente
1561 484 1719 540 beata
1748 483 1813 540 N.
1858 484 2065 556 virgine
2091 490 2143 551 Α
2173 484 2518 556 gniﬁcantia,
2566 484 2762 556 quibus
2810 483 3011 540 famula
3034 491 3125 540 tua
3155 484 3222 540 N.
3255 494 3447 543 sancto
3490 486 3777 563 visibilite,

489 583 602 641 tua,
634 590 742 631 non
784 574 1047 645 judicium
1096 582 1267 641 tuum,
1307 576 1401 633 sed
1447 575 1834 646 indulgentiam
1864 576 2067 632 sentia-

488 680 633 723 mus.
667 666 774 723 Per
802 665 1135 739 Dominum.)

1212 779 1348 836 LIV.

758 887 828 925 ΔΙ)
854 886 1120 927 ΡΟΞΟΕΝΒΔ
1144 888 1432 929 δυΗ-ἬΔϐΙᾹ
1460 890 1776 931 SANCTORUI

548 961 817 1030 Concede,
850 980 1184 1036 quaesumus,
1224 969 1567 1039 omnipotens
1600 971 1763 1036 Deus,
1799 978 1862 1025 ut
1894 971 2067 1026 inter-

482 1054 661 1112 cessio
687 1070 788 1113 nos
819 1067 1022 1113 sanetae
1046 1058 1140 1114 Dei
1168 1061 1446 1128 genitricis
1479 1061 1694 1127 Mariae,
1736 1071 2047 1117 sanctorum

478 1162 588 1215 que
613 1149 854 1203 omnium
902 1151 1291 1221 apostolorum,
1338 1162 1392 1207 et
1438 1153 1833 1219 confessorum,
1868 1161 1923 1209 et
1951 1169 2058 1209 om-

479 1242 633 1296 nium
670 1242 969 1299 electorum
1021 1254 1235 1299 tuorum
1287 1245 1485 1314 ubique
1534 1245 1794 1311 lmtilicet,
1835 1253 1894 1300 ut
1939 1246 2066 1300 dum

481 1346 673 1390 eorum
700 1334 895 1391 merita
929 1335 1236 1403 recolimus,
1260 1336 1559 1407 patrocinia
1588 1338 1910 1393 sentiamus.
1939 1337 2065 1392 Per.

1155 1445 1389 1504 Secreta.

549 1533 779 1602 Oblatis,
812 1537 1057 1605 Domine,
1112 1535 1331 1607 placare
1384 1537 1722 1605 muneribus,
1748 1544 1805 1591 et
1832 1536 2065 1591 interce-

478 1626 730 1684 dentibus
755 1629 1007 1685 omnibus
1026 1630 1230 1687 sanctis
1260 1629 1388 1698 tuis,
1417 1645 1449 1685 a
1474 1631 1684 1687 cunctis
1711 1644 1810 1686 nos
1838 1627 2068 1686 defende

476 1719 748 1790 periculis.
780 1720 887 1777 Per
921 1722 1226 1778 Dominum.

960 1834 1091 1891 Post
1124 1834 1575 1892 Commtmionem.

547 1923 914 1997 Sumpsimus,
938 1928 1188 1996 Domine,
1218 1939 1529 1985 sanctorum
1563 1937 1776 1985 tuorum
1803 1928 2064 1987 solemnia

477 2013 838 2082 celebrantes,
889 2028 1231 2075 sacramenta
1278 2020 1552 2088 coelestia;
1599 2027 1824 2090 praesta,
1856 2034 2067 2089 quaesu-

475 2121 626 2175 mus,
655 2116 715 2164 ut
740 2110 885 2180 quod
912 2110 1285 2180 temporaliter
1314 2112 1570 2182 gerimus,
1598 2110 1818 2167 aeternis
1858 2110 2066 2182 gaudiis

472 2208 894 2272 consequamur.
932 2200 1037 2257 Per
1062 2201 1371 2258 Dominum.

1214 2319 1325 2376 LV.

913 2424 984 2465 ΑΒ
1009 2425 1272 2468 ειειιιουιι
1302 2425 1626 2468 FACIENDUI.

1162 2522 1371 2580 Oratio.

542 2624 571 2654 ι
597 2611 849 2679 Oremus,
880 2614 1214 2672 dilectissimi
1250 2614 1469 2682 fratres,
1498 2617 1787 2672 Dominum
1814 2623 2060 2672 nostrum

466 2697 653 2759 Jesum
680 2702 957 2760 Christum
985 2720 1086 2776 pro
1124 2706 1229 2763 hoc
1256 2705 1460 2762 famulo
1489 2722 1589 2762 suo
1632 2705 1723 2779 Ν.)
1755 2706 1844 2776 qui
1872 2706 1938 2760 ad
1967 2705 2061 2760 de-

464 2794 775 2866 ponendam
799 2810 1012 2855 comam
1039 2798 1232 2869 capitis
1269 2798 1374 2865 sui,
1410 2812 1509 2869 pro
1534 2796 1655 2868 ejus
1693 2811 1879 2851 amore
1908 2795 2058 2851 festi-

464 2896 587 2956 nat,
612 2895 674 2943 ut
700 2889 864 2945 donet
887 2888 937 2945 ai
968 2888 1230 2961 Spiritum
1262 2898 1527 2953 sanctum,
1558 2888 1652 2960 qui
1678 2888 1924 2944 habitum
1972 2903 2059 2943 re-

462 2975 685 3049 ligionis
724 2978 781 3034 in
812 2994 877 3036 eo
905 2989 1224 3052 perpetuum
1254 2990 1559 3048 conservet,
1585 2990 1642 3037 et
1670 2996 1703 3035 a
1731 2979 1916 3034 mundi
1955 2980 2056 3034 im-

462 3067 779 3138 pedimento
804 3069 888 3126 vel
924 3070 1170 3127 saeculari
1202 3070 1473 3128 desiderio
1505 3086 1603 3127 cor
1636 3068 1754 3139 ejus
1778 3069 2051 3136 defendat,

463 3168 529 3215 ut
552 3157 698 3215 sicut
724 3159 1043 3217 immutatur
1071 3161 1128 3217 in
1153 3160 1324 3229 vultu,
1362 3161 1438 3217 ita
1466 3176 1661 3218 manus
1689 3161 1911 3216 dextera
1936 3158 2054 3229 ejus

463 3252 518 3308 ei
546 3253 761 3310 virtutis
808 3255 1013 3311 tribuat
1048 3255 1405 3323 incrementa,
1449 3263 1505 3311 et
1529 3257 1597 3312 ab
1625 3256 1774 3311 omni
1808 3255 2050 3310 cazcitate

459 3341 703 3399 humana
729 3344 914 3401 oculos
961 3343 1080 3415 ejus
1127 3345 1353 3417 aperiat,
1400 3353 1455 3400 et
1502 3346 1683 3402 lumen
1733 3344 1786 3401 ei
1834 3354 2049 3401 aeternae

462 3436 651 3509 gratia:
679 3439 962 3497 concedat.
988 3438 1093 3509 Qui
1120 3439 1253 3496 vivit
1279 3448 1333 3497 et
1359 3448 1567 3512 regnat.

1105 3552 1242 3609 Item
1269 3552 1398 3610 alia.

530 3645 752 3713 Adesto,
780 3645 1024 3711 Doinine,
1053 3648 1535 3731 supplicationibus
1556 3649 1777 3707 nostris.
1808 3657 1865 3707 et
1899 3650 2046 3707 hunc

457 3733 720 3792 famulum
754 3745 906 3793 tuum
956 3737 1020 3793 N.
1053 3739 1374 3796 benedicere
1428 3740 1674 3812 dignare,
1718 3741 1806 3797 cui
1844 3741 1898 3797 in
1951 3751 2046 3798 tuo

456 3832 651 3882 sancto
674 3827 897 3884 nomine
922 3828 1166 3885 habitum
1194 3844 1363 3886 sacrae
1393 3829 1667 3902 religionis
1693 3832 2040 3903 imponimus,

452 3922 538 3981 ut,
569 3922 622 3971 te
641 3913 925 3988 largiente,
952 3925 1009 3975 et
1029 3918 1254 3976 devotus
1284 3921 1339 3976 in
1377 3921 1620 3977 Ecclesia
1647 3923 1959 3992 persistere,
1988 3932 2045 3980 et
2121 3927 2127 3933 ’

454 4002 621 4060 vitam
646 4007 929 4078 percipere
956 4018 1230 4065 mereatur
1251 4019 1532 4067 aeternam.
1561 4012 1685 4068 Per.

880 4118 1019 4175 Dum
1057 4122 1231 4177 tendis
1271 4139 1409 4189 eum,
1441 4123 1572 4178 dicis
1595 4140 1615 4178 :

525 4207 668 4265 ΔΜ.
700 4208 781 4265 Tu
819 4225 901 4276 es,
950 4211 1199 4277 Domine,
1248 4213 1342 4284 qui
1387 4214 1641 4270 restitues
1669 4215 2040 4273 htereditatem

450 4314 652 4356 meam.
710 4299 774 4354 γ.
834 4300 1095 4358 Dominus
1144 4317 1273 4372 pars
1322 4304 1655 4361 haereditatis
1710 4322 1864 4364 mere.
1921 4308 2035 4365 Et:

447 4388 630 4447 Gloria
663 4391 831 4448 Patri.
870 4392 1010 4449 Aur.
1062 4393 1189 4451 Haec
1217 4404 1303 4451 est
1354 4398 1648 4468 generatio.
1704 4398 1772 4454 Et
1802 4415 1817 4454 :
1850 4399 2036 4456 Gloria

444 4480 616 4539 Patri.

910 4578 1095 4634 Oratio
1120 4587 1233 4647 post
1261 4579 1569 4634 tonsionem.

514 4665 740 4733 Praesta,
768 4684 1096 4739 quaesumus,
1123 4670 1466 4741 omnipotens
1501 4671 1642 4727 Deus
1672 4672 1797 4729 huic
1823 4672 2026 4730 famulo

441 4764 537 4812 tuo
571 4756 635 4812 N.
670 4758 823 4828 cujus
852 4759 1011 4815 hodie
1053 4761 1247 4831 capitis
1276 4776 1488 4817 comam
1513 4778 1613 4832 pro
1635 4763 1817 4820 divino
1838 4782 2028 4822 amore

440 4846 806 4918 deposuimus,
840 4857 900 4904 ut
928 4850 981 4904 in
1012 4857 1102 4905 tua
1157 4850 1444 4910 dilectione
1473 4861 1732 4925 perpetua
1786 4864 2023 4923 maneat,

439 4943 496 4992 et
521 4950 643 4993 eum
680 4939 798 4995 sine
823 4938 1036 4994 macula
1063 4939 1119 4994 in
1156 4943 1551 5013 sempiternum
1580 4944 1871 5001 custodias.
1895 4945 2018 5001 Per.

1166 5051 1299 5108 LVI.

616 5153 935 5196 BENEDICTIO
963 5156 1192 5199 νεετιωι
1237 5159 1474 5201 VIRGINIS
1501 5161 1601 5200 νει.
1643 5162 1841 5202 γιῡυιις.

508 5228 674 5295 Deus,
727 5230 819 5300 qui
846 5232 1225 5289 vestimentum
1257 5234 1495 5290 salutare
1539 5245 1595 5291 et
1643 5237 2022 5293 indumentum

438 5330 657 5377 aeternae
685 5320 1039 5393 jucunditatis
1091 5327 1199 5381 tuis
1246 5327 1497 5383 fidelibus
1552 5329 1869 5398 promisisti,
1906 5329 2020 5386 cle-

437 5413 694 5469 mentiam
726 5423 871 5470 tuam
915 5416 1227 5489 suppliciter
1274 5434 1586 5486 exoramus,
1631 5428 1692 5475 ut
1715 5420 1831 5476 hate
1859 5420 2018 5477 indu-

435 5514 619 5562 menta
647 5507 1210 5577 humilitatemcordis
1234 5519 1289 5567 et
1333 5519 1699 5584 contemptum
1729 5512 1915 5569 mundi
1939 5512 2017 5569 si-

506 5673 567 5787 δὲ
588 5658 740 5787 Igne
801 5665 1103 5722 orationem
1157 5666 1325 5723 babes
1375 5668 1429 5723 in
1498 5666 1699 5725 Ordine
1753 5668 2017 5738 Romano,

506 5747 535 5787 α
674 5772 687 5785 .

472 5748 567 5787 aae
600 5748 687 5787 δυ.

472 5748 498 5787 a
538 5747 567 5787 e
600 5747 687 5787 δυ.

432 5747 468 5805 p
505 5747 537 5847 ἓ
576 5802 1016 5865 Benedictionem
1058 5807 1299 5884 hanclct
1346 5809 1813 5869 consecrationem
1836 5810 2019 5868 videre

2092 1849 2142 1909 B

2175 586 2260 633 est
2306 576 2647 632 informanda
2694 577 2993 648 proposito,
3048 579 3318 651 propitius
3363 579 3685 648 benedicas,
3718 589 3774 639 et

2175 668 2351 725 beata:
2372 668 2639 725 castitatis
2651 669 2921 737 habitum,
2945 684 3130 747 quem,
3162 679 3217 725 te
3238 670 3568 741 inspirante,
3591 686 3773 729 susce-

2176 760 2341 830 perit,
2375 768 2428 815 te
2476 768 2812 831 protegente,
2852 760 3144 818 custodiat.
3192 759 3300 817 Per
3347 762 3649 819 Dominum
3684 781 3777 821 no-

2174 859 2346 907 strum
2367 850 2552 907 Jesum
2581 851 2875 907 Christum.

2914 964 3056 1019 Alia.

2246 1053 2407 1121 Deus,
2454 1055 2722 1112 bonorum
2746 1065 3005 1113 virtutum
3044 1058 3223 1124 dator,
3251 1065 3309 1113 et
3334 1058 3582 1114 omnium
3612 1058 3777 1117 bene-

2172 1146 2471 1203 dictionum
2501 1148 2686 1220 largus
2716 1148 2945 1216 infusor,
2975 1148 3172 1204 exaudi
3212 1164 3408 1221 preces
3449 1159 3700 1218 nostras,
3721 1159 3776 1205 et

2173 1242 2315 1297 hanc
2344 1251 2550 1298 vestem
2575 1258 2737 1313 quam
2765 1241 2969 1297 famula
3011 1251 3104 1297 tua
3131 1241 3198 1296 N.
3241 1257 3344 1313 pro
3388 1243 3777 1299 conservando

2172 1332 2443 1388 castitatis
2470 1332 2625 1404 signo
2666 1347 2724 1389 se
2757 1334 2828 1388 ad
2871 1333 3221 1405 operiendam
3250 1332 3522 1403 exposcit,
3551 1332 3776 1389 benedi-

2172 1434 2297 1477 cere
2316 1428 2370 1476 et
2392 1422 2733 1479 sanetilicare
2758 1422 3014 1493 digneris.

2315 1512 2345 1554 ι)
2370 1529 2689 1570 ssnanrcrro
2705 1508 2962 1581 viminis,
2994 1531 3061 1571 ΑΒ
3089 1530 3341 1571 εριεεορο
3368 1531 3629 1571 orenam.

2242 1603 2491 1675 Respice,
2525 1604 2749 1662 Domine
2789 1606 3056 1677 propitius
3097 1623 3263 1679 super
3311 1608 3454 1663 banc
3510 1607 3770 1665 famulam

2174 1705 2320 1751 tuam
2347 1695 2411 1751 N.
2463 1705 2523 1752 ut
2550 1709 2750 1753 sancta:
2777 1699 3103 1770 virginitatis
3129 1700 3492 1771 propositum,
3524 1702 3673 1771 quod
3718 1709 3772 1758 te

2172 1786 2475 1857 inspirante
2502 1787 2756 1858 suscepit,
2790 1796 2842 1844 te
2868 1789 3209 1861 gubernante
3236 1790 3534 1846 custodiat.
3566 1789 3696 1847 Per.

2785 1897 3148 1955 Conseoratio.

2238 2014 2399 2077 Deus,
2446 2022 2719 2070 castorum
2751 2030 3040 2086 corporum
3090 2014 3357 2088 benignus
3402 2017 3764 2084 inhabitator,

2165 2115 2222 2160 et
2251 2106 2685 2175 ineorruptarum
2717 2114 2931 2162 amator
2969 2106 3296 2172 animarum,
3339 2101 3559 2179 respice
3603 2125 3768 2180 super

2164 2196 2305 2254 hanc
2330 2193 2588 2251 famulam
2622 2204 2771 2251 tuam
2808 2196 2874 2250 N.
2928 2211 3047 2267 qum
3084 2196 3181 2251 tibi
3228 2197 3575 2252 devotionem
3609 2212 3763 2253 suam

2163 2286 2341 2354 offert,
2380 2302 2411 2343 a
2435 2303 2543 2358 quo
2571 2296 2627 2343 et
2655 2289 2771 2359 ipsa
2822 2287 2964 2343 idem
3009 2296 3195 2344 votum
3235 2289 3557 2360 assumpsit.
3596 2287 3686 2345 Sit
3711 2290 3763 2346 in

2163 2398 2250 2451 ea,
2278 2383 2526 2451 Domine,
2553 2399 2653 2455 per
2673 2384 2873 2441 donum
2904 2378 3144 2456 Spiritus
3163 2384 3266 2451 tui,
3292 2384 3543 2455 prudens
3576 2384 3765 2439 mode.

2162 2474 2289 2542 stia,
2319 2474 2534 2545 sapiens
2558 2474 2886 2544 benignitas,
2911 2477 3094 2549 gravis
3120 2476 3340 2541 lenitas,
3390 2484 3550 2531 casta
3595 2475 3761 2532 liber-

2163 2574 2286 2633 tas;
2341 2564 2550 2621 ferveat
2586 2566 2640 2621 in
2671 2566 2960 2632 cbaritate,
2989 2575 3045 2623 et
3076 2566 3212 2621 nihil
3244 2575 3402 2622 extra
3448 2575 3508 2622 te
3549 2566 3762 2639 diligat,

2161 2655 2615 2728 laudabiliterque
2644 2657 2810 2723 vivat,
2859 2665 2916 2712 et
2960 2656 3171 2713 laudari
3228 2672 3338 2712 nou
3387 2663 3661 2728 appetat:
3708 2666 3760 2713 te

2161 2747 2365 2817 timeat,
2394 2750 2488 2804 tibi
2522 2764 2707 2806 amore
2731 2749 2957 2817 serviat,
2987 2758 3044 2806 tu
3078 2750 3129 2805 ei
3160 2750 3355 2816 honor,
3386 2760 3444 2806 tu
3471 2751 3757 2823 gaudium,

2162 2848 2215 2895 tu
2244 2841 2297 2895 in
2321 2856 2558 2897 maerore
2587 2840 2861 2908 solatium,
2894 2850 2951 2897 tu
2980 2843 3035 2898 in
3062 2841 3418 2913 ambiguitate
3441 2842 3757 2908 consilium,

2160 2940 2216 2987 tu
2248 2932 2300 2986 in
2352 2932 2547 3002 injuria
2575 2930 2843 3000 defensio,
2886 2933 2942 2988 in
2990 2933 3340 2989 tribulatione
3372 2932 3674 3004 patientia,
3704 2934 3757 2989 in

2158 3031 2475 3093 paupertate
2502 3023 2860 3091 abundantia,
2888 3024 2944 3079 in
2972 3022 3181 3095 jejunio
3207 3024 3381 3089 cibus,
3423 3023 3478 3078 in
3518 3022 3756 3078 inﬁmi-

2159 3122 2270 3169 tate
2292 3114 2371 3170 sis
2390 3114 2677 3170 medicina.
2706 3114 2811 3171 Per
2832 3122 2910 3182 te,
2949 3130 3109 3187 quem
3128 3115 3352 3185 diligere
3378 3129 3551 3185 super
3572 3121 3757 3169 omni.

2079 3208 2127 3273 C
2157 3206 2381 3278 appetit,
2432 3206 2577 3277 quod
2601 3214 2685 3263 est
2732 3206 3000 3278 professa,
3031 3206 3322 3271 custodiat,
3353 3213 3417 3260 ut
3444 3214 3503 3261 et
3541 3205 3756 3260 hostem

2154 3300 2437 3371 antiquum
2464 3299 2735 3365 devincat,
2763 3309 2821 3356 et
2846 3299 3101 3355 vitiorum
3128 3297 3431 3369 squallores
3457 3304 3753 3367 expurget.

2153 3393 2430 3461 Quatenus
2479 3392 2761 3450 centesimi
2807 3391 3019 3448 fructus
3063 3392 3205 3448 dono
3228 3389 3567 3466 virginitatis
3594 3388 3755 3445 deco-

2153 3485 2287 3551 rari,
2328 3485 2702 3556 virtutumque
2748 3484 3086 3554 lampadibus
3129 3482 3401 3548 exornari,
3451 3489 3512 3537 et
3548 3481 3604 3536 in
3636 3480 3752 3535 ele-

2150 3586 2360 3633 ctarum
2391 3584 2612 3632 tuarum
2662 3576 2933 3647 virginum
2986 3575 3320 3631 consortium
3377 3582 3432 3629 te
3482 3573 3751 3639 donante,

2146 3675 2422 3723 mereatur
2447 3667 2610 3723 uniri.
2649 3665 2772 3722 Per.

2634 3790 2666 3817 ο
2862 3775 3018 3831 LVII.

2568 3860 2571 3863 ’
2640 3884 2959 3926 nessmcno
2989 3884 3234 3925 ALTARIS.

2215 3984 2582 4055 Deprecamur
2644 3982 3071 4038 miscricordiam
3128 3991 3276 4037 tuam
3320 4021 3337 4047 ,
3387 3980 3742 4051 omnipotens

2050 4120 2059 4139 λ.
2142 4086 2344 4132 aeterne
2396 4075 2557 4139 Deus,
2616 4081 2677 4128 ut
2722 4074 2826 4128 hoc
2866 4072 3037 4127 altare
3071 4070 3354 4127 sacriﬁciis
3397 4069 3741 4140 spiritalibus

2046 4148 2055 4153 Δ
2142 4166 2595 4230 consecrandum,
2620 4164 2772 4220 vocis
2796 4172 2995 4220 nostra:
3022 4162 3331 4219 exorandus
3355 4162 3555 4225 cilicio,
3587 4176 3739 4232 prte-

2142 4257 2284 4313 senti
2304 4254 2680 4323 benedictione
2706 4252 3033 4319 sanctilices,
3060 4260 3119 4306 ut
3146 4253 3201 4307 in
3230 4268 3297 4307 eo
3327 4267 3543 4321 semper
3574 4251 3738 4305 oblao

2142 4351 2317 4406 tiones
2346 4348 2666 4404 famulorum
2691 4357 2908 4403 tuorum
2944 4348 3124 4404 studio
3157 4361 3267 4402 suae
3293 4345 3596 4401 devotionis
3622 4344 3735 4399 im-

2139 4444 2363 4514 positas,
2410 4442 2732 4499 benedicere
2757 4450 2810 4497 et
2854 4441 3197 4496 sanctificarc
3245 4438 3506 4507 digneris,
3535 4445 3591 4491 et
3618 4437 3735 4506 spi-

2142 4536 2283 4591 ritali
2307 4534 2552 4605 placatus
2580 4533 2820 4599 incenso,
2866 4533 3113 4605 precanti
3145 4530 3362 4613 familia:
3403 4538 3507 4585 tua:
3544 4544 3735 4598 prom-

2139 4637 2263 4699 ptus
2282 4626 2569 4682 exauditor
2597 4626 2839 4683 assistas.
2875 4624 3003 4682 Per.

2842 4760 3019 4817 LVIII.

2605 4871 2969 4914 CONSECRATIO
2999 4869 3250 4911 ALTARIS.

2197 4970 2343 5027 Deus
2366 4968 2734 5040 omnipotens,
2762 4968 2817 5023 in
2845 4966 3000 5038 cujus
3026 4968 3236 5024 honore
3275 4965 3381 5022 hoc
3408 4965 3582 5021 altare
3616 4965 3723 5023 sub

2129 5064 2472 5122 invocatione
2526 5063 2601 5118 tui
2647 5062 2884 5119 nominis
2938 5074 3340 5123 consecramus,
3372 5057 3612 5113 clemens
3662 5064 3724 5112 et

2127 5156 2392 5228 propitius
2419 5169 2609 5227 preces
2634 5165 2834 5211 nostrae
2862 5154 3188 5210 humilitatis
3223 5145 3420 5207 exaudi
3485 5159 3541 5206 et
3578 5164 3718 5221 pra:-

2127 5255 2235 5312 sta,
2256 5255 2319 5302 ut
2341 5247 2397 5301 in
2421 5247 2524 5301 hac
2553 5261 2739 5301 mensa
2766 5246 2876 5302 sint
2904 5246 3002 5301 tibi
3049 5244 3303 5301 libamina
3330 5251 3579 5314 accepta,
3604 5241 3715 5297 sint

2125 5346 2301 5410 grata,
2346 5340 2455 5394 sint
2493 5337 2735 5409 pinguia,
2790 5344 2846 5393 et
2896 5336 3129 5408 Spiritus
3170 5335 3345 5392 sancti
3391 5334 3470 5389 tui
3498 5347 3714 5405 semper

2127 5443 2251 5485 rore
2292 5428 2529 5500 perfusa,
2568 5438 2628 5483 ut
2665 5429 2813 5483 omni
2844 5437 3085 5500 tempore
3132 5428 3188 5482 in
3233 5427 3338 5482 hoc
3363 5423 3485 5481 loco
3507 5423 3709 5496 suppli-

2128 5521 2304 5576 cantis
2349 5519 2565 5575 familia:
2596 5528 2701 5575 tute
2726 5521 3028 5576 anxietates
3083 5519 3310 5587 releves,
3360 5517 3708 5590 aegritudines

2126 5684 2209 5732 est
2230 5677 2389 5751 etiam
2416 5676 2469 5751 in
2501 5677 2691 5734 ordine
2716 5677 2981 5747 Romano,
3015 5693 3138 5751 pag.
3170 5678 3295 5748 142,
3320 5677 3591 5751 quomodo
3616 5691 3700 5735 scr

2124 5748 2340 5819 quentia
2378 5746 2655 5820 pleraque.
2968 5746 2973 5747 ί
3015 5746 3045 5779 -,
