3954 6342
186 411 296 468 821

1375 400 1580 456 LIBER
1618 396 2267 456 SACRAMENTORUM.

3363 393 3470 450 822

183 541 377 592 cures,
404 537 596 596 preces
643 519 922 587 exaudias,
955 526 1081 576 vota
1130 517 1419 588 suscipias,
1467 512 1774 570 desiderata
1799 511 1854 572 Α
1877 513 2088 579 bratur,
2123 511 2219 567 tibi
2245 511 2492 574 collecta,
2524 518 2575 564 te
2622 508 2833 570 timeat,
2861 515 2914 562 te
2940 505 3143 576 diligat,
3185 512 3240 560 te
3270 517 3472 573 sequa-

184 618 508 682 couﬁrmes,
539 611 808 686 postulata
839 610 1126 667 concedas.
1159 608 1264 665 Per
1286 605 1594 663 Dominum.

925 722 1059 779 LIX.

587 833 656 874 AD
690 829 1104 873 CONSECRANDAI
1134 825 1400 867 PATENAM.

264 938 660 995 Consecramus
686 939 742 988 et
769 929 1174 986 sanctiﬁcamus
1227 925 1368 980 hanc
1396 929 1668 1004 patenum,
1705 916 1777 973 ad

185 1028 594 1087 conﬁciendum
625 1027 678 1080 in
711 1039 774 1080 ea
805 1036 1000 1092 corpus
1025 1017 1236 1075 Domini
1266 1017 1436 1072 nostri
1463 1012 1590 1068 Iesu
1616 1010 1780 1067 Chri-

186 1121 291 1188 sti,
325 1119 583 1191 patientis
609 1129 827 1172 crucem
851 1127 948 1185 pro
976 1111 1216 1168 omnium
1243 1115 1428 1163 nostra
1459 1104 1652 1161 salute.
1681 1100 1785 1170 Qui

184 1217 323 1267 'cum
352 1211 530 1266 Patre.

275 1323 480 1379 Deinde
509 1321 640 1392 facis
663 1320 868 1390 signum
895 1315 1065 1370 crucis
1095 1314 1159 1368 de
1179 1312 1292 1368 oleo
1315 1319 1494 1366 sancto
1522 1323 1678 1378 super
1697 1322 1792 1376 pa-

196 1425 398 1477 tenum,
429 1423 478 1468 et
503 1412 714 1467 benedic
740 1409 822 1464 his
866 1408 1075 1464 verbis:
1104 1405 1440 1462 Consecrare
1492 1409 1548 1456 et
1591 1398 1791 1454 sancti-

197 1510 372 1565 ﬁcare
419 1506 680 1579 digneris,
730 1503 980 1569 Domine,
1028 1509 1280 1572 patenam
1309 1499 1453 1554 hanc
1489 1511 1585 1568 per
1632 1495 1792 1550 istam

199 1600 542 1662 unctionem,
591 1605 648 1652 et
699 1604 942 1650 nostram
995 1593 1424 1649 benedictionem
1474 1590 1529 1644 in
1576 1586 1794 1643 Christo

195 1689 336 1749 Jesu
369 1690 599 1748 Domino
619 1698 822 1744 nostro.
865 1685 970 1753 Qui
993 1696 1189 1740 tecum.

953 1797 1068 1854 LX.

611 1908 679 1948 an
705 1906 932 1948 cauas!
960 1895 1390 1946 BENEDICENDUI.

273 2005 532 2078 Dignare,
563 2005 788 2061 Domine
823 2004 967 2060 Deus
1000 2010 1206 2067 noster,
1266 1999 1493 2057 calicem
1526 1997 1712 2060 istum,
1740 1995 1794 2050 in

195 2113 361 2153 usum
391 2097 677 2152 ministerii
703 2095 777 2150 tui
804 2095 888 2166 pia
917 2095 1202 2149 devotione
1226 2092 1542 2153 formatum,
1574 2104 1640 2144 ea
1671 2103 1796 2142 san-

201 2189 546 2245 ctiﬁcatione
570 2186 920 2257 perfundere,
950 2201 1054 2255 qua
1079 2180 1466 2239 Melchisedech
1506 2177 1692 2232 famuli
1723 2175 1797 2230 tui

199 2288 480 2335 sacratum
523 2277 744 2334 calicem
774 2276 1060 2348 perfudisti
1094 2293 1107 2329 :
1139 2282 1194 2330 et
1219 2273 1363 2345 quod
1405 2278 1524 2326 arte
1575 2267 1660 2324 vel
1686 2283 1799 2323 me-

204 2371 338 2428 tallo
374 2370 511 2426 eﬂici
564 2385 671 2425 non
720 2375 921 2438 potest,
969 2366 1230 2422 altaribus
1261 2364 1366 2420 tuis
1409 2358 1652 2432 dignum,
1706 2358 1799 2413 ﬁat

199 2469 298 2516 tua
353 2459 731 2517 benedictione
794 2458 1093 2529 pretiosum
1147 2465 1312 2527 atque
1361 2451 1796 2509 sanctiﬁcatum.

204 2553 338 2608 Per.

936 2639 1070 2695 LXI.

523 2748 721 2792 ORATIO
762 2751 816 2790 ΙΝ
860 2745 1220 2789 DEDICATIONB
1272 2742 1484 2785 PONTISo

277 2845 634 2917 Omnipotens
684 2846 1014 2916 sempiterne
1061 2844 1231 2909 Deus,
1275 2843 1380 2897 hoc
1422 2835 1814 2908 baptisterium-

204 2939 755 2997 cmlestivisitatione
794 2937 1120 3002 dedicatum,
1155 2934 1389 3006 Spiritus
1443 2931 1516 2986 tui
1569 2929 1804 2984 illustra-

207 3031 362 3085 tione
392 3029 691 3094 sanctiﬁca,
721 3039 782 3083 ut
834 3041 1186 3098 quoscunque
1243 3024 1363 3080 fons
1388 3023 1490 3078 iste
1531 3021 1806 3075 lavaturus

205 3127 320 3184 est,
351 3119 493 3173 trina
544 3118 818 3174 ablutioue
845 3117 1081 3189 purgati,
1110 3113 1501 3186 indulgentiam
1551 3111 1797 3167 omnium

208 3208 539 3266 delictorum
563 3216 656 3265 tuo
684 3223 908 3264 munere
937 3212 1358 3277 consequantur.
1385 3202 1512 3258 Per.

928 3319 1070 3376 Alia.

287 3412 606 3485 Multiplica,
633 3413 880 3480 Domine,
911 3412 1339 3470 benedictionem
1385 3418 1555 3476 tuam,
1583 3415 1639 3464 et
1683 3407 1805 3478 Spi-

209 3505 354 3560 ritus
387 3506 464 3560 tui
496 3520 719 3560 munere
746 3505 903 3559 ﬁdem
929 3513 1172 3560 nostram
1197 3502 1512 3566 corrobora,
1545 3509 1606 3554 ut
1632 3497 1723 3566 qui
1749 3497 1804 3551 in

209 3599 331 3649 haec
352 3592 548 3650 ﬂuenta
577 3593 976 3659 descenderint,
1026 3592 1080 3646 in
1125 3591 1266 3648 libro
1315 3590 1438 3644 vita:
1467 3587 1663 3643 ascribi
1693 3602 1807 3642 me-

211 3695 459 3742 reantur.
493 3686 599 3742 Per
624 3684 938 3740 Dominum.
1166 3677 1199 3704 ‘

937 3795 1097 3852 LXII.

326 3900 476 3941 MISSA
505 3901 560 3940 IN
588 3900 978 3942 ANNIVERSARIO
1019 3897 1392 3940 DEDICATIONIS
1425 3895 1701 3938 BASILICE.

286 3995 436 4050 Deus
464 3995 556 4065 qui
589 4010 688 4066 per
711 3995 952 4066 singulos
997 4009 1169 4050 annos
1210 3991 1372 4062 hujus
1421 3989 1597 4046 sancti
1628 3988 1808 4060 templi

216 4087 296 4144 tui
321 4086 748 4142 consecrationis
799 4101 1023 4157 reparas
1069 4085 1236 4150 diem,
1267 4092 1324 4139 et
1369 4082 1545 4138 sacris
1593 4094 1812 4150 semper

217 4178 497 4250 mysteriis
551 4186 912 4248 repraesentas
955 4177 1255 4233 incolumes
1298 4190 1313 4229 :
1368 4173 1566 4230 exaudi
1620 4186 1813 4244 preces

215 4266 402 4338 populi
430 4268 535 4333 tui,
568 4276 623 4323 et
643 4276 859 4338 praesta,
885 4277 947 4323 ut
966 4268 1214 4339 quisquis
1240 4268 1344 4322 hoc
1368 4264 1624 4335 templum
1651 4263 1814 4321 bene-

219 4357 343 4412 ﬁcia
367 4358 635 4428 petiturus
679 4358 1005 4430 ingreditur,
1032 4367 1230 4416 cuncta
1259 4372 1318 4414 se
1365 4357 1689 4427 impetrasse
1713 4353 1810 4409 lae-

220 4455 383 4503 tetur.
415 4447 538 4504 Per.

900 4538 1133 4596 Secreta.

293 4628 505 4696 Annue,
550 4644 880 4700 quaesumus,
926 4629 1168 4692 Domine,
1219 4627 1470 4698 precibus
1503 4626 1724 4691 nostris,
1750 4633 1813 4679 ut
1837 4605 1892 4666 Ῑ)

221 4718 532 4790 quicunque
561 4720 701 4774 intra
751 4718 933 4789 templi
968 4717 1150 4788 hujus,
1182 4718 1336 4787 cujus
1375 4715 1812 4771 anniversarium

222 4809 590 4866 Dedicationis
614 4813 752 4867 diem
783 4811 1138 4876 celebramus.
1165 4809 1424 4865 ambitum
1447 4809 1812 4872 continemur,

222 4901 384 4972 plena
412 4903 506 4958 tibi
541 4913 702 4973 atque
752 4901 992 4973 perfecta
1042 4901 1286 4970 corporis
1332 4911 1386 4955 et
1411 4901 1605 4954 animae
1648 4899 1813 4953 devo-

225 4993 374 5048 tione
410 4994 743 5064 placeamus,
787 5003 848 5049 ut
887 4995 1017 5050 dum
1055 4994 1170 5048 haec
1206 4992 1495 5063 praesentia
1525 4999 1650 5046 vota
1685 4989 1810 5044 red-

227 5085 430 5150 dimus,
458 5087 525 5142 ad
561 5095 765 5142 aeterna
791 5085 1036 5156 praemia,
1071 5094 1122 5140 te
1150 5085 1460 5156 adjuvaute,
1486 5082 1671 5139 venire
1701 5095 1816 5137 me-

188 5224 198 5256 ,
226 5190 469 5231 reamur.
494 5176 600 5232 Per
621 5177 930 5232 Dominum.

195 5263 204 5284 I

765 5286 845 5341 Ad
890 5285 1285 5358 Complendum.

194 5385 202 5407 τ
301 5375 468 5442 Deus,
499 5376 589 5446 qui
619 5376 915 5431 Ecclesiam
944 5384 1090 5430 tuam
1119 5390 1371 5445 sponsam
1398 5388 1595 5428 vocare
1625 5373 1818 5444 digna-

224 5473 318 5520 tus
351 5480 434 5530 es,
465 5474 526 5519 ut
566 5482 685 5536 quae
732 5468 957 5522 haberet
1007 5466 1235 5538 gratiam
1280 5479 1378 5536 per
1414 5465 1537 5521 ﬁdei
1581 5465 1820 5520 devotio-

227 5571 379 5622 nem,
410 5556 635 5612 haberet
662 5558 825 5614 etiam
854 5573 920 5613 ex
945 5557 1163 5612 nomine
1199 5557 1479 5626 pietatem,
1509 5555 1578 5611 da
1611 5566 1671 5611 ut
1695 5571 1818 5612 om-

226 5645 316 5702 nis
344 5647 460 5702 haec
487 5647 640 5718 plebs
686 5648 891 5705 nomini
933 5656 1026 5704 tuo
1071 5648 1337 5715 serviens,
1377 5646 1540 5717 hujus
1570 5647 1820 5704 vocabuli

230 5743 508 5814 consortio
557 5744 718 5816 digna
750 5759 871 5800 esse
905 5753 1198 5808 mereatur,
1253 5751 1310 5798 et
1345 5742 1590 5800 Ecclesia
1643 5752 1732 5798 tua
1764 5743 1816 5798 in

234 5833 456 5906 templo,
485 5834 640 5906 cujus
693 5835 1093 5892 anniversarius
1123 5834 1490 5892 Dedicationis
1536 5834 1652 5892 dies
1679 5833 1818 5891 cele-

1884 615 1993 671 tur,
2018 612 2077 660 ut
2098 604 2224 661 dum
2239 602 2442 674 iugiter
2467 617 2563 672 per
2591 599 2816 668 vestigia
2845 606 2932 653 tua
2960 595 3228 668 graditur,
3255 594 3323 648 ad
3361 608 3474 648 cu:-

1881 697 2038 756 lestia
2083 695 2376 767 promissa,
2435 704 2485 750 te
2532 694 2782 758 ducente,
2836 687 3120 762 pervenire
3173 693 3471 741 mereatur.

1884 788 1986 859 Qui
2009 787 2165 844 vivis.

2445 874 2617 946 Super
2636 872 2909 946 populum.

1956 993 2121 1059 Deus,
2151 991 2245 1062 qui
2270 991 2336 1046 de
2372 989 2511 1044 vivis
2555 996 2611 1043 et
2663 986 2852 1044 electis
2900 983 3170 1056 lapidibus
3208 988 3482 1038 aeternum

1887 1085 2158 1157 maiestati
2184 1093 2290 1141 tute
2317 1082 2508 1140 condis
2549 1080 2936 1145 habitaculum,
2979 1076 3250 1134 auxiliare
3275 1073 3486 1147 populo

1886 1175 2229 1246 supplicanti,
2246 1183 2305 1230 ut
2329 1172 2471 1244 quod
2497 1171 2736 1228 ecclesiae
2759 1179 2862 1225 ture
2881 1167 3248 1239 corporalibus
3265 1165 3402 1236 proﬁ
3414 1163 3488 1218 cit

1890 1266 2122 1338 spatiis,
2178 1262 2516 1334 spiritalibus
2576 1259 2936 1332 ampliﬁcetur
2992 1254 3316 1328 augmentis.
3374 1250 3484 1305 Per

1892 1356 2200 1414 Dominum.

2605 1443 2786 1499 LXIII.

2503 1554 2602 1596 PRO
2633 1552 2872 1594 REGIBUS.

1875 1713 1884 1723 ,
1966 1657 2129 1722 Deus,
2170 1668 2460 1725 regnorum
2509 1651 2752 1707 omnium
2806 1656 2862 1704 et
2903 1645 3198 1703 Christiani
3245 1642 3483 1698 maxime

1897 1757 2173 1820 protector
2202 1745 2436 1816 imperii,
2464 1745 2529 1800 da
2559 1743 2732 1800 servis
2773 1740 2878 1796 tuis
2923 1739 3139 1809 regibus
3186 1735 3386 1791 nostris
3412 1731 3480 1786 N.

1897 1850 1954 1897 et
1982 1840 2047 1896 Ν.
2085 1839 2417 1909 triumphum
2438 1836 2656 1892 virtutis
2703 1843 2808 1890 tua:
2851 1832 3087 1888 scienter
3129 1827 3399 1891 excolere,
3425 1832 3484 1878 ut

1901 1935 1992 2006 qui
2042 1943 2132 1989 tua
2187 1929 2573 1988 constitutione
2621 1935 2746 1984 sunt
2797 1925 3088 1997 principes,
3140 1929 3233 1976 tuo
3269 1932 3486 1988 semper

1899 2041 2124 2083 munere
2147 2026 2256 2082 sint
2282 2032 2548 2096 potentes.
2580 2022 2686 2078 Per
2715 2019 3004 2076 Dominum
3033 2024 3300 2072 nostrum.

2575 2131 2811 2188 Secreta.

1972 2222 2222 2298 Suscipe,
2245 2225 2490 2286 Domine,
2517 2236 2711 2294 preces
2738 2228 2793 2276 et
2843 2217 3052 2275 hostias
3079 2212 3336 2271 Ecclesia:
3361 2220 3486 2276 tute,

1899 2333 1999 2388 pro
2035 2315 2210 2373 salute
2249 2313 2575 2369 famulorum
2611 2320 2825 2366 tuorum
2851 2307 2920 2364 N.
2949 2315 3007 2362 et
3021 2303 3088 2360 N.
3115 2300 3486 2375 supplicantis,

1900 2418 1956 2465 et
1983 2409 2036 2463 in
2069 2405 2406 2479 protectione
2431 2402 2668 2458 ﬁdelium
2690 2399 3011 2473 populorum
3037 2394 3258 2465 antiqua
3280 2390 3492 2448 brachii

1903 2497 1976 2552 tui
2009 2509 2237 2566 operare
2263 2491 2546 2556 miracula,
2594 2498 2674 2555 ut,
2709 2486 2982 2558 superatis
3031 2483 3183 2555 pacis
3234 2481 3490 2544 inimicis,

1901 2600 2093 2643 secura
2122 2584 2219 2641 tibi
2242 2582 2446 2639 serviat
2470 2579 2778 2637 Christiana
2801 2576 3046 2631 libertas.
3075 2572 3180 2629 Per
3204 2571 3492 2628 Dominum

1903 2687 2024 2735 IIOSI
2033 2691 2174 2732 rum.

2474 2760 2632 2831 Infra
2663 2762 2942 2815 actionem.

1974 2859 2128 2915 Hanc
2163 2856 2330 2929 igitur
2372 2852 2702 2910 oblationem
2753 2847 2940 2905 famuli
2980 2846 3056 2902 tui
3108 2844 3172 2901 N.
3208 2858 3371 2926 quam
3399 2841 3496 2898 tibi

1904 2920 2214 3007 ministerio
2234 2943 2393 3002 oliicii
2419 2939 2773 3000 sacerdotalis
2796 2937 3097 3003 offerimus,
3127 2949 3225 3006 pro
3241 2920 3327 2990 .eo
3353 2932 3498 3003 quod

1907 3045 1962 3100 in
2007 3043 2124 3113 ipso
2177 3045 2505 3111 potestatem
2555 3033 2767 3106 imperii
2813 3031 3065 3089 conferre
3111 3028 3364 3099 dignatus
3413 3039 3496 3089 es,

1907 3132 2177 3205 propitius
2198 3137 2254 3186 et
2271 3127 2542 3199 benignus
2567 3138 2806 3190 assume,
2832 3131 2886 3179 et
2906 3130 3166 3178 exoratus
3186 3124 3371 3174 nostra
3401 3115 3500 3172 ob-

1826 3243 1872 3308 C
1906 3223 2232 3288 seeratione,
2272 3219 2529 3285 concede,
2577 3225 2639 3272 ut
2668 3214 2973 3286 majestatis
3009 3220 3118 3268 tua:
3159 3209 3499 3282 protectione

1906 3314 2205 3381 conﬁdens,
2239 3320 2294 3367 et
2322 3325 2437 3368 aevo
2467 3317 2728 3381 augeatur
2755 3316 2810 3364 et
2835 3320 3020 3378 regno.
3061 3303 3165 3359 Per
3187 3299 3508 3357 Dominum.

2405 3421 2531 3477 Post
2554 3421 3000 3476 Communionem.

1977 3520 2141 3584 Deus,
2193 3516 2286 3586 qui
2341 3515 2407 3569 ad
2446 3510 2847 3582 praedicandum
2896 3506 3086 3563 aeterni
3136 3503 3276 3574 regis
3318 3500 3502 3555 Evan-

1909 3609 2131 3680 gelium,
2165 3605 2469 3658 Romanum
2500 3599 2786 3670 imperium
2836 3593 3175 3668 praeparasti,
3225 3589 3501 3660 praetende

1910 3677 2128 3754 Iamulis
2158 3694 2266 3750 tuis
2319 3691 2385 3748 Ν.
2438 3689 2778 3762 principibus
2805 3686 3008 3742 nostris
3042 3696 3204 3739 arma
3235 3677 3499 3743 caelestia,

1913 3795 1974 3843 ut
1997 3801 2103 3858 pax
2133 3782 2499 3844 Ecclesiarum
2547 3779 2694 3835 nulla
2719 3778 2967 3834 turbetur
2988 3779 3308 3844 tempestate
3336 3768 3504 3826 bello—

1915 3891 2058 3933 rum.
2083 3873 2188 3930 Per
2213 3871 2503 3929 Dominum
2528 3877 2800 3925 nostrum.

2619 3978 2803 4035 LXIV.

2311 4091 2461 4131 MISSA
2489 4087 2816 4138 QUO'I'IDIANA
2851 4084 2952 4125 PRO
2986 4083 3140 4124 REGE.

1985 4191 2325 4261 Qttaesumus,
2356 4188 2698 4258 omnipotens
2724 4184 2884 4248 Deus,
2909 4191 2969 4237 ut
2989 4178 3222 4235 famulus
3253 4183 3378 4232 tuus
3407 4174 3500 4242 N.,

1915 4289 2006 4360 qui
2036 4296 2126 4344 tua
2157 4283 2506 4341 miseratione
2539 4281 2775 4350 suscepit
2806 4277 2954 4349 regni
2984 4271 3368 4348 gubernacula,
3397 4270 3507 4324 vir-

1917 4394 2092 4441 tutum
2113 4383 2280 4438 etiam
2330 4379 2573 4436 omnium
2616 4375 2880 4446 percipiat
2924 4373 3282 4430 incrementa,
3309 4365 3506 4436 quibus

1917 4479 2182 4533 decenter
2199 4480 2448 4537 ornatus,
2472 4478 2527 4524 et
2572 4468 2823 4522 vitiorum
2875 4471 3117 4518 monstra
3145 4457 3406 4519 devitare,
3451 4462 3508 4507 et

1919 4570 1988 4624 ad
2022 4577 2096 4631 te,
2126 4566 2219 4636 qui
2256 4565 2364 4624 via,
2392 4562 2596 4616 veritas
2625 4569 2680 4615 et
2734 4566 2840 4612 vita
2889 4571 2970 4619 es,
3019 4551 3289 4623 gratiosus
3328 4546 3509 4602 valeat

1917 4659 2218 4732 pervenire.
2241 4655 2346 4710 Per
2367 4653 2675 4709 Dominum.

2595 4761 2827 4817 Secreta.

1988 4880 2229 4943 Mlmcra,
2257 4876 2508 4940 Domine,
2547 4886 2877 4944 quaesumus,
2909 4868 3087 4925 oblata
3120 4861 3426 4927 sanetiﬁca,
3457 4870 3515 4914 ut

1915 4981 1970 5028 et
1993 4971 2148 5026 nobis
2172 4967 2444 5038 Unigeniti
2477 4964 2551 5020 tui
2581 4978 2778 5033 corpus
2817 4969 2872 5015 et
2917 4955 3139 5028 sanguis
3166 4953 3320 5020 ﬁant,
3350 4957 3408 5006 et
3443 4949 3516 5004 illi

1922 5065 1991 5119 ad
2025 5061 2374 5118 obtinendam
2400 5059 2594 5114 anima:
2623 5053 2974 5126 corporisque
3005 5048 3254 5111 salutem,
3287 5051 3343 5100 et
3391 5055 3517 5114 per-

1923 5154 2188 5227 agendum
2219 5151 2522 5218 iniunctum
2555 5147 2812 5212 oﬁicium,
2835 5141 3520 5213 telargiente,usquequa-

1923 5260 2027 5318 que
2048 5243 2349 5316 proﬁciant.
2381 5241 2504 5296 Per.

2470 5435 2473 5441 ι
2494 5351 2575 5404 Ad
2607 5347 3002 5420 Cornplendum.

1999 5466 2147 5533 Haec,
2178 5465 2426 5532 Domine,
2461 5461 2637 5520 oratio
2675 5459 2930 5516 salutaris
2959 5455 3220 5511 famulum
3264 5457 3419 5523 ,tuum
3450 5446 3513 5501 Ν.

1927 5559 1998 5615 ab
2023 5558 2275 5615 omnibus
2325 5565 2542 5614 tueatur
2570 5553 2834 5619 adversis,
2879 5559 3148 5622 quatenus
3178 5555 3234 5603 et
3261 5542 3517 5602 ecclesia-

1927 5651 2078 5707 sticae
2106 5649 2259 5720 pacis
2308 5648 2554 5705 obtineat
2585 5644 3056 5716 tranquillitatem,
3111 5647 3167 5695 et
3193 5643 3316 5708 post
3357 5631 3516 5689 istius

1925 5741 2186 5811 temporis
2234 5741 2522 5797 decursum
2567 5738 2634 5795 ad
2684 5730 3256 5806 :eternam’perveniat
3281 5724 3515 5783 haeredi-

1928 5843 2116 5891 tatem.
2144 5833 2267 5891 Per.
2354 5881 2357 5884 .
