3954 6342
526 341 634 398 825

1247 461 1404 516 LXV.

707 563 854 606 MISSA
893 565 1137 606 TEMI’ORE
1166 565 1351 608 SYNODI
1386 568 1485 610 PRO
1517 570 1654 612 REGE
1684 571 1934 612 DICE‘NDA.

597 659 950 730 Omnipotens
992 661 1322 732 sempiterne
1355 665 1518 733 Deus,
1551 668 1643 736 qui
1673 667 1934 724 famulum
1963 678 2114 725 tuum

526 747 592 803 Ν.
623 751 770 821 regni
826 751 1039 823 fastigio
1069 754 1320 825 dignatus
1353 771 1412 812 es
1474 758 1786 827 sublimare,
1839 761 2014 815 tribue
2038 762 2112 827 ei,

530 857 857 910 quasumus,
891 853 951 898 ut
998 845 1072 900 ita
1103 846 1157 900 in
1208 850 1461 918 praesenti
1489 851 1714 906 collecta
1771 853 2112 910 multitudine

521 942 840 989 cunctorum
865 935 919 990 in
948 951 1235 994 commune
1282 940 1515 996 salutem
1543 942 1815 1013 disponat,
1844 952 2110 1016 quatenus

441 1085 446 1089 ,
518 1041 549 1079 a
579 1034 682 1082 tuae
701 1027 952 1084 veritatis
978 1030 1194 1086 tramite
1211 1048 1316 1088 non
1348 1033 1583 1090 recedat.
1609 1035 1732 1092 Per.

1201 1146 1433 1203 Secreta.

586 1233 857 1303 Concede,
885 1238 1226 1308 omnipotens
1271 1241 1433 1304 Deus,
1466 1241 1552 1296 his
1585 1241 1915 1298 salutaribus
1938 1245 2107 1299 sacri-

512 1323 650 1378 ﬁciis
679 1324 944 1393 placatus,
977 1335 1037 1382 ut
1087 1327 1323 1384 famulus
1371 1338 1493 1384 tuus
1520 1329 1583 1384 N.
1623 1331 1689 1385 ad
1739 1333 2106 1401 peragendum

512 1413 707 1483 regalis
753 1414 1032 1486 dignitatis
1062 1416 1317 1484 officium,
1375 1420 1684 1475 inveniatur
1731 1437 1945 1493 semper
1995 1424 2108 1478 ido-

511 1521 668 1571 neus,
699 1507 1012 1564 etcoelestis
1051 1511 1241 1579 patriae
1287 1512 1498 1583 gaudiis
1543 1512 1802 1570 reddatur
1826 1526 2101 1587 acceptus.

515 1597 620 1654 Per
650 1599 939 1656 Dominum
970 1611 1238 1660 nostrum.

1049 1719 1132 1773 Ad
1165 1717 1566 1792 Complendum.

581 1806 728 1875 Haec,
761 1809 1006 1876 Domine,
1042 1811 1296 1870 salutaris
1327 1815 1581 1871 sacrificii
1613 1815 1890 1889 perceptio
1916 1816 2101 1872 famuli
2131 1852 2178 1910 Β

510 1896 588 1952 tui
614 1897 679 1952 N.
706 1910 1054 1970 peccatorum
1091 1905 1330 1962 maculas
1359 1907 1548 1972 diluat,
1588 1916 1643 1963 et
1688 1910 1757 1965 ad
1804 1911 2100 1980 regendum

507 1992 803 2046 secundum
840 2002 986 2049 tuam
1028 1995 1360 2053 voluntatem
1390 1999 1646 2069 populum
1689 1999 1943 2056 idoneum
1975 2001 2102 2057 red-

509 2082 624 2146 dat,
648 2090 707 2137 ut
739 2083 842 2139 hoc
888 2086 1118 2141 salutari
1144 2090 1405 2160 mysterio
1429 2100 1620 2146 contra
1650 2091 1891 2147 visibiles
1917 2093 2102 2150 hostes

506 2175 773 2232 reddatur
795 2177 1048 2247 invictus,
1095 2197 1191 2252 per
1219 2186 1361 2253 quod
1390 2186 1624 2242 mundus
1659 2196 1740 2244 est
1779 2187 1960 2246 divina
1991 2189 2100 2247 dis-

505 2269 825 2335 pensatione
846 2273 1178 2344 redemptus.
1200 2275 1308 2331 Per
1331 2276 1640 2333 Dominum.

1198 2385 1384 2447 LXVI.

894 2497 1047 2539 ιηεεΑ
1081 2497 1347 2540 SPECIALIS
1376 2499 1722 2543 SACERDOTIS.

571 2590 924 2662 Omnipotens
949 2595 1278 2668 sempiterne
1308 2599 1474 2665 Deus,
1500 2608 1604 2656 tuae
1624 2600 1813 2672 gratim
1838 2600 2096 2672 pietatem

499 2683 726 2755 supplici
781 2686 1067 2744 devotione
1118 2689 1372 2761 deposco,
1429 2702 1490 2748 ut
1533 2694 1776 2749 omnium
1827 2695 2093 2752 malorum

501 2789 747 2830 meorum
773 2777 989 2835 vincula
1016 2780 1213 2849 solvat,
1261 2785 1582 2856 cunctisque
1608 2787 1744 2843 meis
1775 2788 2094 2846 criminibus

496 2875 555 2921 et
608 2868 848 2938 peccatis
896 2869 1196 2930 clementer
1250 2875 1522 2946 ignoscas,
1555 2887 1612 2933 et
1663 2880 1790 2950 quia
1830 2896 1916 2936 me
1956 2882 2096 2937 indi-

494 2973 664 3027 gnum
690 2966 746 3014 et
793 2971 1160 3031 peccatorem,
1207 2965 1274 3019 ad
1323 2967 1688 3024 ministerium
1717 2979 1868 3026 tuum
1896 2987 2092 3028 vocare

494 3049 748 3122 dignatus
772 3067 855 3119 es,
886 3053 968 3111 sic
1014 3069 1104 3110 me
1129 3055 1383 3114 idoneum
1411 3060 1506 3116 tibi
1532 3061 1841 3118 ministrum
1866 3061 2088 3130 efﬁcias,

1524 350 1854 409 GRIMALDI
1893 352 2413 412 SANCALLENSIS
2456 354 2746 410 ABBATIS

2139 472 2188 528 Α
2218 464 2309 535 qui
2338 479 2397 520 se
2430 465 2522 520 tibi
2570 467 2763 522 obtulit
2810 469 2864 523 in
2902 473 3256 540 sacriﬁcium,
3302 480 3394 546 qui
3435 489 3522 535 est
3573 487 3801 542 omnium

3713 372 3805 429 ξω

2227 555 2422 624 opifex,
2462 565 2518 611 et
2554 557 2701 613 solus
2733 559 2850 615 sine
2882 564 3090 632 peccati
3119 567 3330 623 macula
3358 573 3630 640 pontifex,
3657 574 3804 633 Jesus

2217 647 2484 730 Christus,
2515 651 2774 709 Dominus
2805 663 3020 724 noster;
3052 657 3157 714 Per
3183 676 3344 730 quem
3367 664 3736 734 majestatem.

2789 767 2870 822 Ad
2901 765 3301 841 Complendum.

2287 851 2456 923 Hujus
2510 857 2666 925 mihi,
2719 859 2965 928 Domine,
3019 868 3348 923 sacramenti
3386 875 3693 943 perceptio,
3743 881 3805 932 sit

2213 953 2562 1012 peccatorum
2612 949 2879 1018 remissio,
2911 959 2968 1008 et
3007 961 3110 1010 tua:
3153 957 3372 1026 pietatis
3399 972 3593 1031 optata
3622 970 3800 1037 pr0pi-

2217 1035 2390 1103 tiatio,
2419 1044 2479 1092 ut
2502 1053 2598 1108 per
2622 1039 2761 1106 haec,
2794 1050 2846 1097 te
2874 1045 3191 1116 opitulante,
3233 1049 3440 1106 elﬁciar
3471 1035 3649 1112 sacris
3690 1035 3799 1132 my-

2211 1126 2396 1181 steriis
2423 1127 2638 1198 dignus,
2669 1147 2788 1201 quae
2813 1135 2878 1190 de
2911 1145 3001 1191 tua
3027 1137 3231 1208 pietate
3273 1144 3537 1214 confisus,
3563 1126 3804 1220 frequen»

2215 1221 2330 1269 tare
2351 1231 2619 1286 praesumo
2641 1221 2908 1293 indignus.
2935 1228 3059 1284 Per.

2899 1340 3108 1399 LXVII.

2423 1437 2553 1479 ITEI
2588 1442 2709 1483 ΑΗΔ
2750 1446 2901 1487 MISSA
2931 1449 3260 1496 SACERDOTIS
3295 1456 3592 1502 SPECIALIS.

2281 1531 2442 1600 Deus,
2469 1534 2592 1591 fons
2617 1539 2877 1598 bonitatis
2909 1553 2963 1600 et
2991 1547 3210 1616 pietatis
3245 1554 3421 1623 origo,
3453 1558 3551 1625 qui
3582 1573 3798 1629 peccau-

2211 1630 2317 1677 tem
2350 1639 2456 1679 non
2488 1629 2670 1684 statim
2696 1630 2930 1702 judicas,
2954 1639 3049 1693 sed
3073 1641 3140 1694 ad
3171 1645 3556 1711 penitentiam
3584 1653 3798 1707 misera»

2208 1719 2297 1768 tus
2328 1727 2636 1786 exspectas,
2664 1729 2716 1777 te
2740 1739 2944 1793 qumso,
2971 1729 3350 1789 utfacinorum
3378 1753 3634 1795 meorum
3653 1760 3798 1814 squa-

2208 1801 2352 1860 lores
2378 1807 2678 1881 abstergas,
2732 1823 2787 1869 et
2835 1832 2924 1872 me
2972 1819 3038 1874 ad
3085 1829 3450 1896 peragendum
3507 1801 3795 1901 injunctum

2205 1896 2458 1967 ofﬁcium,
2490 1903 2711 1976 dignum
2737 1908 2974 1979 efﬁcias;
3004 1927 3062 1969 ut
3091 1919 3182 1987 qui
3204 1920 3392 1979 altaris
3439 1928 3518 1981 tui
3565 1929 3795 1987 ministe-

2835 2373 3008 2447 Super
3043 2378 3253 2437 Oblata.

2271 2452 2537 2515 Sacriﬁcii
2562 2467 2867 2534 prmsentis,
2913 2485 3116 2540 quaeso,
3151 2475 3398 2545 Domine,
3439 2482 3658 2539 oblatio
3686 2502 3790 2542 mea

2198 2557 2390 2619 purget
2410 2548 2671 2622 facinora,
2696 2574 2795 2628 per
2819 2563 2963 2631 quod
3002 2566 3170 2622 totius
3209 2573 3397 2626 mundi
3437 2575 3668 2632 voluisti
3715 2597 3790 2634 re-

2197 2633 2368 2692 laxari
2410 2653 2667 2711 peccata;
2719 2648 2970 2721 illiusque
2999 2653 3439 2727 frequentatione
3470 2665 3687 2723 eﬁieiar
3721 2671 3790 2723 di-

2196 2741 2356 2796 gnus,
2385 2732 2528 2799 quod
2552 2743 2612 2789 ut
2637 2735 3061 2814 frequentarem,
3111 2753 3320 2823 suscepi
3371 2755 3662 2830 indignus.
3701 2762 3790 2817 Per

2196 2819 2482 2880 Dominum
2525 2839 2792 2888 nostrum.

2859 2953 3140 3014 Prw/alio.

2859 2957 2985 3011 Prw
3012 2959 3140 3014 alio.

2265 3026 2328 3082 D.
2365 3039 2418 3085 et
2440 3031 2651 3103 justum
2680 3049 2785 3107 est,
2830 2957 3016 3116 usque],
3060 3061 3263 3109 aeterne
3315 3056 3484 3114 Deus.
3518 3061 3629 3130 Qui
3675 3067 3786 3121 dum

492 3114 900 3200 “(sacriﬁcium
944 3146 1010 3202 de
1039 3149 1292 3206 manibus
1321 3114 1477 3208 meis"
1496 3114 2088 3227 Ρίθέώξᾷξ
2192 3114 2425 3220 libenter
2453 3134 2652 3228 nostrae
2692 3134 3045 3202 paenitudinis
3077 3143 3512 3204 satisfactionem
3539 3158 3784 3226 suscipis,

495 3233 787 3305 suscipias,
811 3235 1217 3310 electorumque
1259 3215 1604 3300 sacerdotum
1652 3261 1741 3300 me
1767 3215 2089 3320 participem
2117 3215 2162 3278 C
2196 3218 2684 3320 §ﬁ_‘"°’“dc'°'°'
2723 3228 3148 3320 quodrermmus
3186 3237 3484 3298 abscondis
3516 3263 3529 3296 ⁵
3563 3256 3623 3300 εί
3666 3264 3786 3317 pm”

491 3324 684 3392 facias,
717 3334 772 3382 et
808 3327 878 3384 de
923 3331 1211 3401 praeceptis
1249 3333 1358 3389 tuis
1389 3335 1444 3389 in
1492 3335 1642 3393 nullo
1694 3353 1782 3394 me
1834 3341 2091 3398 oberrare

489 3420 797 3491 permittas.
830 3421 938 3480 Per
964 3424 1254 3483 Dominum
1285 3436 1556 3487 nostrum.

1098 3534 1269 3610 Super
1313 3540 1511 3598 oblata.

560 3642 726 3712 Deus,
771 3647 863 3716 qui
919 3656 972 3704 te
1015 3651 1267 3721 praecipis
1314 3667 1344 3706 a
1402 3656 1785 3723 peccatoribus
1840 3660 2080 3725 exorari,

487 3734 698 3806 tibique
718 3738 1048 3795 sacriﬁcium
1079 3743 1300 3798 contriti
1329 3745 1515 3800 cordis
1533 3746 1753 3816 offerre,
1784 3749 1887 3806 hoc
1918 3753 2087 3809 sacri-

488 3823 672 3880 ﬁcium
699 3827 842 3896 quod
878 3829 1112 3902 indignis
1139 3832 1392 3890 manibus
1418 3837 1558 3892 meis
1583 3837 1771 3905 offero,
1797 3851 2083 3913 acceptare

487 3913 734 3984 dignare,
765 3925 833 3974 et.
856 3927 916 3975 ut
940 3919 1056 3991 ipse
1085 3922 1183 3978 tibi
1199 3923 1378 3980 hostia
1402 3934 1458 3980 et
1482 3929 1809 3985 sacriﬁcium
1828 3947 1946 3988 esse
1968 3949 2083 3991 rne-

485 4017 631 4068 rear,
681 4006 973 4064 miseratus
1020 4013 1284 4081 concede,
1315 4030 1423 4084 quo
1459 4032 1559 4086 per
1598 4019 1889 4076 ministerii
1921 4023 2082 4093 hujus

487 4095 901 4169 exhibitionem,
926 4112 1278 4172 peccatorum
1302 4108 1545 4166 omnium
1569 4112 1869 4185 pereipiam
1890 4117 2081 4174 remis-

484 4185 718 4243 sionem.
749 4187 875 4247 Per.

1164 4288 1449 4361 Prwfatio.

553 4393 617 4450 D.
657 4393 939 4466 etjustum
967 4409 1070 4466 est,
1099 4417 1262 4474 usque
1275 4411 1478 4462 aeterne
1503 4406 1665 4463 Deus.
1697 4408 1799 4477 Qui
1825 4411 2076 4470 dissimu-

476 4488 606 4546 latis
634 4491 887 4549 humanaa
921 4491 1232 4566 fragilitatis
1254 4499 1494 4568 peccatis
1528 4504 1819 4559 sacerdotii
1843 4506 2075 4577 dignita-

476 4591 590 4638 tem
614 4585 868 4642 concedis
900 4586 1154 4660 indignis,
1185 4597 1239 4646 et
1266 4607 1373 4646 non
1403 4592 1575 4648 solum
1620 4605 1843 4664 peccata
1885 4574 2070 4654 dimit-
2096 4574 2150 4634 D
2251 4609 2442 4680 Hujus,
2471 4615 2716 4686 Domine,

477 4675 570 4742 th,
614 4693 803 4734 verum
832 4679 999 4735 etiam
1045 4681 1191 4752 ipsos
1219 4693 1538 4754 peccatores
1561 4684 1862 4756 justiﬁeare
1887 4691 2070 4762 digne-

476 4767 572 4822 ris.
602 4768 766 4839 Cujus
803 4778 888 4827 est
928 4774 1191 4841 muneris,
1215 4784 1273 4830 ut
1303 4792 1408 4831 non
1440 4777 1614 4834 solum
1639 4780 1926 4836 existentia
1971 4799 2065 4838 su-

428 4857 443 4888 τ
475 4869 629 4914 mant
648 4862 889 4930 exordia,
919 4873 1109 4921 exorta
1140 4867 1550 4935 nutrimentum,
1578 4871 1782 4926 nutrita
1802 4873 2058 4940 fructum,

477 4947 755 5008 fructuosa
789 4957 1174 5024 perseverandi
1198 4958 1477 5013 auxilium.
1505 4957 1607 5025 Qui
1651 4976 1738 5016 me
1791 4977 1900 5017 non
1955 4963 2072 5019 exi—-

477 5048 733 5109 stentem,
765 5046 994 5113 creasti;
1025 5059 1290 5114 creatum,
1324 5050 1444 5105 ﬁdei
1477 5052 1730 5108 firmitate
1752 5053 1934 5110 ditasti
1959 5073 1973 5121 ;
2002 5057 2068 5111 fi-

479 5127 673 5194 delem,
717 5135 965 5202 quamvis
1012 5138 1251 5207 peccatis
1284 5139 1643 5210 squalentem,
1675 5146 1964 5200 sacerdotii
1993 5147 2071 5202 di-

475 5221 684 5292 gnitate
703 5223 934 5281 donasti.
960 5227 1129 5283 Tuam
1158 5230 1326 5300 igitur
1354 5233 1802 5304 omnipotentiam
1839 5237 2064 5308 supplex

475 5328 734 5383 exposco,
780 5325 842 5372 ut
894 5333 980 5374 me
1006 5324 1350 5392 apraeteritis
1396 5328 1635 5396 peccatis
1672 5331 1967 5399 emacules,
2009 5334 2062 5389 in

474 5405 666 5460 mundi
697 5405 855 5476 hujus
889 5423 1049 5467 cursu
1079 5414 1130 5468 in
1159 5417 1316 5472 bonis
1353 5421 1607 5490 operibus
1635 5426 1978 5494 corrobores,
2007 5439 2062 5484 et

474 5499 528 5554 in
556 5503 978 5570 perseverantia:
1002 5505 1272 5563 soliditate
1295 5512 1604 5570 conﬁrmes.
1631 5515 1830 5588 Sicque
1867 5536 1954 5576 me
1980 5522 2059 5577 fa-

471 5588 588 5644 cias
621 5590 727 5646 tuis
762 5589 1022 5648 altaribus
1066 5594 1362 5664 deservire,
1409 5611 1467 5657 ut
1509 5605 1577 5660 ad
1603 5621 1789 5662 eorum
1837 5611 1928 5681 qui
1961 5612 2057 5668 tibi

471 5682 814 5752 placuerunt,
861 5689 1208 5745 sacerdotum
1246 5697 1583 5752 consortium
1627 5701 1836 5757 valeam
1866 5721 2058 5775 perve-

473 5775 612 5835 nire.
641 5775 709 5836 Et
727 5793 827 5853 per
856 5793 982 5840 eum
1020 5779 1116 5844 tibi
1151 5781 1224 5842 sit
1257 5799 1436 5844 meum
1475 5793 1805 5864 acceptabile
1849 5805 2055 5871 votum,

2199 3302 2354 3357 terita
2377 3317 2597 3374 peccata
2629 3323 2811 3371 nostra
2833 3319 3160 3391 dissimulas,
3212 3338 3271 3382 ut
3305 3333 3466 3388 nobis
3501 3341 3784 3397 sacerdotii

2192 3393 2506 3465 dignitatem
2537 3407 2824 3463 concedas.
2873 3411 3046 3469 Tuum
3078 3427 3162 3472 est
3205 3421 3376 3488 enim,
3408 3441 3502 3482 me
3532 3431 3604 3481 ad
3635 3431 3784 3484 mini-

2190 3489 2468 3543 strandum
2502 3492 2660 3550 altari
2689 3504 2780 3554 tuo
2813 3501 3031 3573 dignum
3069 3506 3307 3578 efﬁcere,
3335 3531 3504 3584 quem
3540 3521 3610 3574 ad
3641 3538 3782 3590 pera-

2188 3577 2420 3679 gendum
2463 3581 2518 3637 id
2567 3583 2824 3661 officium,
2875 3593 3156 3667 indignum
3187 3577 3445 3670 digna-tus
3487 3624 3551 3663 es
3578 3577 3782 3679 promo-

2187 3681 2336 3723 vere.
2364 3669 2434 3726 Ut
2460 3679 2862 3743 praeteritorum
2895 3696 3112 3743 actuum
3136 3708 3384 3749 meorum
3411 3700 3562 3754 mala
3589 3704 3779 3758 oblivi-

2187 3773 2364 3828 scens,
2393 3769 2740 3833 praesentium
2768 3775 3014 3832 ordinem
3063 3781 3116 3835 in
3158 3791 3247 3839 tua
3276 3786 3564 3847 voluntate
3605 3795 3777 3866 dispo-

2184 3867 2340 3917 nens,
2365 3855 2563 3916 futuris
2585 3865 2885 3921 custodiam
2912 3869 3219 3942 imponens,
3248 3893 3346 3948 per
3377 3897 3509 3937 eum
3529 3887 3777 3944 vitiorum

2184 3944 2526 4013 squaloribus
2581 3966 2868 4026 expurger,
2901 3960 3165 4019 virtutum
3218 3971 3582 4033 nutrimentis
3631 3996 3776 4034 exor-

2183 4048 2302 4101 ner,
2329 4052 2518 4093 eorum
2574 4046 2917 4104 sacerdotum
2958 4057 3238 4113 consortio
3285 4063 3378 4130 qui
3417 4065 3517 4120 tibi
3568 4069 3774 4139 placueo

2182 4133 2331 4192 runt,
2363 4126 2590 4198 aduner,
2631 4149 2792 4204 quem
2833 4149 3047 4198 constat
3094 4161 3215 4202 esse
3244 4165 3434 4208 verum
3469 4171 3770 4214 summum-

2179 4228 2286 4284 que
2313 4219 2646 4290 pontiﬁcem,
2688 4226 2970 4300 solumque
2997 4234 3114 4290 sine
3162 4244 3373 4308 peccati
3412 4251 3672 4321 contagio
3693 4268 3767 4306 sa~

2178 4307 2455 4367 eerdotem
2487 4312 2672 4372 Jesum
2719 4319 2996 4380 Christum
3025 4307 3314 4388 Dominum
3357 4307 3635 4398 nostrum.
3676 4344 3767 4400 Per

2179 4414 2360 4469 quem.

2754 4504 2840 4560 Ad
2868 4505 3265 4582 Camp/endam.

2751 4627 3026 4695 perceptio
3051 4635 3400 4700 sacramenti,
3419 4623 3756 4706 peccatorum

2179 4716 2424 4757 meorum
2458 4708 2700 4764 maculas
2748 4722 2942 4784 tergat,
2986 4727 3041 4772 et
3069 4721 3135 4774 ad
3166 4726 3539 4794 peragendum
3589 4731 3756 4800 injun-

2177 4799 2324 4847 ctum
2353 4792 2585 4851 oﬂicium
2608 4815 2693 4856 me
2720 4802 2973 4860 idoneum
3005 4810 3213 4865 reddat.
3244 4792 3364 4868 Per.

2902 4921 3042 4978 Alia.

2247 5021 2403 5087 Deus,
2434 5025 2587 5096 cujus
2621 5032 2845 5091 arbitrio
2881 5039 3122 5095 omnium
3153 5045 3479 5103 szeculorum
3512 5052 3650 5106 ordo
3673 5052 3753 5107 de-

2172 5115 2362 5177 currit,
2386 5120 2595 5188 respice
2620 5125 2886 5194 propitius
2909 5131 2974 5183 ad
3001 5147 3088 5186 me
3110 5131 3369 5192 famulum
3404 5150 3581 5207 tuum,
3601 5158 3749 5215 quem

2172 5206 2238 5260 ad
2269 5208 2512 5264 ordinem
2553 5214 2959 5287 presbyteratus
3013 5239 3333 5292 promovere
3384 5206 3638 5303 dignatus
3676 5250 3747 5298 es.

2166 5304 2224 5350 et
2252 5307 2311 5351 ut
2333 5299 2426 5353 tibi
2462 5318 2575 5357 mea
2616 5308 2848 5365 servitus
2877 5312 3106 5381 placeat,
3138 5328 3226 5372 tua
3251 5311 3304 5374 in
3334 5338 3421 5378 me
3445 5328 3747 5383 misericor~

2167 5385 2308 5442 diter
2355 5390 2494 5446 dona
2538 5409 2822 5454 conserva.
2872 5401 2978 5457 Per
3023 5407 3309 5465 Dominum
3356 5425 3628 5471 nostrum.

2837 5513 3066 5572 Secreta.

2234 5613 2462 5684 Perﬁce,
2498 5620 2746 5691 Domine,
2800 5642 3131 5697 quresumus,
3162 5633 3427 5706 benignus
3474 5639 3528 5693 in
3572 5642 3738 5704 nobis,

2164 5696 2232 5761 ut
2266 5723 2384 5778 quae
2429 5713 2600 5768 sacris
2645 5696 2918 5788 mysteriis
2956 5696 3319 5795 profitemur:
3359 5729 3468 5801 piis
3515 5733 3737 5790 actioni-

2159 5800 2262 5858 bus
2291 5816 2678 5875 exsequamur.
2717 5808 2822 5869 Per
2856 5814 3164 5872 Dominum.
3239 5867 3241 5869 .
