3954 6342
175 517 192 552 9

223 328 334 384 8Ξ5

691 504 713 510 _
809 444 965 514 Infra
995 441 1272 501 actionem.

301 538 453 592 llane
499 536 666 611 igitur
704 537 1031 593 oblationem
1063 539 1342 594 servitutis
1369 553 1505 612 mete
1521 555 1684 611 quam
1709 540 1806 595 tibi

219 630 398 686 οπετο
426 644 526 700 ego
571 638 694 684 tuus
737 628 971 683 famulus
1008 637 1062 683 et
1090 629 1365 696 sacerdos,
1404 644 1504 698 pro
1554 643 1619 686 eo
1665 631 1807 699 quod

219 736 315 780 me
345 720 545 788 eligere
574 719 823 789 dignatus
850 733 909 774 es
933 720 990 775 in
1028 720 1217 776 ordine
1260 721 1602 792 presbyterii,
1632 730 1692 776 ut
1717 738 1809 777 sa-

213 811 451 866 criﬁciis
488 810 594 865 tuis
633 825 696 866 ac
743 810 941 867 divinis
987 811 1251 867 altaribus
1298 813 1651 869 deservirem.
1702 813 1810 870 Pro

215 901 327 955 hoc
360 900 523 955 reddo
547 899 642 956 tibi
670 908 794 955 vota
818 916 936 956 mea
977 901 1087 956 Deo
1115 916 1248 958 vero
1272 910 1328 958 et
1353 902 1501 970 vivo,
1551 904 1808 975 majesta-

215 999 333 1044 tem
368 999 512 1044 tuam
535 991 849 1062 suppliciter
884 992 1198 1062 implorans,
1233 1003 1292 1048 ut
1334 1009 1501 1065 opera
1549 1011 1806 1051 manuum

211 1092 438 1138 tuarum
468 1084 522 1137 in
553 1083 762 1154 meipso
790 1085 1084 1150 custodias,
1115 1092 1170 1139 et
1190 1085 1444 1141 idoneum
1469 1101 1556 1142 me
1569 1103 1666 1158 per
1691 1103 1810 1142 om-

212 1176 311 1229 nia
363 1175 675 1231 ministrum
733 1185 838 1233 tuae
885 1176 1178 1236 voluntatis
1212 1176 1436 1237 efﬁcias.
1498 1179 1608 1238 Per
1642 1179 1805 1238 Chri-

222 1275 398 1321 stum.
1195 1275 1200 1284 ’

755 1359 839 1413 Ad
861 1359 1261 1431 Complendum.

287 1447 574 1504 Munerum
613 1457 849 1516 tuorum,
895 1451 1140 1517 Domine,
1170 1451 1474 1524 largitatem
1508 1461 1804 1522 sumentes,

209 1536 490 1608 supplices
519 1539 892 1607 deprecamur,
937 1547 998 1594 ut
1031 1539 1226 1610 quibus
1268 1542 1478 1597 donasti
1508 1541 1669 1613 hujus
1697 1545 1802 1598 mi-

206 1629 428 1684 nisterii
451 1629 764 1685 servitutem
779 1617 1131 1701 exsequendi,
1158 1632 1344 1701 gratiae
1361 1641 1462 1690 tuae
1485 1634 1702 1692 tribuas
1721 1634 1802 1691 fa-

204 1721 493 1777 cultatem.
537 1721 642 1777 Per
687 1722 974 1779 Dominum
1012 1732 1282 1781 nostrum.

848 1849 980 1890 Ιτεὶί
1010 1851 1152 1891 Al.le

280 1925 395 1981 Fac
415 1940 522 1991 me,
549 1941 752 1997 quaeso,
784 1927 1126 1996 omnipotens
1153 1929 1315 1993 Deus,
1348 1929 1422 1984 ita
1456 1927 1664 1998 justitia
1711 1930 1796 1985 in-

201 2017 422 2082 dui,‘ut
464 2017 519 2072 in
561 2027 871 2074 sanctorum
915 2027 1128 2074 tuorum
1188 2036 1404 2075 merear
1425 2022 1798 2100 exsultatione

200 2107 406 2172 lauari,
438 2117 707 2177 quatenus
749 2108 1074 2164 emundatus
1122 2109 1191 2165 ab
1244 2112 1495 2168 omnibus
1547 2113 1798 2170 sordibus

199 2208 576 2268 peccatorum,
607 2200 935 2255 consortium
953 2200 1220 2271 adipiscar
1237 2203 1330 2257 tibi
1354 2203 1680 2274 placentium
1704 2221 1796 2261 sa-

198 2289 512 2355 cerdotum,
553 2306 746 2361 meque
791 2303 882 2346 tua
914 2293 1283 2349 misericordia
1305 2310 1335 2349 a
1366 2296 1512 2352 vitiis
1543 2299 1795 2355 omnibus

199 2388 434 2448 exuant,
479 2395 640 2452 quem
687 2389 874 2438 reatus
918 2383 1150 2453 propria:
1197 2386 1542 2443 conscientiae
1580 2398 1789 2459 gravat.

202 2472 338 2529 Per.

891 2571 1127 2628 Secreta.

277 2659 422 2715 Deus
450 2660 854 2729 misericordia),
884 2662 1029 2719 Deus
1068 2663 1370 2730 charitatis,
1422 2665 1565 2720 Deus
1614 2665 1791 2721 indul-

197 2749 423 2820 gentiae,
473 2751 708 2822 indulge,
736 2768 940 2822 quazso,
997 2762 1052 2809 et
1096 2754 1356 2810 miserere
1392 2756 1533 2821 mei;
1581 2756 1792 2810 sacrifi-

194 2843 372 2909 cium,
408 2845 550 2914 quod
580 2845 796 2914 pietatis
819 2853 923 2900 tuae
943 2845 1132 2916 gratia:
1155 2861 1256 2916 pro
1281 2847 1518 2916 peccatis
1533 2846 1668 2902 meis
1691 2848 1792 2902 hu-

195 2935 409 2990 militer
451 2933 640 3001 offero,
690 2935 922 3006 benigne
948 2936 1225 3006 suscipere
1256 2936 1525 3008 digneris;
1566 2945 1622 2992 et
1656 2952 1788 3008 pec-

194 3035 349 3091 cata,
379 3042 498 3096 quae
520 3025 812 3082 libentibus
831 3026 978 3082 vitiis
1007 3026 1278 3090 contraxi,
1309 3027 1430 3096 pius
1452 3035 1507 3082 et
1525 3029 1791 3099 propitius

195 3131 270 3171 ac
307 3117 597 3173 miseratus
624 3117 921 3188 indulgeas,
945 3125 1001 3173 et
1030 3117 1206 3173 locum
1238 3119 1574 3188 poenitentiae
1603 3134 1668 3174 ac
1695 3118 1788 3175 flu-

1409 330 1610 386 LIBER
1649 329 2292 390 SACRAMENTORUM.

1839 455 1893 513 A

196 3208 352 3262 mina
389 3208 752 3281 lacrymarum
773 3224 1028 3266 concessa
1057 3209 1274 3266 veniam
1313 3225 1344 3266 a
1371 3218 1426 3267 te
1450 3226 1666 3268 merear
1691 3227 1785 3268 ac-
1816 3190 1862 3253 (ἶ

195 3299 405 3371 cipere.
434 3300 557 3356 Per.

869 3393 1147 3464 Prwfatio.

273 3483 339 3537 D.
371 3491 424 3538 et
447 3483 654 3554 justum
708 3491 810 3550 est,
874 3501 1058 3556 usque,
1105 3492 1307 3540 aeterne
1351 3484 1516 3540 Deus.
1556 3484 1626 3540 Et
1679 3484 1786 3541 cle-

193 3574 462 3630 mentiam
511 3583 659 3629 tuam
710 3574 986 3630 humiliter
1041 3574 1352 3644 implorare,
1403 3584 1463 3630 ut
1517 3577 1784 3630 facturam

195 3679 351 3721 tuam
377 3681 484 3719 non
511 3662 801 3734 despicias,
838 3680 943 3720 nec
979 3665 1047 3720 ab
1077 3665 1312 3722 inimicis
1365 3666 1608 3720 tribulari
1658 3681 1784 3735 per-

190 3757 405 3812 mittas.
446 3754 572 3810 Scio
591 3756 735 3809 enim
759 3769 844 3810 me
865 3756 1104 3824 graviter
1135 3755 1449 3827 deliquisse,
1497 3763 1552 3811 et
1580 3771 1786 3825 praece-

190 3851 308 3921 ptis
331 3847 437 3902 tuis
469 3847 690 3903 minime
719 3847 988 3903 obedisse.
1043 3846 1170 3903 Ideo
1222 3848 1502 3902 humiliter
1531 3847 1782 3913 obsecro,

193 3939 435 4010 gratiam
466 3947 634 4004 tuam,
669 3937 915 4004 Domine,
951 3937 1084 3994 mihi
1115 3952 1328 4008 semper
1370 3937 1784 3993 consolatricem

193 4028 485 4093 adhibeas,
532 4036 586 4083 et
610 4028 1039 4084 misericordiam
1071 4035 1217 4083 tuam
1246 4027 1464 4099 regibus
1502 4026 1783 4082 factricem

197 4136 457 4192 apponas.
495 4120 898 4191 Unde'exposco
927 4121 1184 4192 pietatem
1230 4130 1378 4176 tuam
1409 4135 1683 4190 magnam,
1725 4126 1786 4174 ut

196 4228 321 4268 mea
342 4215 581 4269 dimittas
605 4221 846 4285 peccata,
878 4214 1006 4285 quia
1052 4213 1174 4285 plus
1220 4214 1364 4269 valet
1410 4212 1783 4269 misericordia

199 4314 292 4359 tua
322 4305 388 4360 ad
410 4305 750 4376 erigendum,
775 4321 937 4376 quam
955 4305 1166 4362 fallacia
1193 4305 1397 4361 inimici
1420 4307 1487 4361 ad
1510 4305 1782 4374 decipien‘

198 4402 368 4456 dum.-
406 4398 657 4454 Miserere
703 4400 831 4465 mei,
891 4399 1138 4466 Domine,
1183 4399 1480 4455 secundum
1528 4414 1782 4469 magnam

200 4491 627 4568 misericordiam
655 4499 902 4556 tuam,ut
927 4490 1065 4546 unde
1093 4491 1379 4553 erubesco,
1403 4499 1456 4544 tu
1480 4489 1780 4558 indulgeas,

199 4592 254 4637 et
280 4598 344 4638 ea
383 4598 502 4654 quae
527 4583 758 4655 gessisse
785 4596 874 4638 me
918 4581 1150 4653 poenitet
1186 4581 1482 4638 clementer
1506 4596 1776 4654 ignoscas.

197 4673 323 4728 Per.

771 4791 793 4816 ι
807 4763 927 4831 nfra
953 4762 1232 4817 actionem.

269 4853 420 4910 Hanc
448 4854 613 4926 igitur
640 4854 986 4920 oblationem,
1027 4869 1188 4924 quam
1218 4854 1313 4910 tibi
1345 4854 1516 4911 offero
1555 4869 1654 4926 ego
1698 4853 1781 4910 fa-

196 4943 377 4998 mulus
417 4951 563 5010 tuus,
598 4951 678 5009 tu,
703 4943 1124 4999 clementissime
1149 4943 1334 5009 Pater,
1379 4943 1612 5000 libenter
1637 4945 1780 5000 exci-

195 5035 336 5105 pias,
349 5033 637 5105 deprecor;
653 5035 1032 5105 orationesque
1045 5049 1193 5090 meas
1206 5035 1492 5104 dignanter
1505 5035 1776 5103 intendas,

197 5125 579 5183 tribulationes
607 5127 785 5183 cordis
806 5127 910 5182 mei
937 5126 1361 5182 misericorditer
1382 5125 1621 5191 auferas,
1663 5126 1778 5195 pla-

193 5219 388 5276 cabilis
421 5228 547 5275 vota
598 5219 880 5291 suscipias,
929 5219 1104 5276 libens
1157 5219 1426 5274 desideria
1478 5219 1774 5288 compleas,

194 5311 436 5366 clemens
472 5320 694 5381 peccata
714 5311 972 5374 dimittas,
1017 5311 1246 5366 crimina
1274 5310 1538 5382 benignus
1569 5311 1779 5366 abster-

195 5417 312 5474 gas,
341 5400 548 5474 ﬂagella
570 5403 834 5474 propitius
862 5403 1096 5458 redimas
1117 5443 1130 5468 ,
1163 5401 1452 5473 languores
1489 5403 1778 5457 miseratus

199 5494 472 5562 excludas,
513 5495 861 5551 serenissimo
920 5495 1070 5551 vultu
1111 5496 1465 5566 petitionibus
1509 5497 1643 5552 meis
1687 5513 1779 5552 ac-

195 5585 526 5653 commodes,
568 5587 796 5657 gratiam
821 5595 967 5642 tuam
995 5587 1126 5642 mihi
1159 5587 1528 5657 multipliciter
1558 5603 1776 5659 augeas,

193 5686 251 5731 et
285 5677 711 5736 misericordiam
740 5688 884 5736 tuam
909 5679 1305 5738 incessabiliter
1332 5680 1598 5752 largiaris,
1633 5680 1776 5737 dies-

195 5782 320 5840 que.

3385 341 3490 400 826

2399 447 2524 504 Post
2565 449 3012 508 Communionem.

1983 539 2128 593 Deus
2155 539 2438 594 cbaritatis
2465 549 2519 595 et
2557 542 2728 610 pacis,
2783 543 2875 611 qui
2925 560 3024 614 pro
3063 545 3238 602 salute
3277 550 3491 620 generis

1911 632 2135 687 humani
2160 633 2341 688 crucis
2367 633 2667 702 patibulum
2713 635 2976 692 sustulisti
3021 637 3394 714 [sustinuisti],
3438 652 3495 700 et

1911 723 2228 794 sanguinem
2273 732 2422 778 tuum
2468 740 2568 795 pro
2619 726 2987 796 redemptione
3034 739 3220 784 nostra
3281 731 3496 787 fudisti.

1911 829 2100 885 preces
2123 824 2338 872 nostras
2359 815 2600 885 placatus
2629 825 2683 872 et
2709 819 2972 889 benignus
3009 822 3245 891 suscipe,
3293 833 3350 878 et
3389 825 3494 878 mi-

1910 907 2260 961 sericordiam
2284 915 2428 961 tuam
2463 907 2593 962 mihi
2623 911 2881 975 concede,
2910 919 2969 965 ut
3005 927 3126 967 cum
3166 913 3233 967 de
3270 928 3496 984 corpore

1910 1013 1996 1052 me
2025 998 2176 1052 exire
2196 998 2448 1068 jusseris,
2472 1015 2598 1069 pars
2623 1001 2804 1071 iniqua
2833 1003 2886 1055 in
2920 1019 3004 1057 me
3037 1019 3142 1059 non
3172 1005 3369 1061 habeat
3399 1023 3495 1078 po-

1909 1095 2185 1156 testatem,
2211 1091 2304 1146 sed
2328 1090 2548 1161 angelus
2588 1101 2710 1146 tuus
2739 1101 2959 1148 sanctus
3002 1095 3143 1150 inter
3163 1107 3384 1154 sanctos
3435 1110 3492 1154 et

1908 1178 2111 1233 electos
2137 1186 2258 1236 tuos
2288 1179 2534 1248 collocet,
2581 1181 2791 1253 ubi_lux
2817 1193 3123 1254 permanet,
3153 1194 3209 1242 et
3257 1189 3367 1244 vita
3406 1205 3494 1246 re-

1906 1275 2052 1339 gnat.
2080 1267 2204 1324 Per.

2543 1381 2676 1420 ITEII
2719 1383 2861 1422 ΑΗΔ.

1976 1464 2304 1538 Suppliciter
2339 1478 2415 1537 te,
2465 1472 2709 1541 piissime
2738 1475 2899 1542 Deus,
2931 1476 3094 1534 Pater
3122 1481 3491 1551 omnipotens,

1903 1558 2079 1626 quies
2115 1567 2330 1614 creator
2373 1562 2630 1636 omnium
2660 1577 2866 1631 rerum,
2921 1566 3202 1637 deprecor,
3252 1578 3311 1625 ut
3361 1573 3488 1626 dum

1901 1663 1991 1704 me
2019 1648 2281 1705 famulum
2332 1658 2485 1707 tuum
2532 1669 2714 1709 coram
2763 1658 3153 1728 omnipotentia
3185 1663 3490 1732 majestatis

1902 1749 2009 1796 tuae
2028 1741 2267 1813 graviter
2293 1743 2585 1813 deliquisse
2614 1745 2902 1814 confiteor,
2937 1764 3158 1805 manum
3181 1753 3491 1808 misericor-

1824 1831 1874 1892 B
1903 1833 2005 1890 dia:
2035 1842 2138 1888 tua:
2161 1834 2292 1889 mihi
2320 1837 2598 1908 porrigas;
2633 1846 2899 1907 quatenus
2927 1839 3054 1895 dum
3097 1843 3236 1897 hanc
3257 1842 3488 1899 oblatio-

1898 1938 2022 1978 nem
2058 1935 2184 1978 ante
2206 1927 2503 1994 potentiam
2529 1935 2634 1981 tua:
2660 1927 2962 1994 majestatis
2991 1930 3180 1994 offero,
3217 1933 3358 1999 quod
3386 1948 3484 1986 ne-

1897 2015 2078 2085 quiter
2135 2017 2355 2084 admisi,
2411 2019 2834 2075 clementissime
2887 2021 3125 2093 digneris
3179 2015 3503 2080 absolvere."

1898 2105 2021 2164 Per.
3499 2099 3515 2111 ’

2308 2200 2484 2256 Lectio
2515 2201 2763 2257 Jeremia:
2789 2205 3073 2275 prophetia.

1966 2286 2024 2341 In
2049 2287 2236 2344 diebus
2260 2290 2364 2346 illis
2387 2292 2522 2346 dixit
2548 2290 2812 2349 Jeremia—s
2847 2310 2859 2346 :
2886 2294 3132 2357 Domine,
3175 2309 3363 2350 omnes
3385 2296 3483 2366 qui

1895 2386 1950 2434 te
1979 2378 2376 2449 derelinquunt,
2408 2381 2841 2449 confundentur;
2898 2384 3216 2439 recedentes
3246 2401 3275 2438 a
3322 2394 3390 2448 te,
3423 2386 3481 2440 in

1893 2478 2038 2526 terra
2103 2473 2428 2527 scribentur.
2495 2473 2763 2540 Quoniam
2834 2474 3236 2544 dereliquerunt
3287 2490 3478 2529 venam

1893 2578 2158 2633 aquarum
2190 2564 2487 2618 viventium
2535 2564 2842 2620 Dominum.
2896 2565 3040 2620 Sana
3073 2581 3178 2632 me,
3230 2566 3477 2640 Domine,

1893 2662 1950 2709 et
1973 2655 2244 2723 sanabor;
2271 2655 2478 2710 salvum
2505 2669 2590 2710 me
2625 2655 2711 2710 fac
2755 2665 2806 2712 et
2831 2655 3010 2713 salvus
3061 2673 3178 2726 ero,
3220 2659 3477 2730 quoniam

1894 2744 2011 2801 laus
2034 2761 2151 2800 mea
2177 2754 2233 2800 tu
2258 2761 2342 2813 es,
2371 2746 2599 2802 Domine
2625 2747 2767 2802 Deus
2797 2763 2973 2803 meus.

2035 2855 2211 2911 Lectio
2236 2860 2405 2913 sancti
2431 2857 2705 2929 Evangelii
2724 2859 3010 2914 secundum
3032 2860 3321 2915 Joannem.

1961 2947 2019 3002 In
2047 2947 2136 3003 illo
2151 2957 2390 3019 tempore
2407 2951 2543 3005 dixit
2557 2950 2713 3005 .lesus
2727 2951 3004 3021 discipulis
3019 2953 3161 3007 suis:
3184 2952 3240 3007 Si
3258 2969 3473 3008 manse-

1892 3039 2012 3094 ritis
2041 3041 2095 3094 in
2121 3055 2230 3104 me,
2258 3050 2312 3095 et
2336 3042 2499 3096 verba
2533 3057 2652 3096 mea
2678 3041 2731 3095 in
2752 3042 2905 3097 vobis
2936 3043 3260 3110 manserint,
3307 3045 3478 3114 quod-

1892 3145 2104 3200 cunque
2125 3130 2400 3187 volueritis
2422 3131 2636 3202 petetis,
2668 3139 2723 3185 et
2746 3131 2839 3185 fiet
2865 3131 3034 3188 vobis.

2485 3243 2659 3316 Super
2689 3243 2902 3299 Oblata.

1960 3361 2103 3427 Tibi,
2139 3360 2366 3417 Domine
2396 3362 2541 3417 Deus
2573 3377 2746 3428 meus,
2776 3376 2911 3416 mea:
2933 3361 3237 3416 devotionis
3268 3362 3475 3417 hostias

1888 3451 2108 3507 immoto
2143 3451 2290 3521 :hoc
2309 3467 2426 3516 oro,
2459 3452 2771 3521 pariterque
2822 3452 3084 3520 deprecor
3131 3453 3478 3506 clementiam

1888 3550 2059 3605 tuam,
2088 3547 2148 3594 ut
2197 3555 2284 3595 me
2328 3540 2656 3594 sacrificium
2707 3549 2857 3593 tuum
2902 3541 3323 3596 mortiﬁcatione
3353 3540 3477 3594 vitae

1889 3629 2127 3684 carnalis
2170 3629 2442 3695 effectum,
2489 3631 2543 3684 in
2581 3631 2800 3685 odorem
2829 3632 3116 3702 suavitatis
3136 3632 3392 3701 accipias,
3423 3639 3481 3685 et

1887 3720 2129 3775 moribus
2158 3721 2354 3789 quibus
2407 3720 2675 3790 professio
2725 3737 2845 3777 mea
2884 3724 3157 3792 congruit,
3200 3723 3475 3782 instituas.

1889 3809 1959 3867 Ut
1984 3826 2146 3880 quem
2171 3820 2370 3866 sanctae
2391 3813 2820 3882 compunctionis
2858 3814 3053 3869 ardore
3084 3815 3153 3869 ab
3182 3815 3466 3868 hominum

1888 3911 2204 3959 cteterorum
2232 3906 2508 3974 proposito
2539 3906 2862 3976 segregasti,
2907 3905 3075 3961 etiam
3103 3921 3133 3960 a
3179 3919 3476 3960 conversa-

1888 3991 2033 4047 tione
2059 3993 2286 4060 carnali,
2311 4002 2473 4064 atque
2496 3997 2564 4050 ab
2591 3995 2933 4050 immunditia
2963 4005 3181 4051 actuum
3225 4004 3474 4050 terreno-

1885 4081 2230 4149 rum,infusa
2270 4083 2402 4137 mihi
2440 4084 2653 4140 coalitus
2697 4085 3015 4152 sanctitate,
3063 4087 3366 4150 discernas,
3416 4093 3478 4140 ut

1885 4177 2066 4231 omnia
2093 4183 2311 4232 terrena
2345 4177 2663 4248 despiciam,
2683 4178 2927 4234 coelestia
2948 4187 3220 4251 appelam.
3252 4177 3376 4234 Per.

2538 4286 2819 4358 Prazfalio.

1955 4396 2018 4452 D.
2044 4404 2100 4453 et
2137 4396 2344 4468 justum
2389 4406 2493 4465 est,
2537 4415 2720 4470 usque,
2763 4408 2967 4454 aeterne
3004 4399 3169 4454 Deus.
3221 4397 3322 4464 Qui
3372 4412 3471 4467 pro

1888 4501 2073 4542 amore
2092 4487 2371 4542 hominum
2396 4488 2573 4544 factus
2612 4489 2668 4543 in
2703 4489 3109 4544 similitudinem
3130 4489 3313 4544 carnis
3339 4503 3470 4557 pec-

1887 4579 2017 4643 cati,
2049 4577 2279 4633 formam
2306 4579 2447 4633 servi
2472 4577 2732 4633 Dominus
2759 4579 3072 4648 assumpsit,
3119 4586 3175 4632 et
3206 4577 3259 4632 in
3287 4577 3472 4646 specie

1887 4669 2175 4735 vulnerati,
2203 4671 2445 4726 medicus
2484 4669 2802 4724 ambulavit.
2833 4669 3109 4730 Hic,nobis
3135 4668 3394 4724 Dominus
3413 4677 3472 4722 et

1888 4761 2138 4817 minister
2164 4762 2376 4828 salutis,
2393 4763 2688 4818 advocatus
2719 4771 2775 4818 et
2799 4760 2991 4830 judex,
3017 4763 3272 4816 sacerdos
3298 4769 3353 4814 et
3383 4775 3467 4814 sa-

1886 4849 2170 4907 crificium.
2223 4852 2328 4907 Per
2356 4853 2499 4908 hunc
2530 4861 2601 4918 te,
2633 4852 2858 4906 Domine
2898 4859 3082 4906 sancte
3115 4850 3297 4914 Pater,
3341 4864 3468 4918 sup-

1884 4942 2098 5012 pliciter
2126 4957 2314 5008 exoro,
2341 4952 2401 4997 ut
2423 4943 2551 4997 dum
2580 4952 2789 4997 reatum
2822 4941 3170 4996 conscientia:
3219 4954 3354 4994 meae
3383 4953 3467 4993 re-

1883 5047 2172 5104 cognosco,
2195 5033 2338 5102 quod
2365 5033 2420 5086 in
2442 5031 2724 5102 praeceptis
2743 5031 2848 5086 tuis
2865 5031 3247 5100 praevaricator
3258 5029 3466 5095 exstiti,

1883 5130 1938 5175 et
1965 5138 2062 5192 per
2089 5122 2405 5178 delictorum
2437 5122 2647 5178 facinus
2669 5124 2847 5177 corrui
2882 5123 2934 5177 in
2973 5123 3202 5177 ruinam.
3235 5122 3314 5176 Tu
3355 5137 3463 5187 me,

1882 5214 2128 5281 Domine,
2153 5216 2322 5286 erige,
2350 5216 2708 5286 quemlapsus
2740 5218 2944 5286 peccati
2973 5217 3298 5286 prostravit;
3348 5215 3468 5271 illu-

1883 5306 2029 5359 mina
2049 5320 2271 5371 caecum,
2304 5321 2466 5375 quem
2507 5315 2666 5360 terra:
2693 5315 3037 5375 peccatorum
3081 5307 3342 5377 caligines
3376 5304 3467 5360 ob-

1884 5404 2269 5461 scuraverunt;
2301 5395 2447 5450 solve
2479 5396 2863 5467 compeditum,
2904 5412 3062 5466 quem
3088 5396 3303 5452 vincula
3340 5411 3465 5466 pec-

1878 5494 2124 5541 catorum
2153 5486 2543 5557 constringunt.
2572 5487 2772 5542 Przesta
2796 5505 2892 5558 per
2913 5497 3158 5543 sanctum
3181 5498 3236 5542 et
3267 5486 3464 5556 glorio-

1880 5592 1999 5633 sum
2038 5585 2092 5634 et
2127 5579 2461 5635 adorandum
2505 5580 2790 5635 Dominum
2829 5591 3072 5636 nostrum
3097 5579 3280 5634 Jcsum
3306 5575 3460 5631 Chri-

1881 5672 2266 5738 stum,Filium
2314 5682 2484 5740 tuum,
2537 5691 2694 5746 quem
2732 5676 2953 5731 laudant
2984 5673 3182 5746 angeli,
3234 5673 3459 5728 adorant

1883 5765 2297 5834 dominationes,
2331 5776 2567 5825 tremunt
2597 5776 2914 5840 potestates.
