3954 6342
532 354 641 416 327
1528 366 1859 427 GlilMALDl
1897 374 1978 431 SA
1987 376 2413 456 NGALLENSIS
2446 392 2739 455 ABBATIS

1108 464 1265 538 Infra
1302 475 1578 534 actionem.

606 537 759 598 Hanc
778 542 939 616 igitur
967 537 1294 614 oblationem
1321 577 1483 633 quam
1516 570 1633 638 tibi,
1664 574 1911 645 Domine,
1946 580 2114 639 oﬁero

534 644 635 700 pro
661 637 897 702 peccatis
919 642 1055 696 meis
1081 646 1279 705 minuis
1308 661 1471 725 atque
1507 660 1918 737 offensionibus,
1950 677 2116 746 maje-

532 728 732 778 statem
775 733 921 784 tuam
972 734 1097 791 totis
1142 738 1349 799 viribus
1395 747 1589 807 humili
1646 771 1809 826 prece
1856 728 2110 834 deposco,

532 811 672 834 mm
701 816 772 834 _..
838 820 849 832 .
1007 825 1040 834 ..

1646 811 1666 826 ,ι
1730 811 1737 812 7
1762 811 1769 812 7
1789 811 1803 814 ν
1862 811 2110 834 --ιιννννν

530 811 674 870 Deus
698 816 961 889 piissime,
989 825 1276 897 dignanter
1302 839 1572 910 suscipas,
1602 859 1838 905 exorans
1862 853 2112 912 ut'diuiit-

528 908 613 956 tas
631 902 859 963 crimina
886 926 1006 981 quae
1060 916 1356 992 fragilitate
1390 902 1571 988 carnis
1598 943 1762 1007 atque
1811 946 2109 1004 tentatione

2214 685 2346 740 mihi
2369 696 2640 757 peccatori
2657 694 2881 764 januam
2910 706 3062 776 regni
3090 709 3167 763 tui
3198 685 3465 782 caelestis,
3486 685 3598 788 per
3616 685 3784 794 quam,

2216 781 2268 832 te
2296 780 2586 851 tribuente,
2633 794 2850 847 merear
2881 794 3094 868 ingredi
3142 801 3199 857 in
3238 780 3785 885 requiem-semiliber:

2213 881 2358 946 nam.
2394 869 2498 926 Per
2522 878 2794 937 eumdem.

2832 1011 2965 1054 ITEII
3014 1019 3158 1063 ALIA.

982 1097 995 1109 ,
1085 1096 1093 1104 ,
1266 1070 1283 1084 -
1455 1070 1681 1094 π’·--νη
1708 1070 1881 1137 ν’·νυζ·
1909 1070 2103 1141 ’τῖ’ωξ·
2218 1092 2221 1095 ·
2278 1070 2629 1145 Omnipotens
2650 1086 2977 1155 sempiterne
3019 1093 3180 1164 Deus,
3213 1102 3306 1171 qui
3330 1119 3417 1161 me
3446 1118 3781 1179 peccatorem

982 1114 1099 1155 mas
1135 1102 1295 1174 ultra,
1319 1111 1417 1166 sed
1446 1116 1706 1174 conﬁrma
1740 1137 1906 1179 mem
1949 1139 2107 1179 iusti-
2211 1176 2254 1179 μ
2334 1165 2345 1176 -
2462 1168 2495 1179 -κ
2574 1172 2605 1179 --

982 1097 995 1109 .
1085 1096 1093 1104 ·
1667 1085 1679 1094 -
1767 1085 1787 1101 σ
1834 1085 1880 1137 ς
1909 1085 2103 1141 -ςντ-ς-
2218 1092 2221 1095 -
2278 1085 2629 1145 Umnipoteus
2650 1086 2977 1155 sempiterne
3019 1093 3180 1164 Deus,
3213 1102 3306 1171 qui
3330 1119 3417 1161 me
3446 1118 3781 1179 peccatoreiu

523 1094 611 1136 me
636 1085 702 1188 ἥδ
723 1100 785 1191 eo“
812 1106 919 1148 ¹¹⁰¹¹
950 1111 1099 1201 δξηδδ
1135 1102 1295 1174 “um,
1319 1111 1417 1166 sed
1446 1116 1706 1174 conﬁrma
1740 1137 1827 1178 me
1852 1142 1906 1179 ¹¹¹
1942 1139 2107 1196 lusu"
2205 1165 2379 1220 sacris
2426 1168 2691 1231 altaribus
2741 1186 2924 1237 astare
2953 1185 3195 1257 voluisti,
3247 1201 3301 1248 et
3330 1199 3509 1253 sancti
3562 1204 3781 1260 nominis

523 1170 868 1239 ﬁcationibus
916 1194 1065 1259 tuis,
1123 1203 1179 1250 et
1238 1209 1692 1260 perseverantiam
1740 1216 1871 1260 mihi
1926 1222 2103 1260 lrihlm
2269 1254 2324 1260 --
2419 1258 2431 1260 -

519 1170 868 1263 ﬁcationibus
916 1188 1065 1259 tuis,
1123 1203 1179 1250 et
1234 1170 1693 1271 perseverantiam
1739 1216 1872 1273 mihi
1926 1170 2103 1279 tribue

519 1264 535 1277 ο
625 1267 637 1279 ,
685 1269 695 1280 _
740 1260 741 1263 η
1048 1254 1059 1259 7
1185 1288 1198 1300 .
1234 1254 1254 1267 -
1292 1254 1295 1255 ν
1338 1254 1693 1271 “mw-"rw
1928 1254 2103 1279 "'"W
2162 1325 2165 1328 _
2204 1254 2280 1308 tui
2306 1254 2528 1315 laudare
2556 1269 2899 1338 potentiam;
2930 1281 3188 1347 concede,
3236 1299 3442 1354 quasso,
3495 1303 3599 1359 per
3638 1293 3781 1362 hujus

519 1280 576 1320 in
622 1267 748 1337 illis,
804 1284 859 1330 et
882 1274 964 1334 fac
1011 1298 1099 1339 me
1147 1287 1366 1358 dignum
1414 1306 1541 1354 ante
1572 1316 1922 1362 conspectum
1946 1320 2098 1362 tuum
2208 1360 2219 1362 -
2515 1354 2529 1362 -

517 1267 576 1320 in
622 1267 748 1337 illis,
804 1284 859 1330 et
882 1274 964 1334 fac
1011 1298 1099 1339 me
1147 1287 1366 1358 dignum
1414 1306 1541 1354 ante
1572 1316 1923 1376 conspectum
1946 1320 2101 1370 tuum
2162 1325 2165 1328 '

992 1373 1005 1387 .
1083 1376 1096 1388 .
1207 1354 1252 1393 -.
1298 1383 1309 1395 .
1584 1354 2101 1376 """""""""'"‘
2202 1354 2529 1408 sacramenti
2578 1363 2915 1430 mysterium,
2962 1384 3209 1428 meorum
3241 1378 3374 1434 mihi
3405 1384 3626 1439 veniam
3670 1402 3781 1457 pec.

992 1375 1191 1433 iﬁcmm
1216 1383 1312 1438 tibi
1339 1385 1568 1445 Domino
1597 1398 1798 1453 mundo
1842 1403 2004 1457 corde
2043 1411 2099 1457 et
2535 1452 2544 1457 ι
2586 1456 2591 1457 ν
2803 1453 2815 1457 -

515 1368 720 1430 astare,
760 1372 816 1421 et
863 1373 1191 1433 sacriﬁcium
1216 1383 1312 1438 tibi
1339 1385 1568 1445 Domino
1597 1368 1798 1453 mundo
1842 1403 2004 1459 corde
2043 1411 2099 1460 et

516 1462 670 1512 casto
691 1472 921 1530 corpore
946 1466 1105 1539 digne
1135 1471 1354 1543 oﬁ‘erre,
1378 1478 1600 1554 diesque
1624 1498 1865 1553 nostros.

976 1578 1107 1637 Post
1146 1585 1593 1654 Communionem.

583 1653 935 1731 Omnipotens
971 1675 1302 1743 sempiterne
1345 1682 1503 1750 Deus,
1546 1653 1673 1747 Jesu
1728 1695 1943 1757 Christe
1991 1704 2096 1761 Do-

512 1746 680 1816 mine,
706 1762 822 1810 esto
865 1762 1131 1831 propitius
1175 1775 1417 1838 peccatis
1457 1781 1612 1850 meis,
1640 1801 1743 1855 per
1766 1797 2089 1866 assumptio-

507 1854 633 1897 nem
671 1851 915 1919 corporis
937 1862 992 1910 et
1034 1862 1315 1933 sanguinis
1361 1870 1459 1936 tui,
1503 1883 1559 1930 et
1606 1893 1704 1948 per
1747 1882 2089 1945 intercessio-

505 1942 631 1987 nem
675 1942 848 1996 sancti
903 1944 980 2000 tui
1006 1945 1072 2002 N.
1112 1949 1190 2007 Tu
1234 1957 1377 2012 enim
1436 1942 1660 2035 loquens
1726 1942 2089 2047 dixisti

1505 2026 1522 2035 ,
1940 2026 1953 2032 -
1988 2026 2083 2047 κ...

505 2026 791 2085 manducat
825 2051 1035 2093 carnem
1081 2058 1272 2113 meam,
1302 2060 1351 2104 et
1378 2052 1504 2108 bibit
1539 2064 1847 2130 sanguinem
1890 2085 2083 2142 meum,

503 2113 615 2184 ipse
643 2119 698 2173 in
720 2137 804 2177 me
832 2139 1028 2197 manet,
1054 2142 1102 2186 et
1133 2151 1226 2206 ego
1261 2141 1315 2193 in
1340 2159 1418 2197 eo.
1453 2145 1581 2204 Ideo
1624 2113 1679 2207 te
1714 2158 1938 2228 supplex
1984 2114 2087 2220 de:

500 2220 720 2277 precor,
746 2222 806 2269 ut
832 2216 887 2272 in
918 2236 1005 2276 me
1028 2239 1126 2280 cor
1151 2233 1407 2290 mundum
1435 2250 1611 2308 crees,
1639 2252 1693 2299 et
1714 2249 1961 2317 spiritum
1992 2271 2082 2312 re-

501 2304 649 2354 ctum
674 2300 729 2357 in
758 2305 1056 2371 visceribus
1085 2318 1222 2376 meis
1274 2321 1519 2396 innoves,
1563 2340 1617 2389 et
1646 2337 1838 2406 spiritu
1881 2344 2084 2412 princi-

501 2388 605 2412 _..'I!
632 2407 681 2412 -μ
698 2408 712 2412 Α
755 2411 764 2412 7
790 2411 793 2412 7
853 2399 880 2412 “
1105 2408 1139 2412 “

496 2388 605 2458 pali
632 2407 719 2449 me
741 2399 1065 2462 conﬁrmare
1087 2408 1349 2481 digneris,
1376 2388 1538 2488 atque
1568 2424 1636 2479 ab
1670 2388 1920 2487 omnibus
1945 2434 2082 2492 insi-

495 2480 601 2543 diis
627 2485 823 2545 diaboli
853 2502 1027 2566 atque-
1041 2480 1186 2557 vitiis
1208 2480 1491 2574 emundes.
1516 2522 1575 2568 ut
1605 2519 1816 2583 gaudiis
1846 2523 2083 2582 cmlesti-

491 2570 596 2632 bus
620 2592 831 2640 merear
862 2602 984 2646 esse
1005 2593 1296 2667 particeps.
1329 2599 1431 2667 Qui
1461 2620 1582 2661 cum
1608 2608 1788 2666 Patre.

1114 2721 1245 2762 ITEII
1281 2725 1424 2767 ΑιιΑ.

562 2775 703 2836 Deus
728 2785 829 2842 sub
877 2790 1029 2861 cujus
1058 2797 1230 2854 oculis
1254 2816 1416 2860 omne
1450 2821 1545 2862 cor
1583 2812 1833 2882 trepidat,
1883 2831 2074 2876 omnes

491 2872 839 2932 conscientia:
863 2895 1180 2956 pavescunt,
1226 2895 1436 2964 respice
1465 2901 1732 2970 propitius
1776 2905 1842 2960 ad
1882 2924 2072 2977 preces

488 2959 717 3025 gemitus
744 2968 871 3034 mei,
894 2980 952 3026 ut
979 2975 1120 3033 sicut
1148 2995 1254 3046 me,
1280 2959 1441 3043 nullis
1463 2959 1909 3060 prata-cedentibusr
1944 3016 2066 3057 me-

486 3046 628 3113 ritis,
662 3053 716 3108 in
747 3056 865 3116 loco
899 3063 1059 3135 hujus
1112 3074 1393 3134 servitutis
1443 3088 1546 3137 tum
1587 3088 1758 3143 sacris
1779 3089 1949 3146 fecisti
1981 3109 2069 3149 as-

486 3136 682 3199 sistere
716 3147 996 3221 altaribus,
1030 3158 1106 3214 ita
1132 3167 1427 3224 secundum
1470 3174 1868 3235 multitudinem
1906 3184 2071 3241 mise-
2099 3197 2144 3261 ο

486 3230 755 3261 νηιὲηη...υ.
790 3246 906 3261 .--η
1048 3249 1063 3261 .
1124 3252 1136 3261 .
1196 3253 1211 3261 -
1254 3256 1267 3261 -

484 3230 756 3290 rationum
790 3246 999 3300 tuarum
1031 3249 1095 3303 da
1123 3252 1507 3327 indulgentiam
1549 3277 1891 3334 peccatorum
1920 3290 2069 3332 meo-

483 3333 625 3383 rum,
658 3333 719 3379 ut
750 3343 868 3386 mea
892 3332 1178 3409 fragilitas,
1203 3360 1323 3414 quae
1348 3364 1447 3419 per
1473 3368 1531 3408 se
1550 3332 1822 3425 proclivis
1868 3373 1951 3419 est
1997 3366 2068 3422 ad

480 3407 812 3488 labendum,
866 3439 966 3496 per
1019 3436 1070 3486 te
1110 3448 1323 3508 semper
1378 3453 1660 3513 reparetur
1712 3450 1780 3506 ad
1828 3455 2065 3514 veniam.

482 3497 607 3560 Per.
768 3510 783 3523 '

1152 3617 1386 3678 Secreta.

552 3692 769 3756 Hostias
818 3701 933 3769 tibi,
983 3704 1227 3772 Domine,
1274 3712 1597 3782 placationis
1642 3731 1697 3777 et
1734 3723 1910 3784 laudis
1964 3745 2065 3801 pro

476 3784 636 3840 venia
662 3788 978 3848 delictorum
1006 3810 1272 3867 meorum,
1296 3803 1464 3861 offero
1495 3823 1595 3882 ego
1618 3813 1871 3886 indignus
1895 3818 2064 3877 famu-

474 3872 561 3930 lus
614 3882 756 3943 tuus,
807 3881 1100 3943 obsecrans
1129 3891 1554 3953 misericordiam
1586 3908 1733 3957 tuam
1775 3915 1836 3961 ut
1868 3908 1936 3962 ab
1971 3925 2062 3967 oc-

474 3963 635 4021 cultis
665 3983 752 4023 me
766 3972 1011 4030 'reatibus
1037 3983 1300 4039 emundes
1320 3985 1636 4058 clementer,
1675 4003 1730 4049 et
1775 4013 1806 4051 a
1834 4001 2060 4057 manife-

472 4050 572 4109 stis
599 4061 987 4120 convenienter
1007 4082 1296 4143 expurges.
1326 4074 1432 4130 Per
1460 4080 1770 4141 Dominum.

1117 4182 1395 4245 Praefatio.

1117 4192 1241 4242 Prw
1269 4192 1395 4245 atio.
1865 4204 1877 4218 '

544 4257 611 4314 D.
639 4268 695 4316 et
715 4260 919 4329 justum
941 4279 1042 4357 est,
1082 4192 1273 4346 usquef
1287 4289 1488 4340 mterne
1516 4286 1675 4343 Deus.
1696 4289 1861 4360 Cujus
1878 4295 2057 4351 omni-

469 4352 712 4419 potentia
734 4352 1026 4429 laudanda,
1044 4364 1220 4434 pietas
1252 4372 1647 4446 amplectenda,
1681 4352 2053 4443 misericordia

466 4446 551 4495 est
580 4446 885 4515 exoranda;
912 4450 1065 4522 cujus
1094 4457 1256 4513 etiam
1278 4461 1531 4532 pietatem
1562 4468 1842 4529 humiliter
1862 4475 2053 4547 implo-

2199 1446 2465 1510 catorum,
2494 1452 2553 1499 ut.
2579 1456 2684 1505 tua:
2710 1453 2981 1523 majestati
3011 1462 3172 1536 digne
3199 1470 3521 1532 ministrare
3546 1493 3772 1539 merear.

2196 1525 2319 1585 Per.

2783 1634 2956 1709 Super
2981 1643 3194 1705 Oblata.

2264 1713 2361 1781 Da,
2404 1731 2732 1788 quaesumus,
2777 1728 3199 1795 clementissime
3250 1740 3440 1812 Pater,
3484 1763 3588 1818 per
3630 1752 3777 1822 hujus

2119 1846 2167 1907 Β
2193 1803 2483 1866 oblationis
2519 1819 2863 1887 mysterium,
2901 1840 3145 1885 meorum
3183 1833 3315 1890 mihi
3339 1803 3559 1896 veniam
3591 1803 3773 1913 pecca-

2195 1903 2396 1967 torum,
2424 1913 2486 1959 ut
2521 1922 2627 1964 non
2659 1913 2726 1966 ad
2746 1913 3014 1984 judicium
3057 1926 3253 1983 animae
3276 1945 3435 1997 mae,
3479 1937 3578 1991 sed
3608 1940 3678 1992 ad
3706 1942 3777 1995 in-

2191 1987 2543 2063 dulgentiam,
2575 1999 2735 2070 hujus
2773 2009 3182 2082 presbyteratus
3198 2006 3347 2077 ordo
3368 1987 3776 2098 proﬁciat

2188 2085 2591 2155 sempiternam.
2626 2094 2731 2152 Per
2753 2099 3057 2163 Dominum.
3662 2107 3688 2127 ⁸

2256 2290 2322 2345 D.
2349 2301 2405 2348 et
2422 2292 2627 2365 justum
2658 2310 2762 2368 est,
2816 2323 2998 2379 usque,
3044 2319 3246 2372 aeterne
3272 2318 3433 2376 Deus.
3471 2323 3579 2391 Qui
3610 2329 3773 2398 septi-

2182 2377 2373 2440 formis
2397 2389 2775 2450 ecclesiastica:
2802 2377 3079 2469 dignitatis
3107 2409 3307 2476 gradus
3333 2377 3773 2483 septiplici-d'ono

2182 2474 2355 2529 sancti
2399 2477 2635 2548 Spiritus
2664 2484 2958 2556 decorasti,
2998 2474 3195 2563 praesta
3227 2501 3360 2556 mihi
3394 2474 3773 2577 propitiusfa;

2180 2564 2327 2620 mulo
2351 2575 2457 2633 tuo,
2487 2575 2735 2630 eumdem
2762 2578 2815 2633 in
2843 2584 3133 2642 sanctitate
3158 2589 3284 2645 vita:
3307 2564 3626 2662 promereri
3654 2598 3769 2670 Spi-

2179 2657 2342 2714 ritum
2357 2665 2708 2734 paracletum,
2732 2688 2893 2742 quem
2916 2677 3226 2750 unigenitus
3246 2657 3418 2743 Filius
3445 2697 3576 2745 tuus
3590 2691 3770 2749 Domi-

2176 2748 2641 2814 nus'nosterJesus
2656 2760 2901 2819 Christus
2917 2748 3031 2821 tuis
3044 2768 3290 2830 ﬁdelibus
3313 2777 3645 2835 mittendum
3658 2797 3773 2839 esse

2176 2844 2443 2911 promisit.
2489 2848 2589 2917 Qui
2622 2853 2750 2907 mihi
2788 2861 3061 2925 peccatori
3090 2862 3361 2934 inspirare
3388 2868 3656 2939 dignetur
3679 2889 3771 2928 ca-

2176 2931 2390 2991 tholica:
2438 2937 2559 2995 ﬁdei
2596 2941 2929 3013 ﬁrmitatem,
2976 2959 3033 3005 et
3074 2931 3277 3010 sancta:
3321 2931 3621 3017 charitatis
3671 2974 3770 3019 tua:

2175 3025 2508 3088 dulcedinem
2551 3051 2745 3108 meque
2785 3048 2999 3098 terrena
3036 3046 3311 3117 deSpicere
3339 3060 3395 3105 et
3432 3069 3629 3110 amare
3656 3073 3764 3113 C(2-

2174 3114 2327 3175 lestia
2352 3122 2559 3179 doceat.
2596 3126 2702 3182 Per
2728 3129 3000 3188 Christum
3038 3114 3325 3196 Dominum
3348 3154 3630 3201 nostrum.

2406 3294 2415 3299 ν
2648 3238 2778 3296 Post
2820 3243 3269 3305 Communionem.

2247 3324 2553 3393 Sumentes,
2596 3330 2822 3390 Domine
2866 3335 3031 3404 Deus,
3075 3341 3267 3398 salutis
3312 3354 3521 3425 nostra:
3583 3365 3764 3406 sacra-

2172 3422 2375 3480 menta,
2413 3429 2630 3488 praesta,
2676 3438 3007 3495 quiesumus,
3058 3441 3118 3486 ut
3149 3446 3339 3489 eorum
3386 3422 3757 3511 participatio,

2170 3507 2303 3563 mihi
2351 3508 2552 3568 famulo
2599 3523 2693 3572 tuo
2734 3518 2805 3574 ad
2849 3530 3166 3594 perpetuam
3205 3528 3460 3597 proﬁciat
3506 3507 3760 3591 salutem.

2168 3595 2292 3654 Per.

2885 3704 3009 3761 Alia

2234 3784 2411 3844 Aures
2428 3798 2532 3847 tuae
2556 3792 2796 3862 pietatis,
2823 3797 3112 3857 mitissime
3140 3802 3308 3871 Deus,
3337 3804 3548 3865 inclina
3580 3814 3759 3882 preci-

2163 3873 2266 3932 bus
2310 3881 2478 3946 meis,
2523 3890 2578 3938 et
2632 3886 2805 3956 gratia
2847 3892 3024 3945 sancti
3078 3892 3315 3964 Spiritus
3368 3898 3623 3958 illumina
3669 3920 3759 3961 eor

2164 3980 2367 4033 meum,
2414 3978 2475 4024 ut
2519 3973 2625 4029 tuis
2676 3978 2953 4047 mysteriis
3000 3982 3161 4054 digne
3224 3987 3551 4047 ministrare
3597 4002 3757 4066 teque

2161 4064 2362 4113 aeterna
2390 4059 2656 4120 charitate
2684 4066 2906 4140 diligere
2939 4087 3171 4130 merear.
3212 4075 3337 4134 Per.

2836 4181 3067 4240 LXVIII.

2228 4275 2378 4319 IISSA
2406 4280 2603 4322 VOTIVA
2632 4284 2734 4326 PRO
2773 4287 2959 4340 Αιηοο,
2997 4290 3097 4331 γει
3132 4294 3235 4335 PRO
3258 4295 3364 4344 QUO
3390 4297 3683 4343 νοιυεωε.

2226 4371 2387 4439 Deus,
2417 4375 2797 4446 quijustiﬁcas
2839 4381 3086 4454 impium,
3133 4395 3190 4443 et
3234 4405 3345 4446 non
3382 4393 3469 4449 vis
3518 4405 3747 4453 mortem

2154 4472 2526 4532 peccatorum,
2572 4467 2914 4538 maiestatem
2946 4483 3094 4531 tuam
3123 4480 3445 4550 suppliciter
3486 4484 3748 4556 depreca—

466 4543 653 4588 ramus
697 4541 759 4590 ut
804 4550 1125 4600 cunctorum
1180 4550 1337 4606 nobis
1407 4556 1782 4616 remissionem
1843 4541 2052 4623 tribuas
2082 4563 2132 4622 D
2160 4566 2282 4606 ml"
2300 4562 2359 4610 υῑ
2385 4553 2643 4612 famulum
2671 4568 2819 4616 “’“m
2846 4561 2913 4618 Ν*
2957 4565 3024 4621 de
3054 4574 3143 4622 ί¹¹³
3175 4571 3557 4630 misericordia
3585 4578 3749 4633 ⁰⁰¹’⁶⁴

463 4629 831 4693 peccatorum,
869 4640 1131 4703 actusque
1172 4648 1387 4698 nostros
1416 4644 1468 4699 in
1497 4647 1774 4707 voluntate
1808 4660 1896 4708 tua
1923 4655 2055 4711 diri-

461 4724 607 4779 gere,
631 4729 838 4786 nosque
868 4735 899 4774 a
922 4727 1132 4782 cunctis
1167 4730 1325 4787 malis
1360 4734 1596 4806 digneris
1644 4742 1886 4813 eripere;
1917 4760 2051 4815 qua-

460 4807 618 4857 tenus
644 4806 712 4861 ab
736 4812 990 4869 omnibus
1015 4816 1431 4880 adversitatibus
1455 4834 1544 4882 tua
1569 4806 1924 4901 opitulatione
1952 4837 2047 4892 de-

456 4889 625 4960 l‘endi,
654 4906 709 4953 et
730 4900 785 4955 in
814 4902 972 4961 bonis
999 4911 1252 4967 omnibus
1277 4889 1622 4987 conﬁrmari:
1638 4932 1694 4978 et
1719 4937 2042 4995 praesentem

455 4980 626 5038 vitam
651 4990 752 5044 sub
782 4999 871 5047 tua
894 4996 1285 5067 gubernatione
1307 5004 1703 5078 inculpabiliter
1720 4980 2041 5091 ltransigcre,

457 5076 512 5121 et
539 5071 605 5125 ad
657 5084 934 5147 aeternam,
988 5084 1247 5157 largiente
1271 5099 1344 5159 te,
1377 5094 1602 5154 feliciter
1634 5071 1925 5173 pervenire
1951 5123 2046 5165 va-

459 5155 687 5218 leamus.
715 5164 820 5222 Per
848 5155 1145 5232 Christum.

931 5284 1060 5344 Post
1107 5291 1559 5357 Commumonem.

531 5361 690 5433 Deus,
719 5371 811 5440 qui
840 5390 926 5431 me
959 5378 1235 5453 indignum
1281 5391 1451 5447 sacris
1486 5399 1779 5467 mysteriis,
1811 5417 2038 5476 corpore

457 5462 515 5511 et
546 5463 806 5533 sanguine
831 5468 1165 5532 dilectissimi
1192 5479 1313 5535 Filii
1350 5486 1426 5540 tui
1468 5462 1681 5547 Domini
1712 5498 1882 5552 nostri
1910 5462 2038 5557 iesu

456 5544 682 5620 Christi,
717 5560 1030 5627 confortare
1074 5569 1324 5641 dignatus
1360 5591 1437 5645 es,
1489 5580 1768 5641 humiliter
1810 5590 2037 5649 obsecro

455 5638 885 5707 misericordiam
919 5661 1064 5712 tuam
1100 5667 1159 5713 ut
1201 5678 1307 5719 non
1356 5667 1428 5723 sit
1453 5671 1520 5726 ad
1553 5673 1815 5744 judicium
1841 5681 2036 5739 animai

454 5742 623 5796 meai:
654 5749 875 5807 praesta,
922 5762 1127 5812 anteso.
1180 5753 1426 5820 Domine.
1478 5742 1860 5827 indulgentiam
1903 5774 2033 5831 milii

2163 4640 2399 4708 dentem,
2425 4645 2634 4702 cmlesti
2665 4658 2916 4722 protegas
2958 4654 3227 4727 benignus
3267 4662 3497 4729 auxilio,
3532 4676 3591 4722 et
3617 4668 3748 4722 assi-

2160 4732 2262 4786 dua
2293 4738 2628 4803 protectione
2646 4756 2956 4810 conserves,
2984 4755 3044 4802 ut
3073 4749 3170 4805 tibi
3192 4750 3401 4823 ju‘giter
3428 4755 3743 4825 famuletur,

2157 4832 2209 4878 et
2238 4825 2399 4882 nullis
2428 4832 2814 4891 tentatiouibus
2848 4852 2877 4891 a
2912 4847 2965 4894 tc
2994 4852 3300 4911 separetur.
3330 4846 3457 4903 Per.

2720 4941 2890 5015 Super
2948 4946 3160 5006 Oblata.

2225 5021 2414 5095 Hujus,
2446 5026 2692 5097 Domine,
2723 5049 3051 5106 quaesumus,
3097 5042 3300 5100 virtute
3335 5051 3612 5119 mysterii,
3633 5060 3691 5106 et
3713 5067 3741 5105 a

2149 5118 2384 5187 propriis
2407 5136 2504 5177 nos
2526 5125 2724 5179 munda
2752 5127 2982 5197 delictis,
3009 5141 3066 5188 et
3093 5133 3354 5203 famulum
3387 5118 3545 5197 tuum
3568 5143 3636 5199 N.
3671 5144 3740 5199 ab

2149 5210 2399 5267 omnibus
2423 5213 2642 5272 absolve
2661 5220 2919 5287 peccatis.
2967 5222 3092 5301 Per.

2792 5330 3070 5406 Pra’fatio.
3752 5344 3761 5377 ‘

2217 5409 2283 5466 D.
2313 5422 2368 5470 et
2388 5414 2594 5485 justum
2623 5430 2727 5489 est,
2759 5439 2943 5495 usque,
2983 5436 3187 5485 :eterne
3233 5429 3398 5489 Deus.
3430 5433 3737 5507 Imploran-

2143 5507 2227 5558 tes
2253 5510 2357 5562 tuae
2386 5507 2684 5578 majestatis
2715 5514 3165 5587 misericordiam,
3197 5530 3257 5575 ut
3284 5521 3493 5581 famqu
3536 5538 3630 5584 tuo
3661 5527 3731 5584 Ν.

2141 5595 2358 5652 veniam
2386 5615 2605 5657 suorum
2647 5602 2831 5677 largiri
2861 5606 3096 5679 digneris
3140 5614 3534 5685 peccatorumj
3573 5627 3631 5674 ut
3658 5618 3730 5674 ab

2143 5689 2394 5746 omnibus
2422 5691 2625 5750 inimici
2669 5698 2900 5755 vinculis
2939 5698 3225 5771 liberatus,
3271 5706 3378 5764 tuis
3420 5716 3538 5765 toto
3564 5710 3730 5767 corde

2144 5778 2402 5839 inhaereat
2426 5785 2714 5846 mandatis.
2740 5787 2807 5845 Et
2839 5796 2894 5849 te
2938 5790 3110 5849 solum
3146 5808 3358 5867 semper
3384 5805 3497 5857 tota
3530 5800 3724 5856 virtute
