3954 6342
143 364 253 422 829

141 573 430 644 pervenire
454 582 748 629 mereatur.
789 575 913 632 Per.

602 690 729 745 Post
755 688 1204 748 Communionem.

211 779 510 836 Puriﬁcent
547 795 666 847 nos,
712 783 957 849 Domine,
1009 799 1338 855 quaesumus,
1386 795 1725 843 sacramenta
1779 819 1792 830 -

140 886 266 943 quae
288 873 643 942 sumpsimus,
675 883 730 929 et
775 873 1034 930 famulum
1069 884 1219 930 tuum
1265 878 1334 932 ab
1375 878 1522 932 omni
1568 877 1726 947 culpa

138 963 374 1018 liberum
422 978 546 1019 esse
597 966 854 1032 concede,
925 975 982 1020 ut
1031 967 1121 1038 qui
1175 968 1518 1022 conscientiae
1573 979 1726 1022 reatu

137 1056 553 1126 constringitur,
594 1056 832 1113 cmlestis
876 1059 1100 1114 remedii
1153 1059 1487 1130 plenitudine
1531 1059 1721 1132 glorie-

137 1153 247 1200 tur.
290 1146 396 1202 Per
421 1146 729 1203 Dominum.

840 1241 1028 1296 LXIX.

678 1347 809 1390 ITEM
852 1351 976 1391 ΑΗΔ
1026 1351 1199 1393 Η188Ατ

211 1422 571 1494 Omnipotens
620 1427 952 1497 sempiterne
999 1429 1163 1495 Deus,
1209 1429 1470 1486 miserere
1527 1430 1728 1487 famulo

133 1523 232 1571 tuo
262 1514 330 1570 N.
360 1525 415 1570 et
437 1516 609 1587 dirige
637 1530 760 1572 eum
795 1521 1090 1574 secundum
1122 1529 1267 1575 tuam
1295 1521 1640 1576 clementiam
1670 1522 1724 1577 in

132 1608 282 1662 viam
310 1607 500 1664 salutis
531 1616 768 1677 aeternae,
809 1618 871 1665 ut
913 1620 965 1667 te
993 1611 1249 1679 donante,
1285 1613 1377 1667 tibi
1405 1615 1602 1684 placita
1633 1629 1728 1670 cu-

132 1703 272 1774 piat,
301 1712 357 1760 et
391 1712 505 1759 tota
532 1704 734 1761 virtute
764 1706 1030 1776 perﬁciat.
1063 1707 1169 1763 Per
1195 1709 1506 1764 Dominum.

241 1814 422 1871 Lectio
450 1815 702 1888 Epistola:
725 1816 791 1873 B.
823 1816 986 1874 Pauli
1010 1820 1234 1891 apostoli
1272 1821 1341 1875 ad
1373 1822 1612 1877 Galatas.

204 1923 451 1992 Fratres,
500 1927 547 1982 si
589 1936 998 2000 prazoccupatus
1041 1929 1206 1985 fuerit
1239 1931 1401 1986 homo
1450 1932 1503 1986 in
1540 1932 1721 2002 aliquo

132 2015 359 2083 delicto,
382 2033 498 2084 vos,
529 2017 621 2088 qui
637 2019 911 2090 spiritales
945 2021 1096 2088 estis,
1130 2020 1381 2077 instruite
1412 2021 1719 2092 hujusmodi

130 2106 189 2162 in
221 2106 418 2180 Spiritu
449 2111 896 2167 mansuetudinis.

279 2220 457 2276 Lectio
479 2223 650 2277 sancti
678 2222 951 2294 Evangelii
985 2225 1268 2279 secundum
1296 2224 1575 2280 Joannem.

201 2314 262 2369 In
294 2314 386 2370 illo
426 2323 686 2386 tempore,
716 2317 1016 2374 sublevatis
1039 2318 1200 2374 Jcsus
1225 2319 1394 2374 oculis
1419 2319 1473 2372 in
1498 2318 1716 2384 emtum,

53 2479 60 2488 Ι
130 2402 270 2459 dixit
306 2424 320 2458 :
357 2404 539 2471 Pater,
591 2422 736 2463 nunc
759 2409 828 2464 ad
874 2416 926 2464 te
965 2409 1145 2474 venio,
1189 2417 1244 2465 et
1274 2408 1388 2465 haec
1424 2409 1618 2479 loquor
1662 2409 1718 2464 in

127 2497 360 2564 mundo,
392 2507 452 2552 ut
503 2498 740 2556 habeant
790 2501 1045 2574 gaudium
1101 2516 1280 2558 meum
1331 2501 1610 2573 impletum
1663 2502 1722 2558 in

127 2589 462 2661 semetipsis;

795 2680 1033 2738 Secreta.

202 2770 482 2839 Proﬁciat,
505 2788 830 2844 quaesumus,
877 2775 1121 2840 Domine,
1165 2775 1283 2830 haec
1321 2775 1525 2832 oblatio
1552 2791 1718 2847 quam

129 2869 241 2916 ture
287 2863 564 2932 simplices
605 2863 882 2920 oﬁ'erimus
932 2863 1233 2934 majestati,
1262 2867 1330 2920 ad
1362 2866 1592 2921 salutem
1640 2866 1721 2922 fa-

126 2954 264 3008 muli
311 2955 387 3009 tui
433 2953 498 3007 N.
529 2963 587 3010 ut
617 2962 706 3010 tua
754 2957 1091 3025 providentia
1122 2957 1236 3028 ejus
1272 2957 1382 3011 vita
1432 2958 1575 3013 inter
1620 2959 1716 3015 ad-

126 3059 291 3100 versa
325 3052 381 3099 et
408 3059 667 3115 prospera
691 3047 890 3117 ubique
925 3047 1209 3123 dirigatur.
1240 3048 1364 3104 Per.

618 3156 747 3214 Post
781 3157 1230 3214 Communionem.

1299 368 1502 424 LIBER
1542 367 2182 428 SACRAMENTORUM.

142 481 351 552 diligat,
381 487 437 536 et
478 481 544 536 ad
591 487 696 536 tute
730 483 1052 554 quandoque
1090 485 1440 541 beatitudinis
1465 485 1725 542 visionem
1754 489 1806 548 Α

3304 379 3410 437 830

2369 490 2451 545 Ad
2471 491 2864 564 Complendum.

1901 579 2093 648 Hujus,
2142 581 2387 647 Domine,
2430 599 2758 652 quzesumus,
2801 586 3002 643 virtute
3056 582 3411 662 mysterii—'et

1829 686 1860 726 a
1885 672 2119 743 propriis
2140 671 2462 728 mundemur
2491 675 2737 743 occultis,
2784 686 2839 732 et
2867 676 3126 734 famulum
3156 688 3308 736 tuum
3341 682 3406 738 N.

1830 763 1898 818 ab
1930 763 2179 819 omnibus
2213 762 2430 819 absolve
2457 767 2714 834 peccatis.
2744 765 2899 823 Per.‘

2517 876 2702 933 LXXI.
2722 873 2733 914 ἰ

2216 982 2367 1024 MISSA
2402 984 2501 1025 PRO
2530 985 2733 1033 SALUTE
2759 987 3014 1029 VIVORUII.

1902 1077 2205 1144 Prtetende,
2249 1081 2497 1146 Domine,
2526 1081 2742 1138 famulis
2770 1092 2826 1139 et
2873 1081 3176 1142 famulabus
3203 1087 3310 1143 tuis
3335 1087 3404 1142 Ν.

1828 1167 2108 1222 dexteram
2137 1168 2374 1224 ccelestis
2413 1171 2620 1235 auxilii,
2669 1179 2730 1226 ut
2761 1181 2812 1228 te
2844 1180 2953 1228 toto
2993 1176 3156 1230 corde
3186 1178 3406 1248 perqui-

1829 1267 1974 1323 rant,
2005 1270 2060 1314 et
2087 1275 2206 1329 qua:
2240 1259 2398 1330 digne
2433 1262 2708 1332 postulant
2745 1272 3122 1334 assequantur.
3168 1264 3274 1321 Per
3300 1266 3407 1323 Do-

1828 1351 2037 1406 minum
2073 1360 2336 1407 nostrum.

2492 1443 2723 1498 Secreta.

1895 1534 2230 1604 Pr0pitiare,
2277 1535 2524 1601 Domine,
2559 1537 3037 1607 supplicationibus
3077 1552 3305 1605 nosms,
3331 1539 3407 1595 'et

1826 1629 1925 1683 has
1965 1628 2266 1683 oblationes
2315 1627 2636 1683 famulorum
2684 1629 3113 1700 famularumque
3169 1640 3403 1698 tuarum,

1821 1731 1961 1786 quas
1983 1716 2077 1771 tibi
2125 1732 2223 1785 pro
2269 1716 2639 1772 incolumitate
2681 1734 2869 1773 eorum
2905 1719 3204 1784 offerimus,
3254 1720 3408 1774 beni-

1749 1843 1797 1902 Β
1823 1822 1961 1876 gnus
2000 1821 2232 1870 assume,
2279 1815 2333 1860 et
2367 1815 2424 1861 ut
2474 1807 2669 1863 nullius
2699 1809 2770 1863 sit
2800 1809 3012 1864 irritum
3050 1818 3258 1875 votum,
3293 1809 3409 1863 nul-
3467 1811 3472 1816 ’

1824 1897 1928 1953 lius
1973 1913 2138 1954 vacua
2181 1898 2490 1970 postulatio,
2529 1909 2744 1969 przesta,
2793 1916 3126 1970 quaesumus,
3170 1909 3231 1956 ut
3271 1916 3408 1973 quos

1824 1988 2057 2044 ﬁdeliter
2081 1989 2316 2058 petimus
2354 1989 2644 2045 eﬁicaciter
2670 2005 3086 2060 consequamur.
3115 1991 3241 2048 Per.
3402 1991 3406 1996 ’

2362 2101 2442 2154 Ad
2469 2100 2864 2171 Complendum.

1894 2194 1972 2248 Da
1998 2192 2216 2248 famulis
2239 2200 2294 2247 et
2320 2192 2622 2247 famulabus
2647 2193 2772 2258 tuis,
2797 2209 3124 2264 quassumus,
3147 2194 3398 2261 Domine.

1824 2284 1878 2338 in
1912 2291 2002 2338 tua
2036 2283 2139 2338 ﬁde
2167 2291 2221 2338 et
2265 2282 2577 2338 sinceritate
2621 2284 2999 2350 constantiam,
3043 2292 3101 2338 ut
3144 2284 3196 2338 in
3225 2285 3405 2339 chari-

1824 2383 1934 2430 tate
1960 2374 2140 2429 divina
2165 2373 2401 2439 formati,
2433 2373 2592 2429 nullis
2620 2375 3008 2431 tentationibus
3035 2373 3103 2430 ab
3125 2375 3243 2446 ejus
3264 2375 3402 2430 inte-

1823 2466 2019 2538 gritate
2044 2464 2327 2520 vallantur.
2356 2463 2460 2518 Per
2489 2464 2796 2518 Dominum.

2505 2574 2713 2629 LXXII.

2104 2680 2237 2721 ITEM
2268 2683 2388 2722 ALIA
2414 2676 2564 2724 MISSA
2591 2679 2691 2719 PRO
2723 2676 3117 2718 FAMILIARIBUS.

1894 2777 2058 2843 Deus,
2082 2777 2172 2846 qui
2194 2778 2474 2832 charitatis
2497 2778 2635 2832 dona
2659 2790 2755 2846 per
2779 2774 3003 2845 gratiam
3030 2772 3200 2828 sancti
3233 2770 3406 2842 Spiri-

1824 2877 1910 2924 tus
1950 2877 2164 2924 tuorum
2197 2869 2449 2925 cordibus
2503 2869 2743 2924 ﬁdelium
2791 2865 3056 2929 infudisti,
3089 2864 3154 2918 da
3186 2862 3403 2917 famulis

1824 2959 1951 3026 tuis,
1979 2975 2078 3030 pro
2116 2960 2309 3028 quibus
2339 2968 2486 3014 tuam
2530 2961 2881 3028 deprecamur
2917 2955 3279 3018 clementiam,
3311 2967 3403 3008 sa-

1820 3049 1990 3106 lutem
2022 3051 2220 3108 mentis
2241 3059 2296 3106 et
2319 3052 2583 3121 corporis,
2615 3059 2674 3105 ut
2704 3059 2756 3104 te
2781 3058 2890 3104 tota
2921 3048 3120 3102 virtute
3152 3047 3398 3114 diligant,

1775 3172 1786 3214 -_
1821 3151 1878 3197 et
1907 3158 2024 3212 qua:
2072 3143 2168 3198 tibi
2205 3143 2399 3214 placita
2431 3152 2580 3209 sunt,
2612 3151 2724 3198 tota
2765 3141 3050 3197 dilectione
3095 3137 3400 3208 perﬁciant.

203 3246 514 3316 Sumentes,
558 3249 804 3317 Domine,
832 3261 1102 3321 perpetua:
1131 3260 1471 3308 sacramenta
1499 3254 1710 3321 salutis,
1744 3209 1787 3272 Ο
1818 3232 1922 3288 Pe“
1958 3233 2244 3288 Dominum
2278 3242 2544 3288 ηοεῑνυηῖ·

126 3348 280 3395 tuam
320 3341 675 3412 deprecamur
697 3343 1060 3411 clementiam,
1095 3354 1156 3399 ut
1197 3361 1296 3416 per
1340 3362 1404 3402 ea
1454 3346 1712 3402 famulum

125 3439 284 3486 tuum
315 3430 379 3485 N.
419 3432 490 3487 ab
515 3433 663 3490 omni
711 3433 1040 3491 adversitate
1070 3445 1345 3508 protegas.
1383 3435 1487 3491 Per
1532 3436 1715 3492 Domi-

123 3538 260 3577 num
290 3532 557 3579 nostrum.

855 3617 994 3673 Alia.

194 3705 484 3762 Famulum
527 3717 698 3778 tuum,
730 3725 1056 3781 quaesumus,
1103 3711 1347 3777 Domine,
1376 3721 1463 3768 tua
1501 3727 1714 3782 semper

119 3799 469 3870 protectione
506 3802 738 3869 custodi,
769 3813 828 3858 ut
872 3803 1041 3859 libera
1088 3804 1183 3858 tibi
1213 3812 1392 3858 mente
1419 3804 1710 3870 deserviat,

122 3900 179 3946 et
211 3901 264 3946 te
295 3900 631 3963 protegente,
667 3909 699 3948 a
728 3895 886 3949 malis
914 3894 1166 3949 omnibus
1206 3895 1278 3949 sit
1309 3909 1552 3949 securus.
1584 3893 1707 3948 Per.

838 4007 1004 4062 LXX.

757 4118 887 4159 ITEM
940 4120 1084 4159 ALIA.

195 4195 423 4261 Adesto,
479 4195 744 4262 Domine,
815 4196 1296 4266 supplicationibus
1368 4194 1618 4262 nostris,
1656 4202 1713 4250 et

121 4285 266 4340 hanc
297 4284 488 4340 famuli
520 4285 596 4339 tui
640 4285 705 4339 N.
734 4286 1064 4342 oblationem
1098 4287 1364 4358 benignus
1391 4299 1626 4352 assume,
1652 4292 1713 4340 ut

121 4377 220 4447 qui
260 4376 520 4431 auxilium
550 4385 656 4433 tuae
688 4377 1054 4434 miserationis
1081 4378 1354 4448 implorat,
1384 4386 1438 4431 et
1467 4378 1710 4432 sanctiﬁ-

120 4469 360 4525 cationis
391 4469 622 4539 gratiam
647 4471 931 4540 percipiat,
976 4480 1031 4526 et
1069 4487 1190 4542 qua:
1216 4473 1304 4542 pie
1330 4477 1581 4540 precatur
1608 4470 1710 4526 ob-

114 4561 312 4615 tineat.
340 4559 460 4614 Per.

803 4653 1033 4710 Secreta.

187 4742 359 4799 Grata
391 4745 486 4801 tibi
513 4745 605 4812 sit,
634 4745 882 4812 Domine,
909 4747 1024 4802 [nec
1047 4745 1248 4800 oblatio
1277 4743 1464 4798 famuli
1507 4742 1585 4798 tui
1631 4741 1698 4796 N.

109 4849 281 4905 quam
314 4835 408 4890 tibi
443 4835 720 4892 olferimus
763 4837 816 4891 in
849 4837 1106 4892 honorem
1153 4836 1296 4891 beati
1335 4835 1399 4888 N.
1448 4833 1704 4904 martyris

114 4927 233 4994 tui;
278 4943 587 4998 qumsumus
637 4937 697 4982 ut
731 4928 903 4984 eidem
932 4927 1182 4998 proﬁciat
1209 4927 1276 4981 ad
1298 4925 1544 4982 salutem.
1577 4924 1700 4980 Per.

679 5040 835 5112 Infra
889 5042 1168 5096 actionem.

187 5133 346 5188 Hanc
386 5133 552 5206 igitur
579 5134 931 5202 oblationem,
963 5149 1124 5204 quam
1169 5133 1266 5188 tibi
1296 5131 1575 5188 oll‘erimus
1601 5145 1702 5201 pro

107 5226 324 5282 famulo
353 5236 444 5282 tuo
489 5227 557 5281 N.
601 5235 660 5283 ut
699 5229 938 5284 omnium
971 5234 1316 5297 peccatorum
1360 5239 1578 5278 suorum
1609 5237 1705 5278 ve-

104 5317 265 5373 niam
315 5316 573 5386 consequi
621 5324 914 5382 mereatur,
961 5329 1287 5386 quaesumus,
1323 5305 1560 5377 Domine,
1594 5312 1706 5383 pla-

107 5417 282 5465 catus
314 5409 570 5480 accipias,
607 5417 661 5465 et
688 5408 1056 5464 miserationis
1091 5415 1195 5463 tuae
1233 5405 1482 5477 largitate
1509 5419 1707 5460 conce-

107 5502 241 5567 das,
277 5509 339 5555 ut
371 5501 464 5556 ﬁat
519 5501 569 5557 ei
614 5501 681 5557 ad
735 5501 946 5558 veniam
998 5500 1316 5556 delictorum
1386 5509 1442 5553 et
1489 5508 1706 5552 actuum

102 5594 554 5652 emendationem
586 5636 600 5660 ,
647 5602 709 5650 ut
735 5603 792 5651 et
820 5595 911 5651 hic
955 5595 1136 5650 valeat
1168 5592 1306 5648 bene
1333 5592 1533 5658 vivere,
1561 5599 1616 5646 ct
1641 5589 1709 5644 ad

107 5703 385 5747 aeternam
432 5674 827 5747 beatitudinem
869 5689 1100 5747 feliciter
1137 5687 1443 5759 pervenire.
1477 5685 1713 5757 Diesque

112 5792 358 5839 ιιοςιῐος.

1904 3347 2081 3402 Lectio
2108 3347 2360 3418 Epistota:
2381 3345 2447 3400 Β.
2485 3305 2894 3413 ΡααΙίαροδιοιί
2916 3341 2984 3394 ad
3013 3339 3296 3393 Romanos.

1887 3437 2129 3504 Fratres,
2163 3437 2397 3508 Spiritus
2423 3444 2603 3491 autem
2645 3433 2863 3502 adjuvat
2904 3431 3273 3486 inﬁrmitatem
3299 3443 3402 3483 no-

1815 3542 1983 3588 stram

1958 3620 2134 3674 Lectio
2165 3619 2333 3674 sancti
2360 3616 2630 3686 Evangelii
2660 3614 2947 3670 secundum
2972 3611 3251 3665 Joannem.

1889 3709 2192 3766 Sublcvatis
2205 3710 2359 3764 Jesus
2374 3709 2544 3764 oculis
2560 3711 2610 3763 in
2627 3708 2819 3764 ccelum
2831 3747 2845 3773 ,
2867 3706 3036 3761 dixit:
3060 3703 3242 3768 Pater,
3259 3715 3394 3772 quos

1816 3802 2006 3860 dedisti
2031 3802 2164 3857 mihi
2195 3800 2315 3858 volo
2343 3800 2511 3856 utubi
2539 3815 2639 3871 ego
2670 3814 2812 3865 sum,
2845 3807 2902 3854 et
2923 3796 2994 3852 illi
3027 3796 3136 3850 sint
3160 3808 3392 3850 mecum.

2405 3911 2576 3982 Super
2606 3910 2820 3966 Oblata.

1885 4005 2160 4069 Miserere,
2193 4018 2524 4075 quzesumus,
2567 4003 2794 4057 Domine
2820 3999 2983 4066 Deus,
3025 3998 3243 4053 famulis
3266 3997 3391 4059 tuis,

1811 4119 1911 4174 pro
1958 4103 2153 4175 quibus
2203 4104 2308 4159 hoc
2353 4100 2680 4158 sacriﬁcium
2730 4097 2907 4152 laudis
2966 4105 3069 4150 tum
3119 4092 3397 4149 offerimus

1812 4196 2107 4268 majestati,
2148 4204 2208 4250 ut
2253 4210 2350 4266 per
2393 4196 2510 4250 haec
2537 4201 2724 4249 sancta
2753 4205 2999 4262 supernze
3045 4186 3396 4243 beatitudinis

1814 4293 2042 4366 gratiam
2064 4291 2364 4357 obtineant,
2388 4296 2443 4345 et
2463 4288 2691 4360 gloriam
2714 4283 3066 4342 beatitudinis
3090 4280 3393 4350 acquirant.

1813 4385 1918 4440 Per
1941 4384 2247 4439 Dominum.

2455 4447 2736 4520 Prtefatio.

1730 4557 1785 4617 1)
1883 4545 1948 4598 D.
1979 4552 2034 4600 et
2065 4543 2267 4614 justum
2314 4548 2419 4606 est,
2452 4556 2632 4610 usque,
2687 4544 2888 4592 aeterne
2935 4535 3098 4588 Deus.
3147 4530 3396 4585 Clemen-

1813 4638 1940 4692 tiam
1966 4644 2110 4690 tuam
2133 4634 2318 4704 pronis
2357 4631 2623 4686 mentibus
2651 4627 3025 4690 obsecrantes,
3063 4631 3124 4676 ut
3157 4618 3395 4674 famulos

1811 4738 1951 4794 tuos,
1981 4741 2115 4797 quos
2145 4740 2312 4779 sacra:
2332 4719 2635 4775 dilectionis
2667 4716 2824 4771 nobis
2860 4712 3227 4768 familiaritate
3256 4723 3390 4763 con-

1807 4819 2054 4891 junxisti,
2083 4815 2179 4871 tibi
2203 4814 2369 4870 facias
2401 4819 2514 4866 toto
2541 4809 2703 4865 corde
2724 4805 3016 4874 subjectos,
3042 4811 3100 4855 ut
3131 4809 3236 4854 tua:
3266 4799 3396 4891 cha-

1814 4887 1989 4964 ritatis
2015 4907 2205 4977 spiritu
2235 4903 2444 4974 repleti,
2494 4917 2523 4954 a
2559 4897 2791 4952 terrenis
2819 4893 3143 4951 mundemur
3185 4887 3395 4977 cupidi-i

1813 4975 2128 5065 tatibus,‘et
2175 4993 2385 5051 cmlesti
2443 4987 2799 5052 beatitudine,
2850 4993 2902 5039 te
2936 4983 3207 5046 donante,
3243 4975 3394 5046 digni

1814 5091 2131 5148 efﬁciantur.
2161 5088 2264 5143 Per
2288 5084 2566 5141 Christum
2605 5079 2912 5135 Dominum.

2293 5196 2420 5251 Post
2476 5194 2692 5250 Comma
2702 5192 2924 5244 nionem.

1889 5298 2076 5353 Divina
2112 5295 2347 5350 libantes
2374 5289 2648 5362 mysteria,
2694 5296 3025 5356 quaesumus,
3055 5277 3303 5341 Domine,
3333 5282 3396 5328 ut

1813 5391 1927 5446 haec
1957 5387 2212 5444 salutaria
2249 5390 2585 5441 sacrameata
2609 5378 2713 5434 illis
2747 5375 3032 5446 proﬁciant
3057 5372 3124 5427 ad
3166 5382 3392 5441 prospe—

1814 5483 2032 5538 ritatem
2062 5489 2117 5536 et
2162 5493 2370 5549 pacem,
2413 5491 2512 5546 pro
2553 5485 2785 5544 quorum
2823 5467 3110 5524 dilectione
3144 5464 3259 5518 haec
3292 5469 3396 5515 tuze

1813 5573 2109 5630 obtulimus
2134 5568 2424 5640 majestati.
2453 5567 2578 5622 Per.

2539 5676 2678 5732 Alia.

1890 5777 2055 5841 Deus,
2086 5773 2177 5844 qui
2223 5770 2524 5841 supplicum
2556 5778 2769 5824 tuorum
2806 5772 2929 5821 vota
2968 5775 3065 5832 per
3111 5749 3396 5812 charitatis
