3954 6342
524 308 625 365 851

1522 329 1857 390 GRIMALDI
1897 294 2425 403 SANG—IQLLENSIS
2463 349 2757 409 ABBATIS

3694 369 3794 426 8'53

526 426 699 482 officia
722 429 1000 501 suscipere
1044 434 1301 509 dignaris,
1345 439 1411 494 da
1458 440 1674 500 famulis
1717 448 1821 503 tuis
1849 447 1911 503 N.
1959 461 2014 506 et
2041 452 2104 507 N.
2135 459 2184 518 Α
2213 457 2397 515 famuli
2432 464 2506 517 tui
2533 464 2596 520 N.
2633 467 2686 520 in
2712 467 2902 524 salutis
2933 477 3038 525 tute
3063 475 3425 544 prosperitate
3450 478 3717 551 dispone,
3741 500 3796 546 ιιι

529 518 584 551 ἒη
614 527 702 551 Ιιισι
734 521 994 551 annnam...
1022 525 1301 551 A:l.....:.._-
1371 540 1426 551 _-.
1456 533 1512 551 ,η
1537 535 1549 546 ι
1591 550 1598 551 η
1931 549 1937 551 _
2029 543 2041 551 .

529 518 586 573 in
614 527 704 573 tua
734 521 996 590 proficere
1019 525 1324 594 dilectione,
1371 540 1429 586 ut
1456 533 1550 589 tibi
1583 550 1774 592 secura
1796 549 1977 595 mente
2011 543 2107 598 de-

526 611 783 678 serviant,
808 622 863 668 et
889 617 941 669 in
970 623 1056 670 tua
1082 634 1213 687 pace
1248 637 1462 694 semper
1492 628 1749 684 assistere
1773 643 2102 690 mereantur.

525 697 632 754 Per
655 700 941 758 Dominum
967 715 1229 764 nostrum.

525 898 728 956 MISSA
798 903 936 962 PRO
983 822 1446 972 ABBATlljlxyi’IIEIIL
1503 920 2101 984 CONGREGATIONE.

691 1013 814 1087 [ptio
850 1033 1103 1077 EPISCOPO
1129 1040 1229 1080 νει,
1261 1044 1462 1086 eorum
1501 1048 1602 1088 sun
1632 1039 1944 1112 coumsso.]

596 1121 953 1195 Omnipotens
975 1135 1300 1202 sempiterne
1341 1139 1505 1208 Deus,
1534 1145 1623 1214 qui
1665 1145 1799 1203 facis
1838 1151 2103 1208 mirabilia

519 1226 718 1282 magna
749 1217 915 1281 solus,
944 1227 1216 1289 prtetende
1243 1243 1404 1298 super
1425 1230 1683 1289 famulum
1716 1245 1866 1293 tuum
1910 1241 1974 1294 N.
2008 1245 2103 1299 ab-

518 1305 729 1372 batem,
778 1309 863 1363 vel
911 1327 1074 1382 super
1118 1324 1590 1392 congregationem
1640 1328 1715 1382 illi
1757 1334 2100 1389 commissam

521 1395 862 1469 [episcopum
892 1404 976 1456 vel
1011 1421 1171 1476 super
1213 1411 1430 1481 plebem
1461 1415 1538 1470 illi
1570 1420 1959 1493 commissam],
1994 1425 2102 1493 spi-

517 1489 686 1542 ritum
721 1494 908 1562 gratiae
933 1497 1203 1567 salutaris,
1236 1513 1290 1558 et
1312 1515 1370 1560 ut
1407 1507 1460 1561 in
1487 1510 1715 1566 veritate
1745 1513 1836 1568 tibi
1861 1489 2100 1586 compla-

517 1593 695 1649 ceant,
726 1598 1042 1657 perpetuum
1072 1593 1152 1649 eis
1199 1611 1378 1653 rorem
1431 1609 1537 1656 tua:
1578 1601 1968 1662 benedictionis
2013 1607 2098 1662 in-

517 1669 704 1729 funde.
759 1675 884 1732 Pcr.

1085 1775 1260 1848 'Super
1288 1779 1500 1838 Obfata.

587 1873 824 1942 Hostias,
854 1879 1100 1950 Domine,
1131 1887 1453 1946 famulorum
1484 1902 1694 1950 tuorum
1742 1897 1986 1969 placatus
2019 1904 2098 1959 in-

514 1963 700 2028 tende,
724 1975 779 2020 et
807 1983 942 2037 quas
974 1971 1027 2025 in
1055 1973 1312 2032 honorem
1345 1983 1577 2038 nominis
1600 1986 1674 2039 tui
1699 1987 1888 2044 devota
1914 2001 2096 2049 mente

513 2068 614 2122 pro
639 2057 718 2112 eis
759 2060 1119 2134 celebramus,
1168 2071 1436 2139 prolicere
1469 2075 1570 2132 sibi
1609 2081 1848 2136 sentiant
1879 2083 1942 2137 ad
1980 2101 2092 2142 me-

511 2145 708 2202 delam.
740 2149 864 2207 Per.

995 2267 1122 2324 Post
1163 2271 1607 2335 Communionem.

581 2350 729 2419 Quos
757 2355 966 2412 emlesti
997 2376 1212 2420 recreas
1251 2383 1475 2425 munere
1523 2381 1802 2443 perpetuo,
1843 2378 2086 2448 Domine,

508 2444 773 2502 comitare
809 2452 1092 2521 praesidio;
1126 2467 1180 2511 et
1217 2475 1352 2527 quos
1394 2463 1576 2520 fovere
1604 2482 1708 2521 non
1759 2469 1982 2538 desinis,
2015 2475 2092 2529 di-

507 2549 645 2603 gnos
671 2537 788 2595 fieri
817 2545 1145 2615 sempiterna
1168 2553 1535 2624 redemptione
1562 2562 1817 2617 concede.
1854 2563 1976 2620 Per.

1185 2661 1420 2720 LXXIV.

751 2759 952 2803 ORATIO
992 2765 1047 2804 IN
1085 2767 1424 2812 MONASTEBIO
1455 2776 1838 2821 IIONLCIIORUI’o

573 2853 737 2923 Deus,
771 2861 860 2928 qui
885 2865 1318 2926 renuntiantibus
1339 2873 1535 2929 szeculo
1563 2878 1898 2934 mansionem
1926 2895 2088 2950 paras

504 2942 560 2998 in
585 2946 743 3013 emlo,
774 2949 938 3006 dilata
982 2965 1167 3011 sancta
1195 2958 1354 3028 hujus
1398 2968 1836 3038 congregationis
1881 2942 2088 3043 tempo-

504 3037 618 3091 rale
646 3038 1017 3100 habitaculum
1057 3048 1367 3107 emlestibus
1399 3055 1572 3123 bonis,
1594 3067 1664 3136 _ut
1708 3058 1962 3118 fraterna:
1991 3037 2088 3120 te-

505 3139 736 3185 neantur
761 3139 1078 3207 compagine
1119 3142 1424 3210 charitatis,
1475 3151 1756 3207 unanimes
1802 3156 2084 3211 continen«

505 3213 594 3268 tiae
623 3230 891 3290 praecepta
918 3228 1246 3295 custodiant,
1253 3234 1458 3312 .so‘orii,
1505 3238 1774 3309 simplices
1805 3253 1860 3297 et
1895 3245 2082 3313 quieti,

504 3305 676 3372 gratis
701 3309 803 3364 sibi
825 3312 1006 3368 datam
1028 3305 1452 3386 gratiam'fuisse
1476 3305 1830 3400 cognoscant;
1862 3351 2086 3393 concor-

505 3394 597 3449 det
623 3396 835 3456 illorum
873 3404 981 3460 vita
1018 3422 1142 3464 cum
1163 3414 1398 3483 nomine,
1429 3418 1707 3492 professio
1731 3427 1998 3483 sentiatur
2026 3428 2086 3484 in

500 3498 686 3554 opere.
737 3489 862 3548 Per.

1175 3593 1382 3652 LXXV.

640 3694 841 3738 ORATIO
882 3699 984 3741 PRO
1027 3703 1330 3749 FRATRIBUS
1375 3710 1429 3750 IN
1469 3712 1558 3752 VIA
1617 3714 1936 3759 DIRIGENDIS.

570 3787 712 3845 Deus
753 3793 847 3862 qui
911 3796 1257 3868 diligentibus
1327 3812 1400 3871 te,
1459 3809 1885 3868 misericordiam
1937 3826 2080 3870 tuam

499 3893 712 3950 semper
752 3883 1035 3955 impendis,
1064 3901 1120 3946 et
1143 3908 1173 3947 a
1212 3897 1571 3956 servientibus
1619 3903 1737 3968 tibi,
1766 3903 1818 3956 in
1855 3905 1999 3959 nulla
2025 3922 2084 3962 es

498 3973 717 4042 regione
747 3975 1090 4050 longinquus,
1121 3985 1291 4059 dirige
1319 3990 1460 4046 viam
1487 3991 1674 4048 famuli
1709 3996 1784 4050 tui
1808 3997 1862 4051 in
1887 3999 2082 4053 volun-

499 4071 608 4118 tate
639 4073 746 4130 tua,
780 4078 834 4123 et
861 4079 911 4126 te
939 4083 1262 4144 protectore,
1284 4089 1340 4135 et
1363 4090 1412 4138 te
1446 4086 1719 4153 prmduce,
1747 4103 1843 4158 per
1854 4089 2079 4159 iustitiae

497 4154 721 4211 semitas
749 4158 867 4215 sine
894 4161 1186 4223 offensione
1209 4172 1506 4240 gradiatur.
1547 4175 1672 4231 Per.

1167 4279 1402 4337 LXXVI.

709 4377 908 4422 οιιΑτιο
950 4385 1052 4426 PRO
1098 4388 1467 4433 REDEUNTIBUS
1510 4393 1577 4433 DE
1619 4395 1859 4436 I'I'INERE.

564 4470 916 4543 Omnipotens
946 4483 1273 4552 sempiterne
1318 4488 1484 4556 Deus,
1529 4501 1840 4549 nostrorum
1870 4503 2071 4567 tempo-
2099 4514 2154 4576 ι)

493 4575 614 4615 rum
662 4565 892 4636 vitaeque
947 4570 1255 4639 dispositor,
1300 4578 1501 4636 famulo
1553 4590 1642 4638 tuo
1680 4582 1744 4638 N.
1801 4565 2070 4642 continuae

493 4653 900 4722 tranquillitatis
945 4659 1141 4734 largire
1189 4669 1504 4737 subsidium,
1547 4681 1607 4728 ut
1647 4691 1805 4746 quem
1860 4677 2068 4733 incolu-

502 4758 643 4798 mem
667 4749 899 4818 propriis
947 4752 1222 4814 laboribus
1249 4762 1545 4829 reddidisti,
1572 4774 1662 4820 tua
1685 4764 1856 4824 facias
1886 4777 2067 4840 prote—

489 4834 670 4892 ctione
707 4853 978 4897 securum.
1017 4845 1122 4901 Per
1145 4848 1453 4906 Dominum.

1149 4959 1404 5016 LXXVII.

574 5052 772 5098 ORATIO
812 5059 865 5098 IN
893 5060 1138 5104 ADVENTU
1175 5067 1426 5109 FRATBUM
1464 5069 1979 5118 SUPERVENIENTIUI.

563 5149 706 5208 Deus
736 5155 1017 5213 humilium
1057 5162 1324 5231 visitator,
1354 5167 1445 5236 qui
1478 5185 1580 5226 nos
1613 5171 1857 5230 fraterna
1897 5178 2066 5234 dilec-

490 5239 640 5298 tione
667 5247 962 5304 consolaris
981 5290 996 5316 ,
1021 5257 1294 5321 przetende
1318 5260 1565 5316 societati
1604 5272 1806 5320 nostra:
1837 5269 2065 5338 gratiam

493 5343 676 5402 tuam,
714 5348 774 5392 ut
809 5355 908 5409 per
933 5356 1026 5398 eos
1061 5344 1114 5399 in
1149 5347 1346 5416 quibus
1377 5352 1621 5422 habitas,
1651 5365 1802 5414 tuum
1828 5359 1882 5413 in
1915 5361 2071 5418 nobis

493 5427 792 5486 sentiamus
817 5431 1124 5491 adventum.
1152 5437 1255 5494 Per
1290 5441 1593 5500 Dominum.

1142 5549 1413 5611 LXXVIII.

878 5652 1027 5695 IISSA
1065 5657 1165 5700 Ριιο
1202 5662 1328 5702 ΠἘῆ
1366 5665 1680 5710 AGENTIBUS.

558 5745 782 5818 Adesto,
807 5752 1052 5827 Domine,
1078 5761 1557 5831 supplicationibus
1581 5769 1785 5828 nostris
1803 5809 1818 5833 .
1842 5780 1899 5829 et
1923 5773 2063 5830 viam

2211 551 2353 606 inter
2381 570 2570 611 omnes
2593 573 2691 613 vnn
2719 568 2772 613 et
2813 562 2935 615 vitae
2966 563 3126 632 huius
3154 567 3485 637 varietates,
3521 580 3620 628 tuo
3655 589 3797 630 sem-

2207 658 2304 713 per
2331 654 2648 719 protegatur
2669 651 2892 708 auxilio.
2921 653 3025 710 Per
3055 655 3364 715 Dominum.

2886 762 3116 820 Secreta.

2279 843 2574 915 Propitiare
2595 890 2613 914 ,
2644 851 2869 907 Domine
2889 895 2905 919 ,
2953 859 3434 927 supplicationibus
3475 865 3721 931 nostris,
3748 879 3798 923 et

2207 934 2312 989 has.
2330 937 2631 994 oblationes
2657 957 2791 1011 quas
2821 945 2915 998 tibi
2944 946 3224 1005 offerimus
3253 967 3351 1021 pro
3376 952 3582 1009 famulo
3611 966 3713 1010 tuo
3737 957 3794 1011 Ν.

2206 1028 2471 1099 benignus
2495 1047 2744 1100 assume,
2777 1044 2836 1090 ut
2858 1037 3000 1092 viam
3033 1039 3174 1095 illius
3207 1052 3264 1097 et
3297 1047 3647 1114 praecedente
3682 1065 3798 1114 gra-

2207 1120 2278 1173 tia
2310 1132 2395 1174 tua
2428 1123 2656 1194 dirigas,
2684 1133 2738 1180 et
2763 1128 3126 1198 subsequente
3149 1134 3409 1188 comitare
3430 1136 3719 1204 digneris,
3747 1148 3797 1191 ut

2205 1213 2272 1267 de
2309 1223 2434 1268 actu
2473 1224 2634 1286 atque
2673 1217 3043 1277 incolumitate
3081 1223 3197 1292 ejus
3233 1227 3528 1281 secundum
3567 1230 3796 1284 miseri-

2204 1305 2398 1360 cordia:
2426 1314 2530 1361 tua:
2553 1309 2803 1378 przesidia
2829 1314 3176 1382 gaudeamus.
3205 1315 3309 1372 Per
3331 1318 3652 1374 Dominum.

2790 1485 2795 1489 _
2853 1423 3132 1497 Prwfatio.

2270 1507 2333 1562 D.
2381 1517 2437 1564 et
2455 1509 2660 1579 justum
2697 1521 2809 1580 est,
2843 1531 3037 1587 usque,
3079 1528 3282 1577 aeterne
3308 1522 3469 1576 Deus.
3496 1523 3537 1576 Α
3560 1540 3684 1594 quo
3713 1526 3797 1582 de-

2199 1597 2382 1665 viare,
2414 1601 2580 1667 mori;
2609 1617 2792 1658 coram
2820 1620 2927 1675 quo
2953 1607 3263 1675 ambulare,
3306 1613 3483 1667 vivere
3514 1625 3600 1669 est
3635 1634 3648 1668 :
3690 1616 3792 1684 Qui

2200 1687 2383 1745 fideles
2415 1699 2536 1746 tuos
2565 1693 2618 1747 in
2645 1703 2734 1748 tua
2766 1696 2858 1750 via
2891 1697 3112 1755 deducis
3132 1740 3148 1766 ,
3176 1709 3233 1755 et
3262 1703 3622 1760 miseratione
3661 1723 3790 1776 gra-

2123 1815 2170 1875 B
2201 1780 2420 1837 vissima
2447 1784 2502 1839 in
2533 1785 2816 1841 veritatem
2860 1789 3090 1845 inducis.
3121 1791 3222 1858 Qui
3253 1793 3514 1862 Abrahae,
3544 1797 3707 1853 Isaae
3737 1809 3790 1854 et

2196 1869 2398 1941 Iacob,
2435 1876 2488 1930 in
2525 1880 2811 1946 przesentis
2841 1880 2963 1935 vita:
2996 1890 3049 1937 et
3092 1883 3195 1937 vite
3223 1886 3492 1940 curriculo
3514 1929 3529 1952 ,
3558 1901 3785 1950 custos.

2197 1965 2302 2020 dux
2351 1976 2406 2021 et
2451 1982 2634 2023 comes
2671 1986 2790 2025 esse
2836 1972 3089 2039 voluisti,
3125 1983 3182 2029 et
3230 1975 3426 2031 famulo
3468 1988 3559 2034 tuo
3597 1980 3789 2036 Toliize

2195 2055 2444 2123 angelum
2480 2059 2736 2128 pnevium
2767 2064 3088 2131 praestitisti.
3117 2064 3281 2134 Cujus
3315 2068 3645 2123 immensam
3690 2074 3788 2126 mi-

2193 2147 2546 2202 sericordiam
2578 2150 2890 2208 humillimis
2917 2157 3164 2224 precibus
3188 2158 3537 2227 imploramus
3555 2202 3570 2225 ,
3598 2174 3668 2215 ut
3688 2163 3787 2217 iter

2192 2237 2378 2292 famuli
2406 2241 2482 2294 tui
2506 2239 2568 2294 N.
2597 2257 2716 2296 cum
2749 2244 2860 2299 suis
2891 2245 2940 2298 in
2965 2251 3320 2316 prosperitate
3342 2250 3601 2320 dirigere,
3628 2268 3782 2306 eum-

2193 2345 2297 2399 que
2327 2329 2468 2386 inter
2497 2331 2597 2386 via:
2636 2341 2691 2386 et
2715 2334 2837 2387 vita:
2865 2335 3024 2406 hujus
3052 2339 3341 2394 varietates
3388 2341 3637 2409 digneris
3664 2359 3786 2398 eus-

2193 2420 2399 2486 todire;
2430 2430 2696 2491 quatenus
2724 2425 3033 2496 angelorum
3060 2436 3271 2484 tuorum
3301 2432 3560 2499 pnesidio
3581 2431 3780 2498 fultus,

2193 2509 2583 2567 intercessione
2606 2530 2821 2584 quoque
2857 2526 3167 2572 sanctorum
3210 2521 3476 2585 munitus,
3508 2521 3536 2572 ii
3564 2525 3784 2579 cunctis

2191 2604 2615 2674 adversitalibus
2647 2615 2736 2661 tua
2773 2609 3122 2664 miseratione
3149 2612 3401 2667 defensus
3421 2654 3435 2678 ,
3474 2616 3782 2684 profectio-

2189 2696 2278 2751 nis
2311 2705 2365 2752 et
2395 2699 2721 2754 reversionis
2753 2716 2863 2755 sua:
2899 2701 3152 2758 felicitate
3198 2705 3401 2773 potitus
3427 2747 3442 2771 ,
3469 2717 3529 2760 et
3553 2723 3782 2777 compos

2190 2789 2448 2843 reddatur
2473 2790 2740 2860 juslorum
2792 2805 3040 2849 votorum
3060 2838 3075 2861 ,
3125 2805 3178 2851 et
3210 2799 3276 2853 de
3307 2815 3528 2853 suorum
3562 2802 3783 2857 laetetur

2190 2880 2508 2936 remissione
2533 2890 2900 2951 peccatorum.
2927 2885 3031 2940 Per
3050 2886 3323 2942 Christum
3347 2889 3670 2946 Dominum.

2726 2993 2808 3048 Ad
2837 2994 3230 3066 Complendum.

2260 3081 2404 3138 Deus
2431 3083 2652 3139 infinitae
2678 3085 3059 3142 misericordia:
3080 3096 3134 3143 et
3155 3088 3446 3157 majestatis
3468 3090 3773 3158 immensae,

2113 3159 2158 3223 C
2189 3189 2350 3244 quem
2380 3190 2479 3229 nec
2507 3176 2678 3245 spatia
2706 3175 2949 3232 locorum
2968 3219 2982 3244 ,
3008 3194 3109 3234 nec
3147 3180 3425 3234 intervalla
3461 3190 3772 3252 temporum

2189 3266 2257 3322 ab
2289 3267 2374 3321 his
2415 3282 2550 3336 quos
2601 3269 2768 3323 tueris
2809 3268 3133 3341 ahjungunt,
3183 3272 3366 3327 adesto
3415 3273 3641 3328 famulis
3673 3279 3776 3330 tuis

2186 3357 2252 3413 N.
2284 3368 2338 3412 et
2359 3358 2424 3412 N.
2450 3359 2502 3414 in
2531 3368 2584 3414 te
2615 3362 2811 3430 ubique
2837 3361 3151 3428 fidentihus,
3171 3371 3225 3417 et
3250 3379 3347 3433 per
3364 3379 3585 3418 omnem
3605 3381 3774 3434 quam

2188 3447 2315 3502 ituri
2346 3457 2473 3503 sunt
2501 3449 2643 3504 viam
2667 3451 2772 3505 dux
2798 3451 2878 3507 eis
2901 3460 2954 3505 et
2975 3467 3156 3507 comes
3184 3467 3303 3508 esse
3334 3453 3564 3524 dignare
3589 3472 3604 3518 ;
3640 3455 3774 3508 nihil

2187 3537 2293 3593 illis
2323 3539 2666 3595 adversitatis
2699 3550 2926 3608 noceat,
2963 3543 3098 3597 nihil
3139 3543 3462 3599 difﬁcultatis
3505 3545 3768 3606 obsistat;

2185 3639 2382 3686 cuncta
2423 3632 2503 3686 eis
2545 3626 2813 3699 salubria,
2859 3643 3053 3688 cuncta
3094 3635 3202 3689 sint
3239 3650 3533 3705 prospera,
3576 3645 3633 3689 et
3671 3638 3769 3690 sub

2185 3738 2288 3793 ope
2331 3722 2568 3778 dextera:
2607 3731 2746 3787 tum,
2789 3725 3046 3794 quidquid
3079 3724 3220 3794 justo
3267 3727 3594 3794 expetierint
3623 3728 3766 3780 desio

2187 3815 2336 3872 derio
2371 3815 2534 3871 celeri
2567 3827 2967 3888 consequantur
2991 3817 3203 3874 effectu.
3226 3818 3330 3873 Per
3357 3818 3675 3874 Dominum.

2887 3931 3058 4005 [Alia.

2257 4020 2479 4093 Sumpta
2499 4065 2514 4089 ,
2545 4024 2770 4079 Domine
2791 4066 2804 4091 ,
2835 4025 3078 4080 cmleslis
3111 4027 3438 4081 sacramenti
3471 4027 3765 4097 mysteria.

2183 4126 2521 4181 quaesumus,
2567 4114 2831 4181 Domine,
2875 4125 2936 4170 ut
2981 4117 3048 4170 ad
3089 4117 3504 4187 prosperitatem
3557 4118 3766 4172 itineris

2183 4201 2370 4256 famuli
2399 4205 2474 4257 tui
2503 4203 2565 4259 N.
2599 4206 2915 4274 proficiant,
2937 4218 2998 4262 ut
3027 4223 3150 4262 eum
3181 4209 3246 4263 ad
3275 4207 3537 4262 salutaria
3563 4217 3763 4262 cuncta

2182 4292 2498 4361 perducant.
2535 4294 2638 4350 Per
2663 4295 3004 4369 Dominum]

2844 4409 3078 4467 LXXIX.

2600 4513 2747 4552 MISSA
2788 4515 2888 4555 PRO
2925 4514 3332 4555 NAVIGANTIBUS.

2244 4608 2422 4675 Deus,
2467 4609 2556 4679 qui
2609 4613 2930 4667 transtulisti
2978 4621 3162 4682 patres
3208 4621 3424 4666 nostros
3465 4626 3568 4680 per
3606 4625 3760 4666 mare

2174 4697 2412 4753 Rubrum
2434 4740 2447 4764 ,
2476 4711 2529 4754 et
2555 4703 2896 4758 transvexisti
2921 4719 3016 4774 per
3035 4719 3230 4773 aquam
3259 4703 3482 4756 nimiam
3503 4743 3518 4766 ,
3545 4703 3758 4756 laudem

2175 4793 2249 4846 tui
2293 4793 2528 4848 nominis
2564 4795 2944 4861 decantantes,
2973 4796 3240 4866 supplices
3276 4797 3656 4865 deprecamur,
3699 4804 3755 4848 ut

2171 4883 2225 4938 in
2248 4883 2348 4937 hac
2375 4883 2497 4937 navi
2523 4882 2750 4940 famulos
2769 4895 2888 4941 tuos
2911 4886 3138 4956 repulsis
3160 4885 3581 4940 adversitatibus
3595 4894 3755 4955 portu

2177 4987 2393 5042 semper
2436 4974 2688 5045 optabili,
2729 4991 2999 5046 cursuque
3050 4977 3340 5048 tranquillo
3383 4977 3607 5033 tuearis.
3651 4975 3754 5030 Per

2177 5065 2483 5120 Dominum.

2832 5157 3061 5213 Secreta.

2247 5248 2472 5320 Suscipe
2492 5288 2506 5314 ,
2539 5249 2795 5316 Domine,
2833 5266 3171 5320 quaesumus,
3203 5267 3396 5321 preces
3428 5251 3758 5306 famulorum

2175 5347 2388 5394 tuorum
2425 5356 2547 5395 cum
2577 5340 2939 5397 oblationibus
2968 5343 3265 5398 hostiarum
3285 5383 3299 5407 ,
3337 5354 3392 5397 et
3422 5351 3514 5396 tua
3545 5351 3752 5413 mystev

2173 5431 2255 5486 ria
2283 5432 2619 5486 celebrantes
2694 5431 2763 5487 ab
2793 5433 3045 5489 omnibus
3077 5435 3303 5490 defende
3339 5433 3617 5504 periculis.
3649 5431 3759 5486 Per

2173 5522 2479 5578 Dominum.

2710 5595 2789 5649 Λα
2828 5595 3212 5667 complendum.

2243 5682 2579 5741 Sanctificati
2617 5686 2798 5742 divino
2842 5690 3136 5759 mysterio,
3173 5687 3512 5759 maiestatem
3564 5697 3716 5744 tuam
3743 5730 3758 5750 ,

2169 5774 2394 5831 Domine
2413 5815 2431 5840 ,
2457 5775 2766 5842 suppliciter
2786 5778 3141 5850 deprecamur
3167 5787 3219 5835 et
3242 5779 3480 5850 petimus
3496 5819 3514 5846 ,
3534 5789 3593 5836 ut
3617 5795 3754 5851 quos
