3954 6342
120 376 230 434 853

122 489 287 547 donis
307 485 459 542 facis
483 480 794 538 cmlestibus
820 477 1115 541 interesse,
1145 489 1245 546 per
1269 473 1474 542 lignum
1510 474 1711 524 sanctae
1739 469 1790 528 Α

123 579 312 640 crucis
345 586 401 634 et
423 593 453 631 a
480 574 720 646 peccatis
744 571 1058 635 abstrahas,
1086 576 1135 624 et
1166 583 1196 623 a
1223 564 1476 638 periculis
1506 560 1716 618 cunctis

124 671 427 729 miseratus
457 665 680 737 eripias.
706 663 808 717 Per
835 661 1146 716 Dominum.

819 774 1036 831 LXXX;

628 885 782 926 IISSA
821 885 922 924 ΡΒο
960 880 1235 923 PECCATIS.

207 986 455 1051 Exaudi,
489 984 746 1046 Domine,
786 994 1129 1051 qumsumus,
1161 974 1460 1046 supplicum
1497 983 1720 1042 preces,

133 1089 197 1136 et
223 1078 602 1136 confitentium
638 1074 731 1129 tibi
767 1086 931 1142 parce
960 1069 1228 1140 peccatis,
1255 1074 1312 1121 ut
1337 1064 1544 1136 pariter
1568 1060 1726 1116 nobis

134 1170 537 1244 indulgentiam
581 1167 790 1222 tribuas
832 1164 1094 1234 benignus
1125 1169 1181 1216 et
1219 1171 1431 1231 pacem.
1473 1155 1581 1212 Per
1618 1153 1726 1208 Do-

137 1265 374 1322 mitium.

563 1348 740 1402 Lectio
767 1345 1011 1401 Jeremue
1039 1346 1320 1413 praphetaz.

219 1446 278 1504 Si
304 1443 618 1514 iniquitates
648 1447 848 1493 nostrae
869 1433 1247 1491 contenderint
1270 1437 1455 1485 contra
1479 1441 1599 1492 nos,
1628 1425 1733 1480 Do—

141 1539 331 1602 mine,
381 1535 551 1590 libera
592 1545 725 1597 nos,
764 1540 1107 1598 qumsumus;
1146 1522 1233 1578 fac
1281 1528 1503 1594 propter
1536 1530 1732 1574 nomen

143 1640 326 1687 tuum.

331 1739 508 1796 Lectio
530 1737 699 1793 sancti
728 1732 1001 1804 Evangelii
1021 1728 1306 1786 secundum
1335 1725 1552 1782 Lucam.

221 1833 281 1889 In
309 1832 402 1887 illo
428 1841 700 1900 tempore,
732 1825 868 1880 dixit
892 1819 1050 1878 Iesus
1071 1818 1344 1890 discipulis
1364 1817 1477 1872 suis
1501 1833 1514 1869 :
1535 1814 1728 1878 Potite,
1761 1831 1808 1890 Β

146 1935 208 1984 et
238 1924 455 1981 dabitur
479 1922 665 1986 vobis;
699 1913 923 1990 quaerite
943 1956 958 1973 .
984 1923 1041 1970 et
1065 1911 1380 1976 invenietis;
1406 1907 1613 1979 pulsate
1633 1946 1649 1974 ,
1679 1912 1735 1962 et

149 2019 429 2091 aperietur
447 2013 620 2070 vobis.

740 2098 912 2170 Super
939 2096 1151 2152 Oblata.

225 2191 442 2253 Ilostias'
467 2193 598 2260 tibi,
628 2191 854 2248 Domine
874 2231 888 2256 ,
912 2182 1556 2260 placationis‘ofl'erimus,
1585 2187 1644 2235 ut
1681 2187 1738 2235 et

151 2290 352 2346 delicta
379 2295 564 2341 nostra
602 2283 890 2338 miseratus
913 2279 1162 2335 absolvas
1182 2317 1196 2344 ,
1222 2284 1278 2334 et
1297 2273 1544 2331 nutantia
1563 2269 1738 2327 corda

151 2392 217 2439 tu
241 2382 460 2454 dirigas.
478 2378 592 2435 Per
620 2377 924 2433 Dominum.

811 2487 1088 2560 Prwfatio.

231 2590 299 2645 D.
361 2597 416 2644 et
448 2587 654 2659 justum
701 2591 817 2646 est,
887 2595 1084 2652 usque,
1130 2583 1334 2632 reterne
1367 2573 1532 2628 Deus.
1580 2565 1742 2625 Salva

155 2698 262 2738 nos
309 2695 376 2735 ex
421 2693 517 2734 ore
554 2674 726 2732 leonis
761 2672 1075 2735 saevissimi,
1122 2667 1214 2737 qui
1255 2665 1476 2736 rugiens
1513 2660 1742 2724 circuit,

157 2788 408 2846 quaerens
435 2771 502 2826 de
533 2770 738 2824 unitate
760 2764 1016 2820 Ecclesiae
1040 2769 1173 2825 tuae,
1197 2772 1360 2829 quem
1389 2755 1566 2824 rapiat
1584 2761 1745 2820 atque

159 2843 404 2924 devoret.
438 2862 545 2918 Sed
580 2870 668 2926 tu,
699 2856 995 2914 fortissime
1036 2852 1263 2908 Domine
1302 2848 1369 2903 de
1399 2847 1543 2901 tribu
1570 2843 1742 2907 Juda,

158 2960 387 3013 contere
427 2951 754 3008 contrariam
782 2945 1000 3001 virtutis
1031 2957 1141 2997 sua:
1179 2937 1474 3009 nequitiam
1494 2976 1509 3002 ,
1550 2949 1651 2989 nos
1677 2933 1746 2988 ab

158 3046 355 3118 ignitis
385 3044 500 3115 ejus
535 3035 1032 3110 impugnationibus
1060 3032 1328 3085 liberatos
1348 3067 1363 3093 ,
1387 3038 1614 3096 corpore
1647 3036 1746 3078 nos

161 3140 471 3200 conserva,
509 3140 565 3188 et
591 3130 753 3186 corde
780 3125 1027 3198 purifica.
1061 3121 1166 3176 Per
1191 3118 1496 3176 Dominum.

727 3239 757 3293 1
763 3238 826 3308 nf
824 3255 884 3291 ra
913 3235 1193 3290 actionem.

241 3360 396 3415 Hanc
429 3358 592 3430 igitur
617 3354 944 3412 oblationem
965 3391 980 3416 ,
1014 3348 1239 3404 Domine
1259 3387 1274 3413 ,
1305 3359 1468 3417 quam
1500 3341 1598 3398 tibi
1624 3339 1756 3398 σαθ-

159 3456 340 3511 rimus
389 3469 489 3523 pro
528 3450 768 3521 peccatis
809 3455 970 3516 atque
1005 3441 1391 3500 offensionibus
1423 3438 1652 3504 nostris,
1697 3444 1760 3491 ut

161 3547 410 3602 omnium
440 3545 760 3600 delictorum
805 3550 1114 3595 nostrorum
1153 3535 1530 3593 remissionem
1564 3543 1757 3588 conse-

163 3639 262 3710 qui
291 3645 587 3703 mereatur,
621 3647 960 3704 quaesumus,
993 3629 1244 3692 Domine,
1279 3625 1366 3682 Ut.

706 3723 787 3776 Ad
831 3719 1228 3790 Complendum.

242 3824 452 3879 Prtesta
497 3817 688 3880 nobis,
729 3824 931 3869 :cterne
970 3811 1219 3866 Salvator
1243 3847 1258 3874 ,
1307 3815 1369 3861 ut
1402 3803 1762 3877 percipientes

166 3917 278 3971 hoc
325 3923 550 3966 munere
579 3907 793 3962 veniam
840 3912 1210 3975 peccatorum,
1247 3898 1498 3967 deinceps
1541 3902 1761 3964 peccata

165 4005 428 4060 vitemus.
456 3997 563 4053 Per
591 3994 899 4052 Dominum.

903 4100 1044 4157 Alia.

252 4226 398 4280 Deus
417 4266 432 4290 ,
470 4223 555 4279 cui
593 4220 871 4292 proprium
899 4224 983 4273 est
1011 4228 1224 4283 semper
1255 4193 1604 4266 misereri‘ét
1634 4192 1762 4277 ﬁat-

179 4334 340 4384 cere,
370 4317 582 4386 suscipe
620 4311 1053 4383 deprecationem
1103 4315 1344 4361 nostram
1364 4344 1380 4369 ,
1422 4311 1480 4357 ut
1507 4306 1644 4372 “quos
1669 4300 1764 4354 de-

179 4415 436 4468 lictorum
468 4421 658 4465 cateua
699 4403 1056 4475 constringit,
1096 4398 1376 4456 miseratio
1415 4404 1520 4450 tuae
1548 4391 1767 4465 pietatis

183 4505 449 4562 absolvat.
479 4502 580 4558 Per
611 4499 918 4556 Dominum.

863 4606 1098 4664 LXXXI.

579 4718 778 4762 ORATIO
821 4717 874 4756 IN
917 4709 1160 4754 TEIPORE
1197 4706 1372 4748 BELLI.

260 4822 615 4891 Omnipotens
640 4825 695 4872 et
732 4811 1044 4869 misericors
1071 4807 1242 4870 Deus,
1275 4817 1307 4856 a
1339 4799 1604 4857 bellorum
1640 4806 1770 4858 nos,

189 4887 538 4987 quaesumus,
595 4907 810 4962 turbine
854 4905 939 4958 fac
976 4900 1219 4970 quietos,
1267 4894 1394 4965 quia
1440 4889 1594 4945 nobis
1632 4887 1775 4940 bona

189 4983 388 5064 cuncta
409 5002 694 5075 priestabis
716 5040 731 5065 ,
760 4999 802 5054 si
830 5009 1019 5068 pacem
1045 4990 1261 5048 dederis
1283 4995 1340 5043 et
1365 4983 1562 5040 mentis
1581 4987 1636 5036 et
1657 4992 1776 5034 cor-

188 5102 362 5174 poris.
387 5099 492 5156 Per
513 5096 821 5154 Dominum.

851 5205 1108 5264 LXXXII.

607 5317 763 5359 MISSA
798 5317 854 5356 IX
893 5310 1140 5354 TEMPORE
1179 5305 1356 5348 BELLI.

264 5423 442 5485 Deus,
483 5431 774 5489 regnorum
819 5410 1060 5468 omnium
1097 5416 1395 5476 regumque
1431 5396 1777 5454 dominator.

192 5518 292 5590 qui
337 5530 436 5570 nos
460 5523 516 5569 et
545 5507 897 5584 percutiendo
925 5517 1086 5560 sanas
1114 5511 1168 5555 et
1201 5493 1528 5570 ignoscendo
1557 5503 1779 5546 conser-

190 5626 320 5675 vas,
358 5605 633 5679 praetende
665 5601 822 5660 nobis
856 5593 1284 5654 misericordiam
1323 5599 1500 5652 tuam,
1544 5593 1604 5640 ut
1636 5591 1784 5638 tran-

195 5674 469 5775 quillitate
512 5698 664 5771 pacis
703 5704 792 5750 tua
837 5697 1105 5763 potestate
1147 5687 1393 5750 firmata,
1438 5680 1506 5738 ad
1545 5674 1784 5739 remedia

197 5792 560 5853 correctionis
583 5801 816 5848 utamur.
859 5784 964 5841 Per
984 5780 1292 5838 Dominum.

1193 353 1395 410 LIBER
1424 337 2065 405 SACRAMENTORUM.

3295 323 3402 384 83L

2396 456 2562 528 Super
2595 454 2806 511 Oblata.

1892 548 2230 604 Sacrificium
2250 587 2264 613 ,
2291 547 2546 611 Domine,
2575 545 2718 615 quod
2741 541 3084 599 immolamus
3104 582 3118 608 ,
3149 539 3400 607 intende,

1819 648 1880 693 ut
1903 640 1969 693 ab
1999 638 2144 692 omni
2185 651 2283 690 nos
2314 643 2478 691 exuat
2508 635 2770 690 bellorum
2813 632 3086 702 nequitia,
3129 641 3184 685 et
3209 631 3266 685 in
3295 639 3402 687 tum.

1819 729 2172 802 protectionis
2201 727 2490 784 securitate
2518 724 2830 780 constituat.
2858 722 2962 777 Per
2985 721 3292 776 Dominum.

2477 836 2755 905 Prmfatio.

1896 933 1962 989 D.
2010 943 2066 989 et
2106 931 2311 1003 iustum
2359 938 2476 996 est,
2509 946 2691 998 usque,
2722 937 2922 984 :eterne
2958 928 3118 983 Deus.
3170 926 3284 982 Sub
3315 942 3408 982 cu-

1823 1025 1913 1096 jus
1944 1023 2230 1094 potestatis
2257 1021 2483 1075 arb’itrio
2504 1020 2745 1074 omnium
2777 1034 3067 1090 regnorum
3100 1019 3408 1073 continetur

1829 1125 2098 1188 potestas,
2139 1124 2192 1168 te
2229 1113 2508 1167 humiliter
2546 1112 2930 1180 deprecamur,
2973 1119 3032 1164 ut
3076 1109 3411 1179 principibus

1829 1209 2031 1264 nostris
2059 1207 2324 1277 propitius
2385 1206 2574 1260 adesse
2601 1205 2866 1274 digneris;
2917 1214 2978 1258 ut
3005 1205 3095 1274 qui
3132 1212 3216 1257 tua
3245 1217 3410 1272 expe-

1831 1304 1951 1351 tunt
1985 1312 2044 1351 se
2084 1295 2418 1366 protectione
2446 1295 2693 1360 defendi,
2725 1295 2974 1349 omnibus
3012 1295 3121 1348 sint
3163 1293 3412 1348 hostibus

1833 1386 2105 1444 fortiores.
2133 1387 2236 1442 Per
2264 1386 2558 1442 Christum.

1850 1573 1861 1582 τ
2316 1499 2446 1554 Post
2476 1497 2924 1554 Communionem.

1906 1593 2248 1649 Sacrosancti
2283 1593 2526 1662 corporis
2569 1601 2622 1646 et
2669 1592 2944 1660 sanguinis
2980 1590 3190 1646 Domini
3237 1591 3410 1645 nostri

1833 1685 1956 1742 Jesu
1989 1685 2191 1740 Christi
2235 1683 2530 1739 refectione
2567 1683 2830 1755 vegetati,
2872 1681 3138 1752 supplices
3171 1688 3222 1735 te
3255 1695 3414 1750 roga-

1838 1792 1990 1841 mus,
2027 1776 2366 1844 omnipotens
2391 1775 2566 1840 Deus,
2601 1784 2659 1828 ut
2686 1775 2788 1828 hoc
2818 1773 3056 1828 remedio
3089 1770 3311 1827 salutari
3351 1770 3418 1823 ab

1835 1868 2077 1922 omnium
2116 1877 2462 1936 peccatorum
2505 1880 2603 1919 nos
2640 1863 2926 1934 coutagine
2957 1862 3246 1933 purifices,
3291 1868 3345 1914 et
3387 1874 3417 1912 a

1835 1956 2198 2028 periculorum
2256 1957 2476 2011 munias
2540 1955 2852 2011 incursione
2909 1961 3248 2008 cunctorum.
3317 1948 3418 2004 Per

1836 2049 2106 2104 eumdem.

2493 2157 2774 2214 LXXXIII.

2472 2264 2596 2302 ΑιιΑ
2633 2263 2806 2303 Μ188Δο

1851 2363 2264 2455 Ὀιηηὶροὶθιιε
2310 2361 2483 2424 Deus,
2539 2359 2831 2416 Christiani
2889 2356 3126 2413 nominis
3175 2354 3426 2412 inimicos

1838 2450 2076 2524 virtute,
2113 2470 2456 2527 quaesumus,
2493 2462 2595 2507 tuae
2644 2451 2940 2522 comprime
2985 2450 3318 2520 majestatis,
3367 2457 3428 2504 ut

1842 2547 2070 2618 p0pulus
2091 2556 2213 2601 tuus
2230 2553 2286 2600 et
2312 2545 2435 2598 fidei
2463 2543 2772 2612 integritate
2794 2543 3023 2606 lauetur,
3046 2550 3100 2595 et
3121 2549 3426 2611 temporum

1845 2636 2234 2707 tranquillitate
2253 2649 2469 2703 semper
2497 2632 2749 2687 exsultet.
2775 2631 2879 2686 Per
2901 2631 3206 2692 Dominum.

2519 2741 2752 2797 Secreta.

1915 2836 2121 2907 Hujus,
2146 2837 2402 2902 Domine,
2434 2849 2771 2905 qumsumus,
2817 2833 3017 2910 virtute
3056 2831 3334 2904 mysterii,
3373 2839 3431 2887 et

1848 2948 1878 2988 a
1906 2933 2104 2988 nostris
2148 2931 2471 2986 mundemur
2497 2928 2754 2993 occultis,
2786 2937 2842 2982 et
2872 2928 2940 2983 ab
2973 2927 3321 2982 inimicorum
3359 2925 3427 2981 li-

1846 3025 2102 3081 beremur
2122 3024 2352 3080 insidiis.
2376 3022 2480 3078 Per
2506 3021 2816 3076 Dominum.

2393 3138 2475 3193 Ad
2513 3137 2909 3208 Complendum.

1780 3197 1826 3262 C
1932 3234 2179 3290 Vivificet
2217 3247 2346 3298 nos,
2390 3197 2652 3297 Domine,
2714 3230 3063 3300 participatto
3115 3235 3191 3283 tm
3243 3235 3435 3284 sancta

1858 3328 2137 3400 mysterii,
2187 3337 2242 3382 et
2275 3326 2478 3396 pariter
2528 3307 2683 3379 nobis
2731 3323 3092 3394 expiationem
3133 3321 3339 3378 tribuat
3383 3330 3440 3377 et

1856 3419 2157 3478 munimen.
2187 3417 2291 3472 Per
2323 3416 2638 3472 Dominum.

2492 3525 2790 3602 LXXXIV.

2398 3637 2529 3677 ITEI
2564 3636 2688 3675 ΑιιΑ
2724 3634 2896 3674 ΠΙΞΒΔ.

1933 3739 2095 3803 Deus,
2124 3737 2214 3806 qui
2242 3733 2576 3806 providentia
2597 3741 2689 3786 tua
2706 3728 2948 3786 caelestia
2972 3724 3132 3783 simul
3153 3732 3209 3780 et
3229 3733 3445 3779 terrena

1862 3831 2190 3896 moderaris,
2222 3827 2517 3900 propitiare
2554 3824 2985 3880 Christianorum
3020 3820 3184 3875 rebus
3221 3825 3276 3872 et
3305 3816 3447 3887 regi-

1862 3926 1964 3981 bus
1987 3966 2000 3990 ,
2033 3932 2094 3978 ut
2119 3923 2296 3978 omnis
2328 3919 2564 3975 hostium
2593 3914 2892 3980 fortitudo,
2927 3922 2980 3968 te
3013 3926 3111 3983 pro
3153 3908 3308 3965 nobis
3346 3922 3449 3980 pu-

1865 4026 2064 4090 gnante
2090 4055 2104 4080 ,
2137 4013 2440 4084 frangatur.
2467 4009 2574 4064 Per
2596 4006 2904 4062 Dominum.

2448 4119 2618 4192 Super
2647 4116 2858 4173 Oblata.

1936 4216 2255 4288 Propitiare,
2288 4211 2534 4276 Lomine,
2558 4209 2812 4279 precibus
2837 4216 2891 4262 et
2913 4204 3105 4261 hostiis
3126 4201 3451 4258 famulorum

1867 4321 2105 4373 tuorum,
2136 4316 2188 4364 et
2214 4313 2434 4378 propter
2471 4316 2669 4357 nomen
2703 4307 2852 4352 tuum
2886 4295 3178 4352 Christiani
3215 4293 3453 4350 nominis

1869 4396 2096 4460 defende
2139 4407 2379 4454 rectores
2404 4437 2418 4461 ,
2464 4401 2526 4447 ut
2557 4391 2703 4447 salus
2741 4388 3098 4444 servientium
3129 4385 3220 4440 tibi
3251 4380 3452 4452 princi-

1872 4511 1998 4565 pum
2037 4508 2143 4564 pax
2191 4500 2407 4546 tuorum
2446 4485 2618 4556 possit
2669 4497 2790 4538 esse
2827 4479 3166 4551 populorum.
3209 4473 3315 4529 Per
3342 4471 3452 4526 Do-

1875 4587 2100 4642 minum.

2354 4673 2485 4728 Post
2523 4667 2973 4726 Communionem.

1948 4797 2204 4864 Protege,
2231 4789 2487 4851 Domine,
2526 4783 2754 4840 famulos
2787 4791 2907 4836 tuos
2933 4773 3187 4833 subsidiis
3215 4767 3367 4840 pacis
3401 4774 3458 4821 et

1877 4860 2154 4956 corporis,
2197 4891 2252 4937 et
2284 4878 2619 4952 Spiritalibus
2648 4873 2930 4930 enutriens
2956 4882 3050 4924 eos
3085 4860 3360 4918 alimentis
3426 4873 3458 4912 a

1880 4977 2092 5034 cunctis
2113 4973 2360 5030 hostibus
2387 4969 2550 5026 redde
2577 4981 2815 5024 securos.
2843 4962 2946 5017 Per
2973 4958 3279 5014 Dominum.

2543 5079 2805 5137 LXXXV.

2429 5191 2582 5233 IISSA
2620 5192 2644 5230 1³
2654 5189 2723 5228 RO
2760 5185 2909 5226 PACE.

1953 5303 2127 5364 Deus,
2175 5312 2207 5353 a
2251 5308 2360 5367 quo
2406 5298 2594 5349 sancta
2634 5284 2935 5345 desideria,
2976 5284 3124 5333 recta
3156 5269 3380 5329 consilia
3413 5276 3469 5322 et

1880 5396 2026 5467 justa
2053 5400 2180 5448 sunt
2209 5358 2370 5460 op-era
2387 5427 2402 5453 ,
2426 5384 2494 5439 da
2518 5381 2696 5438 servis
2721 5378 2826 5432 tuis
2863 5373 3008 5429 illam
3046 5382 3209 5439 quam
3236 5358 3471 5467 mundus

1885 5449 1993 5543 non
2017 5491 2194 5556 potest
2218 5449 2348 5537 dare
2378 5449 2564 5548 pacem
2583 5513 2598 5540 ,
2638 5477 2698 5527 ut
2719 5477 2771 5525 et
2791 5465 2952 5524 corda
2992 5467 3176 5516 nostra
3203 5449 3471 5510 mandatis

1889 5581 1996 5635 tuis
2018 5552 2200 5633 dedita
2221 5615 2236 5640 ,
2275 5581 2330 5628 et
2367 5568 2601 5625 hostium
2636 5562 2844 5619 sublata
2873 5552 3190 5640 formidine,
3225 5553 3468 5611 tempora

1889 5673 1999 5726 sint
2040 5676 2129 5721 tua
2177 5661 2511 5738 protectione
2554 5651 2862 5724 tranquilla.
2902 5648 3006 5705 Per
3038 5639 3326 5699 Dominum
3373 5643 3471 5684 no-

1892 5771 2087 5818 strum.
