3954 6342
556 273 662 334 855
1549 283 1879 338 CRIMALDI
1920 285 2437 341 SANGALLENSIS
2470 289 2695 344 ABBAT
2700 292 2761 346 IS
3703 312 3800 366 856

547 466 553 472 .
1125 394 1310 466 {Super
1339 393 1547 450 Oblata.
2159 420 2210 480 Α
2237 399 2333 454 tibi
2357 401 2610 456 exhibeat
2635 405 2948 460 servitutem
2975 448 2989 473 ,
3028 417 3083 463 et
3103 412 3503 480 propitiationis
3528 423 3631 473 tua:
3654 418 3800 478 bene-

621 488 800 555 Deus,
849 488 941 560 qui
992 489 1274 544 credentes
1313 490 1368 544 in
1415 499 1467 545 te
1521 492 1746 563 populos
1794 493 1954 549 nullis
1998 493 2129 548 sinis
2236 488 2358 544 licia
2383 506 2596 547 semper
2623 494 2882 550 inveniat.
2907 496 3012 552 Per
3041 498 3348 556 Dominum.

551 581 770 637 concuti
795 581 1120 645 terroribus,
1151 581 1374 650 dignare
1399 598 1586 652 preces
1621 595 1676 638 et
1705 585 1907 640 hostias
1936 585 2128 640 dicatze
2948 609 3086 665 Αίία,

550 671 648 726 tibi
684 670 856 741 plebis
901 671 1216 739 suscipere,
1260 681 1330 758 ut.
1355 687 1462 742 pax
1505 682 1594 727 tua
1641 676 1839 743 pietate
1869 691 2104 732 concess:

2302 694 2501 750 Averte
2522 736 2537 762 ,
2571 696 2818 764 Domine,
2841 716 3149 770 quaesumus
3167 744 3182 768 ,
3211 704 3241 759 a
3267 706 3512 763 fidelibus
3545 711 3651 765 tuis
3675 727 3800 769 cun-

547 759 976 815 Christianorum
1015 759 1151 816 ﬁnes
1190 761 1257 816 ab
1284 763 1430 816 omni
1457 763 1612 820 hoste
1637 765 1802 822 faciat
1831 782 1952 823 esse
1974 783 2128 823 secu-
2228 793 2345 840 ριοε
2395 759 2684 842 ,ηίεέι-ειυε
2730 759 2978 857 ρηξοὲεέ,
3015 803 3070 848 ει
3117 759 3452 852 εῷνίθιηίυη]
3499 801 3798 858 morborum

545 851 788 908 ros.'Pcr
825 852 1134 908 Dominum.
2229 878 2434 946 depelle
2485 882 2781 949 perniciem
2805 924 2819 949 ,
2856 894 2916 938 ut
2950 901 3085 955 quos
3115 890 3309 946 merite
3349 892 3592 963 ﬂagellas
3629 895 3801 952 devios

1029 962 1159 1019 Ροδι
1189 965 1637 1022 communionem.
2227 967 2410 1024 foveas
2447 978 2535 1024 tua
2562 971 2907 1030 miseratione
2935 987 3228 1035 correctos.
3256 981 3360 1036 Per
3387 962 3703 1039 Dominum.

611 1053 776 1122 Deus,
799 1063 992 1111 auctor
1013 1057 1161 1126 pacis
1184 1067 1238 1113 et
1266 1070 1497 1123 amator,
1520 1076 1678 1129 quem
1701 1075 1882 1125 nosse,
1909 1060 2120 1126 vivere;
2849 1087 3179 1146 LXXXVI".

540 1145 628 1201 cui
657 1148 882 1215 servire,
908 1163 1134 1220 regnare
1163 1159 1281 1219 est;
1335 1161 1553 1223 protege
1582 1153 1649 1206 ab
1674 1154 1924 1208 omnibus
1953 1155 2124 1224 impu-
2659 1197 2807 1236 mss“
2840 1198 2940 1238 ΜΟ
2974 1200 3365 1242 conﬂuo“.

538 1239 882 1307 gnationibus
907 1241 1176 1310 supplices
1206 1252 1326 1299 tuos
1347 1285 1360 1309 ,
1402 1257 1460 1299 ut
1489 1245 1580 1315 qui
1605 1245 1657 1298 in
1693 1245 2003 1300 defensioue
2033 1256 2120 1299 tua

539 1328 863 1385 confidimus
900 1331 1101 1387 nullius
1132 1332 1447 1389 hostilitatis
1478 1350 1631 1389 arma
1661 1335 1967 1390 timeamus.
2017 1333 2122 1388 Per

537 1414 848 1475 Dominum.

2296 1289 2650 1362 Omnipotens
2676 1296 3002 1365 sempiterne
3041 1298 3211 1364 Deus,
3239 1301 3330 1369 qui
3360 1303 3616 1370 superbis
3645 1305 3795 1360 resis-

2225 1383 2291 1438 tis
2316 1425 2330 1449 ,
2363 1395 2418 1440 et
2445 1387 2674 1456 gratiam
2710 1398 2934 1457 praestas
2970 1391 3259 1449 humilibus
3284 1436 3299 1462 ,
3340 1397 3518 1452 tribue
3542 1437 3558 1461 ,
3595 1415 3797 1468 quaiso-

1185 1509 1481 1567 LXXXVL
2221 1493 2340 1532 mus
2361 1519 2374 1543 ,
2408 1489 2466 1534 ut
2491 1495 2596 1534 non
2626 1480 3048 1550 indignationem
3081 1493 3227 1539 tuam
3253 1503 3620 1557 provocemus
3648 1490 3796 1555 elati,

2221 1571 2313 1624 sed
2347 1573 2743 1642 propitiationis
2787 1583 2890 1632 tuae
2937 1569 3213 1648 capiamus
3246 1581 3386 1637 dona
3416 1581 3673 1651 subjecti.
3705 1585 3796 1640 Per

2222 1660 2506 1718 Dominum
2546 1673 2811 1723 nostrum.

2143 1774 2189 1833 B
2887 1781 3122 1838 Secreta.

2235 1937 2237 1941 ι
2287 1869 2370 1924 Ab
2395 1872 2542 1927 omni
2579 1882 2731 1928 reatu
2765 1890 2894 1942 nos,
2927 1876 3188 1943 Domine,
3216 1889 3405 1933 sancta
3447 1895 3575 1950 quae
3604 1891 3789 1936 tracta-

2216 1978 2336 2017 mus
2371 1965 2692 2033 absolvant,
2719 1976 2775 2023 et
2801 1969 2986 2024 eadem
3030 1971 3272 2026 muniant
3301 1972 3333 2026 ὸ
3365 1973 3537 2028 totius
3562 1975 3789 2044 pravita-

2215 2054 2286 2110 tis
2312 2056 2551 2113 incursu.
2581 2058 2688 2114 Per
2714 2058 3020 2115 Dominum.

797 1612 952 1654 MISSA
989 1614 1056 1654 DE
1095 1615 1404 1664 QUACUNQUB
1447 1617 1857 1658 TRIBULATIONB.

605 1711 935 1768 Ineﬂ‘abilem
979 1716 1407 1770 misericordiam
1450 1726 1626 1781 tuam,
1670 1716 1923 1783 Domine,
1959 1716 2114 1771 nobis

534 1799 1098 1871 clementer‘ostende,
1131 1815 1190 1860 ut
1215 1807 1373 1861 simul
1393 1822 1491 1862 nos
1521 1814 1575 1861 et
1599 1822 1628 1860 a
1659 1808 1896 1878 peccatis
1921 1823 2110 1873 exuas,

531 1901 586 1944 et
619 1906 647 1945 a
691 1894 865 1962 poenis
890 1909 1024 1963 quas
1067 1910 1167 1964 pro
1203 1896 1287 1951 his
1313 1912 1605 1964 meremur,
1630 1897 1846 1968 eripias.
1876 1897 1981 1953 Per
2007 1900 2115 1954 Do-

530 1985 737 2038 minum
768 1993 1034 2040 nostrum.
1505 2021 1516 2029 -
1925 1989 1929 1992 ’

1117 2097 1288 2169 Super
1319 2099 1531 2156 Oblata.

595 2183 859 2243 Purilicet
878 2205 976 2246 nos
996 2231 1011 2258 ,
1035 2192 1261 2248 Domine
1279 2233 1293 2258 ,
1322 2209 1662 2262 quresumus,
1704 2195 1943 2251 muneris
1971 2212 2111 2268 prze-
2289 2259 2321 2268 Α
2541 2261 2561 2268 _
2625 2261 2636 2268 ,
2697 2169 2827 2268 ξοξτ
2855 2170 3304 2268 C°_mmumoisz

523 2277 692 2330 sentis
723 2278 924 2334 oblatio
949 2321 962 2346 ,
993 2291 1046 2337 et
1073 2283 1264 2354 dignos
1305 2259 1460 2337 sacra
1502 2285 1917 2355 participatione
1947 2259 2110 2358 perﬁ-
2207 2259 2430 2368 _9"9§
2470 2261 2746 2368 ﬂetis”,
2784 2263 3042 2330 nomine’
3078 2264 3288 2368 eam}???
3331 2266 3646 2368 _my5t_eri?’
3671 2282 3784 2368 ΡΪ⁰⁶

523 2365 650 2421 τίει.
676 2366 803 2422 Per.
1137 2352 1150 2354 “
1225 2375 1246 2439 ε
1505 2352 1516 2353 ’
1700 2352 1715 2355 ’
1947 2352 1965 2358 '
2207 2352 2343 2421 priis
2373 2359 2427 2406 et
2450 2352 2643 2407 alienis
2665 2393 2680 2418 ,
2709 2370 3016 2423 quaesumus
3039 2396 3054 2421 ,
3085 2357 3412 2426 propitiatus
3448 2358 3676 2415 absolve
3708 2361 3786 2415 tle-

2207 2441 2381 2507 lictis,
2427 2455 2486 2497 ut
2525 2443 2706 2499 divino
2753 2460 2977 2502 munere
3015 2447 3313 2516 puriﬁcatis
3349 2450 3638 2506 mentibus
3677 2465 3784 2522 per-

1176 2482 1455 2554 Prwfatio.
2207 2482 2381 2507 ηνυυς
2429 2482 2486 2497 ι·-
2525 2482 2706 2499 υινι-ιυ
2753 2482 2955 2550 ιτα-ιω,

587 2569 652 2624 D-
725 2577 781 2624 et
831 2569 1033 2624 iustum
1096 2581 1212 2624 est.
1273 2592 1454 2624 usrme-
1505 2584 1704 2624 nalerne
1776 2578 1932 2624 Dona-
2001 2579 2100 2624 nn:
2205 2536 2472 2591 fruamur'
2511 2535 2614 2593 Per
2644 2537 2955 2594 Dominum-

637 2607 652 2623 .
725 2577 781 2625 et
825 2577 1033 2639 justum
1096 2581 1212 2640 est,
1273 2592 1454 2646 usque,
1505 2584 1704 2632 aeterne
1773 2578 1932 2636 Deus.
2001 2579 2103 2664 Qui
2205 2577 2472 2591 “““““’“”
2511 2577 2604 2593 ’ν’
2644 2577 3008 2664 ”“’“’”⁸³““⁶ξη

513 2668 803 2729 propterea
835 2661 960 2731 jure
989 2665 1150 2733 punis
1172 2677 1420 2721 errantes
1439 2706 1452 2732 ,
1484 2674 1540 2720 et
1569 2667 1865 2725 clementer
1891 2652 2102 2728 refoves
2272 2741 2313 2756 ἢ
2922 2650 3063 2756 Αιδης

515 2749 806 2820 castigatos
830 2792 845 2818 ,
885 2762 944 2808 ut
968 2769 1067 2809 nos
1096 2770 1128 2809 a
1150 2755 1308 2810 malis
1329 2756 1585 2826 operibus
1611 2759 1898 2817 abstrabas
1915 2801 1930 2826 ,
1956 2770 2012 2816 et
2033 2762 2101 2818 ad

2272 2741 2474 2799 Praesta
2499 2783 2514 2809 ,
2544 2757 2853 2814 quaesumus
2872 2784 2887 2811 ,
2914 2744 3256 2815 omnipotens
3280 2746 3425 2803 Deus
3443 2787 3458 2814 ,
3489 2755 3556 2802 ut
3586 2762 3784 2819 semper

510 2833 670 2894 bona'
693 2839 939 2898 facienda
969 2846 1294 2914 convenas_-;
1324 2845 1416 2915 qui
1446 2861 1555 2901 ηοη
1586 2847 1668 2902 vis
1691 2849 1936 2906 invenire
1957 2852 2101 2920 quod
2202 2833 2543 2890 rationabilia
2573 2834 2918 2902 meditantes,
2949 2851 3069 2906 qua;
3098 2837 3193 2891 tibi
3231 2847 3355 2892 sunt
3381 2838 3593 2908 placita
3630 2847 3685 2894 et
3708 2841 3779 2894 di-

509 2925 754 2996 damnes,
795 2932 889 2986 sed
915 2947 1035 2988 esse
1055 2935 1232 3004 potius
1262 2937 1404 3005 quod
1426 2950 1688 3003 corones;
1733 2939 1824 3008 qui
1850 2955 1972 2994 cum
1998 2956 2097 3011 pro
2200 2923 2302 2979 οιίδ
2325 2928 2691 2996 exsequamur
2717 2933 2774 2982 θῑ
2807 2925 2985 2981 Γπιίεο
3019 2926 3124 2981 Per
3151 2927 3460 2984 Dominum-

510 3018 714 3074 nostris
742 3021 951 3076 meritis
972 3020 1178 3094 jugiter
1199 3039 1476 3080 meremur
1501 3026 1661 3096 aﬂligi
1680 3068 1695 3094 ,
1723 3037 1780 3082 tu
1805 3037 1983 3084 tamen
2007 3030 2097 3102 ju-
2843 3037 3128 3094 LXXXIX.

510 3105 711 3160 dicium
747 3109 814 3163 ad
847 3113 1248 3182 ‘correptionem
1279 3122 1546 3183 temperas
1570 3156 1585 3181 ,
1629 3132 1733 3171 non
1776 3127 2089 3188 perpetuam
2120 3136 2164 3198 ρ
2427 3145 2582 3188 mss;
2618 3147 2833 3190 comm
2867 3149 3080 3190 wmcss
3116 3150 3255 3190 um:
3293 3151 3562 3193 AGEN’I'ES.

507 3210 731 3252 exerces
756 3198 824 3252 ad
860 3215 1074 3270 poenam
1095 3242 1108 3267 ,
1131 3203 1277 3273 juste
1301 3203 1446 3257 enim
1472 3205 1730 3276 corrigis,
1767 3217 1823 3263 et
1853 3208 2090 3264 clemen-

505 3293 593 3342 ter
621 3286 856 3356 ignoscis
880 3330 896 3356 ,
925 3291 980 3345 in
1016 3299 1246 3362 utroque
1274 3307 1439 3348 verax
1459 3334 1473 3360 ,
1522 3295 1576 3349 in
1604 3304 1836 3367 utroque
1876 3299 2092 3355 miseri-

501 3392 660 3444 cors;
710 3382 803 3450 qui
838 3397 937 3438 nos
961 3391 1016 3438 et
1043 3399 1073 3437 a
1122 3383 1239 3454 lege
1279 3385 1550 3457 disponis,
1595 3397 1654 3442 ut
1697 3392 1995 3445 coercendo
2033 3391 2090 3446 in

500 3477 763 3524 aeternum
799 3473 982 3541 perire
1007 3488 1112 3528 non
1139 3475 1287 3528 sinas
1305 3515 1319 3539 ,
1349 3483 1403 3531 et
1431 3478 1702 3545 parcendo
1728 3479 1963 3548 spatium
1995 3481 2089 3534 tri-

496 3559 633 3614 buas
663 3563 998 3633 corrigendi;
1033 3565 1122 3633 qui
1149 3565 1268 3620 ideo
1298 3543 1452 3621 malis
1476 3570 1834 3637 praesentibus
1871 3587 1968 3627 nos
1993 3572 2088 3627 πει-
2258 3633 2484 3653 “und
2571 3651 2608 3653 Α
2704 3637 2744 3653 ἢ
2844 3543 3097 3653 ,δέθνθίω
3360 3647 3371 3653 Δ
3419 3639 3433 3651 ,
3629 3649 3640 3653 Α
3707 3641 3736 3653 υ

496 3651 686 3723 gellas,
717 3662 774 3708 ut
803 3656 870 3710 ad
896 3656 1037 3712 bona
1064 3655 1244 3711 futura
1279 3633 1577 3727 perducas;
1610 3661 1730 3717 ideo
1755 3663 1910 3718 bonis
1951 3673 2086 3720 tem-

2258 3633 2490 3705 Protege
2520 3651 2619 3691 nos
2645 3677 2660 3702 ,
2702 3637 2930 3692 Domine
2953 3677 2968 3705 ,
3001 3653 3332 3707 quaesumus,
3359 3639 3468 3694 tuis
3498 3641 3764 3712 mysteriis

492 3741 771 3812 poralibus
794 3745 1098 3801 consolaris
1113 3785 1127 3811 ,
1154 3754 1213 3800 ut
1235 3746 1301 3802 de
1333 3749 1678 3819 sempiternis
1697 3750 1866 3808 facias
1887 3755 2055 3810 certio
2071 3785 2089 3796 -

2232 3727 2519 3795 :rvientes,
2551 3737 2610 3784 ut
2636 3731 2832 3786 divinis
2868 3732 3030 3788 rebus
3085 3741 3141 3786 et
3175 3747 3404 3803 corpore
3446 3733 3761 3793 famulemur

492 3845 615 3898 res,
638 3847 744 3903 quo
769 3842 820 3890 te
844 3843 898 3890 et
930 3836 984 3890 in
1007 3838 1283 3908 prosperis
1307 3846 1362 3894 et
1395 3840 1449 3894 in
1482 3841 1724 3897 adversis
1747 3843 1836 3912 pia
1865 3859 2081 3915 semper
2184 3827 2239 3875 et
2269 3827 2471 3876 meme°
2502 3820 2607 3876 Per
2629 3821 2914 3878 Dominum
2944 3831 3211 3880 nosu'um'

2266 3243 2524 3301 Ecclesia:
2544 3254 2667 3314 tuae,
2695 3246 2936 3311 Domine,
2964 3261 3154 3316 preces
3182 3247 3426 3317 placatus
3451 3250 3706 3315 admitte,
3725 3260 3774 3304 ut

2193 3334 2468 3390 destitutis
2503 3337 2922 3394 adversitatibus
2966 3339 3266 3406 universis,
3307 3355 3506 3396 secura
3541 3342 3640 3397 tibi
3665 3357 3769 3398 ser-

2191 3426 2303 3482 viat
2329 3426 2599 3484 libertate.
2625 3429 2728 3484 Per
2755 3429 3063 3485 Dominum.

492 3924 830 3982 confessione
866 3927 1167 3985 laudemus.
1207 3929 1314 3986 Per
1341 3931 1617 3988 Christum
1660 3934 1946 3990 Dominum
1976 3951 2078 3992 no-
2669 3932 2797 3989 Post
2825 3934 3274 3992 Communionem.

491 4023 685 4071 strum.
2253 4023 2602 4092 Quaesumus,
2636 4025 2862 4084 Domine
2887 4028 3031 4084 Deus
3055 4039 3272 4097 noster,
3307 4040 3368 4088 ut
3403 4048 3547 4104 quos
3585 4035 3752 4091 divina

975 4109 1102 4166 Post
1138 4109 1590 4170 Commum'onem.
2182 4115 2373 4172 tribuis
2412 4117 2824 4188 participatione
2879 4120 3115 4191 gaudere
3166 4123 3420 4179 humanis
3461 4143 3573 4182 non
3619 4129 3753 4183 sinas

557 4219 761 4277 pmsm
787 4263 802 4288 ’
851 4224 1106 4293 nomine,
1149 4241 1488 4296 quaesumus,
1516 4236 1577 4282 ιη
1610 4229 1843 4286 terrenis
1868 4229 2074 4288 θπθοιί,
2178 4207 2463 4276 subjacere
2495 4209 2770 4280 periculis.
2807 4209 2916 4266 Per
2948 4211 3238 4268 Dominum
3286 4225 3535 4273 nostrum
3580 4218 3750 4275 Jesum

486 4312 589 4368 bus
632 4314 865 4384 expiati,
906 4315 972 4371 ad
1015 4317 1234 4386 superni
1275 4318 1664 4388 plenitudinem
1700 4323 2068 4389 sacramenti,
2177 4300 2470 4390 Chriswm'

485 4400 642 4474 cujus
685 4403 972 4462 libavimus
1014 4414 1240 4474 sancta,
1283 4410 1582 4466 tendamus.
1632 4410 1737 4467 Per
1778 4413 2063 4468 Dominum
2907 4398 3017 4454 XC-

483 4501 752 4550 nostrum;
2092 4488 2104 4547 1

2549 4502 2703 4543 IISSA
2742 4504 2951 4544 CONTRA
2990 4505 3383 4554 OBLOQUENTES.

1127 4592 1431 4650 LXXXVII.
2247 4597 2449 4654 Praesta
2468 4640 2484 4666 ,
2521 4615 2828 4670 qumsumus
2847 4642 2861 4667 ,
2887 4601 3114 4659 Domine
3135 4644 3150 4670 ,
3179 4614 3240 4660 ut
3264 4607 3528 4661 mentium
3568 4623 3746 4679 repro-

852 4699 1008 4739 urssa
1041 4700 1143 4740 ιιιιο
1178 4702 1342 4744 praer
1380 4703 1698 4744 ANIMALIUM.
2171 4686 2360 4743 borum
2388 4704 2496 4744 non
2523 4706 2773 4747 curemus
2791 4692 3126 4764 obloquium,
3146 4695 3241 4750 sed
3268 4697 3459 4753 eadem
3486 4699 3745 4768 pravitate

548 4793 691 4848 Deus
716 4833 730 4859 ’
755 4795 845 4864 qui
869 4796 1143 4854 laboribus
1171 4800 1449 4856 hominum
1478 4803 1643 4857 eum“
1669 4802 1735 4857 de
1759 4809 1925 4858 muns
1949 4801 2066 4856 ani_
2169 4779 2376 4836 calcata
2408 4796 2730 4851 exoramus,
2757 4792 2817 4839 ut
2850 4801 2951 4841 nec
2980 4787 3174 4842 terreri
3204 4803 3304 4844 nos
3330 4787 3741 4844 lacerationihus

479 4883 708 4939 malibus
735 4885 925 4941 solatia
957 4889 1262 4960 subrogasti
1286 4931 1300 4955 ,
1332 4892 1603 4962 supplices
1632 4900 1686 4948 te
1710 4907 1963 4961 rogamus
2002 4901 2063 4948 ut

2241 4875 2393 4932 tiaris
2426 4877 2638 4949 injustis
2658 4920 2674 4947 ,
2706 4896 2808 4938 nec
2846 4883 3101 4953 captiosis
3134 4884 3538 4942 adulationibus
3569 4886 3737 4957 impli-

469 4977 593 5031 sine
617 4978 813 5045 quibus
847 4996 952 5034 non
995 4982 1158 5037 alitur
1183 4983 1420 5038 humana
1455 4985 1693 5040 conditio
1737 4986 1936 5041 nostris
1978 4986 2058 5041 fa-
2167 4971 2278 5026 επὶ
2303 5011 2318 5038 ›
2345 4972 2440 5029 8θά
2464 4975 2643 5044 Ροιίυε
2670 4990 2854 5033 amare
2873 4992 2992 5047 qua?
3010 4978 3281 5049 Ρηθίρῖεο
3303 4977 3409 5034 per
3435 4980 3733 5036 Dominum-

475 5068 590 5124 cias
615 5070 803 5126 usibus
831 5089 936 5128 non
963 5075 1162 5143 perire.
1193 5074 1296 5129 Per
1320 5074 1622 5129 Dominum.
2749 5083 2752 5085 Α
2845 5089 3078 5148 Secreta.

1143 5184 1375 5240 Secreta.
2233 5199 2478 5267 Oblatio,
2525 5201 2792 5266 Domine,
2847 5203 2953 5259 tuis
3001 5206 3311 5276 aspectibus
3372 5206 3724 5267 immolanda,

543 5270 840 5328 Sacriﬁciis
858 5315 872 5339 ,
908 5275 1133 5332 Domine
1153 5317 1168 5344 ,
1192 5277 1437 5346 placatus
1467 5278 1693 5347 oblatis,
1715 5295 1872 5351 opem
1900 5289 2047 5337 tuam
2157 5305 2490 5360 quzesumus,
2519 5302 2578 5348 ut
2603 5303 2658 5350 et
2683 5312 2780 5352 nos
2807 5296 2876 5351 ab
2906 5270 3158 5352 omnibus
3188 5300 3335 5354 vitiis
3361 5308 3612 5369 potenter
3637 5299 3723 5352 ab-

469 5363 670 5418 nostris
698 5367 1025 5436 temporibus
1051 5369 1345 5426 clementer
1372 5372 1639 5443 impende.
2154 5380 2359 5450 solvat,
2383 5392 2438 5438 et
2463 5400 2493 5438 a
2519 5386 2729 5441 cunctis
2748 5387 3001 5444 defendat
3029 5389 3282 5446 inimicis.
3307 5363 3412 5446 Per
3426 5391 3720 5446 Dominum.

945 5483 1073 5541 Post
1109 5487 1559 5547 Communionem.
2640 5495 2768 5553 Post
2805 5498 3251 5557 Commttm'ouem.

532 5595 969 5655 Benedictionem
999 5601 1177 5669 tuam',
1205 5604 1463 5671 Domine,
1498 5607 1724 5679 populus
1751 5609 1923 5665 fidelis
1951 5625 2042 5666 ac—
2222 5604 2458 5673 Praesta.
2489 5607 2745 5676 Domine.
2778 5626 3127 5682 qumsumUS.
3167 5622 3226 5668 ul
3252 5629 3352 5684 per
3385 5614 3501 5671 haec
3543 5619 3716 5669 sancta

461 5684 624 5758 cipiat
649 5729 663 5756 ,
696 5703 799 5758 qua
826 5707 1052 5764 corpore
1080 5693 1313 5751 salvatus
1343 5713 1403 5752 ac
1424 5708 1602 5754 mente
1629 5741 1642 5766 ,
1671 5710 1720 5755 et
1746 5717 2039 5772 congruam
2151 5715 2270 5771 qua:
2306 5703 2662 5772 sumpsimus,
2693 5705 3044 5762 dissimulatis
3077 5707 3498 5765 laccrationibus
3525 5709 3717 5779 impro-
