3954 6342
156 269 266 324 857

155 468 269 524 tius
293 476 674 540 exsequamur.
714 471 820 527 Per
847 473 1156 532 Dominum.

444 712 643 754 ORATIO
678 714 746 753 AD
785 716 1015 755 PLUV’IAM
1055 718 1454 759 POSTULANDAH.

228 807 456 864 Terram
501 821 675 876 tuam,
726 813 993 882 Domine,
1046 833 1208 887 quam
1259 819 1492 874 vidimus
1541 823 1742 880 nostris

153 900 536 972 iniquitatibus
559 905 944 974 tabescentem,
969 908 1279 965 coelestibus
1307 911 1460 980 aquis
1487 912 1708 968 infunde
1724 955 1740 981 ,

153 999 321 1062 atque
365 991 532 1063 irriga
562 993 842 1052 beneﬁciis
877 999 1066 1069 gratiae
1109 1001 1467 1071 sempiternae.
1496 1003 1602 1059 Per
1637 1006 1738 1062 θος

151 1097 386 1140 minum.

873 1203 1011 1260 Alia.

227 1305 307 1360 Da
329 1307 506 1375 nobis,
534 1302 782 1379 Domine,
812 1329 1141 1384 quaesumus,
1165 1317 1402 1386 pluviam
1424 1319 1738 1392 salutarem,

152 1403 213 1452 et
236 1398 448 1454 aridam
485 1409 642 1458 terrae
672 1403 866 1460 faciem
915 1407 1130 1466 fluentis
1167 1412 1480 1472 coelestibus
1514 1417 1744 1490 dignan-

153 1500 239 1550 ter
268 1494 510 1554 infunde.
541 1499 646 1556 Per
669 1501 955 1559 Dominum
986 1516 1253 1563 nostrum.

880 1618 998 1672 Alia

223 1719 578 1794 Omnipotens
609 1729 936 1799 sempiterne
986 1733 1147 1801 Deus,
1195 1737 1285 1805 qui
1316 1737 1496 1795 salvas
1524 1754 1733 1808 omnes,
1765 1751 1814 1812 Β

149 1820 208 1866 et
227 1813 501 1869 neminem
523 1817 603 1872 vis
629 1819 825 1887 perire,
842 1823 988 1892 aperi
1015 1823 1215 1881 fontem
1237 1827 1583 1900 benignitatis
1607 1841 1729 1900 tute,

147 1911 208 1957 et
254 1913 454 1960 terram
505 1908 713 1963 aridam
755 1913 910 1982 aquis
952 1913 1137 1971 fluenti
1180 1919 1415 1976 caelestis
1447 1921 1735 1992 dignanter

147 1993 397 2052 infunde.
428 1997 532 2054 Per
558 2000 846 2056 Dominum
883 2013 1149 2062 nostrum.

862 2113 1017 2170 XCII.

455 2237 607 2278 κιεδΑ
646 2240 714 2278 ΔΙ)
754 2241 985 2284 Ριυγιωι
1024 2246 1431 2290 POSTULANDAI.

220 2330 385 2399 Deus,
435 2333 491 2389 in
529 2351 637 2406 quo
663 2337 914 2406 vivimus,
944 2357 1224 2400 movemur
1267 2356 1324 2402 et
1363 2363 1571 2418 sumus,
1614 2351 1734 2421 plu-

145 2427 296 2483 viam
325 2430 480 2486 nobis
508 2433 682 2488 tribue
708 2446 1113 2507 congruentem,
1143 2451 1202 2497 ut
1225 2444 1582 2514 prazsentibus
1608 2446 1736 2502 sub-

147 2519 311 2576 sidiis
338 2521 668 2581 sufﬁcienter
702 2528 891 2596 adniti,
922 2531 1252 2602 sempiterna
1296 2533 1600 2594 fiducialius
1638 2552 1736 2609 ap-

144 2621 421 2682 petamus.
446 2614 569 2672 Per.

879 2734 1017 2791 Alia.

223 2835 431 2893 Delicta
483 2838 789 2912 fragilitatis
841 2855 1062 2914 nostrae,
1103 2848 1352 2919 Domine,
1401 2867 1732 2924 quaesumus,

146 2925 445 2984 miseratus
474 2931 713 2999 absolve,
741 2942 796 2989 et
822 2949 1084 3006 aquarum
1107 2940 1345 2997 subsidia
1373 2945 1556 3013 praebe
1578 2946 1739 3002 coale-

146 3016 339 3084 stium,
387 3021 581 3090 quibus
610 3031 828 3081 terrena
879 3029 1116 3087 conditio
1160 3042 1408 3106 vegetata
1453 3035 1730 3092 subsistat.

144 3105 259 3162 Per
296 3109 867 3174 Dominumnostrum.

827 3229 1060 3288 Secreta.

223 3333 450 3405 Oblatis,
479 3340 726 3411 Domine,
755 3344 973 3415 placare
1017 3353 1358 3421 muneribus,
1386 3362 1442 3412 et
1470 3365 1733 3428 opportu-

144 3441 282 3482 num
311 3430 467 3488 nobis
516 3433 693 3492 tribue
735 3437 929 3506 pluvia:
956 3443 1272 3502 sufﬁcientis
1299 3447 1580 3504 auxilium.
1608 3450 1731 3506 Per.

687 3546 770 3600 Ad
808 3545 1202 3632 Complendum.

223 3653 398 3710 Tuere
423 3673 544 3724 nos,
565 3659 810 3726 Domine,
839 3678 1171 3732 quaesumus,
1204 3675 1294 3723 tua
1317 3679 1502 3726 sancta
1521 3687 1739 3730 sumen-

141 3752 250 3799 tes.
275 3752 331 3800 et
353 3747 422 3802 ab
450 3748 700 3803 omnibus
719 3752 981 3820 propitius
1011 3755 1228 3811 absolve
1252 3760 1508 3828 peccatis.
1547 3762 1669 3818 Per.

857 3882 1040 3939 XCIII.

361 4001 568 4074 ‘ORATIO
607 4007 671 4044 AD
710 4007 1094 4051 POSTULANDAM
1133 3991 1527 4057 sanentur“.

222 4097 452 4154 Domine
496 4099 660 4168 Deus,
701 4105 794 4174 qui
825 4106 879 4161 in
924 4111 1183 4180 mysterio
1234 4126 1497 4184 aquarum
1547 4116 1736 4175 salutis

145 4196 260 4243 tuae
312 4191 467 4246 nobis
505 4205 845 4252 sacramenta
891 4201 1140 4267 sanxisti,
1189 4204 1383 4259 exaudi
1435 4208 1736 4264 orationem

147 4283 336 4352 populi
361 4287 454 4352 tui,
481 4298 536 4342 et
558 4289 687 4359 jube
714 4291 953 4350 terrores
979 4295 1354 4354 inundantium
1381 4315 1595 4357 cessare
1621 4303 1739 4373 plu-

149 4376 386 4442 viarum,
417 4379 792 4455 ﬂagellumque
825 4387 984 4459 hujus
1014 4388 1266 4447 elementi
1296 4391 1362 4447 ad
1389 4392 1635 4450 effectum
1661 4396 1735 4450 tui

151 4477 416 4524 converte
447 4474 706 4543 mysterii,
754 4486 814 4530 ut
858 4478 951 4548 qui
995 4495 1053 4535 se
1101 4485 1544 4552 regenerantihus
1584 4487 1739 4555 aquis

152 4559 393 4628 gaudent
441 4572 682 4631 renatos,
735 4569 1003 4636 gaudeant
1051 4571 1136 4626 his
1182 4575 1572 4645 castigantibus
1619 4593 1739 4634 esse

151 4657 452 4707 correctos.
478 4652 582 4709 Per
605 4656 912 4712 Dominum.

875 4770 1014 4827 Alia.

231 4873 570 4944 Quaesumus,
601 4881 942 4953 omnipotens
978 4885 1141 4952 Deus,
1187 4886 1528 4945 clementiam
1562 4899 1730 4959 tuam,

153 4973 220 5022 ut
258 4967 636 5028 inundantiam
693 4987 947 5031 coerceas
1002 4977 1276 5045 imbrium,
1319 4989 1373 5036 et
1402 4981 1733 5036 hilaritatem

155 5058 237 5114 tui
266 5060 446 5118 vultus
477 5063 630 5120 nobis
657 5066 921 5136 impertiri
968 5068 1226 5140 digneris.
1272 5072 1376 5127 Per
1422 5074 1732 5129 Dominum.

392 5299 546 5340 IISSA
578 5302 646 5341 AD
684 5303 1064 5346 POSTULANDAM
1101 5309 1496 5353 SERENITATEM.

227 5395 312 5452 Ad
341 5405 391 5453 te
418 5413 537 5464 nos,
562 5401 808 5468 Domine,
832 5404 1129 5464 clamantes
1162 5411 1377 5477 exaudi,
1403 5420 1457 5467 et
1484 5412 1625 5467 aeris
1654 5429 1739 5492 se-

156 5493 449 5550 renitatem
494 5495 648 5552 nobis
697 5498 872 5554 tribue
918 5502 1365 5572 supplicantibus,
1402 5515 1462 5561 ut
1517 5507 1609 5576 qui
1639 5523 1738 5577 pro

155 5588 402 5658 peccatis
443 5589 642 5644 nostris
681 5589 826 5661 juste
865 5591 1170 5662 afﬂigimur,
1225 5597 1597 5655 misericordia
1647 5608 1737 5655 tua

158 5682 546 5751 prteveniente,
577 5683 916 5742 clementiam
949 5688 1264 5746 sentiamus.
1293 5689 1416 5746 Per.

1259 273 1466 330 LIBER
1504 275 2144 337 SACRAMENTORUM.

153 379 352 436 borum
380 420 396 445 ,
424 379 611 436 eadem
631 423 645 447 ,
678 388 730 437 te
755 383 1114 454 gubernante,
1143 401 1262 457 quae
1283 397 1430 443 recta
1463 397 1589 444 sunt
1609 404 1738 446 cau—
1763 397 1818 456 Α

1762 3097 1809 3161 C

1764 4445 1818 4503 D

3325 301 3428 360 838

2515 401 2747 459 Secreta.

1909 521 2211 582 Praeveniat
2254 544 2372 596 nos,
2413 547 2744 602 quaesumus,
2794 535 3040 604 Domine,
3085 539 3262 608 gratia
3311 550 3424 610 tua,

1841 627 2054 684 semper
2071 625 2126 671 et
2156 618 2529 691 subsequatur,
2565 633 2620 680 et
2658 627 2758 682 has
2787 628 3108 695 oblationes,
3143 647 3282 702 quas
3325 648 3428 703 pro

1840 707 2077 773 peccatis
2104 711 2306 765 nostris
2335 715 2538 768 nomini
2563 727 2652 772 tuo
2678 722 3075 776 consecrandas
3107 721 3423 789 deferimus,

1840 794 2105 864 benignus
2127 813 2364 867 assume,
2396 810 2453 856 ut
2489 819 2586 873 per
2632 808 3074 866 intercessionem
3110 823 3424 872 sanctorum

1843 893 2059 942 tuorum
2086 893 2296 974 cunctis
2325 893 2479 951 nobis
2502 897 2790 966 proﬁciant
2814 903 2881 958 ad
2915 903 3166 959 salutem.
3196 904 3326 961 Per.

2377 1030 2457 1085 Ad
2487 1031 2878 1104 Complendum.

1912 1136 2071 1196 Plebs
2121 1149 2236 1208 tua,
2285 1143 2532 1211 Domine,
2588 1149 2768 1218 capiat
2792 1165 2962 1214 sacra:
3023 1152 3418 1212 benedictionis

1842 1243 2212 1298 augmentum,
2243 1241 2298 1288 et
2325 1236 2556 1304 copiosis
2584 1239 2970 1296 beneficiorum
2997 1250 3212 1298 tuorum
3243 1243 3426 1300 suble-

1842 1330 2000 1376 vetur
2029 1325 2264 1393 auxiliis,
2293 1342 2415 1397 quae
2459 1331 2622 1386 tantis
2669 1333 3122 1390 intercessionum
3159 1336 3421 1407 depreca-

1844 1411 2079 1471 tionibus
2104 1416 2409 1486 adjuvetur.
2443 1419 2546 1476 Per
2575 1423 2883 1478 Dominum.

2555 1553 2716 1609 XCV.

2067 1674 2216 1714 ΜιεδΑ
2253 1676 2322 1713 AD
2361 1677 2739 1718 REPELLENDAM
2778 1681 3188 1722 ΤΕΜΡΕΒΤΑΤΕΜ.

1912 1770 2076 1838 Deus,
2105 1774 2196 1843 qui
2226 1777 2468 1830 omnium
2512 1794 2694 1834 rerum
2731 1782 2827 1837 tibi
2874 1783 3222 1839 servientium
3269 1793 3428 1843 natu-

1838 1878 1955 1918 ram
1982 1881 2079 1934 per
2108 1867 2251 1938 ipsos
2279 1878 2455 1926 motus
2481 1873 2621 1927 aeris
2661 1875 2728 1928 ad
2754 1875 2955 1931 cultum
2986 1885 3091 1933 tua:
3118 1877 3422 1948 majestatis

1839 1954 2099 2024 instituis,
2129 1960 2574 2029 tranquillitatem
2599 1966 2754 2022 nobis
2780 1967 3167 2024 misericordiae
3202 1978 3307 2025 tute
3336 1968 3356 2042 [
3379 1970 3422 2040 ι’.

1839 2045 2209 2102 misericordia
2263 2047 2419 2122 tua],
2466 2055 2689 2110 remotis
2731 2055 2930 2126 largire
2978 2059 3302 2125 terroribus,
3359 2069 3421 2115 ut

1837 2135 1992 2206 cujus
2016 2137 2152 2192 iram
2202 2140 2538 2210 expiavimus
2568 2143 2911 2200 clementiam
2931 2148 3250 2216 sentiamus.
3293 2147 3420 2205 Per.

2572 2271 2714 2327 Alia.

1906 2383 1954 2438 Α
1980 2383 2141 2439 domo
2166 2392 2276 2449 tua,
2306 2400 2634 2455 quaesumus,
2667 2387 3200 2458 Domme,spiritales
3228 2389 3424 2460 nequi-

1837 2472 1928 2527 tiae
1991 2472 2338 2543 repellantur,
2406 2483 2461 2528 et
2517 2475 2787 2531 aeriarum
2830 2477 3073 2534 discedat
3117 2477 3426 2550 malignitas

1839 2570 2249 2635 tempestatum.
2282 2563 2386 2619 Per
2414 2565 2719 2620 Dominum.

2518 2691 2749 2748 Secreta.

1907 2801 2218 2871 Oll'erimus,
2239 2801 2483 2870 Domine,
2508 2803 2694 2860 laudes
2713 2813 2768 2861 et
2795 2822 3041 2875 munera,
3068 2823 3169 2881 pro
3198 2823 3422 2868 conces-

1838 2894 1916 2950 sis
1950 2894 2229 2951 beneticiis
2272 2894 2474 2966 gratias
2501 2894 2818 2962 referentes,
2850 2906 2906 2953 et
2931 2913 3029 2968 pro
3057 2900 3419 2959 concedendis

1839 3001 2055 3058 semper
2081 2986 2396 3058 suppliciter
2431 2989 2805 3059 deprecantes.
2837 2989 2960 3048 Per.

2369 3116 2451 3171 Ad
2486 3116 2880 3190 Complendum.

1909 3229 2263 3302 Omnipotens
2311 3231 2643 3301 sempiterne
2685 3232 2848 3298 Deus,
2895 3233 2989 3304 qui
3037 3247 3137 3290 nos
3174 3241 3231 3291 et
3267 3235 3431 3292 casti-

1837 3321 2013 3388 gando
2040 3335 2220 3386 sanas,
2251 3327 2307 3376 et
2350 3320 2680 3392 ignoscendo
2726 3337 3038 3390 conservas,
3066 3331 3267 3393 praesta
3294 3339 3429 3394 sup-

1836 3412 2066 3482 plicibus
2089 3412 2216 3477 tuis,
2247 3420 2306 3466 ut
2332 3420 2387 3468 et
2411 3413 2890 3482 tranquillitatibus
2911 3415 3071 3486 hujus
3083 3423 3278 3486 optatae
3303 3429 3428 3471 con-

1838 3500 2397 3568 solationislaetemur,
2429 3509 2486 3558 et
2521 3502 2661 3558 dono
2681 3511 2785 3558 tuae
2814 3505 3033 3575 pietatis
3065 3520 3280 3576 semper
3302 3512 3428 3562 uta-

1836 3607 1979 3647 mur.
2004 3591 2128 3648 Per.

2540 3705 2724 3764 XCVI.

1841 3829 2143 3871 ORATIONES
2177 3831 2248 3871 ΕΤ
2288 3831 2485 3871 PRECES
2507 3833 2672 3872 SUPER
2712 3833 3100 3886 NENITENTEM,
3139 3836 3428 3878 CONFITEN"

1911 3922 2018 3961 TE)!
2045 3922 2279 3963 PECCATA
2309 3923 2406 3963 ευΑ
2427 3923 2571 3963 UOBE
2602 3925 2813 3976 SOLITO,
2843 3927 2999 3967 FERIA
3033 3927 3086 3966 IV
3117 3928 3275 3969 INFRA
3297 3929 3427 3978 ρυλ-

1909 4012 2268 4053 DRAGESIMAM.

1910 4133 2140 4198 Exaudi,
2169 4133 2416 4200 Domine,
2441 4147 2630 4204 preces
2659 4142 2896 4201 nostras,
2931 4141 2987 4190 et
3024 4135 3119 4190 tibi
3148 4135 3419 4192 confiten-

1840 4224 1972 4278 tium
2030 4239 2193 4294 parce
2243 4225 2499 4295 peccatis,
2549 4232 2608 4279 ut
2657 4240 2793 4296 quos
2841 4226 3185 4283 conscientiae
3236 4236 3426 4286 reatus

1841 4325 2080 4382 accusat,
2113 4317 2445 4389 indulgentia
2475 4326 2579 4374 tuae
2602 4319 2970 4374 miserationis
3008 4319 3269 4376 absolvat.
3299 4319 3423 4376 Per.

1914 4406 2219 4462 Praeveniat
2260 4409 2404 4464 hunc
2436 4407 2695 4464 famulum
2727 4417 2897 4474 tuum,
2946 4424 3273 4479 quaesumus,
3315 4409 3427 4465 Do-

1843 4498 2010 4562 minc,
2065 4498 2438 4553 misericordia
2488 4507 2600 4565 tua,
2640 4507 2701 4552 ut
2730 4514 2919 4555 omnes
2950 4500 3264 4570 iniquitates
3309 4498 3427 4570 ejus

1843 4589 2010 4644 celeri
2039 4588 2369 4660 indulgentia
2397 4589 2696 4644 deleantur.
2729 4590 2852 4645 Per.

1911 4680 2112 4735 Adesto
2160 4680 2642 4751 supplicationibus
2687 4680 2912 4745 nostris,
2949 4694 3050 4736 nec
3094 4681 3166 4735 sit
3207 4679 3275 4736 ab
3322 4681 3427 4736 hoc

1840 4769 2041 4825 famqu
2097 4781 2190 4825 tuo
2242 4769 2542 4825 clementiae
2593 4777 2699 4824 tuae
2752 4768 3046 4840 longinqua
3103 4769 3422 4826 miseratio:

1841 4861 2064 4915 vulnera
2093 4876 2246 4927 sana,
2276 4859 2498 4930 ejusque
2522 4860 2738 4915 remitte
2763 4869 3006 4929 peccata,
3034 4868 3096 4915 ut
3126 4860 3290 4916 nullis
3319 4874 3349 4914 a
3373 4869 3427 4914 te

1842 4953 2212 5023 iniquitatibus
2241 4963 2542 5024 separatus,
2588 4953 2685 5010 tibi
2727 4953 2955 5011 Domino
3004 4969 3219 5025 semper
3249 4953 3429 5011 valeat

1843 5045 2138 5101 adhaerere.
2171 5045 2296 5101 Per.

1914 5136 2140 5191 Domine
2203 5136 2346 5193 Deus
2369 5145 2576 5204 noster,
2627 5138 2720 5209 qui
2754 5131 3048 5194 offensione
3082 5147 3267 5193 nostra
3316 5150 3424 5193 non

1843 5228 2100 5294 vincaris,
2131 5230 2225 5284 sed
2257 5228 2628 5286 satisfactione
2670 5231 2923 5302 placaris,
2957 5231 3184 5300 respice,
3214 5244 3425 5299 quaesu-

1842 5336 1982 5387 mus,
2016 5322 2082 5376 ad
2111 5323 2255 5377 hunc
2284 5322 2542 5376 famulum
2599 5331 2769 5390 tuum,
2813 5323 2905 5392 qui
2947 5335 3005 5378 se
3040 5321 3136 5377 tibi
3171 5335 3428 5392 peccasse

1840 5413 2078 5484 graviter
2104 5415 2412 5470 confitetur.
2444 5414 2617 5469 Tuum
2656 5423 2740 5470 est
2768 5414 2914 5469 enim
2943 5414 3268 5470 ablutionem
3313 5414 3424 5469 cri-

1841 5506 2047 5561 minum
2102 5507 2249 5570 dare,
2285 5513 2339 5562 et
2368 5506 2581 5560 veniam
2628 5515 2887 5576 praestare
2916 5505 3284 5578 peccantibus,
3331 5504 3424 5576 qui

1841 5597 2048 5663 dixisti,
2099 5597 2474 5668 paenitentiam
2529 5605 2581 5652 te
2610 5599 2771 5655 malle
2828 5607 3208 5669 peccatorum,
3259 5611 3424 5667 quam

1841 5698 2091 5746 mortem.
2127 5689 2370 5747 Concede
2405 5705 2554 5756 ergo,
2589 5692 2836 5755 Domine,
2868 5693 2992 5756 boc,
3022 5698 3081 5746 ut
3109 5689 3206 5745 tibi
3249 5689 3424 5752 eteni-
