3954 6342
488 256 592 314 839

1479 259 1808 314 GRIMALDI
1845 258 2363 316 SANGALLENSIS
2400 259 2690 317 ABBATIS

3653 271 3750 328 840

488 372 673 427 ῑθηιίεε
727 371 983 427 excubias
1006 371 1272 437 celebret,
1322 380 1377 427 et
1405 373 1664 428 correctis
1698 374 1908 429 actibus
1937 373 2066 439 suis,
2098 380 2147 436 Α
2247 374 2410 438 Deus,
2437 374 2529 443 qui
2572 374 2808 430 humano
2844 375 3027 444 generi
3055 383 3110 430 et
3138 376 3328 432 salutis
3359 379 3674 449 remedium,
3701 396 3749 439 et

488 462 725 520 conferri
747 462 850 518 sibi
872 479 900 518 a
923 473 974 519 te
995 465 1321 534 sempiterna
1345 465 1539 534 gaudia
1560 463 1876 536 gratuletur.
1899 465 2001 520 Per
2018 478 2066 519 ι.

1167 575 1371 632 XCVII.

487 649 520 689 δ
541 663 835 705 ona'noxes
866 664 933 701 AD
963 662 1424 703 RECONCILIANDUI
1459 662 1848 714 pmmrsnren,
1881 663 2004 702 rea.
2036 663 2069 702 v

560 759 614 798 ΙΝ
645 757 806 798 ΟΈΝΔ
830 757 1036 797 DOMINI.

555 839 781 922 Adesto,
810 857 1058 920 Domine,
1090 855 1571 926 supplicationibus
1591 856 1816 922 nostris,
1861 866 1916 912 et
1961 873 2064 922 me,

485 945 576 1014 qui
600 947 764 1000 etiam
792 946 1162 1000 misericordia
1187 955 1275 999 tua
1297 947 1503 1014 primus
1526 947 2072 1016 indigeo,clementer

485 1036 703 1099 exaudi,
744 1045 805 1090 ut
849 1051 1008 1105 quem
1059 1052 1166 1090 non
1212 1036 1474 1090 electione
1535 1037 1735 1102 meriti,
1789 1040 1882 1092 sed
1930 1040 2070 1093 dono

485 1125 675 1195 gratiae
705 1134 808 1179 tuas
851 1126 1184 1180 constituisti
1231 1127 1412 1195 operis
1441 1125 1602 1194 hujus
1635 1127 1964 1194 ministrum,
2000 1130 2069 1184 da

483 1213 736 1270 ﬁduciam
786 1215 862 1268 tui
896 1216 1134 1270 muneris
1165 1216 1514 1284 exsequendi,
1543 1225 1596 1270 et
1624 1215 1739 1284 ipse
1786 1217 1840 1270 in
1882 1227 2070 1274 nostro

484 1306 789 1360 ministerio
817 1305 962 1376 quod
987 1316 1089 1362 tuae
1111 1309 1329 1378 pietatis
1351 1317 1454 1376 est,
1484 1325 1729 1381 operare.
1759 1309 1862 1366 Per
1888 1311 2070 1368 Domi-

483 1412 611 1452 num
641 1407 903 1452 nostrum.

553 1487 778 1552 Praesta,
810 1506 1138 1559 quaesumus,
1187 1493 1433 1558 Domine,
1473 1493 1601 1548 huic
1627 1493 1827 1548 famulo
1865 1501 1955 1548 tuo
1988 1494 2069 1549 di-

484 1596 646 1651 gnum
676 1582 1008 1651 pmnitentiae
1052 1585 1308 1650 fructum,
1341 1594 1397 1639 ut
1426 1585 1682 1641 Ecclesia:
1713 1595 1816 1641 tuae
1845 1596 2064 1654 sanctze,

484 1687 515 1726 a
549 1672 701 1742 cujus
739 1675 1052 1747 integritate
1083 1677 1326 1733 deviarat
1371 1681 1668 1749 peccando,
1705 1681 2062 1735 admissorum

2177 465 2300 518 vitae
2320 474 2533 520 reternaa
2557 480 2780 519 munera
2810 467 3108 534 contulisti,
3155 482 3419 524 conserva
3448 471 3645 530 famulo
3667 487 3751 532 tuo

2175 557 2240 610 N.
2297 566 2508 611 tuarum
2541 558 2680 613 dona
2713 558 2999 624 virtutum,
3027 569 3081 615 et
3112 563 3353 618 concede
3399 573 3459 619 ut
3497 568 3816 666 medelamv

2176 657 2320 702 tuam
2351 664 2456 702 non
2471 645 2656 705 solum
2691 649 2743 704 in
2769 665 3022 722 corpore,
3045 652 3141 707 sed
3163 654 3325 708 etiam
3357 655 3410 710 in
3434 657 3618 713 anima
3643 645 3784 716 sen-z

2175 739 2295 794 tiat.
2325 739 2447 793 Per.
2885 733 2889 744 ’

2244 829 2514 886 Virtutum
2549 832 2846 889 crelestium
2883 834 3047 902 Deus,
3088 838 3178 907 qui
3205 837 3257 892 in
3285 839 3538 898 humanis
3568 859 3758 914 corpo-

2177 921 2326 976 ribus
2347 937 2564 976 omuem
2589 922 2902 995 languorem
2925 937 2980 980 ct
2998 943 3211 983 omnem
3234 929 3606 988 infirmitatem
3631 951 3758 1005 prae-

2175 1016 2315 1085 ccpti
2374 1016 2447 1070 tui
2496 1025 2768 1085 potestate
2811 1019 3050 1089 depellis,
3101 1022 3288 1078 adesto
3323 1026 3596 1095 propitius
3643 1028 3760 1082 huic

2174 1105 2376 1160 famulo
2407 1115 2498 1162 tuo
2521 1105 2610 1174 N.,
2653 1117 2711 1163 ut
2740 1108 2940 1180 fugatis
2990 1111 3399 1169 inﬁrmitatibus
3445 1125 3503 1170 et
3555 1118 3761 1174 viribus

2176 1200 2428 1269 receptis,
2479 1216 2676 1256 nomen
2719 1209 2964 1258 sanctum
2996 1212 3142 1259 tuum
3184 1205 3486 1263 instaurata
3517 1212 3762 1280 protinus

2174 1295 2406 1350 sanitate
2427 1296 2730 1353 benedicat.

2245 1385 2468 1443 Domine
2497 1398 2702 1453 sancte,
2752 1388 2913 1445 Pater
2939 1392 3298 1462 omnipotens,
3349 1405 3558 1452 aeterne
3600 1399 3759 1464 Deus,

2173 1477 2262 1547 qui
2287 1479 2634 1550 fragilitatem
2657 1481 2980 1536 conditionis
3002 1493 3200 1539 nostra:
3222 1483 3396 1540 infusa
3415 1487 3642 1542 virtutis
3663 1498 3762 1543 tua

2178 1567 2488 1637 dignatione
2506 1571 2818 1636 confirmas,
2841 1581 2900 1626 ut
2915 1573 3240 1629 salutaribus
3263 1577 3523 1631 remediis
3546 1579 3763 1648 pietatis

2173 1667 2279 1713 tuae
2335 1675 2562 1730 corpora
2596 1671 2780 1718 nostra
2828 1671 2883 1718 et
2932 1664 3173 1720 membra
3219 1677 3566 1738 vegetentur,
3606 1686 3764 1740 super

484 1765 744 1821 reddatur
787 1768 1042 1825 innoxius
1078 1770 1293 1824 veniam
1323 1773 1719 1843 consequendo.
1751 1773 1856 1829 Per
1882 1773 2062 1829 Domi-

2180 1749 2318 1804 hunc
2367 1751 2623 1807 famulum
2673 1761 2820 1807 tuum
2869 1755 3191 1826 propitiatus
3231 1755 3479 1824 intende,
3506 1769 3589 1825 ut,
3618 1762 3762 1814 omni

483 1871 608 1935 nium
634 1867 897 1913 DOSlI‘lIIIl.

553 1951 716 2016 Deus,
766 1953 985 2009 humani
1038 1956 1252 2027 generis
1299 1957 1684 2027 benignissime
1721 1961 1968 2016 conditor
2017 1969 2072 2016 et

483 2041 994 2101 misericordissime
1046 2047 1391 2112 reformator,
1421 2050 1512 2118 qui
1546 2051 1837 2118 hominem,
1871 2051 2071 2107 invidia

481 2134 673 2189 diaboli
722 2139 790 2190 ab
814 2139 1118 2195 aeternitate
1160 2139 1450 2209 dejectum,
1483 2143 1628 2198 unici
1657 2143 1780 2198 Filii
1827 2146 1902 2200 tui
1947 2161 2070 2200 san-

480 2225 639 2294 guine
673 2227 966 2293 redemisti,
997 2229 1206 2284 viviﬁca
1245 2232 1385 2287 hunc
1409 2232 1670 2288 famulum
1705 2243 1875 2297 tuum,
1903 2252 2066 2307 quem

480 2313 576 2366 tibi
603 2313 906 2372 nullatenus
932 2320 1070 2373 mori
1095 2321 1390 2385 desideras,
1418 2332 1471 2376 et
1497 2323 1587 2391 qui
1608 2339 1712 2378 non
1737 2325 2068 2398 derclinquis

479 2405 713 2472 devium,
743 2422 958 2462 assume
978 2420 1305 2466 correctum.
1338 2413 1585 2469 Moveant
1608 2416 1866 2484 pietatem
1897 2427 2064 2486 tuam,
2125 2461 2145 2472 -

478 2510 804 2565 quaesumus,
838 2500 1082 2567 Domine,
1115 2501 1274 2570 hujus
1320 2503 1504 2558 famuli
1538 2507 1612 2560 tui
1641 2505 1941 2578 lacrymosa
1971 2526 2064 2566 su-

478 2589 643 2659 spiria
673 2607 687 2655 ;
716 2599 769 2645 tu
794 2591 915 2660 ejus
940 2595 1156 2650 medere
1180 2596 1514 2663 vulneribus,
1546 2607 1600 2655 tu
1618 2598 1820 2668 jacenti
1844 2620 2065 2659 manum

477 2680 691 2751 porrige
720 2682 1035 2750 salutarem,
1067 2700 1134 2740 ne
1163 2687 1404 2742 Ecclesia
1439 2696 1528 2742 tua
1555 2690 1735 2760 aliqua
1766 2693 1849 2746 sui
1875 2709 2065 2765 corpo-

477 2770 554 2824 ris
599 2773 846 2841 portione
888 2785 1150 2843 vastetur,
1205 2793 1274 2833 ne
1336 2796 1466 2850 grex
1515 2789 1639 2838 tuus
1677 2767 2076 2842 detrimentum

475 2863 756 2930 sustineat,
785 2881 854 2921 ne
883 2867 948 2922 de
972 2867 1186 2925 famulae
1235 2880 1339 2926 tua:
1376 2873 1574 2930 damno
1603 2875 1855 2933 inimicus
1884 2879 2064 2934 exsul-

474 2959 571 3018 tet,
600 2969 701 3009 nec
730 2965 979 3012 renatum
1009 2959 1227 3016 lavacro
1255 2962 1480 3019 salutari
1505 2981 1654 3023 mors
1681 2971 1914 3025 secunda
1939 2986 2037 3041 pos

473 3043 666 3098 sideat.
719 3045 838 3103 Tibi
887 3065 1037 3120 ergo,
1068 3053 1313 3119 Domine,
1369 3057 1640 3127 supplices
1694 3076 1906 3130 preces,
1965 3063 2057 3118 tibi

473 3132 656 3188 fletum
685 3139 866 3194 cordis
887 3140 1212 3200 effundimus
1238 3162 1252 3211 ;
1287 3154 1339 3201 tu
1365 3162 1527 3216 parce
1555 3152 1854 3220 confitenti,
1888 3163 1948 3208 ut
1983 3156 2063 3212 sic

473 3223 530 3279 in
556 3226 658 3280 hac
685 3229 1013 3286 mortalitate
1036 3245 1257 3303 peccata
1293 3253 1408 3303 sua,
1442 3248 1494 3293 te
1515 3241 1823 3312 adjuvante,
1847 3244 2061 3314 deﬂeat,

472 3324 743 3386 quatenus
768 3318 823 3373 in
855 3325 1117 3379 tremendi
1157 3325 1350 3396 judicii
1391 3330 1478 3385 die
1529 3335 1854 3389 sententiam
1910 3337 2065 3392 dam-

472 3407 709 3465 nationis
749 3419 964 3468 teternae
1023 3417 1234 3483 evadat,
1290 3427 1344 3474 et
1385 3421 1592 3477 nesciat
1627 3423 1768 3492 quod
1815 3434 1982 3482 terret
2011 3428 2062 3483 in

473 3499 736 3566 tenebris,
765 3503 908 3572 quod
951 3506 1143 3562 stridet
1169 3508 1222 3562 in
1253 3509 1481 3567 ﬂammis
1510 3530 1525 3580 ;
1573 3522 1738 3585 atque
1768 3517 1837 3572 ab
1861 3519 2064 3575 erroris

470 3589 559 3644 via
587 3591 655 3644 ad
706 3592 812 3648 iter
836 3609 1090 3652 reversus
1112 3597 1359 3668 justitiw,
1392 3616 1753 3674 nequaquam.
1779 3605 1921 3662 ultra
1954 3609 2064 3663 vul-

471 3678 694 3739 neribus
735 3687 1030 3754 saucietur,
1064 3691 1158 3746 sed
1189 3691 1458 3762 integrum
1487 3695 1561 3749 sit
1589 3696 1637 3751 ei
1667 3706 1831 3767 atque
1870 3713 2063 3770 perpe~

472 3781 624 3828 tuum
649 3783 703 3831 et
730 3779 875 3847 quod
899 3781 1076 3850 gratia
1101 3791 1191 3838 tua
1221 3785 1471 3852 contulit,
1505 3795 1560 3842 et
1582 3790 1725 3858 quod
1751 3791 2062 3848 misericor-

471 3864 559 3920 dia
586 3866 922 3926 reformavit.
952 3871 1058 3928 Per
1082 3875 1331 3932 eumdem
1358 3875 1669 3937 Dominum.

1153 3989 1383 4046 XCVIII.

739 4091 1040 4136 ORATIONES
1063 4094 1132 4134 AD
1159 4097 1485 4140 VISI'I‘ANDUM
1516 4102 1794 4146 INFIRIUI.

544 4184 705 4249 Deus,
733 4189 824 4256 qui
854 4188 1056 4245 famulo
1084 4201 1176 4247 tuo
1206 4193 1452 4250 Ezechiae
1475 4204 1561 4251 ter
1589 4199 1782 4267 quinos
1803 4215 1974 4257 annos
1991 4204 2060 4259 ad

469 4275 636 4330 vitam
667 4277 899 4344 donasti,
929 4281 1001 4336 ita
1026 4291 1082 4336 et
1106 4283 1367 4343 famulum
1399 4295 1547 4341 tuum
1577 4288 1642 4343 N.
1675 4305 1704 4344 a
1733 4291 1872 4347 lecto
1898 4295 2060 4365 aegri-

470 4364 673 4420 tudinis
703 4374 793 4422 tua
814 4371 1056 4439 potentia
1081 4372 1256 4445 erigat
1280 4373 1348 4429 ad
1368 4375 1616 4452 salutem.
1650 4377 1753 4434 Per
1773 4364 2058 4436 Dominum

466 4467 733 4514 ιιοεῑτυω.

539 4549 791 4620 Respice,
824 4552 1068 4623 Domine,
1099 4558 1360 4616 famulum
1393 4569 1541 4617 tuum
1563 4562 1630 4618 N.
1655 4563 1709 4618 in
1740 4564 2053 4622 infirmitate

465 4637 549 4693 sui
585 4642 828 4710 corporis
871 4642 1232 4713 laborantem,
1279 4658 1335 4706 et
1377 4652 1613 4706 animam
1663 4653 1844 4710 refove
1888 4671 2050 4725 quam

467 4728 685 4794 creasti,
737 4738 798 4783 ut
847 4734 1289 4803 castigationibus
1329 4743 1638 4806 emundata,
1691 4745 1948 4801 continuo
1993 4761 2053 4802 se

466 4817 668 4872 sentiat
719 4827 810 4875 tua
859 4825 1126 4881 medicina
1184 4827 1470 4886 salvatum.
1505 4833 1607 4889 Per
1637 4834 1922 4890 Dominum
1951 4851 2050 4892 no-

465 4916 657 4962 strum.

538 4997 700 5063 Deus,
732 5001 823 5069 qui
851 5002 1076 5062 factura:
1103 5016 1208 5062 tute
1235 5009 1325 5079 pio
1355 5025 1570 5081 semper
1594 5012 1893 5074 dominaris
1923 5017 2053 5076 affe-

464 5095 577 5152 ctu,
604 5088 801 5146 inclina
839 5108 1025 5151 aurem
1052 5107 1198 5152 tuam
1231 5101 1710 5170 supplicationibus
1752 5111 1972 5177 nostris,
1997 5119 2052 5166 et

466 5175 725 5233 famulum
761 5191 908 5238 tuum
955 5185 1021 5240 N.
1070 5205 1137 5244 ex
1184 5191 1412 5246 adversa
1459 5194 1764 5253 valetudine
1805 5202 2050 5269 corporis

464 5265 818 5338 laborantem,
841 5273 1084 5342 placatus
1106 5281 1338 5350 respice,
1363 5291 1419 5337 et
1439 5284 1596 5341 visita
1618 5289 1672 5342 in
1695 5288 1915 5346 salutari
1931 5299 2044 5360 tuo,

463 5372 529 5414 ac
559 5358 795 5418 caelestis
823 5366 1011 5435 gratiae
1036 5379 1232 5438 przesta
1258 5374 1603 5433 medicinam.
1634 5377 1756 5436 Per.

533 5526 561 5556 ι
582 5515 1014 5596 Aliasprzeterea
1038 5530 1314 5588 orationes
1334 5534 1516 5592 videre
1537 5546 1620 5592 est
1644 5538 1695 5593 in
1720 5537 1846 5594 0rd.
1881 5539 2040 5596 Rom.
2073 5513 2082 5518 I

596 5587 708 5678 A28,
729 5587 882 5678 29f}
909 5595 998 5652 30.
1037 5598 1275 5667 Quarum
1298 5587 1593 5678 ;etiamvﬁt_
1604 5587 2042 5668 'a-bwl-ll:

463 5663 621 5712 cuino
648 5676 767 5731 pag.
801 5663 889 5718 52.

2078 4473 2131 4533 D

2174 1843 2503 1898 necessitate
2535 1859 2811 1916 corporeae
2857 1847 3186 1903 infirmitatis
3214 1848 3456 1915 exclusa,
3503 1847 3682 1922 gratia
3710 1852 3763 1905 in

2171 1947 2238 1987 eo
2285 1933 2527 2002 pristina:
2587 1936 2832 1992 sanitatis
2879 1939 3118 2008 perfecta
3161 1948 3462 2009 reparetur.
3516 1940 3626 1997 Per
3661 1943 3763 1998 Do-

2171 2025 2396 2081 minum.

2889 2100 3073 2157 XCIX.

2666 2205 2820 2247 MISSA
2862 2208 2963 2248 PRO
3001 2209 3252 2251 IRFIBIIS.

2236 2285 2600 2372 Omnipotens
2647 2307 2972 2376 sempiterne
3017 2307 3175 2372 Deus,
3207 2309 3357 2365 salus
3401 2319 3614 2366 :etcrna
3647 2329 3763 2369 cre-

2169 2386 2439 2456 dentium,
2466 2393 2660 2446 exaudi
2690 2409 2788 2449 nos
2817 2411 2914 2464 pro
2940 2396 3152 2452 famulis
3178 2399 3280 2453 tuis
3309 2398 3401 2466 N.,
3432 2416 3536 2470 pro
3567 2404 3765 2473 quibus

2171 2479 2565 2538 misericordia:
2613 2491 2717 2540 tua:
2768 2485 3117 2556 imploramus
3146 2489 3424 2557 auxilium,
3480 2502 3540 2546 ut
3589 2493 3764 2548 redita

2168 2569 2271 2625 sibi
2305 2573 2564 2639 sanitate,
2598 2576 2892 2646 gratiarum
2922 2577 3017 2633 tibi
3059 2579 3112 2634 in
3141 2580 3368 2637 ecclesia
3396 2592 3487 2637 tua
3518 2583 3765 2640 referant

2169 2662 2459 2719 actionem.
2489 2662 2613 2720 Per.

2842 2760 3075 2817 Secreta.

2239 2846 2407 2913 Deus,
2441 2846 2595 2916 cujus
2621 2850 2841 2907 nutibus
2865 2853 2989 2909 vitae
3011 2865 3209 2910 nostrae
3235 2869 3506 2913 momenta
3552 2860 3763 2914 decur-

2167 2945 2318 3003 runt,
2355 2940 2568 3010 suscipe
2608 2955 2799 3011 preces
2841 2953 2896 2998 et
2924 2945 3128 3001 hostias
3171 2946 3490 3003 famulorum
3521 2948 3764 3004 famula-

2167 3043 2395 3099 rumque
2440 3040 2683 3099 tuarum,
2739 3049 2839 3103 pro
2881 3037 3080 3105 quibus
3135 3038 3560 3095 misericordiam
3608 3051 3762 3096 tuam

2091 3110 2139 3176 C
2170 3123 2564 3192 aegrotantibus
2607 3125 2978 3196 imploramus,
3026 3137 3086 3184 ut
3124 3132 3190 3186 de
3237 3147 3462 3201 quorum
3510 3135 3766 3204 periculo

2169 3212 2462 3269 metuimus
2493 3214 2559 3270 de
2583 3229 2767 3272 eorum
2796 3217 2973 3274 salute
3001 3217 3261 3276 laetemur.
3297 3220 3401 3277 Per
3432 3222 3763 3282 Dominum.

2827 3332 3104 3402 Praefatio.

2239 3415 2305 3469 D.
2331 3425 2387 3472 et
2410 3427 2618 3489 justum
2647 3428 2748 3488 est,
2790 3439 2976 3494 usque,
3016 3432 3202 3482 eterne
3236 3426 3394 3484 Deus.
3432 3427 3535 3496 Qui
3568 3429 3763 3485 famu-

2166 3504 2248 3561 los
2283 3514 2404 3563 tuos
2429 3509 2549 3566 ideo
2573 3513 2928 3582 corporaliter
2953 3514 3227 3583 verberas,
3260 3527 3318 3572 ut
3359 3530 3538 3575 mente
3576 3523 3761 3590 proli-

2167 3597 2332 3664 ciant,
2360 3609 2614 3669 potenter
2638 3606 2950 3671 ostendens,
2978 3607 3120 3676 quod
3145 3609 3214 3662 sit
3240 3609 3454 3679 pietatis
3485 3620 3592 3666 tua:
3617 3629 3767 3682 prae-

2167 3689 2313 3744 clara
2345 3691 2596 3758 salvatio,
2621 3695 2746 3750 dum
2778 3706 3024 3766 praestas,
3048 3708 3109 3754 ut
3127 3710 3382 3770 Operetur
3407 3704 3560 3759 nobis
3583 3706 3766 3760 etiam

2166 3780 2285 3850 ipsa
2323 3781 2612 3842 inﬁrmitas
2636 3787 2886 3844 salutem.
2915 3788 3021 3845 Per
3044 3789 3315 3847 Christum
3339 3793 3630 3850 Dominum
3665 3814 3766 3852 no-

2164 3881 2360 3929 strum.

2696 3971 2777 4024 Ad
2801 3971 3196 4043 Complendum.

2235 4069 2399 4136 Deus,
2444 4070 2772 4128 inﬁrmitatis
2801 4075 3050 4131 humanm
3099 4077 3368 4148 singulare
3410 4080 3760 4148 praesidium,

2162 4159 2346 4215 auxilii
2383 4162 2463 4217 tui~
2483 4178 2644 4234 super
2677 4165 2920 4222 infirmos
2964 4178 3179 4225 nostros
3217 4172 3440 4226 ostende
3465 4173 3760 4237 virtutem,

2162 4260 2220 4306 ut
2243 4269 2345 4324 ope
2371 4256 2756 4313 misericordia:
2791 4267 2895 4315 tuae
2921 4260 3109 4330 adjuti,
3139 4264 3380 4320 ecclesize
3409 4273 3516 4322 tua:
3545 4281 3762 4326 sancta

2162 4346 2538 4414 repraesentari
2568 4357 2894 4405 mereantur.
2922 4350 3044 4407 Per.

2483 4567 2682 4609 ORATIO
2719 4571 2820 4611 PRO
2857 4571 3089 4612 REDDITA
3129 4573 3411 4615 SANITATE.

2230 4666 2454 4722 Domine
2500 4676 2705 4734 sancte,
2737 4667 2899 4723 Pater
2923 4669 3283 4740 omnipotens,
3328 4681 3536 4726 aeterne
3578 4672 3755 4735 Deus.

2156 4757 2248 4827 qui
2277 4757 2665 4815 benedictionis
2691 4768 2793 4815 tuae
2822 4760 3048 4832 gratiam
3081 4763 3238 4832 aegris
3266 4763 3600 4822 infundendo
3627 4784 3758 4823 cor-

2154 4849 2397 4919 poribus,
2430 4849 2694 4904 facturam
2731 4859 2877 4905 tuam
2923 4851 3204 4923 multiplici
3235 4853 3438 4922 pietate
3479 4859 3753 4922 custodis,

2158 4935 2226 4990 ad
2281 4938 2671 4993 invocationem
2724 4940 2958 4995 nominis
3003 4942 3080 4995 tui
3117 4942 3384 5014 benignus
3430 4945 3654 5012 assiste,
3697 4960 3757 5003 et

2158 5027 2301 5083 hunc
2355 5026 2616 5082 famulum
2649 5037 2796 5082 tttum
2847 5028 2911 5082 N.
2964 5030 3248 5085 liberatum
3297 5034 3646 5102 mgritudine,
3698 5049 3756 5093 et

2156 5115 2386 5171 sanitate
2413 5118 2690 5183 donatum,
2724 5120 2943 5174 dextera
2977 5129 3064 5174 tua
3088 5123 3283 5191 erigas,
3315 5124 3515 5179 virtute
3543 5129 3750 5182 confir—

2155 5219 2289 5269 mes,
2321 5215 2588 5275 potestate
2616 5209 2838 5273 tuearis,
2862 5209 3105 5264 ecclesia:
3131 5219 3236 5266 tute
3264 5215 3575 5284 sanctisque
3603 5217 3750 5271 alta-

2154 5295 2305 5352 ribus
2338 5297 2445 5352 tuis
2469 5312 2593 5354 cum
2636 5300 2784 5355 omni
2821 5299 3128 5356 desiderata
3175 5304 3539 5373 prosperitate
3581 5308 3745 5361 resti-

2153 5393 2290 5443 tuas.
2325 5387 2446 5443 Per.

2222 5545 2250 5584 ι’
2281 5544 2526 5601 Meminit
2579 5549 2776 5623 harum
2848 5550 3157 5623 orationum
3201 5551 3344 5607 Ordo
3396 5553 3552 5608 Rom.
3605 5569 3736 5623 pag.

2151 5615 2211 5670 5i
2254 5627 2309 5671 et
2336 5626 2595 5688 sequeut;
2625 5619 2906 5686 Alcuinus,
2951 5637 3002 5692 p.
3046 5622 3152 5676 55·
3187 5623 3360 5676 Annal.
3416 5624 3451 5677 Ι.
3487 5641 3524 5688 ι,
3561 5615 3618 5677 οξ
3644 5615 3730 5678 ΙΞ.
