3954 6342
220 413 320 470 8H

976 539 1060 598 Cl.

417 640 830 687 RECONCILIATIO
866 647 1210 693 ΡωΝΠῈΝτΙε
1246 652 1316 693 AD
1354 653 1601 698 IORTEIo

283 738 623 811 Maiestatem
647 751 820 814 tuam,
854 748 1100 816 Domine,
1129 753 1398 825 supplices
1425 756 1802 829 deprecamur.

210 840 272 889 ιιι
307 833 436 891 huic
483 833 687 894 famulo
732 848 826 894 tuo
857 839 922 894 N.
963 839 1123 914 longo
1171 845 1424 915 squalore
1468 848 1805 919 paenitentia

209 936 508 994 macerato,
542 929 911 988 miserationis
941 941 1048 989 tuae
1082 936 1297 992 veniam
1322 937 1507 1011 largiri
1535 938 1800 1013 digneris,

207 1026 290 1085 ut,
306 1018 536 1091 nuptiali
561 1030 712 1078 veste
734 1032 975 1095 recepta,
1003 1026 1071 1081 ad
1102 1028 1339 1099 regalem
1369 1046 1634 1101 mensam,
1659 1035 1803 1092 unde

203 1107 411 1179 ejectus
436 1110 635 1181 fuerat,
666 1122 942 1172 mereatur
964 1116 1214 1174 introire.
1239 1118 1366 1178 Per.

971 1227 1079 1285 Cll.

206 1330 375 1375 11888
415 1334 471 1376 IN
505 1333 717 1377 AGBNDL
752 1336 1083 1380 IORTUORUM
1112 1339 1214 1382 PRO
1242 1342 1541 1389 FRATRIBUS
1577 1346 1800 1391 NOSTRII

880 1430 1194 1474 DEFUNCTIS.

270 1526 431 1595 Deus,
470 1529 641 1586 venite
687 1531 913 1605 largitor
960 1542 1014 1590 et
1059 1534 1311 1592 humanae
1345 1538 1535 1596 salutis
1562 1549 1794 1609 amator,

200 1636 508 1692 quaesumus
539 1624 887 1682 clementiam
916 1634 1063 1683 tuam
1090 1637 1150 1685 ut
1189 1640 1391 1688 nostra:
1419 1636 1797 1708 congregatio-

196 1716 284 1771 nis
310 1715 540 1787 frptres,
573 1718 667 1789 qui
702 1734 771 1776 ex
803 1720 905 1777 hoc
935 1722 1132 1779 saeculo
1156 1726 1507 1793 transierunt,
1539 1728 1698 1785 beato
1726 1729 1792 1787 N.

193 1816 426 1879 patrono
452 1818 639 1867 nostro
669 1810 1039 1871 intercedente
1058 1855 1072 1882 ,
1103 1816 1171 1870 ad
1202 1827 1477 1889 perpetua:
1504 1819 1795 1877 beatitudi-

1468 430 1671 489 uasu
1711 423 2349 498 SACRAMENTORUM;

1832 556 1888 617 Α
1983 552 2161 612 Lectio
2192 556 2441 629 Epistolis
2464 557 2532 615 Β.
2565 559 2727 619 Pauli
2753 566 2979 636 apostoli
3007 568 3077 624 ad
3102 568 3424 632 Co’rintltios.

3392 458 3495 518 842

1979 669 2217 738 Fratres.
2243 687 2374 732 ecce
2414 677 2731 748 mysterium
2760 682 2915 739 vobis
2954 682 3095 741 dico.
3144 684 3347 745 Omnes
3375 691 3499 764 qui-

1906 760 2028 817 dem
2065 776 2435 837 resurgemus,
2470 770 2565 825 sed
2592 784 2700 827 non
2732 787 2923 831 omnes
2956 774 3388 838 immutabimur.

1977 850 2257 924 Sequentia
2292 857 2463 912 sancti
2498 857 2775 933 Evangelii
2811 865 3101 922 secundum
3136 867 3419 928 Joannem.

1974 941 2049 1037 In
2073 943 2165 1001 illo
2195 954 2459 1026 tempore,
2487 950 2624 1008 dixit
2653 953 2861 1013 Martha
2889 958 2958 1014 ad
2988 958 3210 1016 Jesum:
3242 963 3494 1037 Domine,

1903 1034 1947 1092 si
1979 1033 2177 1095 fuisses
2202 1038 2313 1110 hic,
2348 1040 2520 1101 frater
2554 1060 2709 1104 meus
2739 1065 2847 1106 non
2884 1050 3080 1109 fuisset
3113 1064 3381 1115 mortuus.

2491 1157 2666 1231 Super
2697 1160 2911 1220 Oblata.

1920 1276 1923 1281 ι
1971 1242 2193 1312 Adesto,
2223 1246 2473 1317 Domine,
2501 1252 2982 1325 supplicationibus
3010 1261 3234 1328 nostris,
3266 1270 3323 1319 et
3349 1263 3495 1323 hanc

1900 1332 2254 1404 oblationem,
2292 1353 2455 1409 quam
2487 1342 2582 1397 tibi
2612 1342 2891 1403 offerimus
2918 1349 2987 1404 ob
3011 1350 3152 1407 diem
3190 1353 3491 1425 depositio-

1899 1425 1986 1482 nis
2016 1428 2253 1497 tertium,
2280 1429 2366 1486 vel
2393 1433 2703 1503 septimum,
2728 1437 2814 1493 vel
2844 1440 3201 1511 tricesimum,
3234 1460 3335 1515 pro
3370 1447 3492 1502 ani-

1899 1536 1988 1576 ma
2033 1521 2220 1578 famuli
2262 1522 2341 1581 tui
2389 1523 2455 1581 N.
2511 1527 2755 1599 placidus
2804 1532 2889 1590 vel
2931 1534 3199 1610 benignus
3249 1554 3488 1599 assume.

1898 1611 2024 1670 Per.

2555 1710 2835 1787 Prw/otio.

1969 1819 2034 1876 D.
2069 1830 2125 1880 et
2144 1822 2351 1895 justum
2382 1835 2497 1895 est,
2530 1844 2695 1901 usque
2736 1830 2844 1888 Per
2887 1831 3161 1893 Christum
3198 1837 3488 1897 Dominum

193 1900 281 1955 nis
316 1902 651 1961 consortium
694 1907 982 1978 pervenire
1025 1911 1312 1968 concedas.
1358 1910 1463 1969 Per
1500 1913 1788 1972 Dominum
1816 1927 1867 1991 Β
1894 1923 2162 1971 nosltum-
2194 1916 2300 1975 Ρθι·
2334 1934 2494 1990 quem
2520 1922 2665 1980 salus
2695 1927 2901 1994 mundi.
2932 1944 3031 1999 Der
3052 1946 3213 2002 quem
3243 1933 3354 1989 Vita
3387 1936 3489 1991 h0-

192 2000 462 2052 nostrum.

784 2089 956 2164 Super
987 2089 1200 2149 Oblata.

260 2196 427 2266 Deus,
448 2197 603 2270 cujus
624 2200 1010 2261 misericordia:
1028 2222 1136 2264 nou
1155 2216 1238 2264 est
1263 2223 1540 2276 numerus,
1566 2212 1781 2284 suscipe

184 2290 456 2359 propitius
496 2306 686 2362 preces
730 2294 1052 2353 humilitatis
1111 2309 1342 2367 nostrae,
1387 2310 1442 2358 et
1488 2302 1780 2360 animabus

194 2379 392 2448 quibus
438 2383 513 2437 tui
550 2385 784 2442 nominis
827 2387 1022 2445 dedisti
1070 2391 1487 2462 confessionem,
1530 2411 1627 2466 per
1666 2396 1781 2453 haec

181 2481 526 2530 sacramenta
574 2474 764 2534 salutis
791 2488 991 2537 nostra:
1016 2492 1335 2541 cunctorum
1376 2485 1554 2543 tribue
1584 2486 1779 2544 remis-

179 2560 393 2620 sionem
419 2576 789 2637 peccatorum.
818 2568 943 2627 Per.

741 2682 898 2755 Infra
926 2686 1205 2744 actionem.

255 2796 404 2854 Hanc
431 2797 594 2869 igitur
619 2798 946 2857 oblationem
974 2843 991 2871 ,
1036 2819 1199 2875 quam
1228 2804 1327 2861 tibi
1354 2804 1637 2862 offerimus
1676 2821 1777 2878 pro

180 2893 469 2948 animabus
518 2893 748 2950 fratrum
799 2906 1133 2965 nostrorum,
1171 2914 1497 2969 quaesumus,
1528 2898 1774 2967 Domine,

176 2984 426 3057 placatus
458 2986 695 3053 intende,
729 3003 828 3058 pro
855 2989 1053 3059 quibus
1080 2989 1353 3059 maiestati
1380 2999 1484 3046 tute
1509 2991 1778 3063 supplices

173 3075 456 3135 fundimus
482 3094 694 3150 preces,
724 3088 787 3135 ut
808 3095 903 3137 eas
950 3082 1005 3136 in
1056 3098 1284 3138 numero
1310 3092 1624 3140 sanctorum
1657 3093 1776 3138 tuo-

172 3185 297 3226 rum
350 3171 449 3228 tibi
492 3172 821 3244 placentium
889 3173 1178 3248 dignanter
1222 3176 1482 3236 ascribas.
1543 3177 1777 3250 Diesque

172 3277 412 3325 ηοειτοε.

668 3361 799 3419 Post
825 3362 1281 3422 Communionem.

246 3468 451 3529 Praesta
472 3513 487 3540 ,
534 3488 845 3546 quaesumus
872 3518 888 3544 ,
935 3478 1251 3536 misericors
1279 3479 1446 3547 Deus,
1476 3487 1538 3536 ut
1571 3481 1768 3537 anima:

167 3576 274 3634 pro
300 3563 495 3635 quibus
518 3566 622 3623 hoc
649 3567 979 3624 sacrificium
1004 3570 1179 3625 laudis
1208 3578 1313 3626 tuae
1339 3571 1618 3629 offerimus
1648 3588 1765 3629 ma-

160 3654 387 3725 iestati,
416 3675 514 3729 per
542 3660 704 3732 hujus
729 3662 986 3729 virtutem
1041 3666 1404 3732 sacramenti,
1454 3683 1485 3722 a
1530 3669 1768 3738 peccatis

166 3747 427 3802 omnibus
463 3745 711 3819 expiatas,
741 3749 878 3806 lucis
903 3762 1199 3826 perpetuae,
1228 3764 1278 3811 te
1304 3756 1618 3825 miserante,
1647 3774 1768 3831 per-

166 3839 379 3910 cipiant
402 3840 815 3900 beatitudinem.
845 3844 971 3901 Per.

889 3956 1033 4013 Alia.

240 4064 408 4133 Deus,
436 4067 549 4123 vita
577 4067 896 4137 viventium,
926 4085 1052 4143 spes
1075 4071 1447 4140 morientium,
1475 4073 1623 4131 salus
1649 4090 1766 4132 om-

163 4155 323 4212 nium
361 4156 416 4213 in
464 4165 515 4213 te
558 4160 918 4230 sperantium,
944 4169 1143 4233 praesta
1178 4164 1443 4235 propitius
1478 4173 1541 4221 ut
1570 4166 1765 4224 animae

162 4246 331 4320 hujus
378 4252 813 4322 congregationis
864 4260 920 4309 et
968 4254 1210 4311 omnium
1262 4256 1352 4313 hic
1416 4258 1763 4330 requiescen-

161 4341 345 4409 tium,
409 4359 441 4398 a
498 4355 696 4402 nostra:
759 4348 1103 4406 mortalitatis
1184 4352 1424 4409 tenebris
1481 4353 1757 4417 absolutae,

158 4441 402 4502 patrono
429 4446 616 4493 nostro
640 4438 801 4495 beato
830 4438 894 4494 Ν.
947 4443 1354 4513 intercedente,
1401 4444 1457 4500 in
1501 4457 1763 4518 perpetua

157 4538 293 4579 cum
318 4528 521 4583 sanctis
558 4528 663 4585 tuis
687 4528 807 4587 luce
834 4520 1106 4589 laetentur.
1133 4534 1258 4591 Per.

1798 3303 1846 3369 C
1936 3360 1939 3361 ν

1887 2007 2133 2075 minutn,
2182 2025 2281 2081 per
2337 2029 2499 2084 quem
2561 2020 2885 2076 resurrectio
2913 2027 3301 2088 intortuoruni.
3378 2027 3485 2084 Per

1886 2100 2060 2170 ipsum
2087 2110 2159 2167 te,
2185 2103 2434 2173 Domine,
2458 2110 2773 2179 suppliciter
2799 2112 3173 2183 deprecamur,
3202 2126 3262 2173 ut
3283 2119 3481 2175 animae

1883 2188 2072 2247 famuli
2100 2193 2171 2249 tui
2191 2194 2282 2261 N.,
2306 2197 2461 2265 cujus
2484 2199 2838 2270 depositionis
2862 2205 3005 2262 diem
3029 2206 3094 2261 N.
3121 2208 3484 2279 celebramus,

1882 2281 2274 2356 indulgentiam
2308 2288 2495 2359 largiri
2523 2290 2761 2361 digneris
2787 2304 3315 2371 perpetuam,'atque
3350 2317 3485 2356 con-

1882 2376 2044 2448 tagiis
2085 2380 2434 2437 mortalitatis
2484 2394 2744 2452 erutam,
2794 2387 2850 2442 in
2909 2398 3127 2445 aeterna:
3171 2390 3487 2449 salvationis

1879 2479 2095 2553 partem
2123 2473 2403 2532 restituas.
2429 2475 2536 2533 Per
2560 2492 2743 2548 quem.

2434 2588 2593 2659 Infra
2634 2593 2914 2650 actionem.

1955 2680 2109 2738 Hanc
2137 2682 2302 2754 igitur
2327 2682 2677 2749 oblationem,
2705 2686 2951 2755 Domine,
2981 2705 3142 2760 quam
3175 2690 3271 2747 tibi
3301 2692 3486 2749 offeri-

1882 2790 2005 2831 mus
2026 2790 2128 2845 pro
2149 2775 2331 2832 anima
2356 2775 2541 2833 famuli
2570 2778 2646 2833 tui
2668 2777 2758 2845 N.,
2785 2780 2939 2850 cujus
2960 2783 3311 2852 depositionis
3333 2786 3481 2841 diem

1880 2866 2125 2933 tertium,
2158 2868 2471 2938 septimum,
2500 2868 2585 2925 vel
2616 2870 2949 2929 tricesimum
2978 2873 3336 2941 celebramus,
3366 2892 3477 2947 quo

1878 2958 2125 3030 deposito
2189 2976 2449 3032 corpore,
2512 2962 2749 3018 animam
2801 2965 2898 3021 tibi
2955 2968 3191 3024 creatori
3246 2967 3483 3024 reddidit

1878 3064 2040 3120 quam
2079 3050 2297 3117 dedisti,
2336 3066 2435 3123 pro
2462 3068 2570 3123 quo
2599 3054 2835 3124 petimus
2860 3055 3098 3112 divinam
3126 3058 3475 3115 clementiam

1878 3151 2044 3209 tuam,
2083 3152 2163 3210 ut,
2192 3144 2383 3200 mortis
2409 3145 2640 3202 vinculis
2665 3147 2963 3216 absolutus,
3000 3150 3238 3206 transire
3266 3165 3474 3208 merea-

1878 3245 1968 3293 tur
1996 3239 2065 3294 ad
2091 3238 2277 3294 vitam.
2313 3237 2417 3295 Per
2446 3238 2725 3297 Christum
2756 3240 3045 3300 Dominum
3070 3252 3341 3301 nostrum.

2366 3352 2495 3409 Post
2526 3353 2982 3413 Communionem.

1952 3445 2310 3518 Omnipotens
2359 3448 2686 3518 sempiterna
2730 3449 2895 3517 Deus,
2938 3450 3211 3510 collocare
3248 3455 3477 3529 dignare

1869 3551 2073 3606 corpus
2111 3544 2165 3593 et
2203 3537 2439 3592 animam
2490 3546 2543 3592 et
2574 3539 2821 3610 Spiritum
2854 3540 3042 3599 famuli
3086 3548 3162 3600 tui
3192 3544 3281 3612 N.,
3315 3547 3472 3618 cujus

1869 3627 2015 3683 diem
2066 3628 2306 3695 tertium,
2356 3629 2665 3698 septimum,
2717 3631 2803 3687 vel
2851 3632 3186 3691 tricesimum
3218 3637 3333 3693 sive
3374 3639 3471 3695 de-

1868 3716 2199 3786 positionem
2239 3717 2612 3786 celebramus,
2657 3719 2711 3775 in
2760 3721 2971 3778 sinibus
3009 3724 3263 3792 Abrahae,
3319 3727 3474 3784 lsaac

1867 3815 1925 3862 et
1959 3805 2127 3863 Jacob
2145 3848 2161 3875 ,
2206 3816 2266 3864 ut
2290 3823 2415 3863 cum
2444 3809 2560 3865 dies
2586 3810 2878 3880 agnitionis
2909 3821 3013 3869 tuae
3058 3816 3299 3880 venerit,
3328 3817 3471 3874 inter

1868 3910 2089 3958 sanctos
2116 3909 2173 3958 et
2206 3901 2409 3960 electos
2440 3910 2562 3960 tuos
2610 3918 2734 3960 eum
2789 3908 3104 3965 resuscitari
3155 3911 3460 3982 praecipias.

1866 3990 1992 4050 Per.

2238 4101 2339 4144 PRO
2365 4102 2523 4144 CUIUS
2558 4104 2726 4145 ANIIL
2751 4106 3083 4150 DUBI'I'ATUR.

1935 4195 2289 4269 Omnipotens
2318 4207 2375 4256 et
2397 4200 2715 4260 misericors
2742 4203 2886 4261 Deus
2909 4244 2925 4271 ,
2975 4204 3176 4261 inclina
3198 4246 3212 4274 ,
3253 4221 3465 4278 quaesu-

1864 4302 2008 4356 mus,
2032 4290 2370 4348 venerabiles
2396 4307 2559 4351 aures
2605 4304 2726 4352 tuas
2762 4297 2833 4353 ad
2870 4297 3094 4369 exiguas
3139 4314 3330 4370 preces
3367 4316 3465 4357 no-

1864 4388 2029 4450 stras,
2070 4399 2207 4456 quas
2248 4383 2388 4458 [leg:
2432 4387 2652 4462 quibus]
2717 4399 2844 4447 ante
2903 4404 3252 4462 conspectum
3290 4395 3461 4464 maje-

1863 4476 2020 4531 statis
2051 4484 2155 4532 tuae
2181 4492 2282 4547 pro
2312 4479 2495 4536 anima
2517 4480 2706 4536 famuli
2739 4483 2815 4538 tui
2856 4482 2923 4538 Ν.
2964 4485 3241 4540 humiliter
3269 4486 3462 4556 depre-

1864 4581 2078 4633 camur,
2110 4578 2171 4623 ut
2210 4569 2341 4625 dum
2362 4568 2430 4626 de
2452 4571 2714 4642 qualitate
2742 4573 2868 4628 vitae
2894 4574 3013 4645 ejus
3044 4574 3362 4641 diftidimus,
3394 4576 3463 4633 de

156 4647 194 4680 ι
225 4652 285 4694 ω
313 4653 403 4695 me
433 4654 801 4699 nsposmoms
835 4659 1102 4706 DEEUNC'I'I
1127 4662 1209 4713 ιιι,
1242 4662 1345 4704 vst.
1369 4662 1470 4717 vn,
1497 4663 1597 4705 vsa
1625 4666 1754 4706 xxx.
1784 4673 1840 4734 D
1864 4656 2197 4715 abundantia
2218 4658 2439 4730 pietatis
2471 4668 2579 4717 tuae
2606 4662 2968 4731 consolemur,
2998 4674 3055 4721 et
3076 4665 3123 4720 si
3148 4666 3215 4722 ad
3244 4666 3461 4738 plenam

232 4751 459 4822 Adesto,
486 4772 813 4828 quaesumus,
842 4761 1090 4829 Domine,
1120 4777 1222 4832 pro
1248 4764 1430 4819 anima
1461 4765 1651 4823 famuli
1686 4767 1766 4823 tui

155 4842 260 4910 N.,
286 4844 374 4900 cui
394 4845 450 4901 in
475 4848 816 4919 depositione
841 4866 939 4907 sua
963 4852 1203 4909 ofﬁcium
1227 4859 1765 4915 commemorationis

158 4934 623 5005 impendimus,ut
637 4940 800 5012 siqua
822 4943 873 4998 ei
893 4943 1168 5000 saecularis
1189 4946 1399 5002 macula
1422 4948 1657 5015 inhaesit,
1673 4958 1767 5007 aut

155 5023 362 5080 vitium
390 5028 664 5112 mundiale
692 5030 903 5102 infecit,
926 5034 1070 5093 dono
1102 5043 1206 5093 tuae
1244 5038 1463 5108 pietatis
1483 5039 1765 5112 indulgeas

155 5123 223 5173 et
239 5125 517 5193 extergas.
542 5110 667 5179 Per.

905 5220 1047 5278 Alia.

238 5324 594 5397 Quaesumus,
634 5331 893 5401 Domine,
921 5336 1117 5393 anima:
1163 5336 1350 5395 famuli
1381 5340 1456 5397 tui
1486 5340 1579 5408 N.,
1607 5342 1761 5415 cujus

163 5417 392 5474 tertium
417 5460 434 5485 ,
477 5422 561 5479 vel
591 5425 877 5495 septimum
904 5466 920 5494 ,
967 5427 1053 5484 vel
1094 5428 1425 5487 tricesimum
1466 5432 1648 5489 obitus
1675 5434 1760 5489 sui

155 5506 317 5566 diem
363 5522 895 5586 commemoramus,
954 5528 1268 5579 sanctorum
1323 5532 1535 5579 tuorum
1597 5534 1760 5597 atque

156 5598 469 5660 electorum
489 5604 690 5679 largire
709 5611 1064 5679 consortium,
1089 5620 1146 5669 et
1166 5628 1347 5670 rorem
1372 5616 1758 5676 misericordia

155 5700 279 5752 tua
300 5708 598 5769 perennem
625 5700 869 5763 infunde.
906 5702 1012 5764 Per
1039 5705 1348 5765 Dominum.

1868 4748 2085 4805 veniam
2114 4751 2310 4806 animae
2351 4751 2522 4822 ipsius
2563 4753 2812 4811 obtinere
2847 4771 2956 4812 non
2998 4772 3310 4827 possumus,
3347 4759 3458 4815 sal-

1867 4848 1978 4896 tem
2022 4841 2109 4897 vel
2150 4841 2293 4898 inter
2335 4843 2452 4914 ipsa
2501 4852 2768 4902 tormenta
2808 4863 2929 4919 quae
2965 4847 3192 4905 forsitan
3230 4851 3457 4922 patitur,

1866 4932 2255 4992 abundantiam
2280 4936 2692 4995 miserationum
2730 4950 2945 4998 tuarum
2980 4942 3297 5000 sentiamus.
3328 4944 3453 5001 Per.

2463 5049 2631 5125 Super
2656 5050 2869 5110 Oblata.

1940 5142 2188 5215 Suscipe,
2218 5143 2641 5203 clementissime
2675 5148 2856 5212 Pater,
2900 5163 3001 5220 pro
3056 5164 3452 5210 commemora-

1868 5232 2017 5290 tione
2041 5233 2225 5290 famuli
2267 5235 2344 5291 tui
2377 5235 2442 5291 N.
2478 5238 2709 5294 hostiam
2745 5238 3063 5310 placationis
3087 5251 3141 5298 et
3171 5242 3365 5311 laudis,
3397 5254 3458 5301 ut

1868 5311 2193 5383 sacrificium
2224 5328 2514 5387 oblationis
2538 5331 2824 5401 praesentis
2858 5333 2927 5388 ad
2968 5331 3310 5408 refrigerium
3337 5337 3455 5393 aui-

1868 5431 1972 5472 mae
1993 5416 2131 5489 ejus,
2163 5427 2216 5474 te
2250 5419 2568 5488 miserante,
2597 5423 2897 5493 perveniat.
2928 5416 3059 5480 Per.

2362 5535 2487 5593 Post
2517 5537 2965 5597 Communionem.

1891 5675 1902 5687 .
1934 5623 2295 5697 Sumpsimus,
2321 5626 2567 5697 Domine,
2598 5634 2843 5703 corporis
2864 5643 2921 5691 et
2947 5636 3224 5707 sanguinis
3256 5635 3331 5691 tui
3361 5647 3448 5690 re-

1862 5716 2059 5786 media,
2086 5720 2439 5778 obsecrantes
2468 5723 2767 5795 majestatis
2797 5733 2902 5783 tuae
2931 5725 3273 5784 clementiam
3306 5733 3364 5779 ut
3395 5735 3451 5781 et

237 5907 270 5941 ιι
307 5898 390 5956 Ad
419 5899 561 5960 hunc
584 5902 761 5963 locum
790 5906 1005 5968 videtur
1030 5910 1268 5975 alludere
1306 5914 1480 5975 Amal.
1515 5916 1609 5975 lib.
1654 5925 1728 5974 ιν.
1766 5916 1831 5975 de
1860 5916 2003 5977 Eccl.
2038 5919 2205 5990 offic,
2238 5935 2289 5980 ο.
2322 5920 2409 5980 42.

413 5994 682 6061 Panos.
728 5995 958 6074 ῼΧΧΙ.

1353 6068 1379 6087 ι

1954 6066 1994 6080 -.
2935 6023 3008 6105 27
