3954 6342
443 355 446 357 Α
495 393 600 449 διδ

496 604 604 663 Per
630 599 918 659 Dominum
950 601 1213 650 nostrum.

1232 706 1360 765 Cll].

963 836 1116 880 IISSA
1145 833 1302 876 UNIUS
1337 831 1627 874 DEFUNCTI.

570 919 944 998 Omnipotens,
985 915 1312 985 sempiterne
1351 910 1516 977 Deus,
1553 908 1641 965 cui
1665 919 1942 976 nunquam
1969 903 2087 959 sine

449 998 462 1019 ί
500 1032 598 1089 spe
625 995 1013 1073 misericordia:
1047 1007 1405 1080 supplicatur,
1446 1001 1742 1074 propitiare
1779 998 1974 1070 anima:
2009 995 2088 1050 fa-

498 1111 633 1171 muli
657 1110 731 1165 tui
763 1107 829 1163 N.
861 1115 920 1161 ut
941 1105 1032 1176 qui
1059 1103 1125 1158 de
1156 1102 1258 1157 hac
1290 1101 1396 1155 vita
1423 1099 1476 1154 in
1500 1097 1576 1152 tui
1608 1093 1842 1150 nominis
1873 1089 2086 1146 confes-

455 1271 458 1274 ,
501 1206 657 1264 sione
701 1201 970 1265 decessit,
1027 1205 1339 1253 sanctorum
1388 1202 1603 1248 tuorum
1642 1200 1870 1245 numero
1920 1181 2090 1240 facias

501 1295 806 1374 aggregari.
832 1293 939 1350 Per
961 1291 1273 1348 Dominum.

1085 1401 1258 1471 Super
1287 1397 1482 1454 Oblata

570 1498 898 1574 Propitiare,
931 1509 1263 1567 quaesumus,
1293 1490 1542 1556 Domine,
1578 1488 1773 1545 anima:
1801 1482 1983 1540 famuli
2017 1480 2093 1536 tui

457 1573 462 1580 I
501 1593 591 1660 N.,
636 1573 736 1666 pro
775 1606 880 1660 qua
927 1588 1026 1644 tibi
1067 1586 1276 1643 hostias
1317 1580 1640 1654 placationis
1674 1577 1950 1644 offerimus
1979 1614 1994 1640 ,
2039 1579 2096 1627 et

501 1663 723 1758 quiaiin
761 1683 865 1738 hac
888 1681 1008 1736 luce
1037 1679 1093 1734 in
1138 1678 1244 1733 fide
1274 1674 1475 1731 mansit
1507 1663 1793 1737 catholica,
1827 1669 1881 1722 in
1917 1666 2096 1721 futura

499 1776 615 1834 vita
637 1789 755 1846 ejus
787 1769 1072 1830 retributio
1104 1769 1463 1826 condonetur.
1506 1763 1629 1819 Per.

1065 1881 1223 1953 Infra
1259 1880 1538 1935 actionem.

575 1983 730 2040 Hanc
755 1981 921 2054 igitur
951 1978 1305 2044 oblationem,
1336 1989 1498 2047 quam
1531 1972 1626 2030 tibi
1649 1986 1748 2043 pro
1774 1967 1962 2041 requie
1985 1966 2102 2022 ani-
2156 1972 2169 1995 '

504 2091 611 2134 mae.
655 2074 844 2131 famuli
885 2073 963 2129 tui
991 2069 1058 2128 N.
1091 2069 1370 2127 offerimus
1395 2109 1409 2132 ,
1463 2078 1770 2138 quaesumus
1795 2104 1810 2128 ,
1850 2060 2099 2124 Domine,

463 2245 466 2250 _
505 2170 754 2245 placatus
785 2165 1038 2237 accipias,
1069 2171 1124 2220 et
1145 2171 1238 2219 tua
1260 2163 1463 2234 pietate
1489 2159 1754 2216 concedas
1787 2164 1866 2223 ut,
1895 2163 2100 2210 morta-

505 2263 677 2321 litatis
719 2261 950 2317 nexibus
991 2256 1258 2324 absoluta,
1299 2256 1442 2310 inter
1468 2252 1654 2310 ﬁdeles
1678 2260 1801 2308 tuos
1829 2254 2106 2305 mereatur

503 2359 713 2418 habere
736 2354 1060 2429 portionem.
1093 2350 1199 2407 Per
1226 2348 1526 2407 Christum.

1007 2466 1136 2523 Post
1159 2465 1615 2522 Communionem.

581 2565 810 2630 Praesta,
840 2574 1176 2632 quaesumus,
1208 2557 1555 2628 omnipotens
1581 2555 1741 2619 Deus,
1777 2561 1839 2607 ut
1866 2550 2103 2606 animam

509 2656 702 2714 famuli
733 2655 811 2710 tui
843 2651 908 2708 Ν.
939 2652 1007 2707 ab
1033 2650 1239 2724 angelis
1263 2649 1398 2704 lucis
1432 2655 1765 2717 susceptam,
1804 2645 1858 2699 in
1892 2656 2105 2714 praepa-

508 2752 647 2810 ratis
677 2745 1002 2808 habitaculis
1031 2744 1222 2803 deduci
1250 2742 1419 2799 facias
1454 2741 1760 2797 beatorum.
1791 2735 1898 2792 Per
1924 2733 2106 2791 Domi-

513 2861 646 2904 num
677 2854 946 2902 nostrum.

1241 2927 1376 2986 CIV.

731 3046 884 3088 IISSA
915 3043 1017 3085 PRO
1043 3001 1536 3084 DEFUNCTO‘NUPER
1568 3031 1891 3074 ΒΔΡΤΙΖΔΤΟ.

587 3147 750 3210 Deus,
780 3142 873 3214 qui
901 3141 969 3196 ad
998 3138 1220 3195 caeleste
1252 3148 1477 3207 regnum
1521 3129 1743 3188 nonnisi
1789 3125 1998 3182 renatis
2038 3137 2107 3179 ex

520 3253 660 3312 aqua
689 3245 746 3293 et
772 3234 980 3306 Spiritu
1009 3238 1199 3288 sancto
1236 3227 1428 3300 pandis
1472 3223 1778 3287 introitum,
1809 3216 2108 3288 multiplica
2135 3225 2183 3294 α

2053 3314 2112 3362 ει
2138 3275 2183 3294 “
2212 3290 2302 3358 Ν.,
2333 3291 2488 3361 cujus
2522 3286 2958 3344 anniversarium
2990 3281 3346 3354 depositionis
3385 3279 3528 3334 diem
3560 3275 3820 3332 celebra-

519 3347 685 3403 super
711 3329 948 3384 animam
975 3323 1162 3380 famuli
1189 3321 1266 3378 tui
1294 3319 1360 3376 Ν.
1390 3314 1823 3375 misericordiam
1853 3322 2024 3375 tuam,

517 3400 608 3480 cui
637 3419 848 3480 donasti
880 3415 1157 3476 emlestem
1198 3421 1256 3468 et
1287 3407 1774 3468 incontaminatum
1821 3400 2110 3458 transitum

517 3524 643 3588 post
668 3509 928 3586 baptismi
951 3514 1379 3570 sacramentum,
1410 3501 1476 3557 da
1505 3499 1558 3555 ei
1581 3504 1911 3554 aeternorum
1939 3489 2109 3565 pleni-

519 3605 764 3664 tudinem
789 3600 1131 3677 gaudiorum.
1163 3597 1267 3654 Per
1297 3592 1590 3650 Dominum
1625 3597 1894 3646 nostrum.

1213 3711 1446 3766 Secreta.

595 3811 918 3882 Propitiare,
949 3805 1197 3870 Domine,
1227 3798 1714 3873 supplicationibus
1763 3792 1966 3852 nostris
2013 3804 2112 3862 pro

521 3904 702 3962 anima
731 3899 919 3958 famuli
943 3899 1022 3956 tui
1058 3896 1146 3963 Ν.,
1192 3911 1290 3967 pro
1316 3909 1424 3966 qua
1461 3891 1560 3948 tibi
1595 3889 1876 3948 offerimus
1895 3882 2110 3944 sacrifi-

524 3997 668 4054 cium
696 3993 910 4059 laudis,
959 4000 1020 4046 ut
1062 4004 1182 4045 eam
1221 3994 1535 4045 sanctorum
1576 3991 1794 4040 tuorum
1838 3975 2115 4036 consortio

526 4089 738 4146 sociare
761 4084 1022 4156 digneris.
1054 4083 1182 4140 Per.

1094 4195 1250 4266 Infra
1279 4193 1557 4248 actionem.

599 4292 754 4350 Hanc
781 4291 944 4365 igitur
979 4288 1308 4347 oblationem
1344 4301 1509 4356 quam
1549 4284 1649 4340 tibi
1693 4282 1973 4340 offerimus
2016 4294 2115 4352 pm

526 4387 712 4444 anima
739 4384 928 4441 famuli
956 4383 1034 4440 tui
1076 4381 1144 4437 N.
1177 4380 1445 4452 benignus
1485 4393 1721 4444 assume,
1755 4390 1989 4446 eumque
2031 4387 2116 4430 re—

527 4480 897 4557 generationis
926 4477 1076 4533 fonte
1115 4482 1403 4548 purgatum
1427 4480 1483 4530 et
1506 4471 1765 4544 periculis
1802 4470 1924 4525 vitae
1955 4466 2115 4538 hujus

1532 374 1865 434 GRIMALDI
1887 368 2410 432 SANGALLENSIS
2437 363 2728 440 ABBATIS

443 495 460 506 ’
493 508 801 569 viventibus
827 503 936 560 sint
958 499 1141 562 tutela,
1170 505 1225 551 et
1249 493 1518 556 defunctis
1539 467 1819 550 obtineant
1840 487 2078 545 veniam.
2107 487 2160 549 Α
2457 459 2471 468 ”

3668 347 3775 411 διι

2892 472 3096 530 Oratio.

2256 593 2610 666 Omnipotens
2641 599 2697 647 et
2724 586 3036 644 misericors
3065 582 3234 648 Deus,
3265 579 3319 636 in
3351 577 3510 648 cujus
3543 579 3776 634 humana

2186 671 2422 744 conditio
2460 691 2732 756 potestate
2776 679 3049 743 consistit,
3091 676 3330 731 animam
3379 671 3569 726 famuli
3594 673 3670 728 tui
3712 669 3776 726 Ν.

2186 794 2496 850 quaesumus
2520 777 2587 833 ab
2614 774 2870 832 omnibus
2897 768 3115 828 absolve
3141 765 3405 838 peccatis,
3430 773 3490 820 et
3519 763 3782 843 poeniten-

2190 870 2277 926 tiae
2308 870 2566 937 fructum,
2597 883 2757 939 quem
2791 863 3042 920 voluntas
3072 861 3190 932 ejus
3219 855 3448 928 Optavit,
3482 860 3783 925 praeventus

2146 979 2148 982 '
2189 963 2540 1030 mortalitate,
2571 978 2677 1017 non
2704 958 2918 1031 perdat.
2948 955 3053 1010 Per
3082 951 3371 1009 Dominum
3410 955 3686 1005 nostrum.

2785 1075 2960 1145 Super
2988 1070 3202 1127 Oblata.

2263 1171 2576 1229 Satisfaciat
2622 1170 2744 1235 tibi,
2801 1166 3053 1229 Domine,
3089 1173 3425 1232 quaesumus,
3463 1170 3570 1228 pro
3621 1154 3792 1208 anima

2192 1264 2376 1320 famuli
2409 1263 2482 1318 tui
2518 1261 2582 1316 Ν.
2615 1257 2868 1317 sacrificii
2903 1253 3186 1328 praesentis
3210 1249 3435 1314 oblatio,
3465 1256 3526 1301 et
3549 1253 3795 1316 peccato-

2195 1371 2313 1410 rum
2346 1353 2559 1409 veniam
2589 1365 2753 1422 quam
2797 1345 3062 1418 quaesivit,
3105 1341 3366 1400 inveniat,
3407 1348 3466 1392 et
3503 1337 3655 1408 quod
3684 1333 3796 1389 offi-

2188 1447 2279 1501 ‘cio
2308 1444 2502 1516 linguae
2538 1443 2764 1513 implere
2791 1455 2897 1494 non
2932 1437 3128 1508 potuit,
3163 1432 3496 1489 desiderata:
3532 1427 3800 1500 peniten-

2197 1538 2285 1594 tite
2310 1513 2752 1608 compensatione
2778 1529 3060 1604 percipiat.
3089 1526 3217 1584 Per.
3247 1516 3254 1522 ’
3681 1513 3686 1517 “

2764 1643 2920 1713 Infra
2952 1641 3232 1696 actionem.

2268 1743 2418 1798 Hanc
2447 1741 2612 1813 igitur
2641 1737 2968 1794 oblationem
2987 1775 3003 1799 ,
3049 1747 3210 1803 quam
3257 1727 3354 1784 tibi
3387 1725 3686 1785 offerimus
3715 1737 3804 1796 pro

2124 1839 2172 1916 Β
2201 1835 2382 1903 anima
2410 1831 2596 1888 famuli
2623 1830 2700 1886 tui
2728 1828 2817 1895 N.,
2845 1827 3000 1898 cujus
3014 1825 3156 1882 diem
3184 1821 3552 1895 depositionis
3579 1819 3805 1874 celebra-

2205 1943 2346 1994 mus,
2376 1941 2684 1998 quaesumus
2707 1966 2722 1991 ,
2771 1923 3033 1987 Domine,
3082 1928 3143 1973 ut
3181 1918 3430 1990 placatus
3461 1915 3735 1984 accipias,
3756 1922 3803 1968 et

2204 2019 2461 2078 ineffabili
2484 2021 2685 2090 pietate
2709 2016 3030 2080 concordas,
3057 2022 3118 2069 ut
3142 2011 3285 2082 quod
3309 2010 3553 2078 exsequi
3579 2021 3804 2075 praeven-

2207 2126 2296 2172 tus
2324 2113 2633 2170 conditione
2657 2109 2894 2174 mortali,
2925 2105 3230 2162 ministerio
3257 2103 3461 2173 linguae
3487 2116 3603 2157 non
3631 2100 3808 2170 potuit,

2206 2215 2483 2266 mereatur
2503 2203 2837 2275 indulgentia
2863 2201 3190 2272 sempiterna
3219 2215 3232 2251 :
3259 2195 3498 2267 diesque
3520 2201 3745 2249 nostros
3765 2192 3807 2246 in

2208 2312 2300 2360 tua
2329 2315 2464 2374 pace
2498 2300 2807 2370 disponens.

2702 2410 2825 2466 Post
2852 2407 3307 2464 Communionem.

2280 2509 2442 2572 Deus,
2476 2521 2506 2560 a
2532 2517 2638 2575 quo
2668 2509 2922 2573 speratur
2951 2498 3169 2554 humani
3199 2509 3450 2566 corporis
3476 2507 3650 2548 omne
3683 2489 3814 2560 quod

2207 2602 2409 2656 bonum
2451 2604 2566 2660 est,
2603 2593 2779 2649 tribue
2822 2607 2921 2664 per
2967 2591 3083 2645 haec
3126 2598 3334 2654 sancta,
3378 2600 3729 2657 quaesumus,
3763 2590 3816 2636 ut

2208 2693 2350 2749 sicut
2378 2689 2573 2744 animae
2609 2684 2797 2740 famuli
2839 2683 2918 2740 tui
2966 2680 3030 2736 Ν.
3063 2679 3401 2752 poenitentiae
3432 2677 3502 2750 [{.
3541 2675 3815 2747 peniten-

2207 2780 2366 2855 tiam]
2409 2778 2548 2836 velle
2571 2776 2808 2843 donasti,
2842 2775 2924 2830 sic
2951 2771 3340 2844 indulgentiam
3370 2768 3554 2826 tribue
3589 2767 3818 2824 misera-

2209 2887 2298 2936 tus
2319 2879 2582 2950 opta‘tam.
2611 2873 2718 2931 Per
2744 2870 3053 2928 Dominum.

2937 2981 3070 3040 CVI.

2423 3097 2578 3141 κιεελ
2607 3097 2662 3138 IN
2689 3091 3082 3136 ANNIVERSARIO
3113 3089 3270 3130 UNIUS
3297 3085 3593 3129 οεῖῦὲιϐτῐ.

2282 3198 2511 3265 Praesta,
2537 3196 2765 3252 Domine
2787 3235 2801 3260 ,
2832 3205 3142 3264 quaesumus
3161 3231 3178 3256 ,
3207 3197 3266 3243 ut
3294 3187 3477 3242 anima
3519 3182 3722 3239 famuli
3752 3182 3822 3236 tui

2209 3400 2351 3451 mus,
2381 3383 2466 3438 his
2494 3389 2727 3454 purgata
2761 3376 3066 3442 sacrificiis,
3097 3372 3484 3446 indulgentiam
3519 3371 3747 3443 pariter
3771 3375 3823 3425 et

2210 3476 2459 3550 requiem
2485 3474 2665 3545 capiat
2693 3472 3104 3544 sempiternam.
3133 3467 3259 3525 Per.

2790 3554 2978 3658 Super.
2995 3582 3211 3641 Oblata.

2281 3706 2615 3778 Propitiare,
2664 3702 2923 3770 Domine,
2956 3697 3444 3770 supplicationibus
3475 3695 3698 3753 nostris
3727 3707 3826 3768 pm

2212 3800 2393 3856 anima
2422 3806 2477 3854 et
2520 3795 2714 3870 spiritu
2764 3793 2950 3850 famuli
2993 3791 3074 3849 tui
3111 3791 3198 3857 N.,
3229 3789 3385 3860 cujus
3425 3789 3587 3846 hodie
3639 3802 3826 3845 annm

2214 3892 2332 3949 dies
2352 3889 2551 3963 agitur,
2575 3902 2674 3960 pro
2701 3902 2808 3957 qua
2839 3885 2930 3942 tibi
2955 3881 3236 3940 offerimus
3257 3882 3584 3940 sacrificium
3619 3881 3821 3945 laudis.

2213 3993 2276 4041 ut
2301 3997 2424 4040 eam
2461 3989 2773 4038 sanctorum
2810 3985 3032 4035 tuorum
3069 3978 3347 4034 consortio
3377 3975 3588 4030 sociare
3631 3975 3825 4045 digne-

2213 4076 2312 4133 ris.
2337 4074 2444 4131 Per
2462 4073 2775 4131 Dominum.

2785 4183 2943 4254 Infra
2966 4182 3247 4238 actionem.

2288 4301 2440 4359 Hanc
2468 4301 2634 4372 igitur
2656 4296 3021 4362 oblationem,
3055 4292 3317 4358 Domine,
3357 4304 3523 4364 quam
3551 4290 3656 4345 tibi
3694 4287 3828 4348 οεο-

2215 4395 2386 4452 rimus
2426 4408 2526 4464 pro
2571 4389 2750 4446 anima
2791 4386 2978 4442 famuli
3021 4386 3097 4440 tui
3127 4382 3214 4450 N.,
3245 4382 3399 4453 cujus
3438 4381 3599 4438 hodie
3644 4399 3827 4439 annua

2219 4487 2334 4542 dies
2374 4484 2571 4555 agitur,
2614 4495 2960 4552 quaesumus,
3004 4478 3248 4550 placatus
3300 4477 3550 4541 intende,
3588 4488 3828 4546 eamque

527 4585 783 4641 exutum,
829 4574 1114 4628 beatorum
1146 4581 1372 4624 numero
1404 4565 1645 4638 digneris
1681 4564 1923 4621 inserere
1949 4560 2106 4633 spiri-

2225 4575 2568 4632 mortalitatis
2607 4573 2835 4628 nexibus
2885 4568 3225 4636 absolutam,
3277 4569 3422 4624 inter
3464 4579 3585 4623 tuos
3637 4569 3828 4623 Πύθια

529 4677 704 4725 tuum.
738 4665 846 4723 Per
867 4663 1146 4721 Christum
1172 4660 1458 4718 Dominum
1489 4667 1755 4717 nostrum.

1027 4775 1154 4834 Post
1183 4776 1632 4832 Communionem.

601 4875 925 4948 Propitiare,
947 4871 1196 4942 Domine,
1223 4872 1414 4927 animae
1447 4866 1632 4922 famuli
1666 4865 1742 4920 tui
1767 4863 1858 4932 Ν.,
1878 4873 1939 4920 ut
1961 4877 2123 4935 quem

535 4971 594 5026 in
623 4969 727 5023 fine
755 4967 914 5024 istius
942 4967 1068 5022 vitm
1098 4959 1526 5035 regenerationis
1554 4957 1704 5013 fonte
1729 4956 2024 5022 mundasti,
2055 4953 2123 5010 ad

539 5060 778 5119 caelestis
802 5059 956 5132 regni
983 5056 1374 5115 beatitudinem
1405 5051 1574 5107 facias
1599 5049 1903 5120 pervenire.
1927 5047 2050 5104 Per.

1279 5165 1390 5222 CV.

544 5299 696 5342 IISSA
736 5299 840 5340 PRO
881 5293 1175 5338 DEFUNCTIS
1217 5291 1671 5334 DESIDEBAN‘I‘IBUS
1712 5291 2126 5344 PCBMTENTIAI,

466 5363 474 5378 ⁸
945 5387 1014 5428 ετ
1043 5383 1233 5426 κίκιιιε
1259 5383 1740 5434 CONSEQUENTIBUS.

618 5493 678 5549 Si
711 5491 834 5562 quis
862 5487 1234 5560 paenitentiam
1265 5496 1458 5558 petens
1479 5529 1494 5554 ,
1527 5488 1653 5544 dum
1685 5488 1941 5545 sacerdos
1970 5502 2127 5543 vene-

547 5589 641 5654 rit,
667 5584 832 5641 fuerit
859 5581 1041 5638 officio
1077 5581 1273 5656 linguae
1297 5583 1576 5656 privatus,
1609 5585 1962 5640 constitutum
1991 5591 2052 5637 ut
2085 5582 2130 5637 si

549 5681 744 5738 idonea
773 5677 1078 5735 testimonia
1094 5678 1194 5734 hoc
1210 5677 1465 5745 dixerint,
1495 5686 1551 5736 et
1575 5679 1688 5750 ipse
1715 5693 1811 5750 per
1837 5685 2017 5734 motus
2037 5675 2132 5730 ali-

551 5789 688 5846 quos
716 5772 1007 5842 satisfacit,
1043 5759 1296 5831 sacerdos
1322 5770 1543 5843 impleat
1572 5771 1752 5829 omnia
1783 5773 1928 5828 circa
1961 5770 2132 5842 poenio

552 5878 779 5929 tentem.

2221 4668 2502 4724 ministros
2523 4665 2724 4721 habere
2743 4672 3063 4736 perpetuam
3080 4661 3275 4735 jubeas
3295 4661 3624 4733 portionem.
3651 4660 3829 4729 Quam

2221 4758 2574 4818 oblationem.

2709 4867 2836 4925 Post
2873 4866 3325 4924 Communionem.

2299 4983 2544 5054 Suscipe,
2573 4982 2816 5045 Domine,
2847 4994 3037 5051 preces
3064 4987 3275 5034 nostras
3301 4992 3402 5048 pro
3427 4975 3605 5030 anima
3641 4973 3830 5034 famuli

2236 5078 2310 5134 tui
2353 5075 2418 5131 N.
2449 5117 2465 5142 ,
2513 5086 2572 5130 ut
2612 5074 2656 5130 si
2694 5087 2815 5143 qua:
2857 5071 2909 5128 ei
2953 5069 3174 5126 macula:
3201 5070 3269 5124 de
3301 5069 3533 5125 terrenis
3559 5070 3834 5138 contagiis

2233 5170 2595 5232 adhaeserunt,
2619 5164 2957 5222 remissionis
2988 5172 3094 5220 tute
3119 5161 3490 5219 misericordia
3523 5151 3831 5216 deleantur.

2236 5265 2340 5319 Per
2367 5261 2673 5318 Dominum.
3037 5259 3040 5263 '

2538 5477 2690 5520 IIISSL
2731 5477 3076 5517 PLURIMORUI
3117 5473 3526 5515 DEFUNCTORUI.

2308 5582 2629 5654 Pmpitiare,
2666 5577 2924 5647 Domine,
2961 5590 3292 5649 quaesumus,
3330 5574 3616 5636 animabus
3653 5572 3832 5636 τω-

2233 5679 2410 5733 lorum
2461 5674 2896 5746 famularumque
2942 5682 3159 5744 tuarum
3205 5667 3584 5738 misericordia
3625 5666 3830 5740 sempi-

2238 5783 2430 5836 terna,
2479 5778 2538 5824 ut
2609 5768 2928 5825 mortalibus
2969 5765 3201 5823 nexibus
3239 5763 3542 5833 expeditae,
3589 5760 3685 5817 lux
3737 5773 3830 5816 ea

2239 5875 2439 5924 aeterna
2471 5863 2761 5930 possideat.
2791 5859 2914 5918 Per.
