3954 6342
140 345 231 408 845

504 455 683 512 Lectio
708 456 829 511 libri
859 457 1309 518 Machabteorum.

208 549 259 604 ln
287 548 469 605 diebus
502 546 646 614 illis,
688 547 772 602 vir
810 547 1137 608 fortissimus
1164 551 1374 621 Judas,
1415 554 1708 612 collatione

143 643 293 708 facta,
320 641 596 697 duodecim
634 642 803 698 millia
840 645 1130 703 drachmas
1162 650 1373 719 argenti
1401 651 1549 707 misit
1576 650 1707 707 Hie-

142 737 480 807 rosolymam,
517 733 696 791 offerri
734 753 797 792 ea
841 737 913 795 ibi
954 756 1051 810 pro
1080 745 1317 813 peccatis
1343 755 1703 805 mortuorum.

200 827 470 900 Sequentia
508 831 680 884 sancti
712 829 985 902 Evangelii
1029 837 1317 892 secundum
1349 839 1633 897 Joannem.

200 920 251 975 In
282 919 367 974 illo
407 928 669 990 tempore,
695 922 831 978 dixit
858 923 1017 981 Jesus
1043 927 1323 999 discipulis
1349 930 1501 988 suis:
1534 931 1708 991 Omne

137 1014 265 1087 quod
294 1014 383 1070 dat
408 1014 543 1069 mihi
570 1014 751 1084 Pater,
782 1018 849 1073 ad
875 1034 960 1074 me
992 1021 1191 1079 veniet.

701 1127 872 1202 Super
904 1130 1117 1189 Oblata.

197 1217 401 1276 Hostias
422 1219 542 1285 tibi,
567 1219 819 1290 Domine,
843 1223 1032 1280 humili
1061 1227 1367 1297 placatione
1390 1229 1701 1300 deferimus,

133 1323 185 1371 ut
228 1314 411 1369 anima:
459 1312 787 1371 famulorum
834 1316 1269 1393 famularumque
1322 1333 1538 1379 tuarum
1606 1340 1706 1396 per

129 1404 231 1460 bzec
268 1405 587 1476 placationis
626 1405 807 1464 ofﬁcia
847 1418 995 1465 tuam
1037 1410 1470 1470 misericordiam
1515 1430 1706 1474 conse-

128 1508 361 1573 quantur.
394 1500 523 1557 Per.

771 1571 1052 1645 Prtefatio.

184 1662 242 1719 D.
271 1670 325 1719 et
356 1662 568 1733 justum
617 1674 721 1732 est,
754 1683 945 1739 usque,
985 1682 1081 1739 per
1109 1666 1385 1725 Christum
1415 1669 1703 1726 Dominum

120 1764 367 1812 nostrum.
400 1754 571 1827 Cujus
602 1774 815 1815 sacram
848 1760 1152 1830 passionem
1177 1778 1275 1833 pro
1304 1763 1703 1821 immortalibus

120 1855 169 1903 et
192 1848 321 1905 bene
349 1849 760 1920 quiescentibus
786 1852 1070 1910 animabus
1108 1855 1225 1910 sine
1255 1854 1417 1911 dubio
1457 1855 1699 1912 celebra-
1726 1846 1775 1908 B

118 1954 244 1995 mus.
276 1937 379 1995 Pro
404 1940 497 1996 bis
534 1943 840 2014 praecipue,
885 1945 1082 2015 quibus
1109 1948 1362 2002 secunda:
1404 1947 1708 2007 nativitatis

118 2030 326 2102 gratiam
364 2034 696 2103 praestitisti.
747 2034 863 2103 Quo
909 2036 1158 2108 exemplo
1188 2036 1314 2095 Jesu
1357 2038 1561 2094 Christi
1601 2039 1706 2094 Do-

115 2120 233 2174 mini
264 2123 461 2189 nostri,
492 2132 776 2195 coeperunt
819 2141 940 2183 esse
979 2129 1045 2184 de
1075 2130 1472 2187 resurrectione
1502 2131 1701 2187 securi.

114 2212 304 2287 Quippe
325 2218 424 2287 qui
449 2216 623 2274 fecisti
647 2235 767 2291 quae
795 2237 900 2277 non
925 2233 1100 2289 erant,
1129 2233 1284 2294 potes
1309 2239 1562 2297 separare
1582 2240 1705 2296 quas

113 2301 330 2361 fuerant.
362 2306 441 2363 Et
470 2312 887 2369 resurrectionis
926 2313 1124 2371 futurae
1162 2316 1320 2372 nobis
1356 2318 1700 2386 documenta,

111 2412 206 2452 non
237 2399 409 2456 solum
447 2418 544 2472 per
585 2405 957 2476 propheticam
1006 2417 1061 2463 et
1109 2409 1461 2479 apostolicam
1503 2411 1703 2468 doctri-

111 2506 223 2546 nam
245 2532 261 2557 ,
289 2494 381 2550 sed
422 2494 664 2566 ejusdem
708 2496 979 2569 Unigeniti
1017 2500 1093 2556 tui
1120 2501 1499 2572 Redemptoris
1526 2502 1704 2560 nostri

111 2587 503 2644 resurrectione
532 2588 747 2645 dedisti.
780 2591 851 2648 Ut
878 2593 1022 2663 quod
1051 2609 1152 2664 per
1172 2596 1467 2666 prophetas
1491 2606 1576 2653 est
1602 2613 1700 2653 an-

110 2679 394 2736 nuntiatum
407 2720 430 2747 ,
447 2697 545 2752 per
566 2684 839 2754 apostolos
856 2687 1139 2756 traditum,
1158 2689 1330 2761 ipsius
1350 2692 1701 2749 resurrectio-

107 2770 184 2826 nis
206 2772 461 2844 exemplo
490 2773 562 2831 sit
586 2774 884 2833 firmatum.
914 2777 1021 2835 Per

666 2885 822 2959 Infra
848 2890 1128 2946 actionem.

167 2970 313 3033 Hanc
342 2977 519 3051 igitur
541 2979 889 3046 oblationem,
925 2998 1087 3054 quam
1120 2983 1217 3041 tibi
1243 2999 1342 3057 pro
1370 2986 1560 3057 requie
1586 2986 1698 3041 ani-

108 3082 303 3126 marum
329 3071 664 3133 famulorum
688 3074 1123 3149 famularumque
1149 3089 1363 3135 tuarum
1392 3080 1692 3148 offerimus,

106 3181 431 3238 quaesumus,
475 3171 723 3238 Domine,
766 3174 1034 3246 propitius
1066 3176 1311 3245 intuere,
1364 3186 1419 3235 et
1457 3180 1697 3236 concede

108 3268 160 3313 ut
187 3264 419 3317 mortuis
444 3263 617 3333 prosit
644 3263 713 3320 ad
742 3267 988 3332 veniam,
1026 3268 1170 3338 quod
1215 3270 1427 3326 cunctis
1462 3271 1694 3327 viventi-

105 3351 196 3408 bus
237 3371 551 3429 praeparare
592 3356 845 3431 dignatus
887 3374 949 3418 es
997 3360 1067 3417 ad
1110 3361 1374 3420 medelam
1416 3382 1430 3418 :
1472 3363 1695 3436 diesque

108 3456 332 3506 DOSU‘OS.

554 3570 561 3575 .
594 3521 725 3578 Post
752 3522 1203 3582 Communionem.

167 3606 472 3681 inveniant,
504 3630 837 3685 quaesumus,
866 3618 1111 3683 Domine,
1142 3619 1337 3675 animae
1365 3620 1692 3678 famulorum

105 3700 534 3779 famularumque
560 3717 797 3775 tuarum,
830 3710 1182 3781 omniumque
1212 3713 1268 3768 in
1296 3714 1514 3770 Christo
1540 3716 1691 3785 quie-

104 3800 396 3866 scentium,
439 3799 574 3855 lucis
599 3807 815 3857 aeterna:
838 3802 1197 3868 consortium,
1226 3804 1316 3875 qui
1350 3806 1403 3860 in
1434 3806 1539 3861 hac
1572 3805 1693 3861 luce

102 3892 277 3961 positi,
315 3900 471 3948 tuum
499 3892 779 3949 consecuti
810 3902 937 3949 sunt
966 3904 1389 3953 sacramentum.
1420 3896 1545 3955 Per.

815 4007 994 4065 cvm.
1046 4078 1049 4079 ν

655 4117 791 4159 ΙΤΕΙ
820 4119 945 4159 ΑιιΑ
972 4119 1145 4159 IISSA.

165 4187 436 4245 Fidelium
484 4190 627 4248 Deus
670 4194 915 4249 omnium
965 4195 1219 4252 conditor
1264 4204 1322 4253 et
1358 4200 1688 4271 redemptor,

104 4281 389 4339 animabus
417 4282 745 4341 famulorum
773 4286 1209 4359 famularumque
1234 4299 1471 4357 tuarum,
1498 4293 1692 4350 remis-

101 4374 299 4432 sionem
331 4388 655 4435 cunctorum
686 4381 864 4437 tribue
896 4392 1244 4453 peccatorum
1264 4426 1279 4452 ,
1322 4395 1383 4441 ut
1409 4386 1691 4460 indulgen-

102 4464 222 4520 tiam
250 4483 419 4538 quam
451 4484 665 4541 semper
699 4481 1025 4541 optaverunt
1059 4474 1166 4546 piis
1204 4475 1688 4548 supplicationibus

102 4572 529 4634 consequantur.
548 4561 671 4620 Per
698 4564 1009 4622 Dominum.

774 4674 1009 4732 Secreta.

165 4762 406 4829 Hostias,
433 4780 767 4836 quaesumus,
795 4765 1042 4835 Domine,
1070 4783 1205 4840 quas
1236 4771 1332 4826 tibi
1358 4786 1458 4842 pro
1484 4780 1691 4828 anima-

97 4852 196 4910 bus
245 4856 579 4912 famulorum
641 4857 1072 4929 famularumque
1125 4870 1340 4917 tuarum
1388 4862 1684 4932 offerimus,

96 4952 421 5022 propitiatus
450 4953 688 5019 intende,
719 4962 776 5007 ut
804 4954 999 5023 quibus
1027 4954 1148 5011 fidei
1179 4954 1499 5014 Christianae
1525 4959 1688 5014 meri-

98 5048 207 5098 tum
252 5044 579 5112 contulisti,
618 5045 788 5102 dones
835 5055 891 5101 et
920 5047 1223 5117 praemium.
1268 5046 1372 5104 Per
1398 5050 1685 5107 Dominum

97 5146 370 5194 nostrum.

596 5207 725 5266 Post
753 5210 1201 5269 Communionem.

116 5356 119 5359 λ
164 5302 493 5368 Animabus,
519 5317 851 5372 qumsumus,
884 5304 1130 5371 Domine,
1160 5304 1485 5363 famulorum
1510 5306 1691 5363 famu-

98 5388 383 5464 larumque
414 5403 627 5449 tuarum
659 5397 832 5452 oratio
858 5399 1113 5467 proﬁciat
1147 5398 1591 5470 supplicantium,
1630 5411 1701 5457 ut

96 5495 187 5539 eas
210 5493 270 5539 et
310 5499 344 5539 a
387 5487 627 5557 peccatis
654 5502 849 5553 exuas,
890 5499 946 5545 et
974 5497 1079 5545 tua:
1106 5490 1493 5561 redemptionis
1522 5490 1691 5548 facias

95 5586 216 5631 esse
241 5576 564 5649 participes.
597 5576 721 5633 Per.
838 5648 953 5707 CIX

638 5759 768 5801 l‘l'll
812 5761 936 5802 ALIA
980 5761 1153 5804 IISSA.

164 5831 493 5907 Munatius,
522 5849 853 5907 quaesumus,
884 5836 1131 5908 Domine,
1166 5839 1491 5898 famulorum
1518 5837 1695 5897 famu-

1319 344 1524 405 LlBER
1563 344 2205 413 SACBAMENTORUM.

1727 466 2088 538 Alarumque
2132 475 2344 525 tuarum
2393 472 2821 531 misericordiam
2885 481 3123 538 concede
3191 496 3390 556 perpe-

3288 371 3398 431 846

1787 568 1976 628 tuam,
2008 569 2068 616 ut
2092 561 2174 618 eis
2197 562 2446 633 proficiat
2479 565 2533 621 in
2563 574 2826 625 aeternum
2862 573 3007 642 quod
3038 574 3093 630 in
3125 581 3178 631 te
3203 591 3394 646 spera-

1782 664 2001 719 verunt
2026 664 2081 709 et
2108 656 2474 713 crediderunt.
2517 657 2623 715 Per
2655 660 2962 720 Dominum.

1930 742 2107 803 Lectio
2134 746 2253 803 libri
2280 748 2620 822 Apocalypsis
2660 752 2729 807 B.
2757 752 2985 813 Joannis
3022 759 3266 827 apostoli.

1876 840 1932 896 In
1976 840 2168 900 diebus
2206 842 2333 911 illis,
2364 846 2546 903 audivi
2595 863 2783 907 vocem
2828 852 2897 908 de
2943 854 3085 911 cmlo
3121 856 3390 915 dicentem

1804 932 1962 990 mihi.

1897 1044 2183 1118 Sequentia
2205 1052 2376 1105 sancti
2408 1052 2681 1125 Evangelii
2705 1060 2991 1115 secundum
3019 1061 3301 1121 Joannem.

1874 1137 1931 1193 in
1972 1139 2062 1195 illo
2113 1150 2356 1213 tempore
2378 1184 2391 1207 ,
2442 1144 2577 1201 dixit
2605 1146 2762 1204 Jesus
2786 1151 3063 1224 discipulis
3091 1156 3204 1212 suis
3230 1176 3243 1212 :
3274 1157 3391 1217 Nisi

1805 1231 2266 1291 manducaveritis
2289 1251 2511 1293 carnem
2539 1238 2663 1295 Filii
2691 1242 2949 1301 hominis.

2401 1351 2574 1421 Super
2596 1355 2808 1413 Oblata.

1878 1436 1992 1503 His,
2023 1455 2356 1511 quassamus,
2390 1446 2636 1515 Domine,
2675 1450 2921 1520 placatus
2953 1453 3171 1514 intende
3202 1474 3398 1519 mune—

1805 1529 1981 1620 ribus,
2006 1540 2059 1587 et
2090 1534 2237 1604 quod
2275 1536 2341 1591 ad
2381 1536 2596 1594 laudem
2634 1540 2709 1595 tui
2750 1544 2987 1601 nominis
3033 1549 3400 1620 supplicantes

1803 1618 2110 1689 offerimus,
2146 1624 2215 1679 ad
2256 1625 2647 1701 indulgentiam
2691 1633 2945 1705 proﬁciat
2993 1618 3391 1702 defunctorum.

1802 1711 1910 1771 Per
1934 1716 2224 1775 Dominum
2254 1728 2521 1778 nostrum.

2289 1833 2418 1893 Post
2454 1838 2904 1901 Commuatonem.

1882 1923 2186 1997 Supplices,
2218 1944 2548 2001 quaesumus,
2581 1936 2827 2002 Domine,
2866 1954 2965 2009 pro
2996 1941 3282 2002 animabus
3310 1946 3395 2003 fa-

1808 2017 2079 2074 mulorum
2106 2019 2546 2096 famularumque
2575 2034 2789 2083 tuarum
2830 2014 3020 2101 preces
3046 2034 3397 2106 effundimus,

1805 2121 2088 2181 sperantes
2129 2122 2188 2169 ut
2237 2116 2499 2187 quidquid
2546 2123 2960 2178 conversatione
2999 2135 3396 2186 contraxerunt
3468 2120 3471 2123 ’

1806 2202 2063 2273 humana,
2094 2215 2151 2262 et
2176 2207 2473 2265 clementer
2499 2210 2797 2283 indulgeas,
2838 2225 2891 2271 et
2926 2215 2980 2271 in
3014 2226 3230 2277 tuorum
3267 2224 3398 2284 sede

1804 2295 2101 2358 laetantium
2125 2302 2427 2360 constituas
2452 2306 2874 2377 redemptorum.
2901 2308 3027 2367 Per.

2645 2385 2685 2413 ο

2541 2417 2652 2474 CX.
2744 2432 2757 2443 ‘

2280 2524 2431 2566 κιεεΑ
2468 2526 2522 2565 ια
2557 2525 2926 2571 C(EHETEBIIS.

1872 2597 2050 2664 Deus,
2084 2598 2240 2671 cujus
2269 2602 2620 2657 miseratione
2657 2605 2853 2661 animae
2893 2606 3133 2665 ﬁdelium
3172 2596 3414 2684 requie-r

1802 2699 1983 2755 scunt,
2015 2690 2234 2745 famulis
2266 2692 2371 2746 tuis
2396 2691 2461 2746 N.
2493 2700 2547 2747 et
2579 2692 2650 2751 N.
2679 2703 2731 2749 et
2764 2697 3014 2752 omnibus
3039 2699 3125 2755 hic
3154 2702 3207 2756 in
3234 2703 3395 2760 Chri-

1801 2787 1888 2836 sto
1936 2781 2381 2852 quiescentibus,
2432 2784 2497 2838 da
2536 2785 2802 2854 propitius
2860 2787 3076 2844 veniam
3129 2803 3383 2861 peccato-
3486 2830 3489 2831 ν

1800 2887 1922 2927 rum
1950 2913 1964 2939 ,
2021 2881 2103 2939 ut,
2156 2888 2187 2928 a
2217 2873 2427 2931 cunctis
2481 2877 2724 2933 reatibus
2786 2876 3060 2947 absoluti,
3114 2883 3231 2941 sine
3284 2886 3395 2946 fine

1802 2962 2073 3021 laetentur.

2383 3056 2556 3129 Super
2581 3058 2794 3115 Oblata.

1870 3168 1975 3225 Pro
2010 3170 2293 3227 animabus
2324 3169 2651 3230 famulorum
2693 3182 2905 3230 tuorum
2938 3176 3004 3232 N.
3035 3187 3091 3234 et
3117 3179 3182 3236 N.
3215 3191 3269 3239 et
3297 3186 3389 3243 hic

1802 3264 2042 3320 omnium
2087 3263 2477 3322 catholicorum
2523 3266 2908 3324 dormientium
2954 3271 3227 3342 hostiam,
3279 3278 3387 3334 Do-

1797 3352 1975 3426 mine,
2008 3360 2221 3431 suscipe
2248 3360 2513 3436 benignus
2552 3362 2794 3419 oblatam
2816 3407 2829 3430 ,
2864 3373 2924 3420 ut
2966 3366 3069 3424 hoc
3117 3371 3391 3429 sacriﬁcio

1795 3453 2099 3525 singulari,
2131 3454 2363 3511 vinculis
2411 3455 2697 3512 horrendae
2748 3459 2939 3515 mortis
2985 3462 3169 3531 exuti,
3219 3458 3387 3521 vitam

1796 3554 2110 3601 mereantur
2136 3554 2417 3619 aeternam.
2457 3545 2581 3601 Per.

2359 3658 2516 3730 Infra
2544 3662 2821 3718 actionem.

1867 3748 2019 3804 Hanc
2047 3750 2211 3821 igitur
2238 3749 2587 3819 oblationem,
2614 3769 2775 3824 quam
2809 3754 2904 3812 tibi
2945 3755 3245 3829 offerimus,
3272 3761 3390 3820 Do-

1797 3840 1962 3907 mine,
1989 3857 2089 3912 pro
2118 3852 2334 3898 tuorum
2376 3845 2561 3915 requie
2590 3845 2919 3903 famulorum
2961 3858 3017 3907 et
3059 3852 3382 3914 famularum

1796 3930 1863 3987 N.
1893 3931 2041 3987 etN.
2089 3942 2145 3990 et
2189 3935 2431 3990 omnium
2478 3936 2717 3993 ﬁdelium
2765 3942 3155 4000 catholicorum
3201 3950 3389 4006 ortho-

1794 4025 2080 4093 doxorum,
2112 4027 2167 4082 in
2197 4028 2300 4084 hac
2328 4029 2551 4087 basilica
2597 4030 2653 4086 in
2700 4030 2920 4091 Christo
2958 4038 3380 4109 quiescentium,

1793 4125 1850 4173 et
1876 4118 1969 4189 qui
2003 4118 2059 4173 in
2100 4118 2331 4174 circuitu
2369 4120 2529 4191 hujus
2560 4121 2805 4178 ecclesiae
2834 4127 3203 4197 requiescunt,
3234 4147 3384 4202 quae-

1794 4228 2001 4282 sumus,
2034 4214 2279 4282 Domine,
2308 4215 2550 4287 placatus
2589 4220 2839 4290 accipias,
2880 4230 2938 4277 ut
2971 4239 3071 4295 per
3098 4225 3214 4283 haec
3242 4227 3388 4284 salu-

1794 4305 1865 4361 tis
1899 4307 2148 4363 humante
2176 4307 2413 4364 subsidia
2463 4307 2518 4363 in
2566 4317 2777 4367 tuorum
2812 4330 3040 4372 numero
3072 4320 3382 4391 redempto-
3446 4380 3451 4385 ,

1795 4415 1937 4470 rum,
1966 4411 2111 4459 sorte
2132 4409 2394 4476 perpetua
2425 4412 2769 4460 censeantur.
2801 4404 2926 4463 Per.

2273 4513 2401 4570 Post
2430 4513 2879 4575 Communionem.

1717 4592 1771 4653 Β
1866 4626 2031 4693 Deus,
2066 4626 2301 4709 ﬁdelium
2330 4628 2513 4684 lumen
2535 4631 2859 4697 animarum,
2897 4637 3086 4694 adesto
3105 4642 3380 4712 supplica-

1796 4720 2033 4776 tionibus
2061 4719 2288 4787 nostris,
2331 4730 2388 4775 et
2416 4720 2485 4776 da
2509 4720 2730 4780 famulis
2750 4725 2835 4782 vel
2854 4724 3161 4788 famulabus
3183 4734 3288 4790 tuis
3310 4736 3380 4792 N.

1792 4822 1849 4872 et
1870 4813 1937 4869 N.
1968 4814 2052 4870 vel
2086 4830 2318 4885 quorum
2342 4830 2570 4887 corpora
2602 4818 2691 4874 hic
2713 4822 3083 4891 requiescunt,
3115 4826 3385 4900 refrigerii

1792 4910 1996 4976 sedem,
2025 4910 2222 4981 quietis
2247 4910 2642 4971 beatitudinem
2666 4913 2885 4972 luminis
2913 4915 3238 4977 claritatem.
3278 4922 3386 4981 Per

1790 5002 2096 5061 Dominum.

2529 5077 2665 5135 CX].

1792 5183 1948 5225 ιιεεΑ
1964 5183 2067 5225 PRO
2095 5182 2298 5226 εΑιυτε
2313 5185 2572 5237 νινοιιωί,
2597 5185 2699 5227 γει.
2726 5187 2779 5227 IN
2798 5187 3006 5231 AGENDA
3028 5190 3379 5237 IORTUOBUM.

1863 5278 2185 5335 Sanctorum
2233 5287 2452 5335 tuorum
2493 5280 3001 5349 intercessionibus,
3039 5300 3397 5355 quaesumus,

1792 5372 2041 5439 Domine,
2067 5382 2123 5429 et
2146 5388 2247 5429 nos
2266 5382 2511 5445 protege,
2540 5382 2595 5429 et
2614 5373 2831 5431 famulis
2852 5386 2905 5431 et
2927 5375 3231 5436 famulabus
3254 5383 3381 5447 tuis,

1793 5478 2024 5534 quorum
2082 5463 2656 5519 commemorationem
2717 5465 2961 5537 agimus,
3012 5470 3097 5524 vel
3149 5487 3379 5541 quorum

1793 5554 2169 5626 eleemosynas
2196 5555 2523 5626 recepimus,
2556 5571 2653 5612 seu
2677 5557 2843 5614 etiam
2874 5560 2961 5616 his
2987 5562 3079 5631 qui
3114 5563 3269 5618 nobis
3300 5562 3381 5617 fa-

1796 5646 2111 5702 miliaritate
2141 5646 2315 5719 juncti
2346 5654 2492 5712 sunt,
2516 5648 2959 5717 misericordiam
2992 5663 3141 5708 tuam
3182 5653 3384 5725 ubique

1795 5739 2091 5812 praetende,
2124 5747 2221 5803 ut,
2249 5737 2318 5794 ab
2348 5740 2596 5797 omnibus
2635 5741 3129 5814 impugnationibus
3150 5742 3378 5811 defensi,

1798 5846 1887 5894 tua
1917 5834 2270 5908 cpitulatione
2298 5836 2594 5905 salvantur,
2623 5845 2677 5895 et
2706 5839 2919 5900 animas
2951 5840 3277 5901 famulorum
3302 5836 3399 5900 fa?
