3954 6342
544 441 648 498 δι’]

1567 452 1899 512 GRlMALDl
1938 442 2453 514 SANGALLENSIS
2491 459 2780 518 ABBATIS

3717 468 3830 528 848

541 535 919 633 malarumque
944 570 1180 627 tuarum,
1213 565 1453 621 omnium
1489 567 1738 624 videlicet
1761 570 1998 626 fidelium
2023 587 2119 627 ca-
2148 576 2199 635 Α
2225 571 2349 628 dam
2381 589 2598 631 omnem
2627 583 2952 648 potestatem
2977 575 3215 644 inimici,
3245 586 3299 634 et
3326 578 3504 650 ipsum
3542 580 3826 640 inimicum

538 653 863 710 tholicorum
908 656 1353 722 orthodoxorum,
1386 675 1613 729 quorum
1652 664 2124 721 commemoratio-

537 759 665 801 nem
704 747 936 818 agimus,
982 757 1037 804 et
1059 765 1292 820 quorum
1330 767 1557 823 corpora
1578 755 1632 810 in
1657 756 1761 812 hoc
1791 761 2122 816 monasterio

534 849 907 908 requtescunt,
935 839 1021 896 vel
1046 858 1276 912 quorum
1306 846 1523 903 nomina
1566 859 1692 907 ante
1741 861 1989 908 sanctum
2042 854 2122 909 al-

535 939 658 989 tare
681 941 830 989 tuum
862 936 1062 1006 scripta
1091 940 1280 996 adesse
1302 941 1574 1010 videntur,
1591 945 1888 1005 electorum
1904 958 2120 1007 tuorum

539 1021 765 1098 iungere
788 1027 1028 1100 digneris
1056 1036 1349 1092 consortio.
1392 1036 1496 1092 Per
1519 1038 1829 1096 Dominum.

1269 1145 1501 1204 Secreta.

601 1229 928 1305 Propitiare,
959 1236 1208 1302 Domine,
1265 1241 1747 1310 supplicationibus
1797 1247 2021 1312 nostris,
2065 1256 2122 1304 et

409 1331 414 1340 ‘
461 1380 464 1381 ν
527 1322 630 1378 has
658 1325 960 1388 oblationes
981 1344 1116 1399 quas
1150 1345 1249 1400 pro
1278 1331 1650 1390 incolumitate
1676 1336 2002 1395 famulorum
2036 1341 2116 1396 fa-

530 1419 913 1490 mularumth
935 1431 1172 1488 tuarum,
1203 1435 1258 1478 et
1287 1443 1386 1497 pro
1414 1430 1700 1489 animabus
1720 1436 1963 1490 omnium
1993 1437 2123 1492 lide-

524 1505 660 1564 lium
709 1512 1101 1587 catholicorum
1147 1520 1593 1588 orthodoxorum,
1641 1541 1872 1596 quorum
1901 1530 2120 1584 nomina

524 1609 654 1654 ante
698 1614 946 1676 sanctum
995 1606 1168 1664 altare
1199 1620 1351 1688 tuum
1384 1616 1585 1686 scripta
1623 1619 1816 1675 adesse
1846 1621 2119 1689 videntur,

515 1681 728 1755 nomini
761 1706 852 1754 tuo
899 1685 1297 1761 consecrandos
1326 1705 1642 1776 deferimus,
1672 1707 1934 1784 benignus
1971 1730 2122 1770 assu-

519 1800 632 1850 me,
672 1797 732 1842 ut
780 1790 1036 1848 sacrificii
1090 1799 1373 1865 praesentis
1411 1799 1614 1856 οξιιίιιίο
1665 1807 1732 1857 ad
1778 1804 2120 1875 refrigerium

518 1877 826 1937 animarum
867 1899 1076 1951 eorum,
1111 1895 1163 1944 te
1205 1889 1520 1960 miserante,
1549 1897 1850 1965 perveniat.
1885 1899 2008 1954 Per.

817 1987 862 2009 ’⁸
938 1985 1134 2080 θξοει
1164 2001 1619 2064 Commuut'onem.

596 2088 856 2148 Purilicet
883 2099 1001 2160 nos,
1026 2110 1354 2164 quaesumus,
1385 2098 1633 2168 Domine,
1657 2111 1714 2158 et
1733 2102 1900 2159 divini
1927 2117 2113 2161 sacra-

521 2185 700 2239 menti
734 2186 1025 2256 perceptio,
1056 2197 1112 2241 et
1135 2187 1370 2258 gloriosa
1400 2202 1717 2250 sanctorum
1746 2205 1965 2252 tuorum
1996 2215 2117 2254 ora-

522 2277 625 2343 tio,
649 2286 705 2332 et
733 2279 1019 2335 animabus
1044 2279 1372 2367 famulorgm
1399 2285 1832 2359 famularumque
1877 2301 2111 2359 tuarum,

516 2383 751 2438 quorum
795 2371 1370 2434 comntetuoratiatem
1425 2378 1669 2450 agimus,
1739 2383 2114 2439 remissionem

495 2465 841 2519 ‘cunctorum
871 2465 1048 2522 tribue
1067 2479 1436 2538 peccatorum,
1462 2483 1522 2527 ut
1541 2473 1924 2546 indulgentiam
1951 2493 2115 2546 quam

519 2568 736 2626 semper
757 2565 1104 2629 optaverunt,
1136 2561 1242 2632 piis
1264 2562 1751 2636 supplicationibus
1772 2582 2113 2640 cousequan-
2207 2617 2214 2624 .

478 2719 496 2736 ‘
515 2652 628 2703 tur.
653 2644 775 2705 Per.

1229 2743 1389 2801 CXII.

1046 2853 1381 2896 BXOBCISMUS
1410 2854 1582 2898 SALIS.

591 2949 858 3009 Exoreizo
896 2962 968 3021 te,
995 2965 1246 3012 creatura
1277 2958 1423 3026 salis,
1464 2976 1562 3031 per
1587 2961 1755 3018 Deum
1778 2961 1978 3026 vivum,
2012 2977 2111 3034 per

519 3043 688 3100 Dcitm
714 3061 922 3112 verum,
953 3063 1053 3118 per
1085 3049 1252 3105 Deum
1274 3061 1540 3118 sanctum,
1581 3070 1678 3124 per
1724 3055 1891 3111 Deum
1932 3057 2022 3126 qui
2056 3065 2108 3112 te

514 3148 614 3206 per
636 3134 872 3191 Eliseum
900 3140 1215 3209 prophetam
1253 3142 1306 3196 in
1334 3158 1530 3214 aquam
1558 3145 1698 3200 mitti
1720 3145 1907 3215 jussit,
1939 3156 1996 3200 ut
2019 3163 2108 3201 sa-

513 3233 737 3278 naretur
773 3227 1033 3284 sterilitas
1056 3246 1232 3299 aquae,
1265 3242 1324 3287 ut
1348 3233 1600 3290 elliciaris
1621 3237 1701 3292 sal
1726 3238 2103 3293 exorcizatum

513 3314 570 3370 in
615 3317 841 3374 salutem
870 3321 1230 3391 credentium,
1280 3333 1332 3380 et
1364 3327 1438 3382 sis
1482 3329 1735 3384 omnibus
1765 3340 1816 3386 te
1845 3333 2102 3388 sumenti-
2131 3311 2177 3374 (ἶ

511 3407 620 3464 bus
649 3411 854 3467 sanitas
877 3413 1073 3469 anima:
1101 3424 1156 3471 et
1183 3419 1450 3488 corporis,
1485 3429 1539 3475 et
1565 3419 1783 3494 effugiat
1807 3434 1969 3495 atque
1997 3427 2104 3482 dis-

521 3499 682 3556 cedat
709 3502 778 3558 ab
805 3518 871 3559 eo
914 3502 1032 3560 loco
1057 3521 1165 3578 quo
1189 3524 1444 3579 aspersus
1479 3511 1646 3568 fueris
1674 3516 1850 3569 omnis
1874 3517 2106 3586 phanta-

511 3591 594 3646 sia
616 3586 674 3646 et
694 3595 954 3664 nequitia,
985 3597 1069 3653 vel
1102 3601 1340 3656 versutia
1387 3602 1669 3660 diabolica:
1710 3604 1947 3676 fraudis,
1985 3625 2107 3665 om-

507 3683 704 3756 nisque
749 3689 971 3757 spiritus
1008 3691 1340 3761 immundus,
1384 3697 1666 3767 atljurattts
1708 3715 1806 3771 per
1833 3715 1959 3758 eum
2009 3704 2107 3774 qui

511 3786 774 3835 venturus
797 3788 879 3836 est
898 3779 1148 3851 judicare
1173 3785 1323 3841 vivos
1344 3793 1400 3842 et
1429 3795 1696 3846 mortuos.

1211 3917 1388 3975 CXIII.

1048 4049 1366 4094 DENEDICTIO
1395 4055 1561 4099 SALIS.

590 4159 911 4218 Immensam
962 4165 1304 4226 clementiam
1337 4183 1506 4242 tuam,
1533 4179 1876 4250 omnipotens
1904 4193 2105 4245 materne

522 4251 690 4321 Deus,
719 4257 995 4314 humiliter
1029 4261 1402 4332 implorantes,
1433 4278 1485 4322 ut
1523 4270 1662 4329 hanc
1689 4285 1994 4333 creaturam
2018 4296 2106 4336 sa-

510 4346 604 4415 lis,
637 4365 799 4421 quam
828 4353 881 4406 in
911 4368 1068 4409 usum
1098 4357 1312 4424 generis
1340 4361 1560 4416 humani
1593 4365 1849 4435 tribuisti,
1883 4371 2105 4427 benedi-

508 4457 635 4499 cere
660 4452 714 4498 ct
749 4446 1094 4502 sanctificare
1118 4457 1202 4502 tua
1230 4451 1430 4519 pietate
1468 4455 1732 4526 digneris,
1763 4469 1822 4515 ut
1865 4461 1934 4516 sit
1979 4477 2097 4518 om-

507 4533 670 4590 nibus
697 4537 1039 4594 sumentibus
1066 4539 1214 4595 salus
1238 4544 1436 4600 tuentis
1458 4556 1513 4602 et
1536 4551 1798 4620 corporis,
1839 4561 1894 4608 et
1919 4537 2100 4624 quid-

507 4626 638 4697 quid
662 4641 730 4683 ex
758 4643 824 4683 eo
855 4639 1055 4686 tactum
1090 4633 1172 4687 vel
1208 4650 1516 4706 respersum
1565 4639 1749 4731 fuerit,
1778 4653 1963 4698 careat
1993 4644 2098 4700 im-

503 4717 792 4782 munditia,
829 4717 1140 4776 hberetura
1170 4726 1364 4791 noxia;
1406 4744 1510 4783 non
1541 4717 1911 4789 illic'rcsideat
1939 4735 2100 4807 spiri-

505 4815 593 4863 tus
635 4809 1058 4878 pcstilens,~nou
1092 4830 1222 4869 aura
1251 4832 1626 4890 corrumpens.
1660 4822 1952 4882 Discedant
1982 4843 2095 4883 om-

504 4915 604 4956 nes
633 4901 844 4957 insidia:
874 4903 1094 4962 latentis
1123 4907 1353 4974 ittimici,
1381 4921 1438 4964 ut
1466 4913 1510 4968 si
1540 4915 1669 4983 quid
1691 4927 1774 4973 est
1817 4920 1960 4988 quod
2001 4930 2097 4976 aut

508 4990 870 5049 incolumitati
913 4996 1271 5054 habitantium
1306 5003 1530 5070 invidet,
1562 5019 1655 5062 aut
1684 5010 1875 5080 quieti,
1910 5028 2096 5084 asper-

507 5081 660 5137 sione
687 5084 847 5154 hujus
877 5099 1031 5156 aqua:
1058 5089 1302 5158 etfugiat,
1336 5102 1394 5147 tit
1420 5094 1711 5155 salubritas
1751 5118 1849 5172 per
1873 5081 2092 5162 invoca-

507 5173 709 5230 tionem
741 5177 814 5230 tui
847 5180 1082 5236 nominis
1103 5185 1355 5254 expedita
1379 5227 1395 5254 ,
1437 5192 1504 5245 ab
1530 5193 1780 5251 omnibus
1810 5197 1880 5253 sit
1923 5198 2099 5270 impu-

506 5267 861 5340 gnationibus
886 5270 1126 5331 defensa.
1152 5274 1277 5338 Per.

1215 5435 1394 5519 cxiv.

1383 5506 1440 5533 ..ο

1030 5567 1361 5615 sxonmsnus
1396 5527 1569 5626 Aoum.
1617 5618 1652 5643 ο

582 5684 851 5752 Exorcizo
873 5679 946 5763 te,
971 5684 1216 5753 creatui‘a
1245 5714 1420 5777 aquge,
1456 5701 1511 5757 iit
1532 5667 1754 5762 nomin.e
1785 5673 1882 5766 Dei
1910 5709 2092 5769 Patris

503 5782 926 5856 omnipotentis,
966 5795 1022 5846 et
1061 5788 1115 5847 in
1146 5793 1366 5847 nomine
1393 5789 1520 5848 Jesu
1566 5794 1772 5852 Christi
1803 5798 1927 5856 Filii
1971 5801 2089 5872 ejus

499 5872 718 5940 Domini
745 5880 945 5949 nostri,
990 5894 1049 5937 ut
1094 5879 1189 5938 tias
1232 5899 1371 5956 aqua
1409 5888 1718 5947 exorcizata
1742 5893 1809 5947 ad
1848 5894 2090 5968 eﬂ'ugan-

2147 1941 2199 2002 B

2222 665 2504 722 eradicare
2551 675 2608 723 et
2667 667 2988 739 explantare
3036 669 3222 726 valeas
3270 687 3396 727 cum
3447 673 3658 740 angelis
3711 678 3831 733 suis

2222 760 2552 830 apostaticis,
2577 776 2677 833 per
2704 762 2965 820 virtutem
2992 764 3207 821 Domini
3243 768 3416 824 nostri
3441 767 3578 824 Iesu
3598 767 3825 838 Christi,

2223 852 2316 924 qui
2344 862 2494 910 vent.

2941 949 3100 1006 CXV.

2760 1053 3084 1096 BENEDICTIO
3112 1057 3291 1105 Αρυι.

2294 1152 2473 1222 Deus,
2522 1154 2616 1226 qui
2657 1155 2726 1210 ad
2769 1156 2999 1214 salutem
3045 1157 3267 1214 humani
3314 1161 3537 1232 generis
3589 1163 3830 1221 maxima

2221 1257 2450 1316 qumque
2486 1255 2822 1302 sacramenta
2854 1249 2907 1302 in
2931 1264 3197 1318 aquarum
3229 1252 3603 1307 substantiam
3635 1255 3824 1312 condi-

2224 1335 2370 1403 disti,
2396 1337 2587 1394 adesto
2619 1340 2888 1410 propitius
2914 1342 3353 1399 invocationibus
3370 1347 3608 1411 nostris,
3639 1357 3695 1402 et
3721 1347 3827 1405 ele-

2223 1439 2406 1485 mento
2445 1431 2572 1487 huic
2600 1433 2936 1489 multimodis
2967 1436 3441 1504 purificationibus
3489 1450 3826 1510 praeparato,

2223 1525 2481 1580 virtutem
2537 1535 2641 1582 tua:
2685 1527 3082 1584 benedictionis
3134 1529 3391 1595 infunde,
3453 1540 3517 1585 ut
3576 1543 3828 1587 creatura

2222 1617 2501 1686 mysteriis
2549 1619 2658 1673 tuis
2704 1619 2980 1683 servietis,
3034 1620 3102 1674 ad
3154 1619 3498 1689 abjiciendos
3550 1623 3829 1681 daemones

2222 1708 2554 1778 morbosque
2581 1708 2877 1780 pellendos,
2903 1709 3103 1766 divina:
3125 1713 3310 1782 gratia:
3332 1723 3520 1768 sumat
3550 1714 3825 1782 eﬂ'ectum,

2223 1807 2283 1854 ut
2331 1801 2591 1872 quidquid
2633 1802 2690 1857 in
2719 1798 2988 1859 “domibus
3024 1803 3110 1858 vel
3141 1804 3192 1859 in
3233 1805 3367 1862 locis
3423 1807 3679 1863 fidelium
3720 1811 3828 1865 hac

2225 1891 2366 1946 unda
2416 1891 2770 1962 resperserit,
2823 1905 3009 1950 careat
3053 1893 3436 1961 immunditia,
3487 1895 3760 1952 liberemr
3796 1914 3827 1954 δ

2225 1999 2397 2039 noxa:
2427 2001 2534 2041 non
2567 1985 2675 2041 illic
2697 1987 2936 2042 resideat
2963 1989 3186 2060 spiritus
3219 1990 3508 2060 pestilens,
3542 2007 3660 2047 non
3705 2007 3824 2048 aura

2221 2092 2600 2148 corrumpens.
2645 2077 2940 2134 Discedant
2967 2097 3156 2137 omnes
3205 2083 3416 2138 insidia:
3446 2083 3686 2140 latentis
3731 2087 3824 2139 ini-

2184 2161 2367 2232 ‘mici,
2399 2177 2456 2223 et
2485 2169 2684 2240 siquid
2709 2170 3068 2228 incolumitati
3099 2175 3464 2230 habitantium
3491 2177 3718 2232 invidet
3741 2189 3823 2233 aut

2217 2261 2412 2331 quieti,
2439 2262 2755 2332 aspersione
2778 2263 2938 2332 hujus
2964 2281 3118 2336 aqua}
3153 2265 3397 2339 effugiat,
3432 2277 3500 2323 ut
3530 2267 3822 2327 salubritas

2216 2367 2315 2424 per
2345 2353 2744 2410 invocationem
2774 2356 2848 2410 tui
2899 2357 3136 2412 nominis
3167 2359 3432 2427 expetita,
3464 2359 3536 2414 ab
3571 2361 3824 2416 omnibus

2225 2445 2298 2502 sit
2324 2447 2821 2519 impugnationibus
2841 2449 3082 2506 defensa.
3111 2449 3216 2507 Per
3241 2451 3562 2508 Dominum.

2908 2588 3072 2645 CXVI

2467 2697 2788 2740 BINEDICTIO
2815 2696 2966 2738 SALIB
2995 2699 3068 2738 ET
3105 2698 3258 2748 AQUAB
3302 2699 3565 2740 PARI'I'EB.

2604 2795 2710 2849 llic
2739 2796 2964 2849 mittitur
3013 2795 3093 2849 sal
3134 2795 3192 2850 in
3231 2813 3444 2868 aquam.

2285 2907 2448 2978 Deus,
2465 2908 2678 2964 invicta:
2698 2909 2912 2966 virtutis
2928 2919 3136 2976 auctor,
3153 2920 3208 2966 et
3240 2911 3629 2983 inseparabilis
3655 2912 3727 2986 [Ι.
3749 2915 3822 2969 itt-

2212 2999 2558 3073 Superahilis]
2591 3002 2801 3070 imperii
2831 3018 2928 3056 rex
2952 3019 3015 3058 ac
3037 3017 3252 3072 semper
3276 3005 3605 3074 magnificus
3634 3007 3822 3061 trium—
3875 3076 3880 3080 ι

2215 3093 2450 3163 phator,
2499 3095 2589 3163 qui
2639 3096 2881 3152 adversm
2917 3097 3304 3154 dominationis
3343 3100 3486 3155 vires
3515 3102 3820 3170 reprimis,

2214 3189 2306 3258 qui
2332 3188 2533 3245 inimici
2556 3191 2819 3262 rugientis
2854 3194 3118 3249 smvitiatn
3150 3209 3407 3265 superas,
3458 3196 3548 3265 qui
3585 3198 3820 3252 hastiles

2215 3282 2485 3354 nequitias
2519 3293 2713 3353 potens
2739 3301 3039 3357 expugnas,
3094 3297 3162 3349 te,
3206 3288 3455 3354 Domine,
3509 3300 3820 3346 trementes

2217 3394 2280 3436 ac
2308 3381 2578 3452 supplices
2621 3383 2976 3454 deprecamur
3004 3401 3067 3440 ac
3092 3387 3348 3456 petimus,
3373 3398 3426 3441 ut
3456 3386 3606 3441 hanc
3657 3402 3818 3441 crea-

2217 3481 2390 3528 turam
2413 3474 2542 3529 salis
2569 3485 2626 3530 et
2651 3492 2807 3547 aquae
2827 3478 3115 3550 dignanter
3136 3480 3396 3550 accipias,
3427 3481 3716 3550 benignus
3753 3481 3816 3535 il-

2215 3567 2436 3630 lustres,
2464 3567 2685 3636 pietatis
2725 3581 2829 3624 tum
2857 3586 3006 3626 more
3043 3571 3370 3636 sanctifiees,
3409 3581 3466 3626 ut
3493 3571 3820 3643 ubicnnqne

2215 3657 2376 3715 fuerit
2405 3661 2668 3732 dispersa,
2696 3679 2793 3734 per
2819 3665 3212 3721 invocationem
3243 3669 3411 3721 sancti
3439 3667 3515 3721 tui
3559 3669 3823 3724 nominis

2214 3753 2394 3810 omnis
2445 3754 2720 3810 infestatio
2771 3757 3033 3812 immundi
3069 3738 3304 3830 .spiritus
3347 3757 3668 3828 abjiciatur,
3707 3773 3819 3816 ter-

2210 3859 2408 3915 rorque
2423 3847 2679 3900 venenosi
2708 3849 3181 3920 serpentis'procul
3208 3849 3457 3919 pellatur,
3481 3861 3536 3906 et
3562 3867 3819 3922 prasen-

2212 3933 2287 3990 tia
2330 3937 2504 3990 sancti
2545 3936 2780 4008 Spiritus
2811 3939 2966 3995 nobis
3013 3941 3437 3996 miscricordiam
3493 3951 3656 3998 tuam
3693 3960 3818 4016 pos-

2210 4027 2457 4084 centibus
2479 4028 2676 4100 ubique
2703 4031 2893 4087 adesse
2918 4032 3188 4104 dignetur.
3225 4032 3331 4089 Per
3353 4033 3681 4090 Dominum.

2899 4169 3103 4226 CXVII.

2382 4296 2582 4339 ORATIO
2617 4297 2828 4346 QUANDO
2861 4298 2999 4346 ΑρυΑ
3041 4299 3338 4344 ερΑκῦιτυκ
3370 4304 3424 4344 IN
3453 4303 3629 4345 ωηο.

2277 4397 2484 4453 Exaudi
2525 4415 2655 4464 nos,
2702 4400 2928 4456 Domine
2965 4413 3150 4459 sancte
3173 4445 3186 4467 ,
3234 4402 3394 4460 Pater
3429 4406 3816 4475 omnipotens,

2211 4500 2412 4547 aeterne
2437 4493 2601 4558 Deus,
2628 4503 2681 4548 et
2706 4495 2923 4550 mittere
2945 4495 3167 4568 dignare
3210 4498 3456 4570 angelum
3489 4509 3650 4554 tuum
3689 4516 3817 4556 san-

2208 4593 2353 4638 ctum
2381 4584 2448 4639 de
2468 4583 2641 4649 caelis,
2664 4586 2754 4655 qui
2782 4587 3072 4654 custodiat,
3095 4590 3293 4655 foveat,
3319 4600 3588 4663 protegat,
3621 4594 3821 4650 visitet

2127 4678 2180 4740 D
2206 4686 2262 4733 et
2281 4676 2534 4734 defendat
2555 4693 2746 4735 omnes
2771 4679 3078 4738 habitantes
3102 4684 3155 4738 in
3179 4683 3281 4740 hoc
3302 4684 3638 4741 habitacula.
3684 4686 3811 4744 Per.

2876 4820 2967 4877 CX
2978 4819 3103 4878 VIII.

2721 4927 3041 4971 BENEDICTIO
3084 4932 3278 4975 DOIUS.

2267 5021 2491 5090 Adesto,
2516 5024 2759 5090 Domine,
2809 5030 3292 5100 supplicationibus
3326 5037 3551 5103 nostris,
3575 5047 3632 5095 et
3665 5041 3811 5098 hanc

2205 5114 2422 5170 domum
2449 5120 2657 5174 serenis
2681 5121 2853 5176 oculis
2876 5131 2980 5178 tua:
3001 5125 3218 5194 pietatis
3240 5126 3479 5197 illustra;
3506 5133 3812 5192 descendat

2203 5223 2369 5279 super
2395 5207 2700 5266 habitantes
2726 5212 2779 5266 in
2806 5229 2868 5268 ea
2903 5217 3092 5285 gratia:
3135 5225 3239 5273 tua:
3281 5216 3428 5292 larga
3466 5219 3804 5292 benedictio,

2201 5309 2263 5356 ut
2285 5302 2338 5356 in
2363 5301 2448 5356 his
2475 5302 2800 5359 manufactis
2823 5305 3144 5363 habitaculis
3174 5325 3296 5364 cum
3325 5310 3652 5369 salubritate
3685 5333 3804 5374 ma-

2201 5401 2415 5461 nentes,
2442 5393 2544 5465 ipsi
2580 5403 2734 5452 tuum
2772 5411 2988 5471 semper
3012 5400 3124 5456 sint
3146 5401 3540 5461 habitaculum.
3560 5405 3695 5464 Per.

2922 5515 3064 5574 Alia.

2272 5620 2482 5685 Exaudi
2525 5646 2626 5688 nos
2652 5673 2668 5697 ,
2699 5631 2927 5690 Domine
2963 5643 3181 5704 sancte,
3229 5634 3395 5696 Pater
3426 5643 3798 5720 omnipotens,

2200 5729 2402 5779 aeterne
2431 5723 2594 5791 Deus,
2618 5733 2678 5781 ut
2703 5727 2746 5781 si
2770 5743 2875 5799 qua
2898 5738 3024 5784 sunt
3045 5730 3295 5800 adversa,
3318 5732 3365 5790 si
3387 5749 3496 5807 qua
3518 5742 3792 5797 contraria

2199 5812 2253 5868 in
2287 5814 2390 5870 hac
2413 5815 2573 5872 domo
2596 5816 2780 5874 famuli
2806 5818 2880 5875 tui
2903 5817 2990 5884 N.,
3018 5823 3340 5882 auctoritate
3357 5825 3665 5898 maiestatis
3690 5847 3791 5896 "fx

2197 5904 2484 5976 pellantur.
2515 5908 2619 5963 Per
2643 5909 2926 5969 Dominum
2952 5925 3216 5974 nostrum.
