3954 6342
855 550 1037 609 CXIX.
1532 546 1559 557 ‘

585 659 786 703 ORATIO
813 658 1025 702 CONTRA
1056 656 1318 700 FULCUBA.

152 767 406 829 Primus
430 771 712 838 spargatur
738 760 1207 887 aqualbenct‘iicta,
1244 769 1293 814 et
1329 764 1508 829 postea
1537 755 1744 809 dicatur

792 850 885 887 ora
910 849 962 887 ιο
996 849 1040 887 is
1065 848 1098 885 a
1118 845 1139 883 :

792 845 962 888 oratio
996 845 1098 887 ista
1118 845 1139 883 .'

229 953 610 1025 Omnipotens,
637 948 968 1020 sempiterne
990 946 1152 1010 Deus,
1173 957 1337 1017 parce
1355 938 1743 1007 metuentibus,

152 1058 214 1109 et
233 1049 533 1123 propitiam
577 1045 944 1118 supplicibus,
989 1052 1049 1098 ut
1075 1050 1200 1116 post
1233 1039 1425 1095 noxios
1454 1037 1605 1110 ignes
1646 1052 1747 1092 uu-

152 1144 308 1201 bium
332 1152 388 1199 et
406 1142 515 1197 vim
542 1139 924 1211 procellarum,
954 1138 1009 1193 in
1041 1134 1327 1191 materiam
1354 1137 1592 1187 transeat
1633 1129 1749 1186 lau-

156 1235 246 1293 dis
273 1233 624 1293 comminatio
648 1230 951 1303 potestatis.
993 1228 1116 1284 Per.

268 1458 470 1502 ORATIO
494 1457 660 1500 SUPER
690 1457 819 1497 VASA
851 1457 903 1495 IN
944 1454 1078 1496 LOCO
1106 1452 1338 1502 ANTIQUO
1377 1451 1641 1492 BEPERTA.

232 1559 624 1630 Omnipotens,
672 1556 1000 1627 sempiterne
1027 1556 1201 1621 Deus,
1246 1554 1426 1610 insere
1470 1562 1523 1607 te
1562 1548 1752 1608 ofﬁciis

158 1654 387 1715 nostris.
410 1662 465 1707 et
489 1653 605 1707 haec
634 1651 853 1706 vaseula
880 1659 996 1705 arte
1024 1648 1290 1706 fabricata
1314 1648 1593 1720 gentilium
1618 1686 1634 1711 ,
1662 1660 1754 1700 su-

157 1751 448 1809 blimitatis
492 1757 597 1804 tuac
632 1749 870 1819 potentia
918 1747 990 1803 ita
1038 1747 1336 1803 emundare
1363 1744 1637 1816 digneris,
1668 1750 1753 1807 ut,

157 1846 310 1902 omni
341 1841 681 1898 immunditia
710 1840 952 1911 depulsa,
979 1840 1088 1895 sint
1113 1840 1219 1894 tuis
1245 1835 1491 1893 ﬁdelibus
1514 1844 1756 1906 tempore

159 1937 318 2010 pacis
338 1946 501 2007 atque
528 1933 936 2006 tranquillitatis
958 1931 1174 1989 utenda.
1203 1929 1323 1986 Per.

865 2043 1050 2102 CXXI.

701 2152 1019 2196 BENEDICTIO
1039 2151 1220 2194 νυνι-ει.

238 2252 624 2324 Deprecamur,
665 2250 914 2316 Domine,
944 2247 1284 2305 clementiam
1306 2244 1524 2317 pietatis
1545 2251 1673 2311 huc,
1696 2251 1759 2299 ut

161 2361 365 2419 aquam
401 2345 547 2417 putei
587 2344 748 2416 hujus
767 2342 973 2400 caelesti
1006 2339 1386 2397 benedictione
1426 2337 1757 2414 sanctitlces,

159 2449 224 2497 et
267 2438 334 2494 ad
366 2452 707 2494 communem
750 2436 918 2492 vitam
949 2433 1218 2491 concedas
1247 2432 1545 2498 salubrem,
1589 2440 1645 2486 et
1684 2428 1760 2485 ita

161 2545 236 2587 ex
284 2544 349 2585 eo
377 2529 566 2600 fugare
603 2528 842 2611 digneris
866 2542 1085 2583 omnem
1133 2524 1414 2581 diabolica:
1444 2520 1762 2578 tentationis

164 2623 469 2687 incursum,
519 2628 577 2676 ut
606 2621 916 2692 quicunque
950 2635 1018 2676 ex
1047 2633 1114 2674 eo
1142 2617 1211 2673 ab
1242 2617 1370 2673 hinc
1394 2614 1636 2672 hauserit
1678 2613 1763 2669 bi.

162 2714 401 2779 beritve,
426 2713 508 2769 vel
554 2712 609 2768 in
642 2711 971 2784 quibuslibet
997 2708 1325 2766 necessariis
1349 2707 1539 2763 usibus
1567 2706 1760 2761 hausta

164 2822 314 2877 aqua
341 2821 473 2862 usus
510 2804 696 2869 fuerit,
730 2804 896 2860 totius
936 2802 1159 2858 virtutis
1179 2815 1242 2855 ac
1282 2796 1533 2854 sanitatis
1574 2795 1762 2853 dulce-

166 2898 306 2955 dine
325 2897 656 2970 perfruatur,
672 2906 733 2952 ut
753 2896 852 2952 tibi
873 2910 1090 2965 semper
1109 2888 1498 2949 sanctificatori
1520 2895 1575 2944 et
1594 2887 1764 2942 salva-

166 2992 279 3048 tori
307 2990 551 3065 omnium
570 2989 800 3047 Domino
824 2989 1027 3062 gratias
1050 3000 1213 3058 agere
1240 2990 1534 3041 mereatur.
1566 2978 1691 3036 Per.

866 3100 1076 3159 CXXII.

532 3232 852 3276 BBNEDICTIO
889 3231 1009 3273 ονε
1050 3228 1153 3271 γει.
1181 3225 1210 3257 ⁸
1231 3225 1405 3270 ινΑνι.
1467 3248 1471 3252 -

1294 435 1494 496 LIBER
1533 424 2172 491 SACMMENTORUM.

1767 541 1818 603 Α
1844 546 2051 594 stantes
2096 553 2166 592 cx
2192 550 2278 600 eo,
2329 533 2598 605 accipiant
2637 539 2747 587 tam
2782 526 3025 600 corporis
3050 540 3211 597 quam
3236 523 3432 580 animai

3320 410 3429 469 850

1846 629 2153 685 sanitatem.
2182 624 2304 681 Per.

2517 713 2749 772 CXXVI.

2343 816 2542 888 onA'rto
2575 845 2715 887 ANTE
2750 840 2931 884 creuit.

1919 950 2101 1010 Reﬁce
2126 964 2244 1017 nos,
2267 948 2516 1012 Domine,
2557 947 2713 1003 donis
2735 945 2843 1001 tuis
2866 984 2881 1011 ,
2925 949 2981 997 et
3004 937 3291 1012 opulentiae
3324 944 3434 996 tute

1847 1045 2098 1117 largitate
2125 1052 2391 1100 sustenta.
2421 1042 2525 1100 Per
2552 1040 2842 1096 Dominum
2881 1043 3148 1092 nostrum.

2574 1158 2715 1215 Alia.

1918 1277 2172 1343 Benedic,
2196 1275 2443 1339 Domine,
2486 1274 2623 1329 dona
2656 1278 2912 1341 tua.“qu:c
2941 1267 3008 1322 de
3050 1273 3141 1321 tua
3182 1248 3435 1335 largitate

1852 1388 2041 1430 sumus
2079 1368 2367 1439 sumpturi.
2398 1366 2504 1422 Per
2529 1365 2815 1421 Dominum
2848 1367 3108 1416 nostrum.

2513 1476 2769 1534 CXXVII.

2244 1624 2247 1629 ·
2317 1606 2515 1649 ORATIO
2539 1605 2706 1646 SUPER
2742 1599 2973 1642 MENSUI.

1927 1708 2328 1766 Beuedicantur
2366 1705 2523 1761 nobis
2545 1746 2559 1768 ,
2612 1701 2870 1765 Domine,
2903 1698 3040 1753 dona
3081 1701 3191 1758 tua,
3225 1704 3346 1761 quae
3371 1688 3441 1743 de

1858 1811 1950 1860 tua
1980 1803 2230 1871 largitate
2256 1799 2409 1854 nobis
2430 1797 2495 1852 ad
2530 1796 2832 1852 remedium
2863 1790 3092 1847 deducta
3133 1791 3300 1851 sunt,
3348 1778 3445 1853 qui

1779 1907 1831 1973 Β
1856 1909 1918 1954 es
1941 1894 2084 1954 Deus
2106 1892 2420 1949 benedictus
2443 1890 2497 1945 in
2521 1886 2737 1945 saecula.

2582 1999 2723 2056 Alia.

1932 2124 2148 2181 Sanctae
2185 2121 2282 2178 Dei
2322 2119 2605 2192 genitricis
2628 2114 2829 2180 Mariae,
2857 2110 3106 2187 gloriosa!
3128 2114 3186 2165 et
3214 2105 3448 2163 inteme-

1858 2226 1995 2276 ratae
2050 2216 2281 2288 virginis
2330 2212 2712 2275 orationibus,
2755 2207 2899 2279 quod
2948 2202 3105 2261 nobis
3148 2198 3450 2272 appositum

1857 2321 1964 2378 est,
2006 2309 2338 2382 Redemptor
2374 2304 2618 2363 omnium
2659 2299 2963 2383 benedicat.
3011 2295 3117 2350 Per
3161 2288 3450 2349 Dominum

1859 2409 2128 2461 nostrum.

2581 2487 2725 2545 Alia.

1931 2589 2082 2646 Beati
2105 2588 2275 2653 Petri,
2302 2584 2564 2659 principis
2587 2578 2980 2654 apostolorum,
3030 2567 3449 2630 interventioni-

1861 2684 1985 2748 bus,
2008 2696 2128 2753 quae
2152 2679 2310 2735 nobis
2331 2678 2397 2733 ad
2435 2674 2734 2732 remedium
2775 2677 2901 2727 sunt
2941 2665 3173 2741 prolata,
3197 2661 3449 2745 Christus

1861 2774 2031 2832 Filius
2053 2772 2147 2830 Dei
2168 2771 2477 2829 benedicat.
2548 2834 2551 2837 _

2514 2881 2794 2941 CXXVIII.

2363 2999 2567 3043 οιιΑτιο
2604 2999 2735 3040 POST
2771 2995 2953 3038 CIBUI.

1940 3101 2161 3168 Satiati,
2191 3099 2441 3167 Domine,
2466 3098 2757 3172 opulentiae
2779 3104 2885 3152 tute
2912 3092 3088 3156 donis,
3129 3090 3223 3148 tibi
3251 3088 3454 3162 gratias

1872 3197 2083 3271 agimus
2109 3211 2206 3267 pro
2236 3196 2322 3251 his
2344 3210 2485 3265 qua),
2516 3202 2569 3250 te
2588 3193 2874 3264 largiente,
2899 3186 3236 3257 suscepimus
3259 3226 3274 3243 .
3307 3184 3460 3238 obse-

170 3366 179 3375 .
246 3311 505 3379 Benedic,
528 3310 775 3377 Domine,
812 3309 911 3366 bos
949 3307 1159 3364 fructus
1199 3320 1370 3362 novos
1398 3317 1517 3359 uvae
1553 3300 1667 3358 sive
1692 3298 1772 3355 fa-
1797 3293 1845 3359 C
1875 3297 2091 3347 orantes
2137 3287 2567 3347 misericordiam
2625 3295 2774 3341 tuam
2828 3290 2890 3338 ut
2948 3278 3089 3352 quod
3142 3274 3462 3346 corporibus

170 3423 282 3477 vae.
308 3422 445 3480 quos
473 3417 529 3463 tu
551 3447 567 3474 ,
589 3405 816 3462 Domine
838 3445 853 3472 ,
883 3419 981 3476 per
1016 3416 1199 3458 rorem
1244 3398 1393 3466 cteli,
1421 3406 1479 3455 et
1504 3396 1774 3452 inundan-

173 3501 315 3556 tiam
338 3499 665 3571 pluviarum,
702 3505 758 3554 et
788 3508 1028 3568 tempora
1060 3508 1251 3552 serena
1280 3502 1445 3562 atque
1483 3485 1774 3559 tranquilla

172 3595 250 3655 ad
283 3595 652 3673 maturitatem
678 3593 974 3664 perducere
997 3590 1250 3662 dignatus
1271 3601 1352 3652 es,
1380 3584 1449 3640 ad
1473 3581 1779 3655 percipien-

174 3687 313 3744 dum
361 3685 519 3742 nobis
550 3698 673 3739 cum
722 3682 1019 3754 gratiarum
1057 3679 1291 3743 actione,
1320 3678 1375 3734 in
1420 3674 1643 3731 nomine
1671 3671 1780 3728 Do.

173 3781 324 3839 mini
350 3778 524 3838 nostri
542 3776 672 3835 Jesu
708 3775 935 3843 Christi,
963 3774 1056 3846 qui
1092 3782 1293 3829 tecum.
1354 3804 1357 3815 ι

861 3884 1095 3944 CXXIII.

563 3994 886 4039 BENEDICTIO
913 3995 983 4035 AD
1004 3992 1208 4035 PRIJCES
1235 3988 1425 4033 NOVAS.

255 4097 489 4156 Domine
525 4104 731 4162 sancte,
760 4095 923 4154 Pater
957 4094 1300 4166 omnipotens
1322 4132 1337 4157 ,
1384 4098 1585 4144 aeterne
1614 4085 1781 4152 Deus,

186 4193 286 4268 qui
314 4192 512 4249 omium
534 4200 590 4253 et
622 4201 845 4256 terram,
872 4205 1022 4247 mare
1043 4197 1098 4243 et
1123 4188 1305 4244 omnia
1332 4182 1552 4246 creasti,
1581 4188 1632 4235 te
1654 4193 1782 4250 sup-

186 4284 363 4358 plices
391 4276 702 4354 quaesu'mus
729 4292 791 4338 ut
817 4283 960 4339 hunc
993 4280 1224 4336 fructum
1259 4290 1460 4333 novum
1495 4271 1782 4330 benedice-

194 4396 257 4439 re
281 4388 337 4437 et
358 4379 702 4436 sanctiﬁcare
722 4378 981 4450 digneris,
1008 4384 1064 4431 et
1105 4371 1472 4443 multiplicare
1501 4366 1782 4423 abundan-

192 4464 284 4530 ter
312 4472 666 4529 oliereutibus
704 4472 823 4536 tibi,
851 4481 912 4525 ut
936 4469 1148 4540 repleas
1176 4479 1365 4523 eorum
1393 4461 1632 4533 cellaria,
1658 4473 1783 4514 cum

193 4564 511 4621 fortitudine
540 4562 794 4620 lrumenti
831 4570 885 4617 et
918 4561 1051 4625 vini,
1099 4567 1160 4615 ut
1198 4558 1446 4614 laetantes
1475 4553 1529 4609 in
1572 4552 1673 4617 eis,
1707 4564 1788 4606 re-

193 4661 381 4717 ferant
417 4659 514 4716 tibi
543 4659 655 4716 Deo
695 4655 1055 4728 omnipotenti
1094 4652 1283 4709 laudes
1326 4657 1383 4706 et
1419 4646 1641 4720 gratias.
1682 4642 1786 4700 Per
1811 4674 1868 4737 Β

195 4753 510 4810 Dominum.

872 4817 1105 4876 CXXIV.

459 4930 783 4975 BENEDICTIO
802 4929 871 4971 AD
908 4928 1076 4971 OINIA
1118 4923 1238 4975 QUI
1262 4916 1546 4964 γοιυιιις.

200 5066 211 5073 -
278 5033 546 5101 Benedic,
588 5031 847 5097 Domine,
876 5036 1182 5087 creaturam
1215 5024 1400 5088 istam,
1434 5027 1496 5076 ut
1515 5019 1588 5076 sit
1623 5030 1801 5075 reme-
1906 5096 1911 5103 Ι

202 5130 357 5187 dium
378 5127 616 5185 salutare
638 5126 821 5198 generi
848 5125 1108 5188 humano,
1139 5127 1196 5174 et
1226 5124 1425 5189 praesta
1456 5128 1558 5184 per
1585 5111 1803 5166 invoca-

206 5220 413 5276 tionem
460 5216 694 5272 nominis
740 5214 861 5280 tui,
914 5221 974 5268 ut
1010 5209 1321 5283 quicunque
1366 5219 1435 5260 ex
1455 5218 1519 5259 ea
1549 5212 1798 5285 sumpse-

207 5313 321 5381 rit,
358 5310 601 5385 corporis
635 5308 927 5366 sanitatem
971 5312 1028 5362 et
1050 5296 1489 5360 animmtutciam
1515 5290 1797 5367 percipiat.

207 5406 340 5465 Per.

904 5496 1114 5569 chv.

630 5621 955 5669 asasmcrro
1002 5603 1178 5679 [PANIS
1224 5594 1396 5671 novi].

206 5764 241 5783 --
289 5728 545 5797 Benedic,
578 5724 847 5791 Domine,
887 5729 1195 5780 creaturam
1224 5716 1385 5773 istam
1430 5709 1621 5786 panis,
1659 5707 1803 5766 sicut

214 5822 547 5890 benedixisti
573 5819 815 5893 quinque
842 5829 1013 5889 panes
1031 5813 1088 5869 in
1109 5810 1346 5877 deserto,
1375 5813 1438 5863 ut
1464 5817 1656 5863 omnes
1700 5817 1799 5876 gu-

298 5976 332 6014 ι
366 5959 520 6022 lore
539 5966 788 6017 veterum
815 5963 1012 6011 censeo
1039 5947 1175 6019 fama
1194 5942 1302 6014 legi
1329 5956 1430 6015 pro
1457 5939 1611 6024 fabre.

1877 3383 2080 3440 nostris
2106 3380 2477 3438 necessarium
2521 3376 2660 3445 fuit,
2701 3373 2975 3432 mentibus
3020 3386 3129 3428 non
3161 3368 3231 3425 sit
3261 3380 3459 3422 oncro~

1878 3490 2018 3532 sum.
2042 3473 2147 3530 Per
2177 3471 2467 3530 Dominum
2492 3476 2765 3527 nostrum.

2604 3581 2748 3638 Alia.
2790 3630 2791 3633 η

1951 3702 2176 3760 Satiain
2202 3715 2324 3767 nos,
2346 3698 2593 3763 Domine,
2621 3697 2690 3754 de
2714 3694 2824 3752 tuis
2849 3692 3005 3751 donis
3035 3705 3099 3747 ac
3125 3687 3287 3751 datis,
3319 3684 3471 3753 reple

1881 3811 1982 3853 nos
2002 3796 2069 3851 de
2108 3803 2198 3849 tua
2226 3791 2597 3849 misericordia
2617 3832 2632 3853 ,
2661 3788 2789 3860 quia
2818 3795 2872 3842 tu
2919 3800 2980 3841 es
3004 3781 3343 3841 benedictus,
3377 3775 3470 3847 qui

1881 3906 2004 3948 cum
2027 3889 2139 3944 Deo
2150 3887 2311 3943 Patre
2330 3895 2381 3941 et
2397 3883 2600 3956 Spiritu
2625 3889 2815 3938 sancto
2840 3879 2977 3935 vivis
2997 3886 3052 3932 et
3074 3888 3287 3947 regnas,
3304 3870 3481 3949 Deus,

1883 3997 1981 4055 per
2005 3980 2187 4039 omnia
2215 3977 2414 4035 saecula
2441 3975 2786 4035 saeculorum.

2552 4084 2788 4145 CXXIX.

2389 4226 2591 4269 ORATIO
2616 4225 2667 4266 IN
2690 4221 2969 4266 SACBARIO.

1957 4327 2311 4401 Omnipotens
2333 4334 2390 4382 et
2418 4323 2733 4380 misericors
2762 4319 2907 4374 Deus
2930 4359 2945 4385 ,
2997 4315 3088 4387 qui
3128 4314 3493 4389 sacerdotum,

1886 4419 2190 4478 ministerio
2221 4417 2286 4472 ad
2317 4415 2415 4472 tibi
2455 4413 2804 4470 serviendum
2846 4417 2902 4463 et
2941 4402 3350 4478 supplicandum
3393 4401 3471 4456 uti

1887 4516 2171 4589 dignaris,
2220 4525 2531 4583 quaesumus
2577 4509 2895 4564 immensam
2933 4502 3278 4559 clementiam
3325 4508 3472 4553 tuam

1890 4618 1952 4666 ut
1998 4608 2257 4680 quidquid
2284 4605 2456 4662 modo
2489 4604 2794 4665 visitamus,
2822 4601 3043 4663 visitcs;
3088 4594 3347 4667 quidquid
3380 4594 3474 4647 he-

1894 4702 2217 4767 nedicimus,
2247 4698 2569 4763 benedicas;
2613 4695 2793 4766 sitque
2819 4692 2888 4748 ad
2929 4700 3129 4747 nostra:
3155 4685 3478 4744 humilitatis

1894 4798 2175 4857 introitum
2199 4836 2214 4861 ,
2255 4800 2568 4851 sanctorum
2611 4799 2827 4847 tuorum
2858 4785 3072 4842 meritis
3109 4783 3231 4855 fuga
3281 4782 3482 4839 daemoo

1895 4909 2049 4962 num,
2072 4888 2249 4964 angeli
2285 4888 2436 4964 pacis
2458 4886 2755 4959 ingressus.
2791 4880 2898 4939 Per
2916 4878 3226 4936 Dominum.
3286 4900 3299 4907 -

2584 5014 2799 5075 CXXX.

2117 5136 2319 5182 ORATIO
2345 5133 2433 5176 UB!
2461 5129 2800 5173 VESTIIBNTA
2826 5118 3264 5167 CONSEBVANTUR.

1902 5267 1909 5271 -
1977 5239 2164 5305 Deus,
2208 5234 2300 5308 qui
2326 5229 2711 5289 famulantibus
2757 5224 2855 5282 tibi
2905 5221 3104 5280 mentis
3140 5229 3197 5277 et
3243 5217 3492 5290 corporis

1911 5332 2150 5392 subsidia
2186 5324 2615 5387 misericorditer
2635 5319 2875 5393 largiris,
2906 5323 3128 5388 praesta,
3155 5323 3489 5383 quesumus,

1911 5439 1973 5486 ut
2003 5441 2123 5499 qua:
2156 5423 2243 5480 his
2270 5420 2445 5492 pietas
2476 5426 2567 5473 tua
2602 5415 2658 5471 in
2684 5427 2818 5470 usus
2862 5418 2919 5466 et
2946 5405 3258 5464 necessaria
3294 5417 3491 5473 corpo-

1914 5494 2038 5580 rum
2058 5516 2381 5575 famulorum
2407 5522 2621 5569 tuorum
2650 5503 2896 5569 contulit,
2923 5496 3225 5560 clementer
3248 5494 3495 5551 abunda-

1909 5628 1970 5672 re
2001 5619 2057 5669 et
2078 5620 2407 5667 conservare
2434 5603 2633 5669 facias;
2656 5608 2718 5655 ut
2747 5598 2834 5655 his
2859 5594 3100 5652 exterius
3132 5595 3371 5653 utentes,
3401 5586 3487 5640 in-

1910 5709 2091 5784 terius
2111 5704 2425 5762 indumento
2446 5695 2629 5754 amicti
2648 5692 2898 5767 justitite,
2934 5686 3114 5746 devoti
3155 5694 3372 5753 semper
3396 5676 3490 5733 tibi

1910 5800 2148 5860 existere
2168 5801 2497 5856 mereantur.
2527 5787 2651 5846 Per.

2747 5963 2776 5972 ..
2827 5961 2854 5977 ﬁ
2988 5974 2993 5977 _
3320 5953 3355 5967 -ο

2620 5989 2627 6001 ο
2769 5967 2776 5972 .
2827 5967 2854 5977 '1
2909 5980 2913 5987 ‘
2953 5974 2993 5995 4⁷
3040 5977 3118 6011 Ιτι
3394 5967 3429 6019 ι
3505 5972 3510 5977 ’

2663 6006 2683 6013 ο.
2748 6006 2776 6015 ιο
2828 6005 2837 6013 ι
2894 6000 2996 6013 σοι.
3284 5996 3391 6019 _.‘

2748 5992 3118 6015 ......‘a"l
3284 5992 3427 6019 ...τ
3510 5992 3522 6006 e
