3954 6342
481 466 577 522 85t
1499 463 1822 522 GRIMALDI
1860 459 2377 518 SANGALIJuNSlS
2418 455 2706 512 ABBATIS
3655 451 3750 515 85!

1156 579 1416 656 CXXXL’

921 688 1118 728 ORATIO
1167 689 1216 726 IN
1268 688 1620 728 RI-JFECTORIO.

551 786 903 858 Omnipotens
960 796 1012 841 et
1094 786 1406 841 misericors
1455 785 1635 849 Deus,
1694 785 1784 854 qui
1833 781 2064 839 famulos

485 891 604 935 tuos
640 880 694 934 in
724 880 827 935 hac
856 880 1016 935 ‘domo
1047 879 1148 935 alis
1177 879 1473 938 refectione
1493 880 1718 944 carnali,
1759 881 1938 936 cibum
1977 875 2060 934 vel

477 982 687 1046 potum,
717 981 770 1028 te
787 973 1165 1040 benedicente,
1210 989 1332 1030 cum
1363 975 1659 1047 gratiarum
1698 977 1909 1032 actione
1938 991 2064 1048 per-

474 1065 696 1134 cipiant,
726 1072 781 1122 et
803 1065 892 1121 hic
913 1074 966 1121 et
988 1066 1040 1120 in
1069 1074 1329 1121 aeternum
1351 1083 1448 1138 per
1471 1074 1525 1122 te
1549 1082 1764 1139 semper
1787 1067 1921 1125 salvi
1943 1083 2063 1125 esse

474 1165 812 1212 mereantur.
843 1157 949 1213 Per
986 1158 1292 1214 Dominum.

1135 1267 1390 1325 CXXXII.

940 1377 1140 1418 ORATIO
1161 1378 1216 1417 IN
1245 1378 1597 1420 DORMITORIO.

545 1469 804 1538 Benedic,
827 1472 1078 1539 Domine,
1103 1474 1206 1530 hoc
1244 1473 1568 1531 famulorum
1609 1483 1825 1532 tuorum
1858 1477 2061 1532 dormi-

473 1565 694 1631 torium,
716 1565 806 1635 qui
846 1582 951 1621 non
975 1567 1178 1624 dormis
1200 1584 1375 1639 neque
1396 1568 1679 1633 dorm‘itas,
1711 1570 1800 1638 qui
1825 1569 2066 1626 custodis

471 1656 658 1724 Israel,
685 1659 913 1716 famulos
943 1670 1063 1717 tuos
1095 1662 1148 1717 in
1177 1662 1278 1718 hac
1298 1664 1456 1719 domo
1483 1663 1821 1730 quiescentes
1847 1674 1967 1733 post
1988 1664 2066 1718 la-

471 1749 681 1814 borem,
709 1751 916 1808 custodi
958 1753 1026 1808 ab
1056 1753 1394 1810 illusionibus
1431 1753 1879 1826 phantasmaticis
1910 1754 2068 1810 Satac

471 1857 558 1897 nae
595 1861 608 1896 :
640 1843 938 1915 vigilantes,
975 1846 1027 1901 in
1070 1847 1352 1919 praeceptis
1393 1847 1499 1904 tuis
1541 1847 1907 1907 meditemur:
1943 1849 2068 1903 dor-

475 1934 731 2001 mientes,
761 1944 814 1991 te
845 1953 942 2008 per
982 1953 1229 2010 saporem
1268 1939 1534 2002 sentiant,
1576 1948 1632 1994 et
1656 1939 1744 1994 hic
1773 1948 1827 1994 et
1868 1940 2067 2010 ubique
2098 1978 2145 2040 Β

472 2024 804 2083 defensionis
829 2037 933 2084 tua:
947 2030 1144 2086 auxilio
1167 2030 1500 2088 muniantur.
1521 2030 1627 2088 Per
1661 2031 1946 2088 Dominum
1973 2047 2071 2089 no-

471 2123 667 2174 strum.

1123 2211 1404 2271 CXXXIII.

973 2319 1172 2362 ORATIO
1201 2321 1256 2362 IN
1283 2321 1564 2364 CILLARIO.

542 2410 896 2482 Omnipotens
940 2422 997 2470 et
1026 2414 1340 2472 misericors
1366 2415 1529 2484 Deus,
1559 2417 1650 2488 qui
1692 2416 1891 2488 ubique
1927 2433 2066 2489 pres-

469 2518 596 2560 sens
630 2519 712 2572 es,
740 2506 1083 2577 maiestatem
1111 2515 1255 2564 tuam
1282 2509 1596 2580 suppliciter
1620 2509 1976 2578 deprecamur
2005 2517 2064 2564 ut

467 2597 594 2654 huic
632 2602 1004 2672 promptuario
1045 2602 1221 2674 gratia
1267 2609 1358 2658 tua
1385 2603 1573 2660 adesse
1614 2602 1901 2673 dignetur,
1941 2617 2062 2673 quae

473 2697 669 2745 cuncta
690 2692 917 2748 adversa
941 2691 1008 2748 ab
1026 2707 1092 2748 eo
1126 2692 1374 2764 repellat,
1401 2702 1456 2749 et
1479 2693 1868 2750 abundantiam
1891 2691 2057 2750 bene-

467 2779 722 2838 dictionis
745 2789 848 2837 tute
870 2782 1092 2853 largiter
1115 2782 1382 2839 infundat.
1407 2783 1514 2840 Per
1545 2783 1853 2840 Dominum.

1124 2893 1409 2952 CXXXIV.

932 3004 1132 3046 ORATIO
1167 3005 1220 3046 IN
1248 3003 1583 3048 SCRIPTORIO.

534 3098 866 3159 Benedicere
900 3101 1163 3175 digneris,
1191 3103 1438 3170 Domine,
1465 3103 1568 3159 hoc
1589 3100 1938 3173 scriptorium
1967 3098 2054 3156 fa-

468 3195 737 3252 mulorum
777 3205 992 3251 tuorum
1023 3238 1036 3261 ,
1090 3205 1145 3252 et
1182 3211 1372 3252 omnes
1413 3195 1721 3251 habitantes
1762 3193 1816 3250 in
1863 3208 1962 3258 eo,
1997 3202 2058 3249 ut

469 3288 730 3359 quidquid
755 3289 844 3343 hic
873 3288 1176 3344 divinarum
1214 3287 1619 3360 Scripturarum
1645 3288 1714 3344 ab
1736 3287 1816 3344 eis
1852 3287 2053 3345 lectum

464 3379 654 3447 fuerit,
680 3395 840 3437 sensu
863 3381 1104 3453 capiant,
1133 3397 1296 3453 opere
1334 3381 1638 3454 perficiant.
1682 3379 1803 3436 Per.

1128 3491 1389 3549 CXXXV.

949 3599 1150 3642 ORATIO
1186 3601 1240 3641 III
1265 3601 1415 3641 IIOSPI
1423 3601 1566 3642 TALI.

535 3695 889 3770 Omnipotens
911 3706 971 3755 et
990 3698 1302 3756 misericors
1324 3699 1488 3767 Deus,
1517 3699 1612 3770 qui
1637 3713 1698 3756 es
1718 3699 1910 3756 doctor
1938 3714 2058 3756 cor-

461 3789 607 3846 dium
631 3791 989 3848 humanorum
1023 3801 1078 3848 et
1106 3792 1364 3864 magister
1383 3792 1726 3866 angelorum,
1753 3802 1808 3848 te
1829 3793 2053 3849 humili-

459 3889 545 3938 ter
592 3900 902 3955 quaesumus
939 3894 998 3941 ut
1049 3887 1304 3943 cordibus
1349 3886 1672 3944 famulorum
1721 3897 1936 3944 tuorum
1985 3889 2056 3946 ob

461 3977 696 4046 gratiam
754 3979 1099 4036 salutationis
1155 3982 1332 4038 locum
1388 3983 1534 4038 hunc
1588 3981 2054 4054 frequentantium

459 4085 679 4142 semper
707 4074 897 4129 adesse
919 4073 1198 4146 digneris;
1228 4077 1512 4131 siteorum
1546 4091 1728 4132 sermo
1775 4075 1828 4130 in
1861 4075 2054 4130 timore

468 4170 566 4217 tuo
609 4163 809 4233 ignitus
832 4203 845 4226 ,
899 4175 1061 4234 atque
1093 4163 1205 4219 sale
1235 4166 1518 4231 conditus,
1559 4164 1790 4219 utilitate
1821 4163 2054 4235 proximi

458 4254 693 4324 plenus,
743 4263 802 4309 ut
850 4270 975 4310 cum
1017 4255 1142 4311 hinc
1170 4256 1519 4312 advenientes
1570 4257 1939 4324 recesserint,
1989 4257 2054 4312 de

456 4348 707 4420 exemplo
727 4362 917 4404 eorum
946 4349 1175 4421 gloriam
1207 4351 1284 4406 tui
1322 4351 1554 4407 nominis
1572 4351 1889 4422 prtedicent.
1916 4350 2043 4409 Per.

1110 4461 1393 4518 CXXXVI.

816 4567 1016 4610 ORATIO
1056 4569 1110 4608 IN
1150 4568 1296 4609 DOIIO
1336 4567 1692 4612 INFIRIORUI.

403 4690 408 4728 :
525 4666 882 4740 Omnipotens
923 4677 978 4726 et
1009 4670 1323 4726 misericors
1367 4670 1544 4738 Deus,
1591 4686 1902 4742 quaesumus
1948 4673 2050 4729 im-

393 4801 400 4820 .
458 4767 704 4821 mensam
743 4763 1001 4832 pietatem
1045 4774 1192 4816 tuam
1220 4771 1278 4816 ut
1306 4764 1374 4818 ad
1403 4763 1686 4820 introitum
1718 4765 2044 4824 humilitatis

394 4845 417 4928 ἶ,
455 4863 661 4911 nostrae
705 4853 805 4908 hos
849 4853 1083 4908 famulos
1130 4863 1249 4909 tuos
1284 4854 1387 4911 hoc
1434 4857 1486 4911 in
1526 4857 1835 4914 habitaculo
1868 4857 2043 4915 fessos

396 4929 412 5006 ί
447 4945 718 5017 iacentes,
761 4943 1038 4998 salutifere
1080 4944 1301 5001 visitare
1341 4946 1601 5016 digneris,
1638 4957 1699 5002 ut
1743 4949 1884 5004 sicut
1918 4949 2045 5004 visi-

452 5035 616 5098 tasti,
653 5034 912 5099 Domine,
940 5033 1195 5099 Tobiam,
1242 5043 1297 5091 et
1324 5035 1552 5103 Saram,
1596 5053 1815 5094 socrum
1861 5038 2040 5106 Petri,

449 5141 790 5200 puerumque
819 5125 1184 5196 Centurionis,
1231 5133 1303 5184 ita
1333 5141 1385 5185 et
1413 5131 1502 5185 isti
1540 5133 1771 5203 pristina
1813 5133 2045 5188 sanitate

451 5219 653 5276 animas
681 5219 1034 5292 corporisque
1056 5233 1295 5292 recepta,
1321 5224 1622 5293 gratiarum
1656 5224 1753 5281 tibi
1782 5225 1836 5282 in
1868 5225 2044 5283 eccle-

450 5313 535 5373 sia
557 5321 648 5369 tua
675 5311 919 5371 referant
948 5315 1241 5373 actionem.
1269 5315 1375 5371 Per
1395 5315 1707 5373 Dominum.

1095 5427 1402 5486 CXXXVII.

1005 5540 1206 5582 ORATIO
1236 5540 1288 5581 IN
1326 5540 1489 5582 ΑΒΕΔ.

526 5639 858 5711 Multiplica,
910 5638 1179 5704 Domine,
1243 5654 1405 5709 super
1463 5655 1562 5696 nos
1616 5637 2044 5696 misericordiam

450 5740 624 5797 tuam,
654 5743 708 5787 et
733 5745 926 5802 preces
951 5740 1165 5785 nostras
1202 5731 1466 5801 propitius
1489 5732 1752 5788 exaudire
1795 5731 2042 5802 dignare,

445 5823 665 5881 “sicut
686 5821 956 5877 exaudisti
989 5819 1248 5874 famulum
1288 5829 1436 5875 tuum
1477 5838 1658 5892 regem
1689 5821 1857 5876 David
1886 5862 1899 5885 ,
1948 5819 2040 5890 qui

519 5968 552 6010 ιι
592 5957 709 6016 Vox
743 5966 1002 6032 usurpata
1031 5972 1062 6011 a
1087 5954 1292 6011 Gallica
1313 5969 1444 6014 voce
1477 5956 1717 6012 Lardier.

2072 4725 2128 4788 D

2097 584 2146 642 Λ
2173 584 2224 629 te
2246 575 2298 628 in
2321 586 2445 628 area
2474 572 2678 626 hostias
2705 569 2982 628 offerendo
3006 569 3258 644 placavit,
3287 572 3360 626 ita
3386 572 3590 640 veniat,
3615 589 3751 644 quae-

2169 684 2355 724 sumus
2383 710 2398 735 ,
2447 681 2610 738 super
2652 666 2791 722 hanc
2835 680 3018 721 aream
3067 674 3300 737 sperata:
3361 666 3752 724 benedictionis

2170 761 2412 824 ubertas,
2440 767 2500 813 ut
2537 757 2727 830 repleti
2758 756 3004 829 frugibus
3038 757 3165 823 tuis,
3193 757 3262 813 de
3286 765 3379 813 tua
3406 767 3630 828 semper
3661 757 3754 814 ni-

2170 853 2462 911 sericordia
2489 853 2800 926 gloriemur.
2843 850 2966 905 Per.

2794 958 3123 1018 CXXXVIII.

2648 1091 2849 1134 ORATIO
2890 1091 2945 1132 IN
2984 1090 3274 1132 GRANARIO.

2241 1192 2596 1263 Omnipotens
2634 1201 2690 1247 et
2727 1191 3040 1248 misericors
3088 1191 3263 1258 Deus,
3313 1191 3407 1262 qui
3438 1191 3763 1251 benedixisti

2168 1285 2365 1341 horrea
2395 1283 2614 1354 Josepb,
2649 1299 2834 1338 aream
2860 1283 3149 1347 Gedeonis,
3179 1290 3236 1338 et
3255 1283 3460 1350 adhuc.
3481 1285 3632 1354 quod
3658 1300 3766 1339 ma-

2163 1375 2254 1448 jus
2283 1385 2388 1444 est,
2408 1375 2554 1446 jacta
2578 1384 2738 1432 terrae
2758 1377 2965 1432 semina
3011 1391 3235 1446 surgere
3267 1374 3402 1431 facis
3427 1391 3559 1430 cum
3586 1376 3766 1433 fenore

2170 1470 2386 1535 messis,
2429 1477 2480 1526 te
2504 1468 2782 1524 humiliter
2817 1484 3130 1538 qumsumus
3160 1477 3220 1522 ut
3263 1466 3406 1523 sicut
3431 1467 3503 1522 ad
3548 1469 3766 1539 petitio-

2170 1581 2295 1622 nem
2335 1566 2517 1621 famuli
2543 1567 2618 1620 tui
2646 1564 2794 1630 Elite,
2827 1580 2930 1619 non
2959 1563 3127 1619 defuit
3155 1562 3329 1618 viduae
3357 1563 3566 1628 farina,
3610 1564 3680 1618 ita
3706 1567 3769 1621 ad

2170 1669 2374 1714 nostra:
2413 1659 2695 1730 pravitatis
2726 1655 3002 1727 suffragia,
3048 1655 3174 1710 huic
3211 1656 3412 1710 horreo
3445 1653 3769 1710 famulorum

2172 1759 2388 1806 tuorum
2429 1767 2535 1806 non
2563 1750 2703 1807 desit
2733 1748 3126 1806 benedictionis
3156 1755 3263 1802 tuae
3282 1747 3649 1804 abundantia.
3675 1747 3773 1803 Per

2168 1841 2478 1900 Dominum.

2828 1955 3117 2013 CXXXIX.

2672 2064 2872 2105 ORATIO
2912 2064 2963 2103 IN
3003 2063 3274 2105 PIS'I‘RINO.

2245 2165 2628 2224 Sanctiﬁcetur
2651 2165 2808 2222 istius
2844 2163 3070 2222 ofﬁcinae
3095 2166 3268 2232 locus,
3305 2164 3570 2231 Domine.
3601 2175 3658 2224 et
3695 2166 3772 2222 fu-

2170 2268 2328 2333 getur
2353 2258 2421 2314 ab
2434 2272 2499 2315 eo
2519 2259 2696 2316 omnis
2709 2259 3020 2314 immundus
3033 2259 3254 2330 spiritus
3268 2274 3366 2330 per
3383 2260 3654 2314 virtutem
3672 2258 3770 2314 Do-

2168 2353 2299 2409 mini
2335 2352 2505 2409 nostri
2548 2349 2676 2408 Jesu
2703 2349 2930 2418 Christi,
2986 2353 3253 2424 deturque
3295 2351 3566 2408 omnibus
3620 2352 3674 2406 in
3715 2365 3772 2407 eo

2167 2444 2629 2502 commorantibus
2673 2443 2902 2509 sanitas,
2962 2443 3201 2507 claritas,
3257 2442 3539 2505 hilaritas,
3601 2454 3774 2513 prote-

2166 2547 2326 2612 gente
2376 2554 2441 2595 ac
2488 2547 2845 2595 conservante
2897 2537 3179 2608 majestate
3233 2545 3322 2593 tua
3351 2580 3366 2605 ,
3420 2537 3774 2608 omnipOtens

2163 2631 2328 2688 Deus.
2354 2627 2458 2700 Qui
2477 2628 2636 2687 vivis.

2878 2718 3036 2776 CXL.

2675 2849 2874 2892 ORATIO
2917 2849 2970 2888 IN
3007 2848 3255 2898 COQUINA.

2233 2950 2377 3006 Deus
2425 2958 2633 3006 aeterne
2659 2989 2675 3015 ,
2717 2958 2846 3006 ante
2890 2949 3047 3020 cujus
3089 2956 3442 3020 conspectum
3493 2949 3775 3006 assistunt

2160 3041 2358 3114 angeli,
2382 3049 2437 3098 et
2480 3042 2636 3114 cujus
2664 3050 2796 3098 nutu
2843 3052 3104 3114 reguntur
3137 3043 3415 3107 universa,
3456 3043 3550 3114 qui
3597 3045 3770 3098 etis

2157 3134 2481 3190 necessariis
2515 3133 2766 3190 humanae
2802 3132 3114 3206 fragilitatis
3135 3142 3224 3189 tua
3244 3134 3447 3205 pietate
3467 3135 3772 3190 consulere

2158 3245 2266 3286 non
2297 3228 2518 3292 desinis,
2547 3236 2596 3284 te
2626 3226 2904 3284 humiliter
2933 3226 3286 3298 imploramus
3306 3235 3364 3280 ut
3381 3225 3771 3283 habitaculum

2084 3349 2133 3416 ο
2163 3319 2318 3376 istius
2355 3316 2582 3416 officinae
2621 3318 3127 3416 illa_benedict_ione
3170 3315 3484 3416 perfundas,
3523 3321 3629 3390 qui
3674 3333 3774 3391 per

2162 3426 2356 3467 manus
2383 3409 2562 3466 Elismi
2585 3410 2861 3482 propheta:
2887 3409 2938 3465 in
2962 3409 3068 3465 olla
3100 3409 3381 3466 eremitlca
3405 3416 3608 3482 gustus
3621 3423 3778 3467 ama-

2161 3503 2406 3560 rissimos
2435 3502 2750 3568 dulcorasti,
2773 3509 2827 3558 et
2857 3517 3072 3574 semper
3097 3501 3187 3558 hic
3211 3507 3314 3558 tua:
3356 3502 3776 3560 benedictionis

2163 3597 2313 3669 copia
2341 3595 2696 3662 redundante,
2724 3593 2909 3652 Iaudes
2939 3595 3035 3652 tibi
3063 3593 3322 3663 referant,
3358 3598 3500 3654 servi
3533 3597 3648 3663 tui,
3679 3599 3775 3670 qui

2159 3687 2260 3745 das
2280 3702 2459 3744 escam
2488 3686 2634 3742 omni
2665 3687 2838 3752 carni,
2868 3695 2922 3742 et
2949 3687 3125 3758 reples
3155 3703 3317 3744 omne
3365 3688 3568 3745 animal
3604 3689 3779 3748 bene-

2159 3779 2397 3835 dictione
2420 3776 2656 3834 salvator
2690 3778 2895 3834 mundi.
2921 3758 3022 3845 Qu‘i
3052 3779 3192 3835 vivis
3217 3788 3274 3836 et
3299 3794 3513 3853 regnas.

2855 3889 2942 3948 CX
2952 3890 3036 3948 LI.

2606 4022 2808 4066 ORATIO
2845 4024 2899 4064 IN
2936 4023 3205 4066 LARDARIO
3239 4020 3292 4063 ⁸.

2228 4121 2583 4192 Omnipotens
2618 4131 2674 4179 et
2697 4121 3009 4178 misericors
3051 4120 3216 4187 Deus,
3246 4120 3338 4193 qui
3371 4119 3777 4180 necessitatem

2156 4214 2376 4270 humani
2423 4213 2643 4286 generis
2695 4212 2989 4268 clementer
3033 4211 3370 4284 praevidens,
3425 4210 3777 4270 adminicula

2155 4305 2469 4375 temporalia
2499 4302 2798 4369 contulisti,
2851 4302 3128 4358 humiliter
3170 4301 3523 4374 imploramus
3551 4312 3620 4356 ut
3679 4306 3778 4361 be-

2153 4395 2405 4452 nedicere
2436 4395 2674 4467 digneris
2703 4394 2806 4451 hoc
2833 4393 3128 4449 lartlarium
3153 4393 3479 4449 famulorum
3511 4402 3773 4463 tuorum,

2151 4498 2212 4544 ut
2259 4489 2403 4561 quod
2457 4489 2545 4545 hic
2599 4497 2691 4544 tua
2723 4489 3096 4545 misericordia
3144 4489 3230 4560 pie
3259 4491 3510 4561 contulit,
3562 4502 3774 4550 nostro

2151 4581 2346 4638 merito
2375 4597 2481 4637 non
2513 4580 2792 4653 depereat.
2821 4578 2944 4638 Per.

2615 4769 2620 4773 ξ
2849 4689 3053 4749 CXLn.

2603 4819 2803 4861 ennio
2841 4819 2893 4860 ηε
2931 4819 3207 4861 cuman
3238 4805 3291 4860 ι).

2223 4917 2578 4988 Omnipotens
2606 4915 2934 4989 sempiterne
2977 4915 3141 4981 Deus,
3169 4915 3325 4986 cujus
3358 4914 3634 4987 sapientia
3668 4917 3773 4973 ho-

2150 5013 2354 5068 minem
2389 5012 2591 5072 docuit,
2631 5021 2690 5066 ut
2715 5013 2907 5067 domus
2936 5012 3052 5067 haec
3076 5023 3292 5068 careret
3324 5011 3626 5082 aliquando
3660 5011 3770 5067 fri-

2152 5121 2282 5178 gore
2311 5121 2341 5161 a
2370 5104 2846 5177 vicinitate‘ignis,
2874 5112 2927 5160 te
2972 5118 3304 5174 quaesumus.
3338 5111 3393 5157 ut
3424 5117 3625 5158 omnes
3659 5103 3771 5158 ha-

2149 5201 2406 5263 bitantes.
2451 5199 2533 5253 vel
2572 5197 2962 5254 convenientes
3005 5197 3058 5252 in
3089 5212 3176 5261 ea,
3220 5205 3448 5253 careant
3473 5197 3531 5251 in
3580 5198 3766 5252 corde

2149 5289 2484 5347 inﬁdelitatis
2525 5289 2728 5362 frigore
2765 5305 2798 5346 a
2825 5288 3039 5346 fervore
3074 5289 3216 5360 ignis
3262 5286 3502 5360 Spiritus
3540 5288 3761 5344 sancti.

2149 5381 2273 5439 Per.

2829 5493 3053 5551 CXLIII.

2523 5588 2726 5665 canto
2763 5622 2819 5663 η(
2851 5622 3111 5664 mmor-ru
3151 5608 3363 5663 ron-ris.

2222 5722 2448 5780 Domine
2471 5721 2600 5779 Jesu
2623 5721 2862 5788 Christe,
2892 5721 2982 5794 qui
3013 5722 3291 5777 introitum
3322 5728 3604 5790 portarum
3619 5713 3758 5775 Hie-

2149 5814 2385 5872 rusalem
2430 5812 2647 5870 salvans
2683 5813 3054 5878 sanctiﬁcasti,
3102 5814 3228 5869 dum
3258 5811 3552 5883 splendore
3593 5824 3757 5883 gen-

2219 5953 2250 5995 ι’
2276 5951 2611 6008 Caminatam
2632 5957 2858 6022 usurpat
2882 5965 2983 6023 pro
3012 5952 3241 6006 camino.
