3954 6342
218 401 322 458 853

1402 417 1601 478 LIBER
1639 419 2274 487 SACRAIIENTORUM.

3368 441 3472 496 854

217 532 440 627 marum.
456 521 736 627 duodecim
763 527 983 583 totidem
1004 529 1381 627 Apostolorum
1413 538 1630 594 nomina
1660 556 1796 612 praa-
1822 552 1873 611 Α
1897 555 2177 618 ceptorum
2212 557 2425 606 tuorum
2472 552 2672 609 lumine
2693 557 3019 627 gradientes,
3061 566 3113 611 te
3156 557 3349 614 ducem
3382 572 3472 616 se-

215 610 463 700 signasti,
487 621 542 668 et
569 613 772 685 quiper
791 631 1049 690 organum
1062 623 1436 692 propheticum
1461 610 1790 700 promisisti:

210 699 424 769 Lauda,
453 703 807 774 Hierusalem,
851 710 1157 780 Dominum,
1196 719 1319 788 quia
1362 699 1674 791 confer-tavit
1715 741 1796 780 se-
1837 761 1840 764 η

210 810 300 848 ras
326 806 599 865 portarum
623 809 856 869 tuarum,
881 814 928 858 et
960 804 1218 862 benedixit
1241 810 1382 878 ﬁlios
1403 821 1520 868 tuos
1543 817 1597 869 in
1620 826 1668 870 te
1694 831 1712 868 :
1740 827 1792 874 te

207 899 541 955 quaesumus,
579 901 640 946 ut
672 908 842 964 ponas
868 910 1059 955 omnes
1087 899 1222 956 lines
1249 903 1441 960 domus
1485 907 1641 963 istius
1662 923 1790 965 san-

205 987 309 1033 cta:
342 979 523 1035 Mariae
558 989 615 1037 et
651 985 823 1040 sancti
858 987 1005 1043 Petri
1045 1005 1255 1060 pacem,
1284 1003 1342 1048 ut
1384 994 1640 1054 velociter
1668 1015 1793 1054 cur-

204 1086 355 1136 rens,
387 1072 614 1129 interius
639 1092 819 1134 sermo
848 1088 969 1136 tuus
997 1083 1152 1154 adipe
1192 1084 1448 1143 frumenti
1473 1091 1630 1146 satiet
1660 1103 1784 1159 eos;

204 1161 442 1234 Spiritus
471 1173 692 1221 sanctus
717 1167 969 1227 defendat
996 1173 1138 1238 illos,
1164 1184 1221 1230 ut
1265 1193 1540 1248 nunquam
1577 1182 1657 1238 eis
1687 1197 1786 1240 no-

201 1269 327 1309 cere
349 1257 636 1325 prtcvaleat
666 1259 933 1327 inimicus,
971 1265 1066 1319 sed
1086 1280 1276 1324 omnes
1313 1269 1619 1328 habitantes
1644 1273 1784 1330 inte-

200 1346 316 1399 rius
343 1361 496 1412 voce,
535 1351 716 1412 corde,
749 1361 804 1406 et
825 1367 987 1422 opere
1013 1355 1316 1425 decantent,
1340 1361 1582 1418 dicentes
1622 1382 1636 1418 :
1674 1363 1785 1420 Ma-

197 1455 336 1508 guus
379 1440 640 1497 Dominus
667 1452 851 1500 noster
875 1444 1036 1504 Jesus
1064 1449 1330 1517 Christus,
1371 1464 1426 1511 et
1450 1473 1644 1528 magna
1674 1460 1783 1516 vir-

197 1539 281 1584 t'zs
318 1534 452 1601 ejus,
481 1545 532 1589 et
562 1539 842 1607 sapientia}
862 1540 980 1610 ejus
995 1559 1106 1627 non,
1127 1554 1213 1601 est
1236 1563 1512 1607 numerus.
1540 1552 1778 1621 Quicum

194 1622 356 1679 Putre
376 1636 431 1680 et
458 1627 660 1697 Spiritu
693 1645 883 1690 sancto
905 1636 1041 1694 vivis
1061 1622 1116 1694 et
1139 1655 1333 1713 regnas
1361 1645 1522 1714 Deus,
1541 1663 1638 1718 per
1655 1665 1776 1706 om-

191 1717 278 1769 nia
310 1719 504 1775 szecula
535 1723 882 1781 saeculorum.

866 1839 1091 1898 CXLIV.

332 1937 630 1984 ORATIONES
664 1943 1041 1990 IATUTINALES
1077 1951 1147 1992 ΒΤ
1185 1951 1629 2001 VESPERTINALES.

800 2043 853 2097 Μ
860 2047 1164 2102 atminules.

258 2126 521 2184 Matutina
567 2132 867 2204 supplicum
911 2146 1057 2203 vota,
1100 2139 1344 2206 Domine,
1389 2146 1652 2218 propitius
1684 2149 1766 2205 in-

180 2228 355 2280 tuere.
380 2233 434 2276 et
455 2224 663 2279 occulta
690 2227 868 2282 cordis
896 2231 1065 2283 nostri
1108 2233 1345 2288 remedio
1379 2245 1484 2290 tua:
1527 2239 1769 2297 clarilica

178 2311 418 2382 pietatis,
444 2322 500 2370 et
527 2316 790 2374 desideria
819 2323 1098 2379 tenebrosa
1123 2339 1227 2381 non
1271 2335 1486 2384 teneant
1513 2347 1648 2401 quos
1680 2334 1768 2388 lux

175 2402 418 2460 caelestis
451 2409 639 2477 gratim
672 2413 963 2481 reparavit.
986 2413 1108 2469 Per.

247 2493 624 2570 Omnipotens,
655 2505 980 2575 sempiterne
1009 2507 1168 2576 Deus,
1203 2509 1342 2581 apud
1369 2527 1527 2582 quem
1551 2531 1765 2588 semper

173 2583 310 2643 nihil
335 2590 627 2650 obscurum
671 2606 775 2661 est,
804 2599 934 2654 nihil
963 2603 1331 2668 tenebrosum,
1357 2605 1561 2675 emitte,
1607 2583 1754 2681 quae-

170 2693 379 2746 sumus,
416 2681 662 2748 Domine,
690 2685 864 2744 lucem
895 2699 1039 2746 tuam
1082 2692 1135 2746 in
1169 2694 1421 2750 cordibus
1444 2700 1665 2766 nostris,
1705 2709 1763 2756 ut

170 2773 556 2829 mandatorum
607 2784 822 2834 tuorum
852 2779 968 2853 lege
992 2794 1268 2855 percepta,
1302 2785 1354 2840 in
1384 2785 1468 2842 via
1510 2797 1602 2844 tua
1645 2806 1758 2846 am-

169 2862 441 2931 bulantes,
473 2867 603 2929 nihil
633 2871 904 2940 patiamur
939 2861 1162 2931 erroris.
1191 2876 1313 2932 Per.

241 2953 402 3020 Deus,
437 2959 525 3028 qui
557 2959 841 3030 vigilantes
870 2963 922 3018 in
958 2963 1208 3023 laudibus
1236 2967 1340 3023 tuis
1375 2970 1590 3029 'crrlesti
1618 2987 1760 3031 mer-

165 3045 306 3101 cede
329 3062 666 3118 remuneras,
693 3057 946 3111 tenebras
971 3057 1037 3112 de
1051 3059 1305 3116 cordibus
1327 3064 1526 3120 nostris
1549 3066 1762 3124 auferre

166 3136 428 3208 digneris,
469 3152 527 3196 ut
570 3143 856 3215 splendore
901 3147 1123 3207 luminis
1147 3151 1221 3206 tui
1270 3169 1486 3227 semper
1525 3160 1759 3229 gaudea-

166 3243 308 3285 mus.
346 3231 448 3288 Per
477 3233 762 3292 Dominum
787 3249 1054 3298 nostrum.

1845 667 1847 670 ‹
1897 652 2129 710 quamur
2154 648 2208 696 et
2234 643 2548 715 principem.
2581 645 2700 702 Per.

1969 729 2130 795 Deus,
2170 731 2262 800 qui
2293 734 2541 790 tenebras
2573 737 2888 809 ignorantiae
2919 739 3066 794 verbi
3099 741 3175 795 tui
3217 739 3338 796 luce
3374 743 3472 798 de-

1894 819 2068 891 pellis,
2096 836 2232 895 auge
2255 823 2310 879 in
2340 827 2592 883 cordibus
2623 830 2824 886 nostris
2854 831 3107 886 virtutem
3151 830 3274 887 lldei
3295 846 3467 902 quam

1893 911 2109 981 dedisti,
2138 927 2196 971 ut
2218 917 2358 986 ignis
2388 935 2547 990 quem
2571 923 2742 993 gratia
2770 932 2858 977 tua
2887 922 3014 979 fecit
3042 915 3472 988 accendi,znullis

1894 1007 2285 1065 tentationibus
2311 1012 2482 1080 possit
2501 1014 2792 1086 exstingui.
2829 1013 2952 1070 Per.

1959 1097 2194 1156 Auribus
2222 1103 2462 1173 percipe,
2493 1121 2822 1176 quaesumus,
2847 1106 3090 1172 Domine,
3116 1107 3279 1162 verba
3293 1107 3471 1164 cordis

1890 1191 2082 1258 nostri,
2134 1193 2531 1269 clamoremque
2573 1200 2898 1254 matutinum
2926 1200 3048 1270 pius
3081 1209 3351 1256 scrutator
3396 1204 3472 1256 in-

1888 1281 2095 1356 tellige;
2128 1293 2188 1339 ut
2214 1287 2404 1342 orandi
2434 1289 2500 1343 ad
2525 1298 2576 1345 te
2605 1289 2758 1345 nobis
2785 1290 2856 1344 sit
2883 1291 2986 1346 lida
3014 1290 3244 1353 devotio,
3274 1299 3469 1360 tuaque

1887 1375 2116 1430 donetur
2140 1375 2296 1432 nobis
2329 1377 2564 1435 diluculo
2594 1381 2996 1452 contemplatio,
3029 1391 3084 1438 et
3119 1391 3467 1452 peccatorum

1883 1469 2124 1524 omnium
2148 1478 2330 1541 optata
2352 1471 2621 1529 remissio.
2653 1473 2758 1530 Per
2781 1473 3116 1548 Dominum.]

2488 1584 2888 1656 Vesperlinales.
2995 1657 3003 1664 .

1951 1673 2169 1732 Oriatur
2208 1679 2559 1735 nascentibus
2604 1680 2840 1736 tenebris
2885 1695 3080 1737 aurora
3105 1681 3354 1752 iustitiae,
3406 1688 3467 1733 ut

1879 1777 2098 1837 peracto
2137 1768 2224 1824 die
2273 1770 2368 1826 tibi
2416 1770 2732 1842 suppliciter
2772 1772 2975 1840 gratias
3009 1781 3252 1844 agentes,
3299 1771 3463 1826 etiam

1877 1876 2038 1917 mane
2063 1863 2346 1934 dignanter
2370 1865 2597 1937 recipias
2637 1874 2760 1921 vota
2788 1865 3074 1922 solventes.
3106 1865 3231 1921 Per.

1800 1929 1850 1992 Β
1950 1950 2096 2006 Tuus
2126 1954 2260 2018 dies,
2289 1955 2531 2019 Domine,
2555 1965 2608 2010 et
2631 1965 2723 2010 tua
2747 1965 2839 2010 est
2853 1970 2982 2020 nox,
3009 1956 3245 2010 concede
3290 1956 3458 2012 solem

1869 2039 2090 2110 justitize
2112 2057 2431 2112 permanere
2445 2044 2497 2098 in
2528 2045 2782 2100 cordibus
2795 2045 3019 2108 nostris,
3045 2045 3110 2098 ad
3127 2043 3463 2114 repellendas

1875 2133 2127 2189 tenebras
2153 2135 2539 2206 cogitationum
2567 2135 2900 2205 iniquarum.
2925 2133 3048 2189 Per.

1945 2224 2161 2281 Gratias
2182 2227 2298 2291 tibi,
2328 2227 2572 2293 Domine,
2602 2228 2832 2297 agimus,
2860 2225 3110 2282 eustoditi
3156 2242 3252 2298 per
3281 2225 3458 2293 diem;

1874 2315 2076 2386 gratias
2099 2317 2192 2372 tibi
2219 2317 2566 2384 exsolvimus,
2591 2317 2927 2373 custodiendi
2959 2333 3058 2389 per
3080 2327 3292 2374 noctem
3325 2335 3337 2373 :
3377 2334 3462 2374 re-

1870 2416 2140 2477 praesenta
2183 2423 2300 2471 uos,
2350 2425 2676 2479 quaesumus,
2712 2409 2960 2476 Domine,
2988 2410 3267 2464 matutinis
3311 2409 3463 2464 horis

1873 2497 2190 2565 incolumes,
2219 2507 2279 2552 ut
2306 2515 2402 2554 nos
2431 2500 2578 2554 omni
2610 2506 2852 2570 tempore
2878 2499 3080 2555 habeas
3119 2499 3448 2555 laudatores.

1872 2586 1993 2642 Per.

1941 2678 2310 2751 Omnipotens,
2344 2682 2669 2754 sempiterne
2695 2682 2858 2748 Deus,
2881 2695 3106 2753 vespere
3135 2691 3191 2737 et
3220 2695 3378 2738 mane
3399 2690 3455 2737 et

1868 2773 2094 2828 meridie
2126 2771 2465 2844 majestatem
2493 2782 2638 2828 tuam
2663 2773 2977 2844 suppliciter
2997 2773 3351 2844 deprecamur
3371 2783 3451 2839 ut,

1868 2863 2106 2936 expulsis
2156 2864 2222 2920 de
2263 2865 2516 2921 cordibus
2558 2867 2759 2921 nostris
2799 2873 3141 2938 peccatorum
3185 2867 3449 2932 tenebris,

1865 2955 1932 3012 ad
1960 2972 2142 3012 veram
2165 2957 2361 3024 lucem,
2386 2971 2506 3030 quae
2530 2955 2778 3014 Christus
2804 2967 2906 3023 est,
2939 2973 3036 3014 nos
3072 2957 3240 3016 facias
3263 2975 3451 3031 perve-

1864 3047 2000 3104 nire.
2029 3045 2134 3102 Per
2161 3048 2410 3103 eumdem
2435 3048 2720 3104 Dominum
2749 3057 3018 3104 nostrum.

1933 3137 2094 3203 Deus,
2139 3140 2231 3209 qui
2259 3138 2531 3195 illuminas
2558 3150 2792 3203 noctem,
2830 3149 2885 3195 et
2918 3138 3095 3196 lucem
3132 3149 3258 3212 post
3297 3149 3443 3198 tene-

1862 3231 1990 3286 bras
2011 3228 2164 3295 l‘acis,
2195 3231 2432 3286 concede
2451 3227 2605 3286 nobis
2634 3239 2693 3284 ut
2720 3231 2858 3286 hanc
2884 3238 3096 3286 noctem
3126 3231 3244 3286 sine
3286 3231 3452 3302 impo-

237 3319 456 3380 Gratias
481 3327 574 3383 tibi
627 3331 859 3403 agimus,
890 3332 1118 3393 nomine
1148 3347 1354 3408 sancte,
1381 3342 1543 3400 Ρειει.
1579 3350 1755 3404 omni,
1785 3322 1831 3386 C
1863 3324 2099 3380 dimento
2131 3323 2344 3379 Satanze
2375 3333 2730 3389 transeamus,
2771 3331 2934 3396 atque
2979 3324 3260 3379 matutinis
3303 3324 3451 3381 horis

163 3421 379 3485 potens,
407 3427 611 3474 atterne
638 3418 797 3488 Deus,
850 3425 942 3494 qui
998 3441 1094 3481 nos
1149 3431 1215 3485 de
1267 3439 1541 3490 transacto
1583 3440 1760 3494 noctis

161 3509 342 3578 spatio
383 3511 450 3566 ad
491 3516 785 3572 matutinas
825 3518 990 3574 horas
1029 3524 1331 3589 perducere
1374 3527 1628 3598 dignatus
1677 3545 1754 3598 es,

160 3615 478 3670 quaesumus
509 3613 566 3659 ut
610 3603 780 3663 dones
816 3611 971 3666 nobis
1006 3613 1145 3666 diem
1189 3614 1331 3670 hunc
1371 3617 1488 3672 sine
1531 3633 1758 3689 peccato

163 3693 420 3758 transire,
472 3703 737 3764 quatenus
768 3698 836 3753 ad
859 3714 1146 3770 vesperum
1177 3711 1232 3758 et
1277 3718 1491 3776 semper
1518 3708 1610 3762 tibi
1651 3709 1758 3766 Deo

159 3787 372 3857 gratias
402 3785 723 3844 referamus.
757 3789 860 3846 Per
887 3792 1172 3849 Dominum
1201 3805 1467 3852 nostrum.

232 3875 604 3950 Exsurgentes
648 3880 714 3935 de
760 3882 1024 3939 cubilibus
1080 3886 1210 3952 tuis,
1264 3886 1522 3944 auxilium
1568 3893 1757 3961 gratiae

158 3981 271 4028 tuae
300 3973 600 4036 matutinis,
620 3973 865 4044 Domine,
879 3978 1132 4047 precibus
1156 3980 1524 4052 imploramus,
1550 3993 1628 4050 ut,
1648 3985 1758 4041 dis-

159 4066 341 4123 cussis
391 4065 628 4125 tenebris
676 4069 966 4139 vitiorum,
1013 4072 1289 4130 ambulare
1334 4091 1643 4132 mereamur
1700 4079 1752 4134 in

161 4157 285 4214 luce
320 4153 602 4215 virtutum.
633 4161 754 4217 Per.
823 4154 833 4165 ’

233 4245 313 4304 'l'e
355 4249 528 4305 lucem
564 4263 748 4307 veram
786 4260 840 4308 et
876 4252 1012 4309 lucis
1055 4263 1355 4322 auctorem,
1383 4256 1630 4324 Domine,
1665 4275 1755 4315 ne-

158 4337 452 4413 precamur
477 4385 492 4411 ,
533 4353 594 4400 ut
637 4346 874 4416 digneris
913 4361 942 4401 a
984 4346 1140 4402 nobis
1187 4348 1438 4404 tenebras
1485 4349 1754 4420 depellere

158 4432 442 4500 vitiorum,
474 4443 530 4490 et
570 4436 869 4493 ciarilicare
895 4454 994 4493 nos
1024 4438 1144 4495 luce
1172 4439 1450 4496 virtutum.
1483 4441 1608 4498 Per.

234 4520 448 4581 Veritas
477 4533 590 4592 tua,
621 4541 951 4598 quaesumus,
984 4527 1227 4592 Domine,
1269 4530 1445 4586 luceat
1484 4531 1538 4587 in
1568 4533 1749 4589 cordi—

156 4616 264 4673 bus
288 4617 509 4684 nostris,
535 4627 590 4673 et
609 4618 786 4674 Omnis
806 4617 1016 4674 falsitas
1039 4619 1350 4676 destruatur
1375 4621 1599 4677 inimici.
1622 4623 1747 4679 Per.

1861 3414 1927 3470 ad
1957 3414 2125 3471 altare
2153 3425 2302 3470 tuum
2333 3426 2699 3480 recurrentes,
2735 3415 2828 3470 tibi
2869 3416 2979 3471 Deo
3017 3415 3220 3486 gratias
3252 3413 3450 3471 refera-

1858 3524 1998 3564 mus.
2033 3508 2136 3564 Pcr
2163 3507 2470 3563 Dominum.

1931 3599 2264 3668 Vespertium
2292 3597 2466 3652 laudis
2502 3596 2674 3655 ollicia
2697 3598 3084 3669 persolventes,
3101 3599 3447 3656 clementiam

1861 3700 2028 3755 tuam,
2060 3691 2304 3756 Domine,
2337 3691 2526 3747 humili
2549 3708 2710 3762 prece
2729 3691 3096 3764 deposcimus,
3122 3694 3444 3749 utnocturni

1860 3781 2194 3837 insidiatoris
2239 3781 2480 3849 fraudes,
2527 3792 2579 3839 te
2623 3793 2958 3856 protegente,
3008 3786 3310 3841 vincamus.
3342 3784 3447 3840 Per

1859 3874 2166 3930 Dominum.

1929 3965 2159 4032 Exaudi,
2191 3967 2438 4034 Domine,
2469 3967 2698 4024 famulos
2729 3979 2868 4034 tuos,
2903 3971 3207 4041 vespertina
3238 3969 3444 4025 nomini

1860 4068 1952 4112 tuo
1978 4067 2100 4112 vota
2127 4059 2437 4126 reddentes,
2465 4070 2520 4115 et
2541 4076 2675 4130 quos
2697 4077 2793 4132 per
2817 4062 3024 4134 singula
3042 4062 3146 4118 diei
3170 4070 3444 4117 momenta

1856 4149 2107 4214 servasti,
2139 4165 2235 4222 per
2261 4151 2437 4206 noctis
2466 4152 2704 4222 quietem
2739 4154 3014 4208 custodire
3043 4153 3286 4226 dignare.
3318 4153 3440 4209 Per.

1928 4238 2275 4312 [Propitiare,
2323 4240 2569 4307 Domine,
2595 4243 2917 4313 vespertinis
2962 4242 3443 4315 supplicationibus

1856 4332 2076 4396 nostris,
2109 4338 2162 4386 et
2189 4331 2275 4387 l’ae
2305 4346 2404 4387 nos
2437 4332 2555 4388 sine
2585 4333 3044 4388 reatumatutinis
3071 4334 3164 4389 tibi
3196 4333 3443 4390 laudibus

1853 4423 2189 4493 praesentari.
2214 4421 2336 4479 Per.

1924 4511 2262 4579 Qumsumus,
2308 4512 2532 4568 Domine
2575 4513 2717 4570 Deus
2765 4525 2983 4580 noster,
3012 4515 3119 4570 diei
3159 4515 3440 4570 molestias

1855 4601 2028 4655 noctis
2065 4603 2247 4672 quiete
2289 4611 2553 4669 sustenta,
2579 4613 2658 4670 ut,
2687 4607 2992 4660 necessaria
3022 4615 3326 4676 temporum
3355 4606 3436 4659 vi-

232 4706 492 4766 sensibus
518 4711 741 4778 nosms,
767 4726 1097 4783 φιωεηηηιε,
1130 4712 1574 4779 Βοιηίηθἰιιῐηθη
1624 4729 1748 4771 san-
1781 4691 1830 4752 D
1855 4693 2170 4749 cissitudine
2206 4695 2552 4761 succedente,
2583 4705 2768 4753 nostra
2816 4697 3091 4753 reliciatur
3127 4697 3435 4753 inﬁrmitas.

154 4811 307 4859 ctum
333 4799 599 4876 benignus
629 4803 870 4869 infunde,
897 4815 955 4859 ut
984 4804 1078 4860 tibi
1107 4820 1321 4876 semper
1347 4807 1515 4863 simus
1543 4811 1745 4876 devoti,

153 4893 314 4967 cujus
337 4896 602 4968 sapientia
626 4897 796 4953 ereati
827 4910 1014 4952 sumus
1041 4905 1094 4954 et
1117 4898 1454 4968 providentia
1482 4901 1720 4973 guberna

152 5005 302 5046 mur.
327 4989 434 5046 Per
459 4989 748 5046 Dominum
775 5000 1040 5046 nostrum.

229 5079 347 5138 Tua
377 5097 496 5147 nos,
527 5080 774 5148 Domine,
801 5081 1002 5138 veritas
1030 5097 1245 5154 semper
1276 5083 1562 5155 illummet,
1595 5098 1648 5144 et
1679 5090 1745 5144 ab

148 5173 305 5230 omni
333 5175 598 5246 pravitate
621 5172 870 5230 defendat
901 5181 1062 5246 atque
1093 5175 1378 5232 custodiat.
1420 5177 1542 5233 Per.

230 5267 407 5343 [Auge
437 5269 491 5328 in
522 5265 700 5334 nobis,
733 5267 977 5330 Domine,
1012 5267 1173 5323 iidem
1202 5277 1372 5334 tuam,
1419 5279 1474 5326 et
1514 5269 1749 5342 Spiritus

150 5357 333 5416 sancti
365 5357 539 5415 lucem
579 5369 793 5430 semper
820 5357 874 5413 in
909 5358 1064 5414 nobis
1093 5361 1346 5416 accende.
1380 5359 1502 5416 Per.
1534 5360 1589 5416 in
1622 5363 1744 5417 uni.

150 5463 271 5511 tate
292 5451 554 5526 ejusdem.

169 5553 180 5560 ‘
227 5543 445 5604 Gratias
468 5546 678 5618 agimus
705 5543 996 5602 enarrabili
1037 5545 1224 5617 pietati
1249 5553 1374 5612 tuae,
1402 5547 1744 5619 omnipotens

147 5637 323 5704 Deus,
351 5639 445 5711 qui
476 5651 594 5706 nos,
639 5637 858 5711 depulsa
886 5639 1059 5694 noctis
1088 5637 1422 5710 caliginc,ad
1451 5640 1552 5695 diei
1583 5639 1742 5710 hujus

147 5725 476 5806 principium
501 5731 822 5803 perduxisti,
839 5740 892 5787 et
917 5732 1124 5804 abjecta
1140 5732 1456 5804 ignorantiae
1475 5733 1737 5797 caecitate,

149 5824 223 5882 ad
250 5824 454 5880 cultum
477 5825 552 5879 tui
578 5824 812 5880 nominis
841 5832 1002 5896 atque
1026 5823 1312 5880 scientiam
1351 5825 1636 5889 revocasti,
1679 5824 1743 5879 il-

149 5916 338 5976 labere
372 5915 625 5975 sensibus
650 5919 851 5975 nostris
873 5917 1217 5990 omnipotens
1241 5917 1282 5974 Ρ
1298 5926 1421 5985 iter,
1444 5927 1500 5974 ut
1530 5919 1582 5974 in
1611 5933 1750 5991 prae-

1853 4785 1956 4840 Per
1977 4785 2311 4856 Dominum.]

2547 4876 2747 4934 CXLV.

1850 4983 2125 5028 lIPOSl'l‘IO
2163 4983 2384 5026 IANUUI
2419 4985 2585 5026 SUPER
2640 4985 3034 5027 SNERGUIENUI
3093 4984 3440 5044 CA‘TECIIUIS-

2583 5078 2711 5120 NUI.

1874 5197 1879 5203 ·
1924 5175 2300 5248 Omnipotens,
2333 5176 2664 5248 sempiterne
2699 5177 2867 5242 Deus,
2908 5193 2938 5231 a
2970 5176 3124 5245 cujus
3150 5175 3288 5232 facie
3315 5175 3440 5232 etnli

1853 5265 2135 5328 distillant,
2167 5272 2378 5321 montes
2404 5267 2541 5322 sicut
2565 5282 2690 5323 cera
2704 5267 3029 5336 liquescunt,
3059 5276 3205 5322 terra
3228 5265 3433 5331 tremit,

1851 5358 1937 5412 cui
1969 5364 2150 5426 patent
2176 5357 2381 5429 abyssi,
2411 5373 2573 5428 quem
2596 5357 2842 5416 infernus
2866 5360 3128 5430 pavescit,
3144 5373 3305 5430 quem
3325 5373 3456 5414 omo.

1851 5444 1937 5502 nis
1963 5447 2169 5501 irarum
2203 5457 2384 5506 motus
2411 5449 2684 5520 aspiciens
2722 5449 3039 5506 humiliatur
3074 5469 3089 5506 :
3129 5459 3185 5506 te
3213 5450 3439 5522 supplex

1849 5540 2131 5609 deprecor,
2162 5538 2416 5606 Domine,
2455 5548 2514 5596 ut
2559 5541 2903 5598 invocatione
2945 5542 3180 5598 nominis
3227 5543 3331 5609 tui,
3369 5541 3440 5596 ab

1848 5633 2008 5704 hujus
2036 5631 2221 5687 famuli
2254 5634 2332 5688 tui
2358 5636 2649 5692 vexatione
2677 5635 2934 5692 confusus
2960 5635 3213 5691 inimicus
3241 5635 3434 5690 absce-

1849 5727 1958 5789 dat,
1987 5734 2042 5779 et
2074 5725 2143 5780 ab
2186 5725 2346 5794 hujus
2371 5727 2712 5798 possessione
2741 5728 2921 5784 anima
2950 5727 3199 5794 liberata,
3245 5726 3314 5781 ad
3340 5740 3440 5778 au-

1849 5830 2054 5875 ctorem
2087 5833 2200 5874 suae
2233 5819 2422 5876 salutis
2452 5829 2718 5890 recurrat,
2748 5821 3204 5890 liberatoremque
3236 5831 3392 5874 suum
3413 5857 3430 5885 ,

1848 5915 2116 5973 diabolico
2141 5915 2315 5973 fetore
2339 5915 2584 5989 depulso,
2609 5924 2666 5972 et
2688 5917 2856 5986 odore
2888 5912 3212 5972 suavissimo
3255 5911 3433 5992 Spiris
