3954 6342
435 405 555 465 ,85ΰ

1441 399 1773 460 GRIMALDI
1813 396 2335 459 SANGALLENSIS
2367 394 2657 454 ABBATIS

3622 394 3721 451 856

446 530 539 577 tus
581 519 756 577 sancti
791 524 1065 593 percepto,
1106 524 1384 591 sequatur.
1436 514 1542 572 Per
1590 515 1879 573 Dominum
1926 528 2027 570 no-
2056 512 2107 577 Α
2132 512 2313 580 rebat,
2343 511 2566 568 territus
2595 510 2773 578 abeat,
2799 518 2855 568 et
2879 508 3353 579 victusabscedat,
3375 511 3721 584 tibiquepos-

445 622 651 672 atrum.

1122 701 1348 760 CXLVI.

676 838 808 881 I'I'Bll
844 839 967 879 ALIA
1004 837 1106 878 rso
1142 835 1383 876 navum
1418 818 1791 875 nnéncuusnto.

515 939 742 996 Domine
776 948 983 1003 sancte,
1027 937 1189 993 Pater
1216 936 1579 1007 omnipotens,
1613 943 1817 990 aeterne
1864 934 2029 999 Deus,

444 1034 700 1087 virtutem
744 1040 888 1087 tuam
918 1032 1042 1086 totis
1063 1044 1229 1085 exoro
1255 1029 1564 1100 gemitibus,
1610 1043 1711 1100 pro
1751 1025 1911 1095 hujus
1954 1027 2035 1081 fa-

443 1124 573 1178 muli
604 1124 675 1177 tui
704 1139 960 1193 oppressa
993 1121 1218 1176 infantia
1256 1141 1269 1176 :
1300 1122 1390 1191 qui
1419 1121 1584 1175 etiam
1634 1119 1865 1189 indignis
1894 1119 2035 1173 inter

442 1216 905 1285 prcssnrasdonas
929 1214 1263 1284 praesidium,
1285 1228 1516 1284 exsurge
1541 1227 1640 1271 D"\
1671 1210 1832 1282 hujus
1858 1210 2035 1266 infan-

443 1307 514 1359 tia
539 1304 821 1367 debellata,
850 1314 905 1360 et
935 1306 1043 1360 noli
1071 1306 1162 1359 diu
1187 1306 1422 1363 retinere
1452 1305 1768 1367 vindictam,
1788 1319 1887 1359 nec
1908 1314 2034 1359 ante

442 1408 789 1466 conspectum
824 1404 970 1450 tuum
1003 1397 1223 1451 veniant
1253 1405 1535 1467 parentum
1563 1396 1777 1460 delicta,
1809 1395 1900 1465 qui
1932 1411 2033 1451 nec

439 1503 537 1558 pro
566 1488 674 1543 filio
698 1498 923 1557 patrem,
950 1504 1049 1543 nec
1076 1505 1173 1559 pro
1198 1498 1349 1558 patre
1376 1488 1671 1558 promisisti
1696 1487 1862 1542 filium
1882 1486 2031 1557 judi-

439 1581 597 1636 cari:
631 1582 914 1645 auxiliare,
961 1596 1292 1651 quaesumus,
1342 1580 1549 1633 inimici
1601 1580 1784 1633 furore
1814 1588 2029 1645 vexato,

439 1688 509 1727 ne
547 1674 662 1727 sine
712 1673 1035 1743 baptismate
1080 1671 1247 1727 facias
1283 1671 1402 1742 ejus
1454 1672 1690 1725 animum
1740 1686 1769 1724 ει
1818 1670 2033 1725 diabolo

438 1765 724 1834 possilcxi,
764 1766 857 1820 SCtl
902 1766 1080 1836 potius
1122 1774 1306 1819 tenera
1354 1774 1485 1819 tutas
1531 1764 1781 1835 malignis
1808 1779 2032 1834 oppres-

438 1855 680 1911 sionibus
720 1854 975 1921 liberata,
1016 1856 1113 1912 tibi
1151 1855 1354 1911 referat
1392 1856 1598 1925 gratias
1638 1856 2021 1924 sempiternas.
2054 1888 2104 1950 Β

438 1944 559 2003 Per.

1112 2042 1361 2099 CXLVII.

646 2151 778 2193 ιτιειί
815 2150 983 2192 SUPER
1013 2148 1407 2190 ENERCUMBNUM
1448 2147 1809 2191 ΒΔΡἸΊΖΑἸὍΙ.

506 2247 651 2305 Deus
682 2247 1017 2320 angelorum,
1052 2246 1193 2300 Deus
1220 2246 1689 2317 archangelorum,
1727 2247 1870 2303 Deus
1899 2261 2026 2318 pro-

433 2340 743 2410 phetarum,
786 2339 928 2395 Deus
954 2336 1343 2409 apostolorum,
1371 2338 1515 2393 Deus
1543 2346 1863 2410 martyrum,
1882 2338 2026 2395 Deus

434 2431 732 2503 virginum,
763 2431 904 2487 Deus
938 2429 1100 2486 Pater
1145 2431 1360 2486 Domini
1409 2432 1579 2487 nostri
1622 2431 1749 2487 Iesu
1798 2432 2022 2497 Christi,

432 2526 625 2581 invoco
645 2534 894 2581 sanctum
922 2538 1118 2579 nomen
1147 2532 1318 2589 tuum,
1346 2538 1412 2580 ac
1430 2524 1705 2596 praeclara:
1725 2523 2026 2593 maiestatis

434 2626 542 2674 tute
576 2618 919 2675 clementiam
950 2616 1173 2688 supplex
1213 2631 1471 2687 exposco,
1494 2626 1556 2672 ut
1582 2617 1715 2672 mihi
1762 2617 2023 2673 auxilium

444 2720 709 2782 praestare
738 2708 977 2783 digneris
1022 2710 1283 2765 adversus
1321 2708 1466 2765 hunc
1492 2709 1885 2779 nequissimum
1915 2708 2027 2780 spi-

431 2805 617 2871 ritum,
646 2790 711 2860 ut
737 2804 1044 2876 ubicunque
1072 2802 1223 2869 latet,
1251 2803 1435 2860 audito
1460 2804 1678 2859 nomine
1711 2811 1823 2868 tuo,
1873 2802 2022 2859 velo-

434 2898 572 2953 citer
597 2907 757 2954 exeat
780 2897 866 2953 vel
896 2899 1133 2955 recedat.
1176 2899 1295 2972 Ipse
1319 2898 1465 2955 enim
1506 2898 1602 2954 tibi
1629 2898 1881 2969 imperat,
1906 2898 2022 2954 dia-

430 2988 573 3056 hole,
598 2991 690 3059 qui
721 2990 896 3045 ventis
918 3000 975 3048 et
1000 2992 1139 3047 mari
1160 2992 1247 3050 vel
1272 2991 1681 3062 tempestatibus
1710 2989 2018 3061 imperavit.

432 3082 553 3152 Ipse
577 3082 670 3137 tibi
700 3083 952 3154 imperat,
979 3085 1071 3155 qui
1102 3094 1154 3141 te
1179 3086 1246 3142 de
1292 3084 1540 3155 supernis
1564 3082 1827 3139 caelorum
1857 3083 1911 3137 in
1938 3082 2022 3138 in-

434 3175 637 3231 feriora
685 3184 845 3232 terra:
889 3177 1129 3249 demergi
1156 3179 1431 3250 praecepit.
1468 3172 1588 3248 Ipse
1619 3177 1715 3233 tibi
1762 3177 2016 3248 imperat,

434 3266 526 3336 qui
558 3274 611 3321 te
635 3274 932 3324 retrorsum
957 3270 1135 3326 redire
1161 3271 1435 3341 przecepit.
1464 3269 1603 3325 Audi
1625 3284 1754 3341 ergo
1780 3277 1836 3326 et
1865 3270 2017 3335 time,
2046 3258 2094 3324 C

435 3358 689 3426 Satanas,
716 3361 893 3418 victus
919 3369 975 3417 et
998 3370 1305 3433 prostratus
1328 3361 1561 3419 abscede
1585 3361 1637 3416 in
1667 3361 1884 3417 nomine
1915 3361 2022 3416 Do-

432 3452 565 3506 mini
599 3452 771 3507 nostri
798 3450 925 3508 Jesu
948 3452 1169 3510 Christi.
1206 3452 1283 3507 Tu
1314 3470 1465 3526 ergo,
1503 3454 1833 3524 nequissime
1865 3452 2021 3509 Sata-

430 3556 554 3606 nas,
592 3541 845 3599 ininiicus
890 3543 1015 3600 fidei
1051 3545 1267 3615 generis
1302 3545 1549 3609 humani,
1592 3547 1785 3602 mortis
1812 3554 2019 3616 raptor,

422 3631 651 3701 iustitia:
679 3633 1001 3701 declinator,
1037 3636 1301 3690 malorum
1335 3637 1507 3695 radix.
1541 3636 1713 3693 fomes
1740 3638 2016 3704 vitiorum,

430 3727 685 3783 seductor
714 3728 1014 3794 hominum,
1038 3730 1281 3800 perditor
1302 3731 1564 3801 gentium,
1599 3731 1852 3787 incitator
1880 3733 2022 3790 invi-

432 3820 552 3888 diae,
583 3820 737 3893 origo
783 3822 1047 3889 avaritiae,
1077 3837 1239 3879 causa
1286 3824 1590 3891 discordia),
1620 3826 1888 3882 excitator
1916 3827 2016 3883 do-

429 3910 626 3979 lorum,
649 3914 953 3969 daemonum
978 3914 1256 3986 magister,
1296 3915 1386 3985 qni
1418 3925 1531 3971 stas
1559 3926 1611 3971 et
1637 3919 1868 3984 resistis,
1892 3936 2018 3975 cum

430 4001 539 4057 scis
560 4017 685 4057 eum
714 4012 836 4060 tuas
859 4006 1087 4075 perdere
1113 4006 1275 4071 vires,
1302 4005 1450 4061 illum
1474 4016 1652 4063 metue
1672 4009 1765 4078 qui
1790 4010 1844 4064 in
1868 4008 2021 4067 Isaac

430 4093 743 4150 immolatus
767 4104 872 4162 est,
902 4096 954 4151 in
985 4095 1185 4167 Ioseph
1216 4098 1574 4163 venundatus,
1614 4100 1667 4155 in
1710 4116 1850 4169 agno
1880 4104 2022 4159 occi-

432 4198 548 4249 sus,
576 4184 631 4238 in
675 4185 893 4240 homine
920 4186 1233 4254 crucifixus,
1277 4189 1470 4243 deinde
1508 4190 1886 4262 triumphator.
1922 4194 2021 4251 Re-

430 4273 563 4329 cede
594 4273 649 4329 in
674 4276 892 4331 nomine
917 4276 1115 4344 Patris,
1144 4288 1198 4333 et
1220 4277 1364 4344 Filii,
1389 4287 1443 4334 et
1470 4278 1707 4351 Spiritus
1738 4285 1934 4349 sancti,
1963 4295 2020 4341 et

430 4364 498 4420 da
535 4364 713 4421 locum
754 4366 977 4436 Spiritui
1021 4376 1231 4434 sancto,
1286 4385 1383 4441 per
1428 4370 1530 4427 hoc
1573 4371 1788 4442 signum
1838 4376 2019 4433 crucis

426 4453 629 4513 Christi
661 4456 873 4514 Domini
896 4460 1087 4515 nostri.
1119 4458 1222 4527 Qui
1252 4469 1513 4519 venturus
1535 4460 1923 4534 estiudicare.-

1151 4572 1273 4629 Alia

496 4682 639 4749 Deus
669 4685 919 4741 conditor
938 4680 992 4741 et
1014 4686 1266 4742 defensor
1286 4688 1502 4759 generis
1520 4688 1764 4756 humani,
1790 4689 1884 4761 qui
1905 4690 2011 4748 ho-

424 4774 626 4831 minem
655 4775 723 4830 ad
761 4776 1046 4846 imaginem
1078 4788 1131 4831 et
1180 4778 1591 4835 similitudinem
1621 4788 1770 4835 tuam
1810 4780 2016 4838 forma-

424 4867 517 4933 sti,
555 4868 765 4939 respice
793 4882 953 4939 super
981 4869 1125 4923 hunc
1146 4868 1406 4925 famulum
1432 4878 1603 4939 tuum,
1633 4872 1725 4943 qui
1755 4873 1895 4929 dolis
1924 4875 2008 4929 itt-

424 4960 535 5015 vidi
561 4960 832 5032 serpentis
860 4961 1152 5030 appetitur,
1198 4976 1358 5030 quem
1392 4970 1549 5019 vetus
1585 4964 1933 5023 adversarius
1956 4975 2014 5024 et

424 5050 599 5107 hostis
627 5049 882 5119 antiquus
921 5058 1053 5105 atrae
1081 5050 1385 5108 formidinis
1431 5054 1659 5111 horrore
1707 5058 2012 5115 circumvo-

422 5140 522 5209 lat,
545 5151 600 5196 et
631 5156 849 5196 sensum
884 5142 1082 5198 mentis
1121 5143 1372 5201 humanae
1401 5155 1622 5219 stupore
1651 5147 1855 5220 defigit,
1905 5158 2013 5206 ter-

424 5246 551 5288 rore
576 5231 885 5299 conturbat,
910 5241 965 5288 et
987 5241 1131 5290 metu
1156 5235 1351 5307 trepidi
1377 5236 1589 5293 timoris
1612 5239 1854 5310 exagitat
1885 5258 1899 5297 :
1926 5256 2012 5298 re-

421 5325 583 5399 pelle,
611 5326 857 5396 Domine,
883 5331 1140 5387 virtutem
1169 5331 1389 5401 diaboli,
1430 5332 1757 5413 fallaciasque
1785 5336 1904 5408 eius
1929 5338 2011 5396 in-

422 5418 593 5475 sidias
630 5434 839 5487 amove,
879 5423 1065 5494 procul
1117 5424 1314 5497 impius
1341 5434 1581 5483 tentator
1606 5426 1848 5499 aufugiat
1883 5447 1898 5484 :
1939 5430 2011 5487 sit

421 5512 660 5569 nominis
707 5513 782 5568 tui
830 5515 984 5588 signo
1014 5516 1253 5583 famulis,
1306 5518 1415 5575 tuis
1446 5534 1515 5576 ex
1543 5519 1725 5576 animo
1768 5528 1916 5578 totus
1953 5531 2010 5579 et

422 5620 649 5677 corpore
680 5622 695 5661 :
737 5614 789 5660 tu
818 5608 1051 5677 pectoris
1080 5608 1239 5679 huius
1261 5610 1471 5666 interna
1494 5610 1791 5677 custodias,
1827 5620 1886 5669 tu
1925 5613 2009 5669 vi-

419 5714 574 5755 scera
600 5715 777 5772 regas,
824 5711 880 5756 tu
917 5703 1080 5758 corda
1122 5702 1431 5771 confirmes,
1466 5705 1645 5761 inania
1680 5707 2005 5763 adversariae

418 5792 701 5861 potestatis
732 5800 1062 5848 tentamenta
1088 5802 1433 5850 evanescant.
1460 5794 1536 5851 Da
1561 5796 1628 5851 ad
1665 5797 1809 5852 hanc
1843 5797 2002 5854 invo-

2136 608 2208 663 sit
2234 606 2325 663 hic
2366 620 2555 662 servus
2584 612 2708 661 tuus
2732 605 2899 661 corde
2947 604 3164 661 firmato
3204 613 3261 661 et
3291 614 3479 661 mente
3514 605 3722 662 sincera

2137 699 2378 757 debitum
2408 697 2650 771 praebere
2676 696 3021 755 famulatum.
3054 697 3162 756 Per
3184 698 3499 755 Dominum.

2860 812 3000 871 Alia.

2205 907 2432 964 Domine
2459 915 2647 964 sancte
2671 947 2687 974 ,
2731 906 2895 962 Pater
2918 905 3296 977 omnipotens,
3327 914 3537 961 aeterne
3565 904 3728 973 Deus,

2134 998 2386 1055 Hosanna
2403 998 2455 1052 in
2481 996 2735 1062 excelsis,
2754 994 2916 1051 Pater
2935 994 3143 1050 Domini
3170 995 3340 1050 nostri
3363 992 3494 1050 Iesu
3508 994 3731 1061 Christi,

2134 1090 2225 1162 qui
2256 1090 2402 1145 illum
2434 1089 2677 1160 refugam
2707 1097 2996 1160 tyrannum
3030 1088 3291 1159 gehennte
3313 1087 3617 1157 deputasti,
3646 1087 3732 1157 qui

2139 1178 2482 1253 Unigenitum
2513 1190 2663 1236 tuum
2694 1182 2746 1236 in
2779 1182 2924 1236 hunc
2950 1180 3212 1235 mundum
3241 1181 3466 1244 misisti,
3500 1189 3563 1235 ut
3589 1180 3733 1235 illum

2074 1280 2077 1285 ‘
2135 1274 2435 1345 rugientem
2458 1272 2668 1329 leonem
2700 1281 3028 1337 contereret,
3065 1273 3323 1328 velociter
3347 1272 3619 1337 adtende;
3655 1287 3737 1325 ae-

2134 1365 2330 1431 celera,
2364 1376 2421 1420 ut
2448 1365 2647 1435 eripias
2683 1364 2979 1430 hominem,
3006 1364 3073 1418 ad
3115 1364 3405 1435 imaginem
3432 1372 3493 1418 et
3542 1362 3732 1417 simili-

2133 1459 2373 1513 tudinem
2402 1467 2548 1513 tuam
2571 1467 2835 1523 creatum,
2860 1474 2891 1512 a
2914 1457 3068 1512 ruina
3094 1467 3149 1511 et
3172 1456 3446 1511 daemonio
3480 1456 3736 1511 meridia-

2134 1566 2224 1605 no.
2257 1550 2356 1614 Da,
2385 1551 2634 1615 Domine,
2663 1560 2930 1606 terrorem
2962 1558 3110 1605 tuum
3144 1566 3305 1620 super
3336 1551 3599 1613 bestiam,
3625 1566 3737 1620 qua:

2134 1645 2519 1699 exterminavit
2549 1644 2764 1700 vineam
2810 1654 2990 1710 tuam;
3026 1646 3091 1699 da
3138 1645 3390 1699 fiduciam
3422 1645 3607 1699 servis
3634 1644 3737 1699 tuis

2132 1745 2323 1791 contra
2378 1737 2769 1807 nequissimum
2818 1738 3105 1793 draconem
3155 1737 3373 1793 fortiter
3428 1746 3624 1801 stare,
3672 1752 3737 1791 ne

2133 1837 2447 1884 contemnat
2498 1840 2782 1898 sperantes
2814 1829 2869 1885 in
2902 1839 2977 1896 te,
3020 1840 3075 1885 et
3100 1830 3275 1896 dicat,
3317 1830 3462 1885 sicut
3492 1830 3547 1885 in
3596 1828 3736 1884 Pha-

2131 1936 2301 1978 raone
2318 1920 2433 1993 iam
2467 1920 2598 1977 olim
2652 1922 2789 1977 dixit
2836 1940 2849 1977 :
2900 1921 3070 1978 Deum
3122 1938 3231 1977 non
3261 1923 3409 1985 novi,
3444 1937 3551 1977 nec
3576 1920 3740 1977 Israel

2134 2013 2369 2069 dimitto.
2415 2011 2819 2081 Urgeatillum,
2852 2013 3099 2079 Domine,
3124 2002 3347 2070 dextera
3375 2023 3469 2069 tua
3518 2024 3737 2085 potens,

2132 2104 2412 2161 :Iiscedere
2443 2120 2473 2160 a
2506 2105 2707 2161 famulo
2738 2114 2864 2173 tuo,
2892 2122 2962 2161 ne
3001 2105 3204 2162 diutius
3235 2116 3539 2177 praesumat
3573 2107 3739 2177 capti-

2130 2211 2257 2251 vum
2282 2204 2466 2253 tenere
2489 2197 2766 2253 hominem
2787 2239 2801 2265 ,
2837 2212 2999 2269 quem
3029 2207 3084 2254 tu
3115 2199 3183 2255 ad
3214 2199 3512 2271 imaginem
3557 2199 3739 2255 facere

2130 2293 2382 2365 dignatus
2431 2308 2511 2350 es.
2566 2292 2775 2364 Adiuro
2818 2302 2871 2349 te
2898 2308 3312 2366 ergo,serpens
3363 2295 3621 2365 antique,
3645 2309 3739 2365 per
3790 2274 3801 2283 ’

2121 2382 2361 2454 iudicem
2384 2386 2631 2442 vivorum
2653 2394 2708 2441 et
2727 2394 3089 2454 mortuorum,
3114 2401 3210 2458 per
3233 2386 3501 2442 factorem
3525 2387 3737 2451 mundi,

2127 2491 2228 2546 per
2249 2491 2372 2532 eum
2396 2477 2486 2547 qui
2524 2475 2689 2532 habet
2719 2486 3045 2547 potestatem
3074 2475 3289 2533 mittere
3318 2477 3371 2531 in
3398 2477 3738 2548 gehennam,

2128 2570 2285 2639 utlgab
2315 2569 2417 2627 hoc
2443 2568 2649 2625 famqu
2674 2570 2790 2635 Dei,
2818 2571 2910 2642 qui
2941 2571 3009 2625 ad
3035 2570 3289 2627 Ecclesia:
3308 2571 3581 2643 praesepia
3614 2586 3743 2626 con-

2129 2663 2480 2729 currit,cum
2507 2672 2651 2719 metu
2688 2672 2744 2719 et
2791 2664 3032 2720 exercitu
3082 2662 3283 2720 furoris
3330 2665 3407 2719 tui
3459 2663 3738 2721 festinans

2129 2756 2395 2814 discedas.
2423 2755 2629 2828 Adiuro
2661 2763 2715 2811 te
2734 2769 2843 2811 non
2872 2769 2994 2810 mea
3016 2754 3364 2819 infirmitate,
3389 2758 3487 2811 sed
3532 2757 3595 2811 in
3628 2756 3741 2810 vir-

2128 2856 2243 2904 tute
2267 2847 2441 2903 sancti
2484 2846 2744 2917 Spiritus,
2776 2855 2838 2902 ut
2866 2846 3083 2904 desinas
3127 2845 3249 2920 [al.,
3289 2847 3481 2921 exeas]
3520 2850 3596 2904 ab
3630 2850 3737 2906 hoc

2125 2940 2330 2996 famqu
2358 2940 2457 2997 Dei
2476 2938 2567 3007 N.,
2598 2955 2764 3012 quem
2790 2940 3135 3011 omnipotens
3164 2940 3308 2997 Deus
3331 2941 3398 2996 ad
3429 2941 3737 3013 imaginem

2127 3046 2278 3087 suam
2312 3030 2460 3087 fecit.
2485 3030 2649 3100 Cede,
2671 3032 2803 3089 cede
2828 3048 2937 3088 non
2962 3033 3119 3099 mihi,
3141 3034 3236 3090 sed
3260 3034 3532 3105 mysteriis
3565 3033 3737 3089 Chri-

2127 3122 2218 3178 sti.
2247 3121 2393 3178 Illius
2420 3122 2566 3178 enim
2588 3130 2643 3178 te
2681 3130 2939 3194 perurget
2981 3131 3247 3196 potestas,
3277 3124 3369 3194 qui
3394 3132 3447 3179 te
3477 3122 3738 3196 aﬂligens

2127 3212 2566 3288 [al.,adfligens],
2603 3215 2754 3271 cruci
2782 3230 2891 3271 sua:
2916 3216 3241 3295 subiugavit.
3272 3217 3416 3272 Illius
3436 3216 3740 3272 brachium

2128 3316 2518 3374 contremesce,
2550 3307 2643 3378 qui
2671 3306 2898 3363 devictis
2922 3307 3209 3380 gemitibus
3240 3307 3471 3374 inferni,
3510 3307 3742 3363 animas

2130 3399 2196 3456 ad
2222 3399 2395 3455 lucem
2425 3397 2701 3471 perduxit.
2750 3398 2837 3455 Sit
2863 3398 2963 3455 tibi
3000 3394 3185 3456 terror
3211 3416 3408 3472 corpus
3459 3400 3737 3467 hominis,

2128 3490 2201 3547 sit
2224 3491 2318 3547 tibi
2345 3490 2577 3548 formido
2601 3490 2780 3563 imago
2800 3491 2929 3559 Dei;
2959 3507 3060 3547 nec
3087 3493 3331 3559 resistas,
3358 3508 3457 3549 nec
3484 3496 3742 3553 moreris

2128 3582 2406 3639 discedere
2444 3582 2514 3638 ab
2552 3582 2803 3651 homine,
2845 3584 3103 3656 quoniam
3130 3582 3452 3655 complacuit
3495 3584 3742 3643 Christo

2128 3686 2187 3733 ut
2209 3678 2264 3734 in
2292 3678 2510 3734 homine
2535 3678 2827 3735 habitaret.
2854 3679 2922 3736 Et
2942 3694 3011 3736 ne
3036 3695 3125 3736 me
3155 3679 3426 3736 infirmum
3471 3690 3741 3737 contem-

2127 3768 2364 3825 nendum
2402 3779 2584 3841 putes,
2619 3768 2749 3826 dum
2778 3785 2863 3827 me
2900 3781 3246 3844 peceatorem
3272 3773 3432 3829 nimis
3464 3788 3597 3830 esse
3642 3792 3744 3832 co-

2124 3862 2358 3934 gnoscis.
2389 3861 2627 3934 Imperat
2654 3863 2753 3919 tibi
2777 3863 3061 3930 Dominus,
3081 3866 3311 3936 imperat
3334 3866 3427 3922 tibi
3457 3865 3745 3935 maiestas

2123 3955 2350 4022 Christi,
2379 3955 2614 4028 imperat
2636 3956 2739 4031 tibi
2777 3956 2919 4014 Deus
2944 3955 3131 4024 Pater,
3160 3957 3390 4031 imperat
3411 3958 3506 4014 tibi
3539 3957 3743 4017 Filius

2124 4056 2180 4104 et
2202 4047 2439 4119 Spiritus
2484 4056 2726 4116 sanctus,
2757 4048 2985 4119 imperat
3016 4048 3115 4105 tibi
3152 4049 3518 4121 apostolorum
3552 4048 3739 4118 fides,

2124 4138 2298 4194 sancti
2354 4137 2503 4195 Petri
2532 4149 2588 4195 et
2618 4138 2812 4207 Pauli,
2842 4148 2899 4197 et
2940 4149 3266 4197 ceterorum
3310 4141 3737 4214 apostolorum;

2124 4230 2357 4301 imperat
2403 4230 2500 4286 tibi
2530 4229 2863 4303 indulgentia
2894 4231 3303 4301 confessorum,
3332 4233 3565 4305 imperat
3625 4233 3741 4292 tibi

2122 4329 2427 4392 martyrum
2458 4321 2680 4392 sanguis
2702 4362 2717 4388 ,
2751 4322 2983 4393 imperat
3013 4321 3110 4379 tibi
3140 4330 3546 4380 sacramentum
3601 4340 3745 4383 cru-

2121 4413 2221 4479 cis,
2251 4414 2483 4485 imperat
2518 4413 2615 4469 tibi
2637 4412 3017 4485 mysteriorum
3040 4415 3236 4471 virtus.
3260 4415 3383 4483 Exi,
3408 4424 3742 4487 transgres-

2119 4517 2235 4571 sor,
2264 4504 2374 4570 exi,
2405 4503 2681 4571 seductor,
2710 4503 2869 4576 plene
2892 4505 3044 4563 omni
3072 4505 3197 4563 dolo
3220 4516 3278 4563 et
3303 4505 3544 4574 fallacia,
3570 4512 3744 4567 veri-

2039 4630 2094 4692 D
2122 4593 2251 4649 tatis
2274 4593 2524 4661 inimice,
2566 4593 2936 4651 innocentium
2982 4606 3319 4668 persecutor.
3376 4598 3453 4654 Da
3510 4598 3740 4667 locum,

2123 4685 2435 4753 durissime,
2470 4686 2539 4742 da
2563 4685 2763 4753 locum,
2793 4687 3138 4759 impiissime,
3165 4690 3235 4747 da
3260 4690 3439 4748 locum
3469 4690 3736 4763 Christo,

2120 4778 2175 4833 in
2208 4792 2316 4849 quo
2340 4776 2476 4833 nihil
2505 4777 2759 4835 invenisti
2788 4778 2855 4835 de
2880 4781 3136 4851 operibus
3162 4782 3290 4850 tuis,
3310 4785 3406 4855 qui
3439 4791 3492 4839 te
3514 4799 3736 4856 exspo-

2117 4868 2289 4934 Iiavit,
2339 4870 2434 4940 qui
2482 4884 2712 4943 regnum
2761 4880 2915 4928 tuum
2963 4874 3265 4941 destruxit,
3301 4874 3393 4946 qui
3424 4884 3479 4931 te
3504 4876 3735 4936 victum

2116 4958 2327 5031 ligavit,
2355 4968 2411 5014 et
2438 4975 2567 5016 vasa
2598 4969 2691 5017 tua
2716 4962 2971 5035 disrupit,
2997 4964 3089 5035 qui
3120 4974 3173 5022 te
3201 4964 3430 5037 proiecit
3460 4966 3518 5021 in
3559 4976 3734 5027 tenes

2120 5055 2249 5111 bras
2270 5055 2589 5122 exteriores,
2619 5056 2711 5113 ubi
2739 5059 2835 5114 tibi
2864 5075 2989 5116 cum
3014 5061 3279 5118 ministris
3309 5063 3417 5119 tuis
3438 5064 3545 5119 erit
3569 5079 3733 5136 pra-

2117 5155 2343 5218 paratus
2381 5146 2653 5203 interitus.
2685 5146 2792 5205 Sed
2818 5151 2947 5223 quid
2969 5168 3112 5209 nunc
3132 5192 3149 5221 ,
3179 5153 3487 5211 truculente
3510 5195 3527 5223 ,
3554 5171 3730 5215 reco-

2118 5239 2291 5311 gitas?
2319 5241 2469 5312 quid,
2496 5243 2804 5313 temerarie,
2832 5247 3133 5303 retractas?
3174 5246 3319 5305 Reus
3346 5250 3729 5323 omnipotenti

2119 5330 2255 5419 Deo,
2286 5331 2441 5402 cuius
2486 5342 2692 5390 statuta
2737 5345 3108 5411 transgressus
3133 5356 3212 5397 es.
3246 5340 3390 5399 Reus
3422 5341 3562 5402 Filio
3586 5347 3727 5419 eius

2116 5418 2245 5478 Jesu
2276 5422 2513 5492 Christo,
2541 5440 2703 5497 quem
2725 5435 2938 5485 tentare
2982 5445 3149 5489 ausus
3192 5448 3254 5489 es
3304 5442 3360 5490 et
3382 5418 3726 5508 crucifigere

2115 5518 2532 5589 praesumpsisti.
2567 5518 2715 5578 Reus
2762 5522 3001 5581 humano
3049 5527 3255 5599 generi,
3281 5518 3368 5585 cui
3414 5544 3568 5588 mors
3595 5535 3729 5593 tuis

2114 5609 2557 5680 persuasionibus
2583 5614 2752 5670 venit.
2781 5614 2987 5687 Adiuro
3016 5628 3069 5674 te
3095 5634 3257 5692 ergo,
3287 5621 3454 5678 draco
3480 5625 3724 5695 nequis-

2113 5702 2271 5771 sime,
2298 5705 2353 5761 in
2391 5708 2611 5766 nomine
2638 5710 2763 5781 agni
2785 5710 3119 5769 immaculati
3150 5716 3243 5786 qui
3286 5716 3589 5774 ambulavit
3613 5734 3720 5776 su-

2109 5813 2209 5871 per
2237 5801 2478 5871 aspidem
2512 5810 2570 5859 et
2606 5803 2940 5874 basiliscum,
2972 5808 3069 5878 qui
3106 5808 3448 5867 conculcavit
3484 5811 3714 5873 leone-

422 5884 691 5940 cattnnem
728 5883 962 5941 nominis
984 5884 1061 5941 tui
1090 5886 1340 5957 gratiam,
1373 5895 1433 5943 ut
1458 5887 1549 5958 qui
1590 5888 1869 5959 hucusque
1894 5899 2004 5947 ter—
2107 5900 2165 5948 et
2192 5891 2510 5963 draconem,
2545 5904 2607 5952 ut
2654 5896 2902 5956 discedas
2932 5900 3002 5958 ab
3035 5901 3254 5960 homine
3276 5942 3293 5967 ,
3324 5902 3580 5963 discedas
3632 5907 3712 5963 ab
