3954 6342
285 326 391 386 85¹1

1003 336 1208 394 LIBER
1250 339 1888 404 SACRAMENTORUM.
1923 375 1995 388 ιο-
2031 347 2569 406 BENEDICTIONILS
2611 349 2822 404 ΕΡὰδᾷ

3436 355 3558 409 858.

285 441 531 538 Ecclesia
705 443 1087 506 Contremesce
1106 459 1163 508 et
1183 450 1375 524 effuge,
1409 455 1657 512 invocato
1686 460 1864 516 nomi-
1893 465 1944 528 Α
1968 463 2330 532 praesumebas
2350 465 2685 536 contingere.
2714 462 2925 520 Recede
2949 478 3078 534 ergo
3109 480 3251 520 nunc
3277 465 3554 538 adjuratus

283 551 357 592 ne
381 533 597 593 Domini
621 537 761 594 illius
787 555 946 611 quem
977 542 1134 599 inferi
1183 553 1462 616 tremunt,
1509 551 1596 606 cui
1639 552 1868 610 virtutes

284 629 550 686 caelorum
567 670 584 697 ,
611 640 668 687 et
693 641 990 702 potestates
1011 677 1028 704 ,
1055 647 1113 693 et
1157 637 1556 697 dominationes
1612 642 1868 712 subjectae

283 733 433 791 sunt,
468 741 628 796 quem
658 726 920 784 cherubin
955 738 1010 786 et
1034 731 1288 803 seraphin
1329 733 1616 791 indefessis
1644 736 1867 794 vocibus

282 813 524 872 laudant.
555 816 789 889 Imperat
819 821 913 877 tibi
952 823 1185 880 Verbum
1213 840 1342 881 caro
1371 825 1605 896 factum;
1639 831 1868 900 imperat

284 907 384 964 tibi
412 918 572 966 natus
598 926 660 967 ex
693 913 900 986 virgine
919 956 936 982 ,
961 916 1191 990 imperat
1219 919 1312 975 tibi
1341 917 1500 977 Iesus
1528 919 1862 991 Nazarenus,
1896 961 1919 975 .

281 1003 375 1072 qui
411 1011 493 1070 te,
521 1019 644 1060 cum
670 1005 962 1079 discipulos
999 1011 1116 1079 ejus
1138 1021 1533 1081 contemneres,
1561 1015 1787 1071 illaesum
1811 1022 1867 1071 et

278 1105 617 1164 prostratum
660 1099 812 1154 exire
851 1100 1012 1171 jussit
1039 1102 1107 1158 ab
1135 1103 1372 1161 homine.
1405 1106 1522 1174 Quo
1559 1115 1862 1178 praesente,

279 1199 404 1241 cum
429 1196 480 1243 te
509 1187 577 1243 ab
599 1190 816 1246 homine
837 1202 1140 1265 separasset
1159 1236 1175 1262 ,
1203 1212 1304 1252 nec
1326 1212 1616 1268 porcorum
1645 1213 1862 1271 gregem

351 1319 530 1405 fiiic.
561 1321 685 1378 ﬁnis
734 1335 852 1405 erat
896 1326 1020 1405 libri
1079 1329 1556 1405 Sacramentorum
1597 1333 1862 1390 Grimoldi

276 1389 493 1474 abbatis
516 1393 568 1448 in
596 1397 866 1474 praacipuo
893 1399 1077 1474 codice
1104 1418 1204 1474 ms.
1231 1403 1557 1474 Coloniensi.
1607 1405 1744 1472 Quia
1770 1389 1860 1460 ita};

274 1467 486 1545 menin
519 1467 1083 1545 prolpgqlmjusdibri
1123 1473 1284 1528 etiam
1325 1467 1710 1530 Prmi‘ation‘um
1744 1493 1859 1532 mc-

273 1537 435 1615 minit
465 1550 614 1615 quas.
636 1537 689 1591 in
721 1537 1051 1615 ﬁne‘codicis
1072 1544 1231 1615 hujus
1257 1545 1517 1614 posuerit,
1546 1556 1600 1600 et
1630 1547 1862 1602 Benedi-

272 1607 513 1688 ctionum
566 1607 635 1688 ab
683 1610 936 1688 episcopo
982 1607 1159 1688 super'
1176 1607 1436 1688 populum
1488 1607 1857 1684 dicendarum,

270 1687 374 1760 pec
419 1691 524 1756 non
555 1682 673 1760 ejus
701 1682 844 1760 quod
875 1685 928 1760 in
956 1682 1144 1740 codice
1256 1682 1510 1760 Gregorii
1544 1691 1611 1743 ad
1660 1682 1861 1760 gradus

269 1744 558 1826 inferiores
586 1744 663 1803 ’in
719 1744 960 1826 Ecclesia
996 1744 1434 1826 constituendd’s,
1460 1773 1565 1812 non
1606 1744 1857 1826 habetur,

1969 554 2024 609 in
2053 553 2270 609 nomine
2294 552 2409 623 ejus
2429 555 2497 610 ab
2526 555 2742 611 homine
2773 569 2932 626 quem
2961 555 3074 627 ipse
3096 555 3401 628 plasmavit.
3441 557 3548 613 Du-

1969 663 2090 704 rum
2119 648 2216 704 tibi
2237 657 2342 715 est,
2373 649 2590 706 Christo
2616 649 2755 706 velle
2792 651 3078 718 resistere,
3111 653 3305 708 durum
3333 664 3417 710 est
3445 655 3541 710 tibi

1969 747 2159 796 contra
2203 739 2479 795 stimulum
2533 741 2848 810 calcitrare;
2901 743 3030 814 quia
3081 753 3284 814 quanto
3337 745 3546 802 tardius

1968 832 2115 897 exis,
2145 838 2295 887 tanto
2323 831 2420 886 tibi
2459 831 2780 903 supplicium
2830 834 3004 905 majus
3049 834 3264 901 crescit,
3291 836 3544 906 quoniam

1967 939 2076 981 non
2125 925 2396 980 hominem
2425 927 2727 982 contemnis
2756 968 2771 994 ,
2803 929 2896 983 sed
2925 928 3073 984 illum
3095 927 3203 1001 'qui
3245 929 3551 984 dominator

1967 1018 2211 1074 vivorum
2231 1026 2288 1074 et
2303 1027 2636 1075 mortuorum
2657 1028 2762 1076 est.
2785 1019 2889 1088 Qui
2915 1029 3178 1078 venturus
3197 1030 3281 1078 est
3301 1021 3550 1093 judicare

1967 1110 2119 1166 vivos
2138 1117 2192 1166 et
2212 1117 2454 1166 mortuos
2477 1122 2526 1165 ε.

1968 1335 2233 1390 Caeterum
2278 1331 2692 1388 Benedictiones
2738 1331 3074 1403 episcopales
3103 1332 3354 1401 (quarum
3404 1327 3549 1403 frag:

1967 1415 2205 1461 mentum
2227 1419 2442 1474 quoque
2467 1413 2585 1459 erat
2610 1404 2711 1459 sub
2734 1400 2902 1472 iiitcm,
2925 1400 3266 1458 Colonie’nsis
3291 1400 3548 1474 prmcipui

1967 1477 2169 1533 codicis
2196 1471 2298 1530 alia
2341 1471 2506 1531 manu
2531 1475 2812 1546 scriptum)
2845 1491 2912 1530 cx
2941 1491 3042 1529 ms.
3075 1475 3198 1546 cod.
3234 1471 3547 1546 Ultrajecti-

1967 1492 2169 1533 coutcts
2196 1492 2298 1530 ana
2341 1492 2506 1531 manu
2531 1492 2636 1530 scri
2679 1492 2812 1546 tum)
2845 1492 2912 1530 cx
2941 1492 3042 1529 ms.
3075 1492 3198 1529 cou.
3237 1492 3547 1539 uurajecu-

1967 1563 2056 1609 no.
2103 1556 2157 1602 et
2191 1547 2295 1602 alio
2341 1546 2572 1618 quodam
2627 1492 2963 1608 Eoloniensi,
3015 1545 3106 1615 qui
3159 1542 3547 1618 episcopalium

1967 1618 2301 1674 functionum
2331 1613 2587 1673 Ordinem
2633 1613 3092 1686 complectebatur
3140 1613 3546 1684 descripsimus.

1966 1689 2034 1763 Et
2073 1689 2407 1763 Coloniensis
2434 1688 2648 1757 quidem
2703 1688 2791 1742 hic
2810 1687 3019 1763 _Codex
3070 1687 3259 1763 viginti
3316 1692 3550 1763 quatuor

1967 1759 2368 1816 Dominicarum
2399 1755 2519 1829 post
2545 1768 2768 1813 octavas
2810 1755 3158 1813 Pentecostes
3209 1755 3544 1829 Benedictio-

444 1822 1168 1912 £8363ltili-illlllttnquiceltt.
1203 1826 1375 1883 Porro
1405 1829 1471 1882 ad
1505 1822 1860 1912 Prml‘ationcs
1889 1847 1937 1908 Β
1967 1846 2066 1886 nes
2108 1822 2662 1912 suppeditavitnquas
2709 1829 2910 1884 idcirco
2945 1830 3107 1912 etiam
3152 1827 3380 1912 etquod
3406 1838 3546 1912 cum

267 1888 415 1969 quod
443 1889 655 1969 attinet,
681 1893 806 1969 quia
830 1895 1008 1969 nullus
1033 1896 1280 1954 codicum
1309 1914 1411 1954 ms.
1446 1902 1735 1969 separatim
1761 1916 1856 1958 eas

266 1960 606 2041 continebat,
639 1960 715 2018 ad
748 1964 1098 2041 Praafationes
1145 1970 1246 2041 sub
1293 1960 1682 2041 calcem'primi
1721 1974 1853 2028 tomi

263 2030 476 2112 posita-‘8
523 2030 781 2089 lectorem
827 2037 1154 2112 remittimus
1184 2039 1259 2112 (α)
1292 2030 1560 2112 utietiam
1590 2043 1657 2096 ad
1689 2043 1850 2098 Ordi-

267 2113 393 2155 nem
424 2100 724 2160 Romanum
748 2146 764 2172 ,
796 2108 939 2178 quod
970 2110 1036 2164 ad
1070 2100 1270 2183 gradus
1304 2111 1589 2168 inferiores
1633 2114 1844 2169 attinet.

1965 1893 2273 1974 evangeliis
2308 1893 2707 1974 Dominicarum
2759 1900 3104 1974 concordiam
3152 1893 3352 1974 habere
3401 1893 3540 1948 vide-

1963 1969 2170 2037 renttir,
2196 1972 2376 2043 priore
2407 1971 2523 2043 loco
2555 1969 3246 2043 collocavimus._Undecim
3269 1982 3394 2020 vero
3423 1978 3544 2033 quae

1963 2044 2091 2098 solae
2138 2039 2295 2099 erant
2341 2043 2396 2097 in
2455 2040 2809 2110 Ultrajectino
2856 2041 3041 2096 codice
3085 2047 3207 2110 post
3232 2039 3332 2093 has
3380 2049 3541 2106 repo-

1959 2115 2185 2172 suimus.

330 2233 406 2296 (α)
444 2235 500 2288 in
527 2242 693 2290 nostra
715 2240 934 2296 editione
966 2247 1135 2297 statim
1165 2255 1441 2310 sequuntur
1466 2246 1849 2300 Benedictiones
1871 2249 2194 2315 cpiscOpales.
2216 2248 2352 2304 Edit.

279 2394 3522 2423 Ἦ

829 2517 1787 2636 BENEDICTION
1798 2518 1962 2633 ES
2041 2523 2985 2644 EPISCOPALES

1524 2757 1663 2828 PER
1697 2769 1861 2827 ANNI
1895 2769 2274 2853 CIRCULUM.

1334 3115 1613 3181 JACOBI
1655 3116 1989 3180 PAMELII
2032 3114 2435 3180 MONITUM.

336 3306 358 3344 ι
387 3288 822 3365 Benedictionem
869 3291 1229 3365 episcopalem
1250 3333 1266 3359 ,
1298 3291 1474 3365 inquit
1525 3291 1840 3365 Badulphus
1869 3299 1915 3362 C

253 3361 612 3446 'l'qngrensis,
640 3362 706 3419 de
723 3361 858 3448 (ian.
885 3361 1138 3448 Observ,
1160 3361 1391 3448 proposf
1419 3363 1516 3420 ult.
1536 3407 1550 3429 ,
1579 3361 1840 3448 Martialis

251 3433 569 3508 episcopus,
620 3435 983 3508 apostolorum
1028 3433 1366 3508 discipulus,
1415 3451 1480 3492 ex
1526 3437 1838 3508 magisterio

253 3506 618 3575 apostolorum
650 3506 898 3574 tradidit,
923 3506 1241 3562 Ambrosius
1271 3507 1450 3563 dicere
1472 3506 1655 3574 coepit,
1685 3507 1840 3576 isque

252 3591 372 3631 mos
407 3590 475 3631 ex
502 3591 568 3632 eo
599 3590 987 3646 usquequaque
1025 3575 1320 3632 convaluit.
1369 3576 1713 3646 Apostolicus
1743 3575 1841 3630 au-

252 3656 362 3702 tem
392 3646 534 3716 hanc
577 3651 788 3716 tantum
823 3662 942 3716 quae
983 3646 1132 3702 ﬁnita
1167 3647 1331 3701 missa
1359 3647 1576 3712 dicitur,
1621 3646 1770 3701 dicit.
1813 3663 1833 3698 ι

248 3715 485 3772 Pulchre
528 3714 776 3786 profecto
805 3714 991 3786 paucis
1019 3717 1103 3772 his
1144 3717 1325 3772 verbis
1355 3717 1618 3786 integram
1645 3716 1726 3772 rei
1752 3730 1838 3773 se-

248 3788 387 3858 riem
415 3785 729 3858 complexus
749 3785 850 3858 est.
872 3788 1176 3843 divinorum
1205 3785 1502 3843 oiliciorum
1528 3787 1832 3858 indagator,

246 3857 294 3912 si
339 3857 464 3926 quis
512 3857 651 3912 alius
693 3857 1157 3928 diligentissimus.
1215 3857 1278 3913 Et
1317 3873 1446 3914 vero
1493 3857 1687 3928 primis
1728 3857 1834 3912 illis

248 3928 463 3998 szeculis
503 3929 757 3984 usitatam
797 3927 940 3986 hanc
983 3929 1412 3985 benedictionem
1453 3927 1836 3998 comprobatur

248 4013 314 4054 ex
356 3997 488 4071 locis
515 3999 622 4071 DD.
655 4000 887 4056 Damaso
913 4041 929 4067 ,
957 3999 1244 4056 Ambrosio
1267 4043 1282 4064 ,
1324 3997 1696 4071 Hieronymo)
1723 3999 1834 4054 Au-

290 4070 508 4142 ustino,
563 4070 1009 4142 Carthaginensis
1059 4071 1273 4128 concilii
1322 4069 1597 4142 Patrihus,
1653 4069 1834 4142 Leone

337 4156 443 4214 gno
469 4149 526 4198 et
547 4139 838 4214 Agatherisi
862 4142 1125 4211 concilio,
1153 4143 1435 4199 mutuatis.
1464 4140 1705 4210 Quorum
1730 4139 1834 4196 loci

518 4362 940 4407 BENBDICTIONES
969 4363 1037 4406 DE
1064 4363 1314 4408 ADVENTU
1341 4363 1549 4408 Milli".
1626 4367 1628 4370 ’

297 4464 673 4539 Omnipotens
716 4466 889 4534 Deus,
916 4465 1071 4536 cujus
1113 4465 1385 4538 Unigeniti
1441 4467 1731 4525 adventum
1775 4477 1833 4526 et

246 4559 575 4631 praeteritum
602 4557 842 4626 creditis,
866 4568 925 4615 et
950 4558 1188 4614 futurum
1209 4547 1561 4630 exspectatis,
1585 4559 1829 4630 ejusdem

245 4651 510 4707 adventus
527 4666 624 4707 vos
644 4650 1007 4708 illustratione
1032 4651 1355 4720 sanctiﬂcet,
1387 4661 1444 4709 et
1485 4669 1583 4710 sua
1612 4653 1832 4711 benedi-

247 4743 430 4799 ctione
453 4741 765 4814 locupletet.
799 4741 991 4798 Amen.

313 4853 373 4909 lu
405 4854 686 4926 praesentis
712 4853 839 4910 vita:
867 4853 1046 4922 stadio
1070 4868 1168 4939 vos
1218 4855 1288 4912 ab
1317 4855 1464 4912 omni
1505 4858 1830 4916 adversitate

241 4945 515 5015 defendat,
546 4956 602 5004 et
625 4962 684 5004 se
711 4948 868 5005 vobis
895 4949 949 5004 in
973 4947 1182 5020 judicio
1207 4949 1522 5020 placabilem
1553 4953 1824 5013 ostendat.

239 5038 435 5096 Amen.

311 5143 431 5212 Quo
469 5157 502 5200 a
533 5144 745 5202 cunctis
788 5153 1138 5216 peccatorum
1183 5147 1447 5217 contagiis
1484 5147 1715 5213 liberati,
1762 5149 1826 5205 il-

238 5233 343 5291 lius
391 5237 659 5294 tremendi
695 5237 964 5296 examinis
1008 5238 1150 5296 diem
1192 5241 1519 5310 exspectetis
1564 5240 1821 5299 interriti.

235 5329 433 5387 Amen.

309 5434 464 5505 Quod
507 5436 622 5509 ipse
661 5447 920 5509 praestare
960 5437 1236 5511 dignetur,
1266 5437 1358 5510 qui
1406 5454 1530 5494 cum
1574 5437 1734 5497 Patre
1767 5451 1824 5498 et

237 5529 443 5602 Spiritu
469 5540 657 5588 sancto
684 5532 814 5587 vivit
834 5539 888 5587 et
909 5531 1171 5604 gloriatur
1195 5533 1360 5600 Deus,
1387 5547 1484 5604 per
1508 5532 1688 5590 omnia
1715 5548 1817 5590 sae-

235 5623 356 5682 cula
383 5625 721 5681 saeculorum.
746 5625 939 5684 Amen.

307 5723 617 5782 Benedictio
646 5726 741 5784 Dei
768 5727 946 5785 Patris
967 5732 1008 5802 1-
1039 5740 1094 5786 et
1124 5731 1248 5788 Filii
1269 5733 1308 5806 -ι-
1336 5741 1391 5789 et
1426 5734 1660 5806 Spiritus
1688 5751 1815 5793 san-

227 5819 305 5872 cti
327 5820 390 5891 1-,
412 5829 468 5876 et
495 5837 598 5893 pax
630 5823 840 5878 Domini
869 5825 938 5880 sit
967 5841 1180 5895 semper
1204 5829 1501 5884 vobiscum.
1529 5829 1722 5886 Amen.

1859 4349 1918 4413 D

1947 3291 2122 3366 citati,
2151 3292 2426 3366 uti_recte
2472 3291 2862 3366 interpretatur
2903 3293 3221 3366 Microlngvu
3242 3335 3256 3352 .
3287 3309 3409 3366 cap.
3439 3296 3534 3363 2i,

1947 3366 2048 3420 has
2071 3363 2476 3419 benedictiones
2498 3405 2512 3430 ,
2546 3363 2703 3421 sicuti
2733 3377 2786 3422 et
2822 3365 3078 3421 Toletano
3105 3367 3334 3420 t'tttlt‘lllo
3357 3363 3536 3422 statu-

1948 3443 2063 3490 tum
2096 3433 2207 3506 l'uit
2228 3473 2243 3497 ,
2277 3441 2402 3488 ante
2431 3437 2862 3491 communionem
2892 3437 2958 3490 ab
2988 3437 3253 3506 epi~cupis
3295 3436 3420 3491 olim
3453 3438 3536 3492 fa-

1946 3515 2064 3562 ctas
2091 3505 2389 3574 indicant_:
2443 3507 2586 3574 quod
2619 3507 2911 3561 etiamnum
2962 3505 3239 3559 observari
3289 3507 3536 3564 videmus

1949 3575 2030 3630 ab-
2052 3575 2301 3646 episcopo
2323 3572 2639 3646 Parisiensi,
2664 3577 2788 3630 dum
2822 3576 3092 3646 publicum
3121 3577 3298 3631 missa!
3326 3576 3535 3632 sacriﬁ-

1948 3645 2381 3716 ciumrcelebrat.
2424 3645 2627 3700 Harum
2659 3646 2935 3716 exemplar
2967 3662 3065 3716 per
3093 3649 3217 3701 anni
3271 3646 3532 3702 circulum

1947 3715 2211 3788 adjecisse
2235 3729 2294 3788 se
2315 3714 2458 3788 dicto
2483 3717 2703 3788 prologo
2731 3714 2981 3788 testatur"
3008 3715 3388 3788 Grimaldus.‘
3425 3717 3532 3773 Ad-

1947 3786 2202 3850 didimus,
2232 3786 2426 3858 inquit,
2450 3786 2612 3858 etiam
2640 3786 2693 3843 et
2717 3787 3124 3843 benedictiones
3147 3828 3163 3854 ,
3191 3788 3259 3843 ab
3278 3787 3531 3858 episcopo

1947 3872 2111 3927 super
2131 3855 2385 3927 populum
2413 3857 2688 3914 dicendas.
2724 3879 2742 3910 ι
2772 3859 2950 3927 Quare
2971 3867 3026 3914 et
3048 3858 3184 3913 libro
3208 3855 3529 3913 Sacramen-

1947 3938 2124 3983 torum
2158 3927 2325 4009 ipsius
2345 3941 2444 4009 eas,
2469 3928 2886 4009 subiecimusdn
2912 3943 3099 4009 eorum
3125 3930 3371 4009 gratiam.
3386 3929 3527 4009 apud

1945 4013 2082 4070 quos
2109 3999 2283 4052 adhuc
2308 3998 2453 4070 viget
2473 4000 2562 4055 hic
2586 4000 3020 4056 benedictionum
3057 3998 3215 4066 ritus,
3273 4000 3374 4054 etsi
3410 3998 3525 4070 jam

1943 4067 2070 4124 inde
2108 4070 2176 4144 ab
2225 4067 2389 4125 aetate
2426 4070 2693 4142 Radulphi
2722 4069 2909 4128 Roma
2940 4086 2971 4127 a
3021 4086 3232 4128 summo
3272 4069 3527 4144 pontiﬁce

1943 4155 2050 4196 non
2073 4139 2412 4197 observatus.

2583 4349 2721 4407 Item
2745 4351 2872 4407 alia.

1955 4512 1970 4518 _
2008 4441 2361 4513 Omnipotens
2412 4441 2558 4500 Deus
2609 4459 2707 4500 vos
2756 4442 2970 4515 placido
2996 4443 3168 4500 'vultu
3227 4444 3518 4516 respiciat,

1939 4543 1996 4590 et
2029 4535 2083 4590 in
2113 4550 2208 4591 vos
2233 4551 2344 4591 sua:
2377 4535 2770 4592 benedictionis
2792 4536 2990 4591 donum
3018 4535 3283 4591 infundat.
3325 4536 3516 4590 Amen.

2006 4627 2075 4682 Et
2102 4627 2194 4698 Qui
2238 4628 2337 4683 bos
2382 4628 2496 4683 dies
2536 4627 2912 4683 incarnatione
2957 4625 3230 4700 Unigeniti
3263 4626 3347 4680 sui
3392 4625 3521 4681 fecit

1934 4721 2221 4786 solemnes,
2251 4737 2278 4776 a
2309 4720 2518 4776 cunctis
2563 4721 2849 4792 praesentis
2875 4729 2931 4776 et
2955 4718 3148 4776 futurae
3175 4719 3298 4774 vita:
3329 4719 3519 4774 adver-

1932 4815 2186 4872 sitatibus
2211 4829 2308 4871 vos
2333 4813 2524 4870 reddat
2549 4814 2848 4871 indemnes.
2879 4815 3071 4870 Amen.

2001 4907 2069 4963 Et
2095 4907 2187 4979 qui
2214 4907 2282 4963 de
2316 4907 2549 4963 adventu
2581 4905 2958 4978 Redemptoris
2999 4906 3172 4963 nostri
3219 4905 3515 4962 secundum

1930 5015 2148 5058 carnem
2201 5000 2394 5056 devota
2441 5007 2619 5054 mente
2667 4998 2957 5065 laetamini‘,
2993 4998 3047 5053 in
3090 4995 3346 5064 secundo,
3391 5012 3514 5052 cum

1928 5093 1983 5149 in
2012 5093 2292 5164 majestate
2319 5108 2416 5150 sua
2443 5092 2672 5159 venerit,
2705 5092 2942 5162 praemiis
2963 5100 3183 5148 aeternze
3214 5091 3341 5147 vita:
3369 5091 3511 5148 dite-

1927 5187 2080 5244 mini.
2106 5185 2302 5242 Amen.

1996 5278 2152 5347 Quod
2179 5280 2293 5350 ipse
2315 5287 2578 5350 praestare
2599 5278 2871 5352 dignetur.

1994 5369 2302 5427 Benedictio
2332 5369 2427 5426 Dei
2448 5369 2646 5426 Patris.

2555 5460 2693 5516 Item
2725 5461 2854 5518 alia.

1993 5557 2155 5622 Deus,
2181 5555 2336 5627 cujus
2363 5557 2628 5613 adventus
2650 5557 3036 5614 incarnationis
3053 5557 3360 5630 praeteritus
3389 5571 3506 5614 cre-

1925 5648 2099 5716 ditur,
2155 5657 2210 5704 et
2254 5647 2440 5718 judicii
2486 5657 2746 5706 venturus
2788 5659 3148 5721 exspectatur,
3214 5664 3310 5703 vos
3354 5657 3505 5704 ante-

1923 5755 2086 5812 quam
2138 5741 2350 5808 veniat,
2401 5743 2581 5816 expiet
2625 5744 2694 5801 ab
2743 5744 2891 5800 omni
2944 5743 3260 5815 contagione
3297 5739 3499 5799 delicti.

1920 5829 2112 5887 Amen.
