3954 6342
1398 350 1724 416 GRIMALDI
1766 350 2290 413 SANGALLENSIS
2336 348 2628 409 ABBATIS

3566 354 3672 412 860

466 483 622 542 Prius
649 482 705 540 iu
742 481 894 539 vobis
917 481 1089 538 diluat
1116 494 1279 537 omne
1321 479 1463 551 quod
1499 477 1589 533 illa
1634 458 1815 530 futura
1844 486 1974 529 era-
2002 475 2055 536 Α
2076 469 2283 537 fundat,
2328 478 2489 541 atque
2520 469 2635 543 ipso
2669 484 2886 543 pastore
2940 476 3132 531 vos'ad
3183 478 3516 530 aeternorum
3541 489 3672 547 gau-

394 577 693 636 minatione
741 575 1030 649 puniturus
1073 581 1176 643 est,
1202 582 1265 630 ut
1302 588 1425 630 cum
1466 571 1650 641 justus
1698 567 1979 625 advenerit

387 672 593 745 judex,
641 683 749 727 non
794 668 850 725 iu
911 667 1060 725 vobis
1124 667 1366 724 inveniat
1428 665 1569 722 quod
1632 663 1975 722 condemnet.

392 768 586 824 Amen.

464 858 581 927 Quo
605 856 871 925 veniente,
901 873 1012 914 non
1036 854 1329 914 incurratis
1351 852 1671 927 supplicium
1692 857 1976 918 aeternum,

393 950 488 1007 sed
520 949 675 1006 donis
700 950 1121 1006 remuneremini
1150 948 1517 1020 sempiternis.
1546 946 1738 1002 Amen.

466 1040 619 1110 Quod
647 1043 761 1113 ipse
782 1050 1045 1114 praestare
1074 1042 1346 1115 dignetur.

467 1133 800 1191 Benedictio.
1442 1137 1449 1143 '

1038 1247 1173 1304 Item
1214 1248 1345 1303 alia.

470 1359 633 1426 Deus,
665 1360 757 1430 qui
781 1374 876 1417 vos
895 1367 952 1418 et
978 1360 1178 1432 prioris
1199 1361 1467 1415 adventus
1492 1357 1664 1430 gratia
1686 1353 1982 1427 reparavit,

395 1464 452 1508 et
476 1453 528 1508 in
548 1453 787 1508 secundo
809 1453 1059 1509 daturum
1086 1467 1145 1507 se
1177 1453 1329 1507 vobis
1371 1466 1597 1523 regnum
1627 1464 1750 1504 cum
1781 1448 1987 1503 sanctis

397 1543 604 1615 a'rgciis
647 1542 980 1613 repromisit,
1036 1544 1298 1599 adventus
1348 1541 1430 1598 sui
1479 1554 1576 1597 vos
1624 1538 1987 1595 illustratione

398 1636 723 1691 sanctilicet.
747 1636 942 1690 Amen.

474 1727 697 1783 Vincula
725 1737 904 1784 vestra
926 1727 1185 1784 dissolvat
1206 1735 1501 1797 antequam
1532 1723 1737 1787 veniat,
1766 1729 1826 1777 ιιι
1854 1720 1989 1777 libe-

403 1817 504 1873 rati
531 1836 561 1872 a
591 1819 816 1875 vinculis
846 1830 1214 1890 peccatorum,
1243 1817 1479 1874 interriti
1503 1816 1845 1871 tremendum
1870 1813 1989 1882 ejus
2014 1849 2064 1911 Β

402 1913 730 1977 exspectetis
758 1914 1067 1971 adventum.
1098 1916 1292 1970 Amen.

475 2006 545 2062 Et
571 2021 728 2075 quem
760 2009 970 2064 venisse
1006 2009 1058 2062 in
1084 2009 1242 2063 terris
1272 2021 1369 2078 pro
1411 2014 1590 2061 vestra
1617 1986 1789 2058 salute
1818 2000 1989 2073 credi-

404 2098 497 2161 tis,
525 2106 917 2170 venturumque
940 2101 1005 2155 ad
1029 2099 1293 2165 judicium
1323 2096 1622 2161 sustinetis,
1646 2096 1763 2166 ejus
1780 2095 1999 2149 adven-

404 2198 491 2246 tus
518 2192 741 2262 gloriam
773 2192 1025 2264 impavidi
1060 2193 1373 2246 mereamiui
1401 2189 1668 2247 contueri.

475 2280 627 2350 Quod
661 2284 773 2352 ipse
793 2292 1050 2353 praestare
1078 2283 1349 2353 dignetur.

473 2370 805 2428 Benedictio.

458 2498 775 2540 DENEDICTIO
804 2499 1037 2541 PBOXIIA
1072 2499 1326 2542 DOIINIGA
1364 2497 1682 2539 Μτινιτιιτι
1712 2494 1923 2535 DOIINI.

476 2598 685 2666 Excita,
709 2601 952 2666 Domine,
982 2602 1277 2672 potentiam
1325 2610 1470 2654 tuam
1497 2640 1512 2664 ,
1561 2608 1615 2653 et
1646 2596 1768 2652 veni
1798 2597 1862 2653 ad
1890 2596 1995 2652 sal—

405 2692 681 2759 vatioucm
715 2692 899 2763 populi
927 2693 1026 2759 tui,
1057 2708 1217 2764 quem
1258 2690 1536 2764 acquisisti
1573 2689 1834 2760 sanguine
1878 2697 1991 2759 tuo,

406 2800 474 2841 ne
524 2787 577 2840 in
605 2787 724 2855 ejus
752 2787 1054 2858 perditione
1093 2802 1267 2843 serus
1313 2787 1399 2841 ille
1439 2784 1671 2841 exsultet
1716 2783 1994 2848 inimicus,

406 2894 566 2950 quem
592 2881 854 2936 adventus
876 2882 952 2936 tui
973 2883 1214 2951 potentia
1242 2884 1443 2944 dudum
1465 2878 1599 2935 liber
1620 2878 1704 2933 usti
1734 2892 1832 2949 per
1874 2892 1994 2948 gra-

407 2970 558 3026 tiam.
591 2973 781 3029 Amen.

480 3062 564 3118 Sit
587 3063 844 3120 fortitudo
870 3068 1106 3123 dexterae
1142 3075 1249 3122 ture
1294 3068 1359 3120 ai
1403 3070 1796 3137 protectitntem
1840 3064 2000 3135 hujus

407 3150 627 3207 familite
654 3164 890 3224 tuae,pro
911 3172 1013 3225 qua
1042 3158 1288 3227 dignatus
1304 3174 1361 3211 es
1385 3158 1487 3211 hoc
1513 3166 1754 3227 tempore
1777 3171 1995 3212 carnem

407 3240 631 3321 induere
656 3244 991 3311 virginalem.
1022 3247 1215 3301 Amen.

480 3331 552 3388 Ut
578 3333 703 3387 du."
739 3334 1104 3391 infirmitatem
1153 3344 1392 3392 nostram
1438 3346 1527 3392 tua
1575 3338 1856 3394 clementia
1886 3354 1993 3395 non

407 3425 644 3498 ignoras,
669 3442 881 3482 onmem
903 3429 1041 3484 hanc
1074 3428 1368 3485 Ecclesiam
1396 3438 1543 3485 tuam
1573 3438 1677 3486 tute
1701 3431 2000 3487 divinitatis

406 3515 594 3588 clypeo
615 3527 884 3590 protegas.
920 3520 1112 3576 Amen.

484 3608 634 3675 Quod
665 3610 778 3679 ipse
804 3620 1084 3681 praestare.

476 3697 814 3756 Benedictio.

549 3832 605 3872 IN
635 3832 834 3874 VIGILIA
861 3833 1092 3875 ιιΑτΑιιε
1121 3834 1305 3875 ιδοιίιθιι
1339 3835 1438 3875 νει.
1467 3832 1843 3876 ΤΗΕΟΡΗΑΝΙΒ.

478 3927 640 3992 Dens,
678 3929 768 3999 qui
799 3928 916 3985 Filii
949 3930 1031 3987 sui
1060 3931 1267 3987 Domini
1294 3931 1461 3987 nostri
1489 3930 1615 3986 Iesu
1658 3929 1861 3986 Christi
1886 3930 1990 3983 hu-

409 4016 640 4073 militate
661 4018 932 4089 jacentem
956 4021 1213 4077 mundum
1245 4022 1496 4092 dignatus
1522 4031 1608 4077 est
1628 4022 1861 4091 erigere,
1887 4036 1999 4078 suae

407 4121 507 4163 vos
556 4108 945 4163 benedictionis
978 4126 1204 4181 capaces
1230 4112 1481 4182 dignetur
1519 4110 1751 4166 enitere.
1799 4112 1996 4167 Amen.

486 4198 554 4256 Ut
577 4210 813 4256 veterem
858 4203 1188 4273 deponentes
1236 4203 1409 4256 Adam
1448 4219 1571 4257 cum
1602 4202 1812 4258 actibus
1850 4203 1964 4258 suis

408 4293 557 4350 illius
606 4297 1019 4351 conversatione
1044 4296 1376 4367 vivatis,-qni
1407 4306 1528 4366 post
1571 4296 1737 4351 Deum
1781 4304 1999 4351 creatus

409 4396 494 4443 est
521 4386 573 4441 in
594 4385 807 4456 jnstit-a
835 4398 891 4443 et
912 4389 1200 4444 sanctitate
1225 4388 1491 4444 veritatis.
1512 4386 1708 4443 Amen.

483 4481 682 4553 Sicque
734 4485 800 4539 ab
825 4498 891 4538 eo
920 4482 1078 4539 hodie
1126 4481 1611 4539 sanctiticationem
1656 4480 1995 4547 mereamini.

2079 561 2293 620 diorum
2316 576 2515 635 pascua
2540 571 2741 620 {eterna
2771 565 3053 637 perducat.
3092 563 3287 620 Amen.

2149 657 2218 711 Et
2240 656 2333 728 qui
2376 671 2474 729 per
2526 657 2645 728 ejus
2676 656 3108 714 incarnationem
3161 666 3381 713 terrena
3434 656 3676 715 coelesti-

2078 750 2182 807 bus
2229 749 2479 817 sociavit,
2532 758 2750 806 aeternae
2778 750 2930 820 pacis
2972 759 3027 807 et
3051 750 3208 807 boote
3248 749 3550 806 voluntatis
3574 765 3674 807 ne-

2082 853 2230 898 mare
2260 856 2359 897 vos
2390 840 2624 914 repleat,
2657 850 2713 898 ct
2740 842 2983 900 caelestis
3018 841 3224 899 militiae
3254 838 3675 899 consortesel'ﬁ-

2083 935 2210 990 ciat.
2248 935 2441 991 Amen.

2153 1029 2307 1097 Quod
2340 1030 2452 1100 ipse
2474 1037 2735 1102 praestare

2152 1121 2483 1179 Benedictio.

2278 1251 2329 1290 Β.
2362 1250 2414 1291 IN
2442 1250 2615 1291 NOCTE
2646 1249 2875 1290 NA'I‘ALIS
2900 1248 3108 1300 DOIINI,
3135 1247 3300 1288 PRIIO
3327 1246 3496 1287 ωιιιε.

2156 1325 2507 1399 Omnipotens
2560 1325 2741 1389 Deus,
2793 1326 2886 1396 qui
2944 1340 3106 1381 omne
3149 1341 3318 1400 genus
3379 1326 3680 1380 humanum

2086 1419 2326 1475 tenebris
2375 1418 2709 1475 infidelitatis
2760 1422 3116 1482 obcaecatum,
3172 1417 3486 1474 visitatione
3541 1434 3682 1474 vera:

2087 1510 2222 1568 lucis
2262 1511 2421 1567 hodie
2468 1510 2777 1577 illustravit,
2827 1510 2941 1581 ipse
2989 1526 3086 1567 vos
3122 1510 3458 1566 intrinsecus
3487 1518 3545 1563 et
3585 1524 3682 1563 ex-

2091 1605 2360 1659 trinsecus
2390 1603 2577 1674 gratiae
2608 1619 2719 1658 suae
2756 1602 3136 1658 benedictione
3166 1601 3454 1657 illuminet.
3488 1602 3677 1662 Amen.

2162 1693 2232 1749 Ut
2258 1694 2512 1764 pannosis
2541 1693 2886 1748 tenebrarum
2912 1693 3166 1764 operibus
3188 1691 3442 1759 objectis,
3494 1689 3685 1745 lucidis

2085 1783 2308 1855 iustitiae
2362 1784 2701 1841 vestimentis
2742 1785 3025 1850 adornati,
3084 1785 3343 1840 decenter
3390 1783 3685 1847 incedatis,

2089 1888 2302 1951 patrum
2357 1879 2613 1934 videlicet
2640 1878 2903 1951 exemplis
2948 1878 3188 1944 calciati,
3244 1878 3505 1935 castitate
3530 1891 3691 1933 renes

2089 1970 2339 2037 accincti,
2369 1970 2645 2027 Christum
2678 1970 2873 2039 induti,
2908 1981 3062 2029 scuto
3103 1970 3225 2027 fidei
3259 1969 3478 2035 muniti,
3510 1969 3689 2039 gladio

2089 2064 2261 2143 sancti
2283 2062 2522 2135 Spiritus
2542 2066 2756 2127 armati.
2811 2066 2961 2138 galea
2992 2065 3108 2136 spei
3141 2063 3409 2128 decorati,
3452 2063 3690 2120 Charita-

2092 2153 2160 2209 tis
2195 2154 2361 2223 pallio
2388 2157 2649 2225 cooperti.
2679 2156 2874 2211 Amen.

2163 2244 2437 2314 Quatenus
2468 2247 2568 2303 hoc
2621 2248 2821 2303 amictu
2851 2262 2950 2318 per
2996 2248 3233 2303 hostium
3278 2263 3488 2305 cuneos
3541 2248 3692 2306 illaesi

2091 2344 2456 2404 transeuntes,
2487 2350 2542 2394 et
2568 2341 2859 2402 immunes,
2905 2339 2974 2394 ad
3019 2355 3202 2411 regem
3228 2352 3500 2407 vestrum,
3523 2356 3689 2410 quem

2093 2432 2146 2488 in
2185 2432 2450 2504 prtesepio
2476 2432 2759 2504 parvulum
2786 2433 3041 2489 invenere
3067 2442 3337 2505 pastores,
3368 2434 3425 2489 iu
3462 2447 3693 2506 regnum

2094 2524 2358 2581 caelorum
2384 2524 2714 2597 perveniatis
2740 2533 2986 2582 ovantes.
3015 2525 3210 2581 Amen.

2167 2616 2321 2682 Quod
2351 2617 2466 2687 ipse
2494 2626 2772 2688 prtestare.

2164 2708 2501 2767 Benedictio.

2515 2817 2565 2857 Β.
2599 2815 2653 2856 IN
2692 2815 2780 2859 DIE
2803 2814 3031 2857 NA'I‘ALIS
3059 2814 3265 2856 DOMINI.

2164 2893 2459 2950 Benedicat
2505 2909 2601 2949 vos
2635 2893 2980 2966 omnipotens
3027 2893 3191 2958 Deus,
3244 2902 3604 2967 vestramque
3630 2896 3697 2954 ad

2098 2997 2328 3053 superna
2378 2984 2581 3039 excitet
2608 2984 2987 3043 intentionem,
3047 2985 3137 3054 qui
3189 2985 3329 3039 hanc
3386 2987 3697 3044 sacratissi-

2097 3089 2242 3128 matn
2294 3073 2439 3129 diem
2476 3075 2761 3131 nativitate
2794 3074 2917 3131 Filii
2949 3078 3032 3131 sui
3056 3076 3183 3132 fecit
3208 3091 3331 3133 esse
3369 3078 3691 3135 solemnem.

2100 3165 2294 3220 Amen.

2174 3256 2239 3311 Et
2264 3257 2358 3327 qui
2386 3271 2530 3320 eum,
2567 3257 2658 3327 qui
2695 3259 2850 3330 panis
2876 3268 2960 3314 est
2991 3261 3330 3332 angelorum,
3382 3263 3439 3318 in
3469 3265 3693 3336 ιιι-εδερί

2101 3348 2356 3404 Ecclesiae
2385 3350 2564 3404 cibum
2590 3349 2721 3405 fecit
2748 3365 2869 3406 esse
2913 3350 3152 3407 fidelium
3191 3356 3534 3421 animalium,
3590 3358 3695 3427 ipse

2100 3458 2197 3497 vos
2238 3442 2372 3497 etin
2407 3444 2659 3513 pra-senti
2711 3443 2907 3501 saeculo
2953 3447 3242 3517 degustare
3273 3446 3440 3503 faciat
3465 3460 3694 3505 aeterno-

2100 3549 2221 3587 rum
2248 3532 2585 3588 dulcedinem
2629 3534 2973 3606 gaudiorum,
3028 3546 3083 3591 et
3115 3536 3168 3593 in
3200 3537 3384 3593 futuro
3435 3541 3694 3610 perducat

2100 3625 2167 3679 ad
2194 3625 2505 3679 satietatem
2552 3623 2673 3697 [at.,
2704 3627 3050 3701 societatem]
3092 3639 3423 3685 aeternorum
3449 3631 3697 3702 praemio-

2102 3730 2240 3772 rum.
2273 3717 2467 3775 Amen.

2172 3810 2384 3881 Quique
2414 3810 2534 3879 ejus
2565 3810 2851 3867 infantiam
2875 3810 3073 3868 vilibus
3103 3811 3271 3868 voluit
3301 3811 3450 3868 indui
3481 3814 3692 3885 pannis,

2101 3904 2216 3975 ipse
2242 3919 2339 3959 vos
2362 3904 2669 3961 caelestium
2696 3907 3138 3962 vestimentorum
3165 3908 3387 3964 inducat
3408 3924 3698 3966 ornamen-

2104 3997 2191 4051 tis.
2220 3996 2414 4051 Amen.

2172 4088 2325 4156 Quod
2352 4089 2468 4161 ipse
2489 4097 2754 4162 praestare
2780 4089 3055 4163 dignetur,
3082 4091 3235 4162 cujus
3258 4100 3509 4165 regnum.

2497 4220 2547 4259 Β.
2586 4220 2639 4260 IN
2668 4220 2864 4260 NA'I‘ALI
2897 4222 2943 4261 8.
2986 4221 3269 4261 STEPHANI.

2176 4293 2341 4361 Deus,
2379 4295 2470 4365 qui
2496 4294 2575 4361 B._
2598 4295 2935 4369 Stephanum
2983 4306 3443 4374 protontartyrem
3470 4315 3693 4356 corona-

2101 4389 2200 4455 vit,
2230 4398 2284 4445 et
2309 4389 2652 4457 confessione
2684 4392 2830 4457 ﬁdei,
2882 4402 2934 4448 et
2970 4410 3138 4464 agone
3168 4395 3438 4466 martyrii,
3488 4407 3692 4451 mentes

2101 4497 2314 4540 vestras
2360 4484 2661 4542 circumdet
2713 4486 2765 4542 in
2798 4487 3051 4559 praesenti
3084 4488 3283 4545 saeculo
3311 4502 3511 4544 corona
3544 4478 3692 4557 justi-

410 4586 678 4645 quatenus
706 4574 1042 4631 nativitatem
1068 4575 1366 4632 Salvatoris
1385 4574 1469 4630 die
1492 4574 1724 4628 crastina
1756 4572 1998 4627 celebra-
2022 4582 2076 4643 ι)
2102 4579 2209 4643 tite,
2238 4578 2366 4634 etin
2409 4576 2592 4636 futuro
2616 4580 2876 4650 perducat
2905 4595 2999 4636 vos
3047 4581 3113 4635 ad
3166 4594 3429 4636 coronam
3481 4579 3681 4652 gloriae.

412 4668 541 4732 turi,
565 4668 1011 4724 convenientibus
1060 4667 1136 4722 illi
1167 4667 1442 4739 obsequiis
1469 4664 1719 4722 existatis
1762 4663 1992 4735 accepti.

410 4759 607 4815 Amen.

483 4850 636 4919 Quod
667 4852 1087 4923 ipse-praestare.

484 4941 814 4998 Benedictio.

554 5073 604 5115 Ι.
636 5074 689 5115 IN
717 5073 888 5116 κοετκ
907 5074 1335 5116 ΝΑΤΑΠΒΒΟΙΙΙΝΙ
1362 5073 1523 5115 PRIIO
1548 5072 1854 5115 GALLICIUI.

483 5173 840 5246 Omnipotens
868 5174 1031 5242 Deus,
1077 5176 1167 5246 qui
1201 5176 1572 5232 incarnatione
1602 5170 1877 5245 Unigeniti
1917 5170 2004 5229 sui

413 5267 599 5325 mundi
634 5265 887 5321 tenebras
917 5265 1192 5339 eﬁ‘ugavit,
1222 5277 1279 5324 et
1303 5266 1419 5337 ejus
1446 5267 1680 5339 gloriosa
1721 5267 2005 5322 nativitate

415 5361 557 5419 hanc
581 5361 1002 5418 sacratissimum
1028 5372 1237 5419 noctem
1269 5362 1573 5426 irradiavit,
1614 5360 1812 5432 etfuget
1840 5374 1871 5412 a
1903 5372 2001 5413 vo-

414 5450 501 5511 bis
528 5456 775 5510 tenebras
804 5453 1079 5520 vitiorum,
1124 5464 1178 5510 et
1208 5454 1430 5512 irradiet
1479 5454 1643 5509 corda
1670 5463 1851 5507 vestra
1883 5450 2002 5505 luce

414 5549 693 5606 virtutum.
735 5547 928 5605 Amen.

486 5641 698 5714 Quique
721 5643 837 5709 ejus
858 5642 1238 5697 sacratissimse
1278 5638 1576 5695 nativitatis
1597 5640 1851 5711 gaudium
1884 5656 2005 5697 ma~

320 5788 329 5797 ‘
416 5749 580 5807 gnum
608 5735 912 5806 pastoribus
942 5737 1009 5791 ab
1041 5733 1230 5805 angelo
1260 5732 1428 5787 voluit
1459 5732 1723 5796 nuntiari,
1772 5732 1889 5803 ipse
1917 5747 2006 5788 su-

414 5846 515 5903 per
545 5845 643 5889 vos
690 5827 1085 5888 benedictionis
1124 5841 1236 5883 sua:
1261 5823 1630 5898 gratissimum
1662 5822 1890 5883 imbrem
1910 5824 2031 5880 ~iu--

2074 4669 2294 4752 _Amen.

2174 4763 2319 4818 Illius
2340 4764 2564 4819 obtentu
2595 4764 2800 4819 tribuat
2825 4765 2978 4820 vobis
3007 4764 3101 4820 Dei
3129 4773 3185 4821 et
3226 4762 3464 4836 proximi
3511 4765 3688 4822 chari-

2103 4863 2213 4912 tate
2242 4870 2458 4927 semper
2478 4858 2798 4921 exuberare,
2830 4857 2921 4927 qui
2948 4857 3090 4913 hanc
3116 4858 3323 4913 studuit
3351 4859 3522 4916 etiam
3562 4860 3694 4915 inter

2103 4948 2455 5019 lapidantium
2478 4949 2711 5024 impetus
2732 4950 2997 5006 obtinere.
3026 4950 3221 5007 Amen.

2178 5041 2296 5110 Quo
2322 5041 2440 5112 ejus
2467 5041 2715 5111 exemplo
2767 5043 3023 5109 roborati,
3060 5051 3113 5097 et
3142 5042 3541 5099 intercessione
3587 5056 3695 5099 mu-

2107 5137 2228 5203 niti,
2251 5136 2320 5193 ab
2351 5153 2417 5192 eo
2444 5150 2608 5207 quem
2662 5136 2777 5205 ipse
2800 5151 2831 5189 a
2869 5136 3076 5191 dextris
3122 5135 3217 5191 Dei
3256 5136 3392 5191 vidit
3435 5144 3689 5201 “unum,

2108 5232 2426 5287 mereamini
2452 5230 2719 5287 benedici.
2742 5230 2937 5284 Amen.

2180 5326 2333 5394 Quod
2361 5327 2477 5398 ipse
2503 5335 2765 5397 praestare
2810 5324 3082 5397 dignetur,
3107 5322 3200 5395 qui
3223 5339 3346 5380 cum
3371 5323 3555 5381 Patre.

2550 5424 2686 5500 BalN
2713 5459 2911 5500 ιιΑτΑιι
2956 5458 3003 5499 8.
3039 5458 3273 5499 ιοΑΜιιε.

2176 5533 2532 5606 Omnipotens
2568 5536 2711 5592 Deus
2756 5537 3010 5607 dignetur
3031 5536 3186 5592 vobis
3231 5551 3331 5607 per
3352 5536 3694 5595 intercessio-

2105 5645 2229 5686 nem
2256 5629 2315 5683 Β.
2346 5627 2568 5684 Ioannis
2617 5630 2842 5699 apostoli
2889 5638 2945 5684 et
2970 5627 3314 5699 evangelista:
3355 5629 3693 5697 benedicere,

2105 5723 2197 5796 qui
2225 5738 2321 5794 per
2344 5737 2469 5777 eum
2514 5736 2712 5778 arcana
2755 5722 2907 5778 verbi
2954 5722 3037 5778 sui
3068 5721 3237 5777 voluit
3260 5719 3523 5779 Ecclesia
3551 5738 3695 5779 rere-

2105 5817 2243 5876 lare.
2271 5816 2471 5873 Amen.
