3954 6342
202 428 292 489 861

892 413 1092 473 LIBER
1131 406 1772 472 SAGRAMENTORUM.
1807 428 1881 450 -ἀι
1920 400 2470 465 BENEDICTIONES
2516 402 2732 461 EPISC.

3345 397 3451 457 862
3464 422 3467 425 ·

265 538 528 604 Concedat
552 536 727 603 vobis,
755 541 817 590 ut
842 533 986 604 quod
1028 530 1118 588 ille
1147 528 1393 602 "Spiritus
1421 526 1597 584 sancti
1644 536 1762 581 mu-
1787 527 1839 590 Α
1934 522 2142 592 Detque
2186 518 2340 577 vobis
2381 530 2564 574 veram
2618 515 2880 573 mentium
2927 511 3315 577 innocentiam,
3356 498 3451 582 qui

166 606 177 617 ’
203 650 324 698 nere
353 631 559 689 amatus
583 626 781 684 vestris
822 624 1045 681 auribus
1080 621 1296 689 infudit,
1325 618 1565 690 ejusdem
1595 615 1767 689 Spiri-

201 737 285 792 tus
310 729 445 784 dono
469 730 665 794 capere
682 727 863 776 mente
885 717 1129 774 valeatis.
1157 715 1349 772 Amen.

1868 624 2031 686 super
2060 609 2405 685 Unigenitum
2435 624 2591 667 suum
2623 606 2885 682 Spiritum
2935 614 3181 663 sanctum
3233 603 3457 659 demon-

1869 702 2031 765 strari
2060 704 2225 763 voluit
2273 718 2374 777 per
2408 702 2755 770 columbam;
2786 713 2959 773 eaque
3001 700 3202 755 virtute
3244 701 3455 753 mentes

266 821 401 890 Quo,
426 789 553 889 ejus
570 815 894 872 documento
929 813 998 868 de
1028 810 1310 868 divinitate
1339 807 1509 864 nostri
1531 804 1765 865 Redem-
1872 808 2065 856 vestrae
2095 805 2452 871 exerceantur
2480 796 2546 852 ad
2589 794 2932 867 intelligenda
2963 790 3156 849 divinae
3202 789 3334 860 legis
3369 803 3458 843 ar-

203 915 364 991 ptoris
387 909 582 976 edocti,
634 917 699 964 etv
737 905 967 963 amando
1014 903 1159 976 quod
1187 901 1446 968 tradidit,
1495 909 1551 956 et
1579 898 1771 971 praedi-

1870 906 2030 959 cana,
2052 906 2159 963 qua
2206 891 2260 947 in
2284 889 2432 947 Cana
2456 882 2694 947 Galilaéae
2734 887 2956 960 lympha
3002 885 3057 941 in
3102 884 3287 939 vinum
3328 897 3459 939 con-

204 987 365 1066 cando
390 1003 529 1074 quod
560 1001 766 1066 docuit,
813 1007 869 1055 et
897 995 1245 1068 exsequendo
1296 993 1439 1067 quod
1467 990 1646 1062 jussit,
1700 989 1771 1046 ad
1872 999 2027 1043 versa
2052 993 2156 1042 est.
2178 987 2372 1040 Amen.

204 1100 332 1158 dona
362 1095 640 1168 pervenire
668 1092 1008 1156 mereamini,
1060 1105 1181 1162 qua-
1209 1089 1351 1163 idem
1381 1086 1641 1144 Dominus
1668 1099 1772 1142 no-

203 1199 308 1251 ster
329 1189 481 1247 Iesus
504 1188 752 1245 Christus
775 1183 1103 1258 repromisit.
1135 1182 1331 1239 Amen.

266 1282 411 1352 Quod
436 1283 549 1353 ipse
571 1288 852 1353 praestare.

548 1408 555 1416 ’
602 1412 651 1451 Β.
678 1410 732 1451 IN
756 1407 954 1450 NA'I‘ALI
980 1400 1345 1449 INNOCENTUI.

1944 1080 2099 1151 Quod
2120 1081 2236 1153 ipse
2253 1084 2511 1153 praestare
2538 1076 2808 1149 dignetur.

2275 1211 2329 1252 Β.
2361 1210 2414 1251 IN
2440 1207 2652 1252 οοτΑνΑ
2677 1201 3048 1247 ἸἪΕΟΡΒΑΝΙΕο
3484 1248 3489 1256 ι

1946 1309 2117 1366 Deum
2142 1304 2472 1364 mirabilium
2511 1310 2568 1360 et
2590 1301 2851 1358 virtutum
2875 1304 3150 1354 auctorem
3195 1290 3465 1364 supplices

1876 1415 2189 1465 exoramus,
2223 1408 2284 1455 ut
2325 1398 2418 1469 qui
2446 1412 2505 1454 se
2534 1403 2662 1451 tunc
2691 1391 2878 1448 mundi
2927 1390 3106 1444 lumen
3133 1384 3304 1443 stella:
3340 1397 3468 1456 pro-

266 1488 617 1559 Omnipotens
645 1486 787 1542 Deus
806 1527 822 1553 ,
856 1500 955 1557 pro
985 1481 1137 1552 cujus
1166 1477 1435 1554 Unigenlti
1466 1476 1774 1535 veneranda

1917 1493 2014 1549 idit
2038 1490 2263 1554 lumine,
2301 1500 2356 1545 et
2381 1487 2446 1542 ad
2477 1501 2636 1559 quem
2663 1482 2912 1540 claritate
2944 1479 3141 1536 sideris
3167 1476 3308 1547 magi
3340 1489 3467 1544 per-

202 1582 434 1646 infantia,
464 1579 738 1636 infantum
770 1579 1116 1634 innocentum
1157 1584 1407 1631 catervas
1440 1573 1668 1629 Herodis
1694 1571 1776 1628 fu-

200 1674 327 1730 nesti
351 1673 579 1744 peremit
604 1672 831 1735 saevitia.
859 1683 971 1726 suae
983 1669 1136 1726 vobis
1162 1665 1551 1747 benedictionis
1578 1665 1778 1721 tribuat

200 1767 325 1823 dona
356 1765 689 1837 gratissima.
713 1763 904 1819 Amen.

262 1859 324 1914 Et
339 1859 427 1929 qui
442 1857 529 1914 eis
552 1857 893 1914 concessitut
911 1854 1129 1911 unicum
1142 1853 1338 1908 Filium
1358 1849 1475 1922 ejus
1487 1851 1773 1908 Dominum

196 1958 429 2011 nostrum
458 1964 575 2004 non
598 1947 887 2018 loquendo,
940 1947 1034 2002 sed
1056 1943 1337 2000 moriendo
1365 1942 1773 2009 confiterentur,

195 2044 442 2102 concedat
469 2042 631 2099 vobis
659 2050 721 2097 ut
747 2040 907 2097 Iidem
941 2053 1146 2104 veram,
1178 2052 1342 2107 quam
1384 2037 1569 2109 lingua
1600 2043 1780 2091 vestra

194 2135 405 2203 fatetur,
442 2136 617 2192 etiam
654 2149 836 2191 mores
865 2132 1043 2206 probi,
1084 2139 1139 2187 et
1174 2130 1287 2185 vita
1330 2128 1672 2200 inculpabilis
1701 2126 1786 2183 fa-

195 2237 378 2286 icitur.
406 2228 608 2285 Amen.

257 2324 463 2393 Quique
495 2337 591 2379 eos
617 2321 947 2394 primitivum
978 2318 1212 2376 fructum
1242 2326 1444 2375 sanctas
1472 2332 1585 2373 sua:
1607 2328 1787 2372 susce-

195 2413 267 2485 pit
299 2414 578 2480 Ecclesiae,
627 2427 750 2469 cum
782 2402 961 2468 fructu
1012 2411 1278 2468 bonorum
1306 2423 1531 2479 operum
1576 2421 1674 2463 vos
1700 2405 1784 2462 fa-

194 2506 292 2562 ciat
313 2505 604 2577 pervenire
634 2504 702 2560 ad
731 2504 922 2576 gaudia
949 2512 1167 2559 mteruae
1194 2503 1407 2576 patriae.
1440 2501 1639 2557 Amen.

258 2600 404 2670 Quod
430 2602 553 2673 ipso
576 2610 838 2672 praestare
870 2599 1144 2672 dignetur.

396 2790 399 2795 _
499 2731 550 2770 Β.
579 2728 834 2771 DOIINICA
862 2727 995 2769 POS'I‘
1025 2725 1236 2767 NA’I‘ALE
1264 2724 1470 2766 DOUINI.

260 2807 418 2873 Deus,
472 2805 568 2876 qui
617 2802 966 2877 Unigenitum
1014 2816 1171 2860 suum
1231 2800 1378 2858 misit
1416 2808 1478 2857 ut
1527 2799 1803 2873 mundum

197 2897 439 2964 saivaret,
471 2896 717 2967 ejusdem
747 2893 936 2953 salutis
964 2908 1063 2951 vos
1084 2894 1381 2966 participes
1401 2890 1626 2954 eiliciat.
1652 2898 1709 2948 et
1730 2890 1787 2948 in

197 2994 258 3049 ea
281 2990 709 3065 perseverabiles
737 2988 945 3046 reddat.
975 2986 1167 3044 Amen.

263 3086 422 3151 Iram,
472 3099 594 3156 quae
636 3096 799 3155 super
852 3078 1095 3137 infideles
1135 3086 1341 3144 manet,
1385 3092 1416 3133 a
1445 3076 1599 3133 vobis
1639 3090 1790 3132 amo-

198 3187 315 3233 veat
338 3218 354 3243 ,
411 3186 470 3234 et
519 3176 589 3233 ab
640 3190 706 3233 ea
735 3189 835 3232 vos
863 3175 918 3230 in
965 3180 1284 3246 perpetuum
1319 3169 1521 3229 liberos
1569 3166 1783 3226 eliciat.

200 3270 384 3328 Amen.
562 3272 565 3275 ’

268 3364 535 3435 Spiritum
561 3362 681 3419 Filii
709 3361 793 3418 sui
838 3361 995 3418 vobis
1042 3359 1325 3425 attribuat,
1374 3354 1602 3430 ejusque
1632 3350 1791 3412 donis

199 3475 295 3516 vos
328 3459 533 3516 affatim
561 3458 864 3515 exuberare
888 3456 1170 3513 concedat.
1202 3454 1396 3509 Amen.
1504 3437 1514 3445 ’
1644 3460 1645 3463 ‘

266 3554 423 3624 Quod
458 3555 575 3626 ipse
604 3559 866 3625 praestare
893 3550 1164 3623 dignetur.

688 3679 740 3720 Β.
772 3676 827 3719 IN
853 3676 1060 3718 οετΑνΑ
1091 3674 1297 3715 DOIINI.

265 3757 625 3827 Omnipotens
668 3753 834 3821 Deus,
866 3752 1022 3825 cujus
1046 3749 1369 3823 Unigenitus
1394 3746 1659 3805 hodierna
1683 3744 1794 3815 die,

193 3869 267 3911 ne
308 3851 485 3921 legem
538 3847 791 3913 solveret,
841 3860 1005 3916 quam
1059 3840 1352 3912 adimplere
1392 3844 1635 3904 venerat,
1680 3848 1800 3892 cor-

193 3944 443 4019 poralem
481 3941 720 4014 suscepit
764 3936 1259 4007 circumcisionem,
1302 3930 1530 4005 spiritali
1566 3930 1800 3985 circum-

198 4040 406 4097 cisione
442 4043 651 4092 mentes
677 4042 890 4089 vestras
927 4031 996 4087 ab
1042 4027 1294 4085 omnibus
1325 4025 1579 4081 vitiorum
1615 4020 1804 4078 incen-

200 4133 328 4190 tivis
353 4134 639 4202 expurget,
692 4134 748 4183 et
774 4120 927 4183 suam
954 4121 1009 4179 in
1034 4124 1131 4179 vos
1176 4117 1423 4175 infundat
1467 4112 1802 4172 benedictio-

205 4239 354 4282 nem.
396 4222 592 4277 Amen.

172 4302 179 4317 ’
273 4317 343 4372 Et
368 4314 461 4386 qui
489 4313 662 4383 legem
689 4325 786 4383 per
813 4308 1031 4382 Moysen
1084 4304 1251 4368 dedit,
1300 4310 1361 4359 ut
1386 4316 1483 4373 per
1534 4296 1803 4355 mediato-

206 4428 319 4469 rem
349 4418 597 4467 nostrum
619 4405 1050 4463 benedictionem
1080 4400 1269 4465 daret,
1301 4404 1465 4453 exuat
1489 4410 1587 4451 vos
1617 4392 1805 4449 morti-

208 4503 461 4562 ﬁcatione
490 4501 767 4565 vitiorum,
800 4507 856 4554 et
884 4494 1049 4553 faciat
1075 4504 1430 4564 perseverare
1461 4487 1513 4543 in
1562 4486 1805 4542 novitate

206 4598 490 4653 virtutum.
523 4596 713 4650 Amen.

278 4687 399 4757 Quo
429 4688 508 4744 sic
534 4686 586 4741 in
621 4682 822 4741 senarii
868 4678 1077 4737 numeri
1107 4673 1442 4750 perfectione
1472 4672 1525 4728 in
1564 4671 1668 4729 hoc
1703 4684 1805 4726 εω-

210 4781 332 4839 culo
354 4780 576 4845 vivatis,
621 4778 754 4834 etin
792 4772 1100 4846 septenario
1149 4771 1292 4826 inter
1334 4768 1617 4825 beatorum
1644 4763 1805 4836 spiri-

211 4880 362 4930 tuum
391 4870 609 4943 agmina
653 4866 1043 4936 requiescatis,
1086 4869 1353 4932 quatenus
1380 4859 1433 4912 in
1480 4865 1675 4912 octavo
1717 4865 1805 4909 re-

212 4941 554 5022 surrectione
594 4958 864 5023 renovati,
911 4952 1112 5027 jubilaai
1151 4948 1472 5006 remissione
1507 4947 1683 5013 dilati,
1736 4941 1806 5001 ad

214 5056 407 5132 gaudia
440 5054 559 5112 sine
586 5050 693 5107 fine
723 5060 976 5103 mansura
1005 5041 1358 5115 pet-veniatis.

286 5148 442 5219 Quod
481 5146 597 5218 ipse
624 5149 887 5215 praestare
908 5138 1177 5209 dignetur.

744 5289 794 5328 Β.
825 5286 878 5325 IN
918 5279 1271 5325 THEOPBANIA.

288 5358 437 5429 Deus
481 5368 662 5425 lumen
708 5379 922 5430 verum,
977 5360 1071 5433 qui
1124 5353 1473 5428 Unigenitum
1511 5363 1666 5408 suum
1710 5349 1812 5406 ho-

219 5464 407 5524 dierna
434 5464 542 5530 die,
574 5458 727 5516 stella
755 5456 912 5523 duce,
955 5444 1205 5527 gentibus
1236 5447 1405 5505 voluit
1427 5445 1688 5511 revelare,
1713 5456 1809 5500 sua

220 5573 319 5614 vos
340 5558 591 5628 dignetur
619 5549 991 5608 benedictione
1019 5546 1212 5601 ditare.
1250 5541 1445 5597 Amen.

294 5637 414 5718 Quo
439 5691 453 5715 ,
494 5644 737 5715 exemplo
777 5656 1054 5713 magorum
1082 5679 1097 5705 ,
1142 5635 1369 5709 mystica
1402 5630 1632 5690 Domino
1681 5627 1807 5687 Iesu

224 5740 444 5797 Christo
483 5751 707 5794 munera
736 5733 1025 5790 offerentes
1050 5771 1065 5797 ,
1123 5735 1304 5800 spreto
1352 5724 1573 5794 antiquo
1610 5720 1804 5789 'hoste,

225 5832 532 5906 spretisque
562 5826 823 5898 contagiis
848 5824 1102 5880 vitiorum
1122 5861 1137 5888 ,
1177 5820 1243 5874 ad
1288 5825 1545 5873 aeternam
1572 5812 1825 5886 patriam

226 5925 410 5987 redire
449 5922 676 5981 valeatis
701 5933 800 5993 per
834 5916 977 5974 viam
1005 5914 1288 5970 virtutum.
1316 5910 1508 5965 Amen.

1802 1904 1853 1966 B

1876 1582 2448 1645 veneruntorandum,
2499 1577 2614 1650 ipse
2641 1571 2968 1650 ignoscendo
3007 1585 3067 1627 se
3095 1568 3250 1626 vobis
3271 1580 3468 1624 conce-

1880 1674 1975 1731 dat
1994 1671 2412 1746 agnoscendum.
2441 1668 2634 1724 Amen.

1952 1767 2019 1823 Et
2057 1767 2149 1838 qui
2198 1766 2450 1837 dignatus
2500 1770 2582 1819 est
2620 1758 2779 1816 hodie
2827 1756 2893 1813 ad
2939 1753 3191 1812 Iordanis
3237 1749 3469 1816 fontem,

1879 1861 2002 1918 fons
2031 1875 2187 1933 aqua}
2228 1860 2362 1914 viva:
2390 1856 2736 1916 descendere.
2768 1860 2829 1908 ut
2854 1867 2953 1922 per
2979 1850 3249 1904 lavacrum
3296 1842 3472 1901 sancti

1883 1952 2127 2027 corporis
2152 1954 2298 2025 ipsas
2342 1965 2512 2022 aquas
2558 1948 2806 2014 dilueret,
2853 1944 2969 2015 ipse
3015 1955 3111 1997 vos
3140 1937 3368 1996 interius
3414 1942 3473 1992 et

1882 2046 2125 2129 exterius
2178 2047 2248 2102 ab
2314 2043 2463 2102 omni
2527 2040 2756 2099 crimine
2826 2037 3124 2095 clementer
3187 2036 3471 2103 expurget.

1885 2143 2077 2198 Amen.

1957 2234 2166 2307 Quique
2211 2247 2403 2290 rursus
2425 2231 2531 2288 hac
2573 2227 2765 2285 eadem
2813 2224 2919 2289 die,
2950 2224 3004 2279 in
3049 2219 3197 2278 Cana
3241 2217 3478 2294 Dalilae

1885 2339 2105 2404 rogatus
2138 2328 2207 2384 ad
2234 2326 2543 2399 nuptiarum
2569 2322 2898 2386 convivium,
2924 2332 3094 2389 aquas
3118 2314 3252 2370 viles
3281 2312 3475 2385 praeci-

1885 2439 2049 2498 puum
2083 2422 2352 2479 convertit
2395 2421 2449 2475 in
2476 2418 2681 2482 vinum,
2724 2417 2842 2488 ipse
2878 2412 3139 2469 vilitatem
3171 2394 3495 2464 mortalium

1886 2532 2169 2588 corporum
2214 2523 2521 2571 vestrorum
2552 2509 2720 2581 gloria
2748 2499 3169 2562 resurrectionis
3196 2494 3477 2555 absorberi

1886 2610 2052 2668 faciat
2075 2611 2131 2665 in
2160 2620 2444 2664 aeternum.
2477 2603 2671 2659 Amen.

1912 2728 1917 2739 π
1955 2699 2110 2771 Quod
2136 2700 2249 2771 ipse
2273 2692 2557 2769 praestare,
2588 2699 2720 2757 etc.,
2749 2686 2904 2759 cujus
2928 2695 3176 2756 regnum.

2198 2828 2251 2868 Β.
2279 2823 2534 2866 DOMINICA
2567 2822 2585 2862 I
2611 2818 2741 2860 POST
2766 2809 3159 2858 'I'IIEOPHANIAI.

1957 2928 2104 2986 Deus
2126 2926 2221 3000 qui
2240 2924 2364 2982 Filii
2391 2923 2474 2979 sui
2499 2917 2847 2992 temporalem
2879 2912 3166 2986 pueritiam
3201 2906 3328 2963 fecit
3362 2919 3483 2962 esse

1888 3022 2218 3089 mirabilem,
2247 3019 2438 3092 spiritu
2468 3014 2767 3090 prudentia:
2797 3011 2963 3070 corda
2995 3018 3171 3065 vestra
3210 3004 3485 3060 illustrare

1891 3132 1956 3173 ac
1983 3116 2179 3172 docere
2203 3113 2478 3185 dignetur.
2503 3108 2697 3164 Amen.

1963 3209 2173 3280 Quique
2202 3207 2353 3262 illum
2377 3202 2693 3275 parentibus
2716 3194 3095 3266 temporaliter
3117 3189 3270 3280 subdi
3293 3187 3484 3252 voluit,

1891 3304 2009 3377 ipse
2035 3268 2131 3358 vos
2161 3268 2486 3356 humilitatis
2531 3301 2587 3349 et
2603 3290 2829 3361 pietatis
2854 3285 3170 3343 muneribus
3196 3268 3488 3337 miseratus

1894 3394 2173 3453 informet.
2205 3390 2399 3445 Amen.

1963 3485 2031 3542 Et
2062 3483 2155 3556 qui
2197 3496 2320 3538 eum
2361 3475 2647 3550 sapientia,
2689 3478 2849 3529 :etate
2900 3476 2958 3524 et
3005 3463 3177 3539 gratia
3222 3459 3491 3535 prolicere

1898 3575 2123 3640 tribuit,
2180 3569 2509 3643 spiritalium,
2558 3565 2714 3620 vobis
2767 3558 3107 3634 profectuum
3155 3556 3490 3611 incrementa

1898 3667 2165 3742 propitius
2214 3662 2496 3732 largiatur.
2536 3659 2727 3715 Amen.

1970 3760 2126 3831 Quod
2155 3758 2271 3830 ipse
2296 3762 2575 3827 praestare.

2203 3887 2256 3933 ll.
2283 3880 2538 3924 DOIINICA
2566 3876 2604 3919 Il
2634 3875 2764 3916 νος-ι’
2800 3867 3193 3915 τΗΕΟΡΠΛΝΙΔὶί.

1974 3989 2137 4053 Deus,
2177 3985 2268 4058 qui
2296 3999 2391 4042 sua
2440 3978 2673 4037 mirabili
2703 3983 2972 4049 potestate
3016 3985 3212 4043 aquam
3246 3967 3407 4024 vertit
3434 3964 3494 4022 in

1901 4080 2110 4146 vinum,
2156 4092 2256 4133 vos
2302 4092 2332 4130 a
2382 4081 2656 4129 vetustate
2702 4069 3011 4126 subtractus
3051 4063 3105 4120 in
3148 4062 3320 4119 beatae
3366 4059 3494 4115 vitze

1904 4173 2199 4235 transferat
2220 4172 2534 4231 novitatem.
2562 4169 2755 4223 Amen.
2774 4196 2781 4199 ~

1976 4269 2046 4324 Et
2072 4266 2163 4338 qui
2189 4265 2389 4338 nuptiis
2418 4264 2682 4319 interesse
2706 4256 2898 4323 voluit,
2926 4263 2987 4312 ut
3006 4267 3194 4311 earum
3238 4266 3334 4308 sua
3357 4264 3495 4321 prte-

1906 4361 2080 4419 sentia
2109 4358 2489 4429 comprobaret
2518 4354 2740 4415 bonum,
2779 4350 2893 4419 ipse
2937 4347 3090 4401 vobis
3120 4342 3393 4399 castitatis
3440 4347 3497 4395 et

1908 4453 2219 4513 sobrietatis
2248 4457 2521 4521 perpetuae
2546 4441 3039 4502 conferat‘donum.
3086 4436 3278 4491 Amen.

1978 4546 2096 4617 lpse
2114 4543 2267 4602 vobis
2289 4525 2603 4597 sanctarum
2645 4532 3056 4604 intelligentiam
3089 4528 3492 4597 Scripturarum

1829 4643 1882 4705 D
1909 4642 2111 4699 tribuat
2152 4637 2446 4711 spiritalem
2479 4633 2571 4704 qui
2603 4645 2772 4703 aquas
2802 4628 2858 4683 in
2903 4627 3029 4683 vina
3052 4622 3338 4689 vertendo,
3392 4621 3495 4679 hoc

1905 4734 2083 4806 ipsutn
2113 4730 2283 4786 voluit
2305 4726 2611 4797 designare.
2654 4720 2847 4777 Amen.

1930 4879 1937 4885 ,
1976 4823 2131 4893 Quod
2159 4822 2276 4895 ipse
2296 4827 2581 4894 praestare.

2190 4955 2240 4995 Ι.
2278 4948 2533 4994 »οιιιηολ
2561 4945 2623 4987 III
2644 4941 2776 4989 1³08⁸1⁸
2806 4933 3203 4985 τηθιδιηιιιλιί.

1978 5052 2334 5123 Omnipotens
2381 5047 2535 5104 Deus
2586 5058 2688 5100 vos
2738 5041 2808 5098 ab
2859 5036 3102 5096 omnium
3152 5028 3497 5105 peccatorum

1910 5148 2142 5207 maculis
2197 5144 2475 5223 emundet,
2540 5140 2633 5223 qui
2675 5126 2951 5209 leprosum
3000 5131 3296 5203 supplicem
3350 5135 3497 5183 tactu

1909 5243 2133 5319 proprio
2158 5220 2411 5313 dignatus
2439 5240 2527 5292 est
2544 5220 2860 5291 emundare.
2890 5228 3084 5284 Amen.
3510 5234 3515 5255 ξ

1982 5336 2192 5406 Quique
2245 5326 2583 5389 centurionis
2627 5332 2847 5382 servum
2898 5332 3002 5377 non
3048 5322 3373 5389 aspernatus
3413 5320 3515 5371 est.

1911 5430 2165 5495 visitare,
2221 5427 2338 5497 ipse
2363 5422 2608 5480 cordium
2640 5425 2946 5473 vestrorum
2997 5410 3289 5483 hospitium
3313 5407 3517 5480 dignos:

1915 5533 2007 5582 tur
2028 5515 2453 5579 misericorditer
2475 5511 2722 5570 introire.
2751 5500 2944 5565 Amen.
3502 5579 3515 5588 θ

1937 5654 1949 5664 τ
1989 5614 2189 5685 Sicque
2215 5624 2315 5667 vos
2335 5606 2457 5663 fidei
2486 5618 2599 5660 suae
2624 5597 2955 5674 plenitudine
2976 5596 3252 5658 infamet,
3296 5596 3358 5646 ut
3374 5592 3531 5644 eum.‘

1916 5707 2121 5769 sanctis
2148 5705 2262 5763 suis
2290 5704 2344 5760 in
2367 5700 2630 5759 caelorum
2651 5710 2819 5768 regno
2844 5691 3165 5751 accumbere
3190 5681 3515 5744 contende»

1914 5804 2110 5861 Amen.

1984 5891 2305 5972 Quodipss.
2408 5944 2413 5947 .
