3954 6342
415 359 521 418 865

705 491 756 532 Β.
787 484 1045 530 υοκιθιιολ
1074 483 1127 524 IV
1157 481 1286 524 POST
1317 479 1716 522 'I'IlEOPBANIAI.

496 569 880 628 Tentationum
928 563 1173 621 omnium
1221 575 1254 614 a
1299 559 1453 616 vobis
1486 559 1747 615 Dominus
1775 558 2021 630 pericula

423 668 747 727 removeat,
794 666 850 714 et
902 653 1371 728 perturbationum
1421 649 1688 723 procellas
1732 650 2024 707 miseratus

422 754 694 813 excludat.
724 751 943 806 Amen..

489 844 799 904 Tentatoris
836 841 1055 898 fraudes
1105 846 1271 910 atque
1308 836 1590 894 molimina
1641 835 1925 904 dissolvat,
1967 845 2025 893 et

414 956 514 998 vos
553 938 812 993 adversus
848 949 976 991 eum
1025 939 1216 990 cautos
1237 939 1400 1001 atque
1442 928 1784 984 invincibiles
1834 927 2022 984 faciat.

419 1032 616 1088 Amen.

489 1123 770 1180 Continuae
803 1119 955 1192 pacis
987 1118 1144 1174 vobis
1191 1129 1419 1172 munera
1459 1113 1684 1180 tribuat,
1741 1121 1796 1169 et
1833 1127 1932 1168 vos
1958 1112 2014 1168 in

417 1223 634 1286 portum
666 1209 1072 1282 tranquillitatis
1091 1222 1154 1264 ac
1187 1205 1497 1262 securitatis
1527 1204 1855 1277 propitiatus
1888 1218 2022 1260 con-

419 1307 633 1362 stituat.
675 1305 866 1360 Amen.

497 1397 651 1466 Quod
674 1397 809 1470 ipse.

723 1530 772 1567 B.
803 1527 1057 1569 DOMINICA
1089 1527 1124 1567 ν
1150 1525 1280 1568 POST
1317 1523 1718 1566 TIIEOPIIANIAM.

492 1609 672 1674 Deus,
716 1607 808 1678 qui
840 1607 1040 1661 bonum
1082 1620 1268 1660 semen
1318 1605 1372 1660 in
1403 1618 1500 1658 sua
1550 1601 1794 1656 Ecclesia
1836 1616 2022 1658 serere

422 1701 718 1762 consuevit,
751 1701 808 1756 in
856 1699 1008 1755 vobis
1057 1698 1184 1753 illud
1210 1712 1537 1754 conservare
1566 1705 1728 1766 atque
1766 1695 2022 1766 multipli-

425 1809 552 1850 care
587 1808 862 1863 nunquam
893 1791 1136 1846 desistat.
1169 1789 1363 1845 Amen.

495 1886 838 1942 Zizaniorum
878 1882 1428 1955 superseminatorem
1476 1898 1508 1936 a
1539 1880 1693 1935 vobis
1719 1880 1911 1951 procul
1938 1895 2023 1937 re-
2051 1856 2100 1920 Β

423 1979 608 2051 pellat,
636 1987 690 2034 et
726 1977 809 2033 sui
831 1976 982 2032 verbi
1015 1974 1214 2046 pabulo
1238 1987 1336 2029 vos
1359 1973 1730 2028 indesinenter
1784 1971 2018 2028 reficiat.

424 2071 619 2125 Amen.

499 2165 639 2232 Quo,
668 2179 790 2234 cum
832 2163 945 2219 dies
963 2161 1153 2234 judicii
1200 2160 1505 2229 advenerit,
1535 2175 1565 2214 a
1593 2161 1840 2231 reprobis
1868 2173 2025 2231 sepa-

428 2258 554 2324 rati,
597 2257 664 2313 ad
690 2247 967 2313 dexteram
991 2254 1190 2325 judicis
1221 2253 1516 2322 sistamini,
1545 2263 1603 2310 et
1628 2255 1682 2310 in
1708 2254 2026 2312 beatissimo

426 2349 595 2422 ipsius
621 2365 789 2422 regno
824 2347 1186 2405 collocemini.
1218 2345 1414 2403 Amen.

497 2443 651 2512 Quod
681 2445 797 2518 ipse
825 2452 1102 2515 praestare.

720 2572 771 2612 Β.
798 2572 1053 2613 DOMINICA
1079 2570 1132 2612 νι
1170 2571 1302 2613 Ροετ
1327 2569 1726 2620 ΤΠΕΟΡΠΑΝΙΔΙ.

497 2648 640 2704 Deus
691 2649 783 2720 qui
808 2663 960 2704 mare
1007 2646 1121 2703 suis
1155 2648 1385 2718 pedibus
1411 2646 1541 2703 fecit
1566 2661 1688 2703 esse
1735 2645 2022 2715 calcabile,

429 2741 583 2798 vobis
607 2740 868 2812 quidquid
896 2747 982 2796 est
1005 2739 1248 2806 noxium,
1275 2739 1391 2809 ipse
1417 2740 1754 2795 substernat.
1787 2738 1985 2795 Amen.

501 2834 816 2892 Contrarios
867 2833 1268 2890 immundorum
1318 2831 1608 2903 spirituum
1649 2842 1830 2889 motus
1871 2848 2023 2889 com-

431 2938 636 3003 pescat,
669 2936 724 2986 et
751 2944 848 2985 vos
875 2927 932 2983 in
964 2943 1062 2984 sua
1091 2941 1225 2997 pace
1251 2926 1556 2983 confirmet.
1593 2925 1784 2982 Amen.

503 3021 693 3079 Crucis
722 3035 833 3077 sua}
860 3019 986 3075 navi
1015 3020 1160 3075 inter
1179 3018 1365 3075 mundi
1412 3017 1607 3075 ﬂuctus
1637 3019 1923 3090 gubernet,
1970 3027 2028 3074 et

435 3117 489 3173 in
515 3115 669 3172 littus
704 3115 880 3172 beatae
907 3112 1266 3186 perennitatis
1293 3113 1572 3185 perducat.
1603 3111 1797 3167 Amen.

507 3208 680 3278 Quod.

704 3341 754 3381 Β.
789 3340 845 3380 IN
868 3337 1279 3381 PUBIFICATIONE
1311 3335 1529 3379 SANC'I'E
1558 3334 1762 3376 IIARIE.

507 3416 861 3488 Omnipotens
885 3416 1052 3482 Deus,
1086 3416 1180 3488 qui
1206 3414 1552 3486 Unigenitum
1583 3428 1740 3469 suum
1766 3412 2031 3470 hodierna

437 3510 528 3567 die
556 3509 609 3565 in
639 3516 916 3580 assumpta
945 3521 1110 3564 carne
1139 3507 1193 3562 in
1231 3503 1432 3577 templo
1465 3503 1636 3560 voluit
1687 3505 2032 3574 praesentari,

436 3603 833 3662 benedictionis
855 3619 966 3660 suae
994 3617 1091 3658 vos
1117 3614 1343 3658 munere
1371 3598 1551 3666 fultos,
1593 3599 1752 3655 bonis
1773 3598 2031 3671 operibus

437 3695 608 3752 faciat
629 3694 902 3752 exornari.
927 3694 1120 3750 Amen.

508 3788 578 3844 Et
605 3787 698 3859 qui
723 3803 870 3854 eum,
903 3795 965 3842 ut
987 3786 1162 3858 legem
1192 3785 1513 3859 adimpleret
1533 3827 1550 3855 ,
1597 3786 1911 3843 ministrum
1935 3801 2034 3843 vo-

439 3879 540 3936 luit
570 3877 707 3936 effici
739 3879 892 3952 legis,
953 3886 1166 3935 mentes
1207 3887 1420 3935 vestras
1464 3879 1698 3934 instruat
1743 3877 1880 3951 legis
1922 3894 2034 3936 sua:

443 3970 777 4043 spiritalibus
808 3969 1168 4027 documentis.
1197 3968 1393 4026 Amen.

512 4062 631 4132 Quo
668 4063 719 4118 ei
747 4071 802 4117 et
848 4077 948 4132 pro
971 4061 1294 4128 turturibus,
1349 4061 1616 4118 castitatis
1646 4069 1703 4117 et
1748 4061 2034 4118 charitatis

441 4168 668 4212 munera
697 4151 894 4209 offerre
920 4151 1184 4219 valeatis;
1235 4160 1291 4208 et
1315 4166 1416 4222 pro
1443 4152 1606 4223 pullis
1631 4152 2032 4221 columbarum,

442 4246 677 4321 Spiritus
705 4245 878 4302 sancti
904 4244 1060 4302 donis
1083 4243 1414 4302 exuberetis.
1447 4244 1642 4301 Amen.

518 4338 671 4408 Quod
697 4339 832 4411 ipse.

857 4465 862 4469 ‘
961 4470 1012 4511 ιι.
1044 4469 1100 4511 ιη
1125 4450 1546 4513 εερτωαεείιιλ.

511 4547 626 4619 Ipse
655 4561 750 4602 vos
777 4545 832 4602 in
858 4544 1102 4602 Ecclesia
1133 4561 1228 4602 sua
1279 4545 1612 4603 fructificare
1637 4545 1801 4602 faciat
1838 4545 1932 4620 qui
1962 4548 2030 4605 ad

439 4638 792 4694 excolendam
822 4637 1035 4693 vineam
1069 4653 1244 4705 suam,
1277 4653 1456 4706 mane,
1485 4639 1826 4706 bora'tertia,
1852 4649 2027 4710 sexta,
2058 4621 2110 4683 Ι)

441 4747 604 4798 nona,
638 4739 692 4785 et
711 4730 996 4787 undecima
1022 4730 1304 4802 operarios
1330 4731 1542 4786 invitat.
1569 4732 1763 4788 Amen.

511 4822 790 4892 Quatenus
845 4823 988 4880 inter
1031 4824 1239 4895 primos
1290 4831 1579 4893 operantes
1629 4839 1732 4880 nec
1771 4823 2034 4884 extremis

443 4917 767 4984 invidentes,
799 4917 1105 4974 mercedem
1132 4916 1376 4971 laborum
1411 4923 1714 4972 vestrorum
1742 4917 1859 4973 sine
1885 4935 2034 4976 mur-

441 5025 597 5068 mure
623 5019 679 5067 et
706 5011 1076 5082 increpatione
1104 5008 1437 5080 percipiatis:
1473 5009 1668 5066 Amen.
1741 5035 1744 5038 ~

519 5100 590 5160 Ut
612 5117 737 5158 cum
759 5101 842 5156 bis
865 5101 958 5172 qui
979 5099 1240 5156 membris
1263 5099 1462 5157 Christi
1485 5101 1724 5160 minimis
1745 5107 2034 5166 subvenire

444 5200 738 5259 curarunt,
794 5191 849 5245 in
878 5189 1176 5247 novissimo
1214 5190 1395 5263 magni
1435 5189 1624 5261 judicii
1654 5193 1742 5252 die
1783 5195 2034 5254 benedici

449 5295 616 5358 atque
651 5284 706 5340 in
741 5290 946 5340 aeterna
988 5281 1339 5341 tabernacula
1373 5284 1645 5343 introduci
1685 5291 2034 5348 mereamini.

447 5381 640 5440 Amen.

524 5473 678 5545 Quod
705 5473 820 5545 ipse
841 5480 1101 5545 praestare
1145 5473 1420 5547 dignetur,
1451 5475 1606 5548 cujus
1637 5486 1882 5550 potestas
1937 5495 2039 5540 nec

433 5565 631 5634 ‘initio,
659 5581 760 5624 nec
797 5566 904 5624 fine
927 5576 1337 5640 coangustatur,
1387 5570 1443 5627 in
1467 5569 1663 5628 saecula
1690 5571 2035 5632 saeculorum.

452 5657 650 5718 Amen.

990 5775 1042 5817 Β.
1071 5775 1125 5816 IN
1151 5775 1498 5819 SEXAGESIIA.

527 5850 697 5910 Dator
723 5851 962 5911 omnium
1012 5853 1279 5911 bonorum
1302 5853 1571 5921 Christus,
1616 5847 1826 5914 bonum
1851 5871 2038 5926 semen

1430 347 1759 405 GRIMALDI
1799 347 2317 406 SANGALLENSIS
2364 346 2659 404 ABBATIS

3612 343 3716 402 865

2045 469 2099 540 Α
2125 465 2180 522 ἰη
2244 465 2498 523 cordibus
2555 465 2754 523 vestris
2785 467 3100 535 seminare,
3156 474 3211 523 et
3236 467 3304 523 ad
3347 467 3717 527 maturitatem

2124 574 2421 632 congruam
2449 550 2702 631 dignetur
2725 560 3048 630 perducere.
3076 562 3272 617 Amen.
3615 639 3618 641 Α
3685 633 3704 641 ⁸

2195 651 2314 720 Quo
2351 667 2452 708 nec
2501 669 2532 708 a
2578 654 2912 722 daemonibus
2956 663 3258 710 comestum
3287 695 3304 721 ,
3355 667 3461 712 nec
3515 655 3716 712 duritia

2123 743 2303 801 cordis
2337 745 2656 811 arefactum,
2711 760 2812 801 nec
2864 745 3036 816 spinis
3076 745 3418 813 suffocatum,
3456 755 3717 806 centena?

2122 836 2263 892 rium
2291 838 2461 908 possit
2491 838 2714 893 reddere
2743 837 3001 894 fructum.
3028 839 3221 894 Amen.
3719 911 3723 916 1

2195 927 2473 996 Quatenus
2513 930 2568 984 in
2607 928 2796 984 ultimo
2829 930 3163 996 discrimine,
3191 931 3410 1003 quando
3437 933 3596 986 multi
3624 948 3720 1003 pro

2124 1020 2371 1086 crimine,
2424 1021 2749 1078 utilia-auia
2792 1021 3351 1092 igni-comburenda,
3406 1025 3716 1090 tradentur,

2124 1116 2276 1172 vobis
2332 1116 2636 1186 manipulus
2690 1116 2904 1189 frugum
2970 1129 3280 1176 vestrarum
3346 1124 3724 1194 portantibus,

2123 1209 2319 1265 horrea
2348 1210 2609 1265 caelorum
2637 1213 2973 1281 aperiantur.
3001 1213 3193 1268 Amen.

2196 1303 2350 1371 Quod
2395 1320 2604 1360 summa
2661 1305 2902 1361 'l‘rinitas
2951 1317 3210 1377 prmstare
3273 1309 3556 1382 dignetur,
3607 1326 3722 1382 quze

2027 1395 2031 1398 ’
2125 1398 2453 1468 quibuslibet
2501 1400 2631 1457 foris
2683 1401 3118 1471 impendentibus
3167 1405 3558 1471 ministerium,
3612 1409 3723 1476 ipsa

2125 1491 2238 1546 sola
2269 1494 2594 1550 intrinsecus
2625 1495 2755 1550 dare
2780 1505 2961 1566 potest
2986 1498 3402 1563 incrementum,
3444 1498 3500 1553 in
3528 1488 3734 1555 secula.

2127 1583 2469 1641 sccculorum.
2503 1587 2695 1643 Amen.

2614 1722 2662 1760 Β.
2702 1721 2754 1759 IN
2781 1721 3229 1770 QUINQUAGESIIA.

2198 1794 2404 1850 Lumen
2430 1796 2772 1860 indeficiens,
2794 1798 2956 1864 Deus,
3007 1802 3099 1870 qui
3151 1801 3217 1856 ad
3274 1801 3726 1860 illuminationetn

2128 1895 2373 1942 nostram
2427 1888 2720 1945 lumen'de
2769 1905 2828 1946 se
2880 1893 3121 1961 genitum
3170 1894 3222 1948 in
3270 1895 3414 1949 hunc
3468 1897 3727 1952 mundum

2129 1978 2363 2050 dirigere
2427 1980 2596 2036 voluit
2639 1982 3008 2050 incarnatnm,
3060 1986 3174 2055 ipse
3223 1988 3438 2056 aperire
3483 1989 3731 2058 dignetur

2127 2072 2312 2141 oculos
2336 2075 2760 2143 praecordiorum
2789 2091 3119 2134 vestrorum.
3153 2081 3344 2136 Amen.

2198 2164 2476 2232 Quatenus
2537 2168 2710 2238 ipsum
2765 2181 3075 2239 sequentes,
3109 2183 3165 2227 et
3213 2173 3350 2228 alios
3384 2176 3454 2228 ad
3509 2174 3723 2231 laudem

2127 2255 2220 2311 Dei
2258 2258 2567 2313 accendatis
2592 2269 2648 2314 et
2694 2260 2794 2330 ipsi
2827 2260 2894 2315 ad
2949 2261 3167 2316 domum
3219 2263 3313 2318 Dei
3353 2273 3624 2320 aeternam
3674 2267 3724 2322 in

2127 2347 2280 2404 caelis
2316 2351 2662 2418 perveniatis.
2695 2350 2889 2407 Amen.

2199 2440 2255 2495 In
2285 2457 2447 2511 quam
2481 2458 2577 2512 per
2595 2443 2782 2514 ‘ipsum
2822 2453 2876 2501 et
2905 2445 3108 2502 ostium
3137 2454 3192 2502 et
3229 2450 3521 2504 ostiarium
3569 2452 3732 2507 intro-

2129 2532 2297 2598 ducti,
2347 2534 2543 2591 divinis
2568 2536 2818 2594 laudibus
2841 2538 2897 2594 in
2926 2539 3126 2596 saecula
3171 2543 3498 2600 saeculorum
3523 2560 3731 2616 perma-

2127 2626 2305 2680 neatis
2337 2626 2552 2682 intenti.
2586 2629 2781 2684 Amen.
3116 2689 3119 2692 .

2200 2715 2353 2784 Quod
2382 2716 2499 2787 ejus
2522 2720 2833 2793 dignatione
2878 2726 2997 2782 ﬁeri
3038 2728 3400 2800 postulemus,
3445 2731 3543 2800 qui
3592 2749 3726 2803 quos

2128 2816 2253 2863 ante
2296 2811 2550 2866 saeculum
2610 2817 2884 2884 praescivit
2928 2827 2984 2874 et
3039 2822 3465 2890 praedestinavit,
3507 2831 3563 2878 et
3609 2833 3731 2879 ante

2131 2902 2292 2958 finem
2338 2905 2522 2961 saeculi
2552 2909 2766 2964 vocavit
2813 2921 2871 2966 et
2907 2911 3250 2981 justiflcavit,
3307 2917 3362 2972 in
3409 2916 3732 2975 fine‘seculi

2128 2992 2457 3066 glorificabit
2483 2997 2538 3052 in
2566 2998 2762 3054 saecula
2793 3001 3134 3059 saeculorum.
3165 3005 3362 3062 Amen.

2505 3125 2557 3166 Β.
2589 3127 2844 3170 DOIINICA
2871 3132 2889 3171 I
2918 3132 3363 3181 ρωυιιλῦεδιιυε.

2054 3226 2102 3293 C
2202 3198 2498 3293 Benedicat
2539 3205 2692 3260 vobis
2721 3209 3067 3278 omnipotens
3093 3211 3254 3279 Deus,
3291 3214 3382 3284 qui
3427 3217 3729 3292 quadrage-

2135 3288 2350 3344 narium
2399 3306 2683 3348 numerum
2727 3294 2782 3348 in
2831 3294 3000 3367 Moysi
3049 3309 3104 3353 et
3146 3300 3294 3367 Elite,
3323 3317 3426 3359 nec
3471 3321 3583 3361 non
3630 3288 3728 3361 Bli-

2134 3382 2362 3439 diatoris
2388 3385 2561 3439 nostri
2597 3384 2804 3456 jejunio
2828 3393 3186 3456 consecravit,
3236 3396 3609 3467 concedamne
3635 3416 3722 3453 vu-

2131 3473 2218 3530 bis
2243 3475 2315 3529 ita
2356 3476 2658 3548 transigere
2685 3482 2970 3550 praesentis
2997 3483 3123 3540 vita:
3163 3485 3645 3557 dispensationem,
3675 3502 3724 3548 vt

2134 3576 2359 3638 accepto
2412 3584 2444 3623 a
2500 3569 2890 3640 patrefamilias
2957 3579 3416 3638 remunerationis
3486 3585 3720 3652 denaria,

2134 3662 2464 3732 perveniatis
2503 3664 2571 3718 ad
2598 3676 2942 3734 peccatorum
2965 3673 3207 3727 omnium
3247 3675 3647 3744 remissionem,
3676 3688 3722 3732 et

2136 3754 2204 3808 ad
2245 3753 2537 3826 gloriosam
2565 3771 2689 3812 cum
2720 3761 2924 3816 sanctis
2965 3761 3216 3820 omnibus
3247 3769 3721 3824 resurrectionem.

2135 3845 2326 3901 Amen.
2935 3895 2939 3898 λ

2211 3936 2422 4008 Detque
2474 3939 2628 3997 vobis
2677 3941 2999 4013 spiritalium
3055 3946 3315 4002 virtutum
3356 3949 3722 4016 invictissima,

2140 4030 2264 4105 [al.,
2295 4032 2629 4106 invictricia]
2658 4049 2829 4102 arma,
2884 4029 3080 4107 quibus
3107 4041 3354 4111 exemplo
3383 4041 3599 4099 Domini
3642 4045 3725 4100 de-

2134 4123 2358 4180 vincere
2403 4123 2630 4182 valeatis
2672 4127 2880 4199 antiqui
2924 4130 3100 4186 hostis
3158 4135 3510 4206 sagacissima
3561 4146 3723 4194 tenta~

2137 4225 2342 4271 menta.
2371 4215 2569 4272 Amen.

2207 4307 2327 4378 Quo
2351 4325 2462 4366 non
2488 4309 2545 4366 in
2575 4311 2691 4368 solo
2723 4327 2886 4383 pane,
2921 4313 3016 4369 sed
3038 4315 3092 4371 in
3122 4317 3272 4372 omni
3305 4317 3474 4375 verbo
3499 4322 3643 4393 quod
3668 4325 3724 4378 de

2135 4414 2232 4456 ore
2257 4400 2374 4472 ejus
2410 4402 2676 4471 procedit,
2723 4403 3022 4473 Spiritalem
3076 4417 3354 4465 sumentes
3393 4409 3724 4480 alimoniam,

2133 4508 2234 4565 per
2249 4491 2577 4564 jejuniorum
2620 4495 3057 4552 observationem
3083 4539 3098 4564 ,
3131 4509 3186 4554 et
3213 4510 3541 4560 czeterorum
3572 4505 3727 4562 bono-

2139 4599 2258 4639 rum
2289 4599 2514 4654 operum
2533 4585 2950 4654 exbibitionem,
2982 4590 3264 4662 percipere
3291 4596 3613 4653 mereamini
3634 4596 3724 4654 im-

2135 4677 2566 4733 marcescibilcm
2593 4678 2776 4748 gloriae
2804 4695 3084 4738 coronam.
3117 4683 3313 4740 Amen.

2206 4769 2359 4840 Quo'tl
2388 4771 2522 4845 ipse.

2495 4902 2548 4942 Β.
2580 4902 2835 4946 ΒΟΙΙΝΙΟΔ
2860 4907 2900 4947 II
2929 4906 3375 4956 ουλωυλαεειωι.

2209 4997 2562 5073 Omnipotens
2589 5001 2732 5059 Deus
2751 5044 2767 5070 ,
2789 5003 2981 5076 jejunii
3013 5018 3442 5083 ceterarumque
3469 5014 3723 5074 virtutum

2138 5092 2415 5150 dedicator
2447 5101 2609 5164 atque
2639 5105 2850 5154 amator
2872 5138 2888 5165 ,
2938 5115 3036 5157 sua
3067 5117 3162 5160 vos
3190 5102 3575 5167 benedictione
3605 5125 3724 5167 san-

2137 5187 2358 5243 ctificet.
2387 5187 2579 5244 Amen.

2160 5349 2162 5352 ν
2207 5281 2484 5339 Accendat
2513 5283 2566 5338 in
2615 5285 2770 5341 vobis
2817 5287 2921 5359 piae
2967 5289 3272 5349 devotionis
3325 5293 3580 5354 aﬂ‘ectntn
3608 5339 3624 5364 ,
3674 5306 3724 5354 et

2043 5421 2047 5426 .
2137 5375 2381 5449 prmbeat
2435 5377 2866 5449 supplicantibus
2917 5397 3076 5440 suum
3136 5387 3403 5459 benignus
3433 5393 3721 5468 tauditum.

2139 5467 2334 5524 Amen.

2215 5561 2494 5630 Quatenus
2525 5573 2736 5624 mentes
2774 5579 2993 5640 vestrae,
3028 5573 3260 5632 sinceris
3298 5587 3545 5651 purgata
3588 5581 3724 5657 jeju-

2143 5657 2269 5724 niis,
2305 5658 2571 5716 bonorum
2599 5663 2841 5721 omnium
2871 5664 2995 5740 [al.,
3041 5667 3293 5743 operum]
3322 5671 3625 5732 exuberent
3651 5675 3730 5731 in-

2144 5756 2458 5814 crementis.
2485 5755 2676 5814 Amen.

2214 5851 2369 5920 Quod
2397 5853 2530 5925 ipse.
