3954 6342
196 320 302 380 969

778 354 781 357 μ
884 312 1116 385 LIBER
1150 304 1797 371 SACRAMENTORUM.
1832 335 1905 347 —
1951 298 2501 363 BENEDICTIONES
2545 297 2759 359 EPISC.

3323 250 3331 259 ’
3367 295 3474 356 870

266 437 445 509 Atque
485 435 627 492 idem
674 432 919 505 Spiritus
953 430 1197 487 veritatis
1226 410 1301 485 ita
1341 443 1439 484 vos
1483 424 1643 482 hodie
1682 407 1780 480 sua
1807 426 1862 489 Α
1943 419 2029 478 υι
2053 401 2395 476 invisibiliter
2425 416 2616 475 eodem
2641 413 2860 487 spiritu
2894 409 3169 476 instructi,
3198 408 3326 466 Filii
3353 401 3479 483 ejus

196 533 538 593 habitatione
580 517 774 604 dignos
795 526 1015 591 efﬁciat,
1044 534 1107 582 ut
1134 539 1258 581 cras
1288 522 1490 579 vestris
1513 518 1786 577 mentibus

197 642 277 691 se,
302 626 581 682 vobiscum
603 624 867 695 perpetim
893 620 1254 683 habitaturus,
1278 613 1559 680 infundat;
1589 619 1644 668 et
1664 625 1789 682 pere

195 728 324 777 acto
358 717 639 790 praesentis
671 716 795 770 vitae
830 710 1121 777 curriculo,
1145 722 1242 766 vos
1260 706 1331 763 ad
1352 704 1595 763 celestis
1620 715 1787 773 regna

194 812 481 886 perducat.
513 810 706 865 Amen.
809 818 815 827 ‘
944 852 950 856 .

230 904 445 972 -Qued‘
468 898 585 973 ipse
621 908 884 972 praestare
930 898 1204 969 dignetur,
1231 891 1328 965 qui
1369 905 1496 948 cum
1532 887 1697 945 Patre
1733 893 1789 942 et

195 994 337 1051 Filio
358 1009 498 1050 unus
522 994 661 1049 Deus
684 990 820 1047 vivit
840 997 898 1045 et
921 994 1111 1060 regnat
1129 999 1231 1057 per
1252 981 1435 1041 omnia
1461 977 1658 1037 saecula
1682 991 1786 1034 saa-

192 1082 473 1153 cuiordm.
498 1088 692 1147 Amen.
894 1126 903 1129 μ
1068 1106 1071 1109 λ
1154 1102 1157 1105 ·

844 1193 982 1250 Item
1018 1190 1147 1247 alia.

190 1298 199 1307 ’
272 1313 416 1368 Deus
440 1290 602 1367 Pater
627 1308 993 1379 omnipotens,
1026 1303 1141 1376 qui,
1183 1299 1419 1359 exaltato
1456 1282 1673 1354 Chi-isto
1694 1292 1787 1349 Fi-

198 1406 277 1464 lio
324 1420 445 1471 suo,
489 1402 770 1474 discipulis
800 1401 917 1473 ejus
960 1396 1221 1469 Spiritum
1263 1391 1615 1464 paracletum,
1646 1386 1790 1444 sicut

197 1498 550 1569 promiserat,
594 1492 811 1559 infudit,
839 1491 1030 1549 eodem
1059 1504 1156 1545 vos
1172 1485 1458 1565 puriﬁcari
1501 1491 1557 1539 et
1598 1495 1792 1537 conso-

194 1561 300 1657 lari
332 1590 604 1663 dignetur.
633 1586 824 1641 Amen.
1172 1561 1183 1595 Τ
1694 1638 1702 1642 .

269 1678 340 1737 Ut
369 1662 423 1735 in
450 1678 601 1735 vobis
630 1678 687 1734 in
724 1679 829 1733 hoc
877 1673 1074 1732 seculo
1105 1685 1346 1736 manens,
1392 1683 1491 1724 vos
1517 1667 1572 1724 in
1607 1662 1791 1720 futuro

190 1773 265 1830 ad
290 1772 560 1834 visionem
591 1784 745 1826 suam
769 1767 1051 1841 perducat.
1079 1768 1271 1820 Amen.

265 1866 347 1922 Ac
375 1866 548 1936 ipsum
580 1862 777 1918 Filium
824 1875 983 1917 suum
1006 1900 1022 1927 ,
1051 1871 1210 1928 quem
1241 1852 1392 1926 impii
1421 1852 1476 1907 in
1501 1848 1709 1921 judicio
1736 1848 1789 1904 in

190 1961 436 2019 hominis
462 1959 633 2015 visuri
668 1966 795 2015 sunt
843 1954 1038 2017 forma,
1064 1958 1192 2023 post
1231 1936 1497 2019 judicium
1542 1943 1696 2001 vobis
1736 1941 1792 1998 in

189 2056 482 2127 majestate
503 2068 599 2110 sua
632 2047 1052 2122 conspicabilem
1083 2044 1291 2101 reddat.
1317 2041 1510 2097 Amen.

267 2147 423 2216 Quod
455 2146 590 2217 ipse.
948 2146 951 2149 '

485 2240 498 2251 ο
528 2276 579 2316 Β.
617 2274 673 2316 ιι(
711 2271 799 2314 DIE
838 2267 1042 2313 SANCTO
1071 2261 1461 2307 PENTECOSTES.

271 2369 419 2427 Deus
438 2412 453 2433 ,
486 2369 578 2441 qui
619 2369 878 2425 hodierna
907 2367 993 2423 die
1027 2362 1410 2435 discipulorum
1437 2364 1647 2414 mentes
1670 2353 1793 2427 Spi-

190 2466 339 2523 ritus
368 2463 625 2537 paracleti
652 2462 921 2518 infusioue
963 2459 1215 2532 dignatus
1244 2462 1328 2511 est
1375 2452 1679 2514 illustrare,
1712 2447 1792 2502 fa-

189 2560 308 2617 ciat
330 2575 427 2615 vos
456 2573 552 2613 sua
585 2554 964 2612 benedictione
990 2550 1221 2623 repleri,
1249 2557 1307 2606 et
1334 2547 1578 2621 ejusdem
1614 2542 1789 2616 Spiri-

183 2661 289 2734 tus
315 2650 473 2707 donis
497 2650 826 2706 exuberare.
848 2645 1044 2702 Amen.
1112 2692 1119 2697 .

268 2744 363 2800 [lle
391 2744 530 2815 ignis
556 2742 647 2815 qui
673 2755 837 2812 super
877 2732 1171 2808 discipulos
1216 2727 1490 2803 apparuit,
1532 2733 1783 2799 peccato-

193 2853 324 2895 rum
370 2844 680 2891 vestrorum
710 2830 900 2887 sordes
928 2835 1213 2899 expurget,
1257 2831 1311 2877 et
1336 2822 1419 2878 sui
1462 2819 1683 2876 luminis
1709 2817 1796 2874 ia-

191 2933 413 2990 fusione
438 2931 602 2988 corda
628 2936 808 2984 vestra
834 2922 1146 2997 perlustret.
1175 2918 1369 2974 Amen.

269 3023 482 3095 Quique
541 3022 795 3094 dignatus
840 3024 925 3071 est
967 3013 1337 3068 diversitatem
1382 3008 1690 3078 linguarum
1736 3002 1792 3058 in

190 3117 363 3176 unius
389 3115 513 3171 ﬁdei
541 3111 881 3169 confessione
905 3107 1145 3162 adunare
1164 3144 1180 3171 ,
1207 3103 1262 3157 in
1288 3101 1478 3155 eadem
1505 3112 1601 3154 vos
1626 3094 1792 3151 faciat

87 3229 101 3244 ο
190 3210 308 3267 fide
336 3218 709 3280 perseverare,
735 3211 790 3257 et
813 3216 909 3272 per
933 3202 1072 3253 hanc
1093 3195 1158 3252 ad
1191 3193 1429 3265 speciem
1456 3188 1582 3264 [αι.,
1609 3188 1791 3261 specie

192 3317 314 3360 suae
346 3294 708 3370 celsitudinis]
734 3293 1040 3368 pervenire.
1068 3290 1268 3345 Amen.

270 3393 427 3465 Quod
457 3394 594 3466 ipse.

840 3499 977 3555 Item
1012 3495 1142 3553 alia.

266 3622 434 3685 Deus,
465 3618 557 3687 qui
586 3614 879 3688 apostolos,
905 3610 1108 3669 Christi
1137 3607 1259 3663 Filii
1279 3606 1362 3662 sui
1385 3617 1604 3661 recessu
1633 3598 1791 3672 quasi

190 3717 475 3790 orphanos
496 3711 690 3777 factos,
733 3708 895 3769 hodie
941 3705 1173 3762 adventu
1204 3699 1439 3775 Spiritus
1464 3693 1637 3752 sancti
1674 3691 1793 3748 red-

188 3782 337 3867 didit
378 3796 705 3867 consolatos,
752 3794 873 3871 ipso
902 3793 1021 3853 'vos
1064 3792 1278 3862 semper
1325 3787 1685 3849 inhabitante,
1722 3782 1792 3838 ab

192 3899 349 3958 omni
378 3897 584 3953 malitia
610 3894 776 3950 faciat
803 3891 1029 3948 alienos.
1058 3887 1251 3942 Amen.

266 3992 338 4050 Et
366 3990 460 4064 qui
503 4004 598 4046 eos
643 3986 974 4043 charismate
1014 3981 1237 4038 donavit
1277 3974 1519 4033 omnium
1565 3973 1779 4044 lingua-

191 4100 343 4151 rum,
373 4098 471 4138 vos
501 4081 636 4136 ditet
660 4077 833 4151 gratia
859 4082 1181 4131 cunctarum
1204 4069 1488 4125 virtutum.
1522 4064 1715 4119 Amen.

270 4173 345 4232 Ut
388 4172 477 4229 hic
514 4170 821 4234 unanimes,
866 4180 976 4222 uno
1007 4179 1103 4220 ore
1131 4157 1552 4217 honorificantes
1597 4153 1788 4219 Deum,

191 4266 478 4337 cumipsis
501 4262 830 4337 pervenistis
851 4259 920 4317 ad
949 4272 1112 4327 regna
1139 4253 1424 4311 cwlorum.
1452 4250 1646 4306 Amen.

275 4361 435 4432 Quod
465 4360 603 4432 ipse.
1328 4428 1333 4431 ι

586 4490 639 4530 Β.
680 4487 735 4527 ιη
767 4483 978 4529 OCTAVA
1017 4471 1410 4522 PENTECOSTES.

1887 513 2031 571 datis
2058 511 2316 584 adoptivi.
2348 512 2542 567 Amen.
2610 562 2611 565 η
3458 558 3469 567 ,

1956 606 2025 662 Ει
2071 621 2103 661 a
2156 612 2425 675 potestate
2479 601 2829 658 tenebrarum
2880 598 3221 664 recedentes.
3256 595 3311 665 in
3348 610 3477 663 cent

1887 706 2077 771 spectu
2108 697 2277 767 ipsius
2302 695 2665 767 perseveretis
2686 693 2949 750 lucentes.
2974 691 3171 756 Amen.
3272 751 3297 757 η

1960 792 2115 860 Quod
2143 791 2275 862 ipse.

2037 920 2089 959 Β.
2128 917 2382 960 ΒΟΜΙΝΙΩΔ
2414 917 2433 957 1
2471 916 2605 958 1⁵081·
2641 913 2890 957 οοτηλιι
2927 912 3129 954 PBan
3136 910 3320 954 08138.

1959 995 2238 1053 Charitate
2284 1011 2380 1050 sua
2429 1009 2525 1051 vos
2573 993 2831 1049 Dominus
2874 991 3081 1063 replere
3108 989 3377 1062 dignetur,
3417 994 3480 1047 ut

1888 1081 2051 1144 beata
2080 1101 2175 1141 vos
2199 1084 2516 1142 haereditate
2541 1091 2874 1139 muneretur.
2906 1080 3100 1136 Amen.
3154 1108 3161 1113 τ

1961 1179 2241 1247 Quatenus
2270 1192 2366 1248 per
2391 1175 2641 1231 timorem
2673 1173 2790 1243 ejus
2811 1179 3045 1237 castum,
3073 1171 3332 1243 gehenum
3356 1183 3481 1225 ova:

1892 1270 2081 1328 dentes
2127 1277 2478 1336 tormentum,
2524 1266 2590 1320 ad
2632 1279 2926 1336 supernum
2959 1264 3256 1335 gaudentes
3281 1275 3476 1332 perve-

1893 1363 2058 1418 niatis
2085 1361 2419 1432 paradisum.
2448 1358 2640 1414 Amen.

1970 1452 2041 1510 Ut
2064 1452 2188 1507 inde
2212 1450 2523 1521 conspectis
2552 1448 2816 1504 malorum
2847 1445 3026 1517 pinnis
3048 1458 3186 1516 quas
3211 1442 3328 1514 ejus
3358 1456 3482 1512 gra-

1884 1544 1971 1599 tia
1998 1542 2275 1608 evasistis,
2305 1540 2518 1599 debitas
2551 1539 2600 1595 ei
2626 1538 2926 1613 gratiarum
2956 1538 3198 1595 actiones
3228 1538 3284 1591 in
3305 1549 3481 1593 avum

1892 1638 2139 1712 persolva
2146 1640 2235 1692 tis.
2266 1635 2462 1694 Amen.

1967 1729 2122 1799 Quod
2150 1731 2285 1802 ipse.

2503 1833 2764 1877 ιδοιιιιειαι
2810 1832 2875 1872 ιι.

1965 1916 2109 1974 Deus
2137 1914 2300 1971 Pater
2325 1914 2691 1986 omnipotens,
2727 1911 2820 1982 qui
2858 1925 2955 1966 vos
2980 1909 3048 1963 ad
3078 1923 3233 1964 suam
3262 1906 3479 1962 vocavit

1892 2028 2145 2077 coenam,
2200 2009 2483 2067 humiliter
2530 2009 2635 2066 sibi
2691 2008 3058 2076 obsequentes
3106 2002 3369 2074 perducat
3415 1999 3482 2056 ad

1890 2103 2060 2159 illaut.
2092 2102 2289 2157 Amen.

1967 2198 2034 2254 lit
2065 2194 2373 2251 infelicibus
2401 2191 2546 2248 circa
2578 2189 2859 2246 terrestria
2892 2186 3148 2252 detentis,
3175 2199 3273 2241 vos
3298 2182 3486 2243 felice!

1890 2300 1946 2348 et
1968 2289 2207 2360 expediti
2240 2290 2306 2343 ad
2336 2286 2586 2344 ctelestia
2608 2282 2958 2354 pervenistis.
2979 2279 3176 2335 Amen.

1962 2380 2074 2437 Nec
2106 2381 2159 2436 in
2190 2380 2370 2449 aliquo
2402 2386 2640 2434 vestrum
2669 2376 2809 2430 Deus
2838 2370 3080 2429 inveniat
3111 2369 3259 2440 quod
3285 2364 3475 2437 expulo

1893 2476 2045 2534 sione
2075 2474 2148 2532 sit
2174 2475 2417 2544 dignum,
2444 2470 2541 2528 sed
2569 2470 2711 2541 quod
2744 2467 3030 2539 praemium
3056 2467 3335 2523 mereatur
3357 2460 3489 2523 hea-

1897 2577 2032 2624 tum.
2062 2568 2255 2623 Amen.

1970 2661 2124 2731 Quod
2151 2661 2284 2731 ipse.

2506 2761 2762 2805 υοιιῐιηω
2799 2759 2884 2800 Ill.

1964 2845 2324 2917 Omnipotens
2349 2841 2511 2906 Deus,
2540 2841 2631 2913 qui
2664 2834 3011 2909 [inigenium
3044 2845 3203 2887 suum
3228 2826 3297 2883 ad
3329 2839 3488 2883 ovem

1895 2940 2095 2999 direxit
2117 2951 2427 3002 erroneam,
2454 2949 2552 3005 per
2577 2933 2753 3003 ipsum
2774 2944 2872 2986 vos
2902 2927 2971 2983 ad
2998 2925 3334 2981 mansionem
3360 2933 3484 2993 per-

1895 3036 2060 3091 ducat
2085 3045 2393 3103 supernam.
2422 3026 2617 3083 Amen.

1968 3128 2035 3184 Et
2083 3102 2303 3181 interim
2352 3135 2451 3178 vos
2489 3135 2520 3173 a
2566 3120 2783 3173 leonum
2828 3121 2886 3169 et
2929 3112 3176 3183 luporum
3236 3102 3491 3163 defendat

1851 3210 1865 3234 ⁸
1896 3219 2109 3279 insidiis
2134 3259 2150 3287 ,
2214 3217 2389 3273 donec
2442 3212 2509 3269 ad
2570 3223 2765 3267 secura
2824 3219 3026 3278 pascua
3077 3195 3485 3259 consvendatis.

1895 3312 2163 3462 An[lletnfiat
2187 3402 2254 3456 de
2276 3397 2429 3455 vobis
2459 3394 2715 3468 gaudium
2744 3392 2798 3447 in
2824 3389 3001 3454 cadis,
3033 3383 3175 3458 quod
3201 3396 3302 3456 per
3322 3379 3491 3439 ﬁdem

1881 3494 2168 3556 diabolum
2195 3489 2474 3548 devicistis
2504 3487 2562 3543 in
2588 3482 2774 3542 terris.
2803 3482 2999 3537 Amen.

1966 3588 2124 3657 Quod
2151 3585 2289 3656 ipse.

2493 3683 2754 3726 DOIINICA
2805 3679 2884 3720 ιν.

1964 3771 2273 3828 Misericors
2311 3766 2454 3823 Deus
2476 3758 2865 3819 "misericordes
2892 3768 2989 3811 vos
3021 3749 3210 3817 faciat,
3246 3753 3310 3805 ut
3334 3744 3490 3804 vobis

1893 3865 2324 3927 misericordiam
2361 3861 2649 3931 dignanter
2673 3850 2971 3925 impendat.
2998 3848 3196 3903 Amen.

1967 3963 2033 4018 Et
2062 3961 2138 4017 ita
2165 3974 2261 4015 vos
2300 3957 2493 4013 doceat
2529 3951 2799 4024 judicare,
2836 3962 2907 4003 ne
2936 3944 3137 4003 merito
3161 3954 3259 3997 vos
3283 3936 3486 3999 debeat

1891 4053 2271 4112 condemnare.
2303 4046 2496 4102 Amen.

1965 4144 2075 4201 Sed
2117 4140 2426 4198 imitatores
2477 4130 2753 4206 patientia:
2793 4125 2997 4185 Christi
3042 4121 3285 4185 effectos,
3314 4114 3488 4175 infu-

1895 4250 2016 4298 tura
2048 4236 2219 4310 gloria
2253 4231 2550 4291 constituat
2576 4228 2634 4285 in
2663 4239 2839 4281 avum
2866 4234 3113 4281 securos.
3147 4216 3347 4277 Amen.

1964 4331 2119 4400 Quod
2147 4330 2283 4401 ipse.

2543 4425 2803 4470 DOIINICA
2842 4425 2897 4464 ν.

1970 4515 2300 4575 Obedientes
2340 4524 2443 4568 vos
2493 4505 2755 4564 Dominus
2797 4506 3016 4571 pra'stet
3057 4490 3367 4566 apostolica!
3396 4488 3492 4541 do-

269 4592 531 4651 Eﬁundat
577 4603 743 4660 “Per
768 4602 867 4643 vos
900 4582 1164 4676 Dominus
1212 4575 1462 4676 “Piriuim
1491 4569 1697 4674 .gmua
1741 4555 1875 4676 65D
2798 4555 3194 4648 benedictionis
3250 4590 3486 4663 attenta}

193 4700 446 4759 precum.
499 4680 751 4752 spiritum
797 4673 1088 4749 agnitionis
1136 4678 1193 4726 et
1232 4663 1535 4758 dilectionis
1575 4675 1708 4737 suae,
1739 4666 1797 4717 et

190 4785 408 4833 sanctae
432 4774 567 4844 spei.
596 4772 793 4826 Amen.

922 4830 929 4837 ι

274 4841 597 4936 Requiescat
629 4877 792 4934 super
840 4875 935 4915 vos
977 4856 1201 4929 spiritus
1247 4848 1530 4922 sapientiae
1558 4854 1613 4901 et
1635 4841 1796 4899 intel-

186 4935 402 5024 lectus,
426 4956 653 5028 spiritus
671 4950 885 5010 consilii
907 4958 961 5006 et
989 4944 1346 5011 fortitudinis,
1374 4939 1598 5012 spiritus
1621 4935 1793 4993 scien-

199 5051 295 5106 tia:
321 5058 378 5106 et
407 5025 649 5118 pietatis,
701 5044 1014 5117 repleatque
1051 5053 1148 5095 vos
1192 5035 1388 5107 spiritu
1431 5028 1643 5087 timoris
1682 5025 1794 5082 Do-

199 5142 361 5200 mini.
388 5140 580 5197 Amen.

281 5232 521 5304 Spiritus
555 5230 674 5301 ejus
701 5226 794 5299 qui
822 5222 1107 5283 suscitavit
1132 5218 1314 5276 Jesum
1347 5230 1378 5270 a
1408 5210 1656 5276 mortuis,
1697 5209 1795 5263 ha-

178 5324 346 5385 bitet
370 5327 425 5382 in
449 5326 623 5390 vobis,
674 5332 739 5383 ut
775 5316 1196 5377 immortalitatis
1231 5311 1349 5381 ejus
1377 5306 1796 5383 participatione

200 5436 307 5494 per
334 5420 543 5476 inﬁnita
571 5418 765 5475 smeula
797 5412 1097 5488 gaudeatis.
1121 5410 1322 5465 Amen.

283 5510 441 5581 Quod
469 5511 607 5583 ipse.
758 5528 761 5531 ν

616 5642 637 5651 -
842 5616 976 5671 Item
1004 5613 1132 5668 alia.

178 5712 193 5745 ”
282 5736 426 5793 Deus
469 5735 561 5807 qui
601 5728 933 5805 regeneravit
965 5741 1063 5783 vos
1088 5738 1154 5780 ex
1184 5735 1324 5795 aqua
1348 5728 1403 5777 et
1430 5715 1635 5789 Spiritu
1670 5728 1798 5772 san-

204 5839 322 5895 cto,
345 5830 462 5905 ipse
489 5845 584 5887 vos
614 5829 667 5885 iii
691 5842 789 5884 suo
816 5822 1108 5883 constituat
1136 5832 1322 5890 regno.
1355 5814 1547 5871 Amen.

1896 4705 2275 4848 A‘nllilﬁneorum
2324 4781 2580 4857 precibus
2614 4780 2681 4843 de
2708 4772 2975 4847 profundo
3012 4730 3174 4838 hujus
3203 4758 3389 4818 mundi
3421 4757 3487 4857 li—

1898 4884 2097 4951 berati,
2123 4895 2246 4938 cum
2276 4878 2358 4935 eis
2386 4885 2733 4948 possessores
2756 4861 3041 4941 gaudeatis
3066 4856 3215 4930 regni
3246 4849 3485 4925 superni.

1896 4977 2094 5033 Amen.
3044 4950 3047 4953 ’

1973 5067 2046 5126 Ut
2071 5079 2193 5122 cum
2228 5054 2754 5118 animadversionem
2786 5044 2987 5118 judicis
3012 5043 3303 5114 pavescent
3349 5029 3489 5093 mala

1903 5163 2186 5227 facientes,
2211 5155 2355 5215 oculi
2388 5149 2605 5209 Domini
2626 5144 2971 5204 demulceant
3003 5152 3100 5194 vos
3134 5130 3487 5192 exsultantes.

1899 5255 2098 5311 Amen.

2502 5345 2761 5389 DOIINICA
2811 5342 2890 5382 Vl.

1975 5434 2256 5506 Baptisms
2302 5427 2448 5500 quod
2493 5421 2783 5493 accepistis
2811 5420 2864 5473 in
2892 5414 3134 5480 Christo,
3171 5409 3289 5482 ejus
3314 5402 3491 5479 gratia

1903 5505 2242 5586 conservetis
2265 5519 2492 5576 illaesum
2522 5516 2577 5570 in
2606 5510 2831 5569 mundo.
2855 5505 3049 5563 Amen.

1976 5617 2051 5676 Ut
2078 5617 2134 5673 in
2164 5615 2287 5685 ipso
2309 5605 2637 5669 commortui
2682 5601 2943 5676 peccatis,
2991 5598 3049 5654 in
3084 5592 3326 5653 novitate
3362 5586 3492 5647 vitae

1905 5724 2118 5783 semper
2139 5689 2450 5763 ambuletis.
2486 5699 2683 5755 Amen.

2068 5777 2238 5857 omni
2283 5793 2590 5853 temeritate
2631 5789 2834 5847 mentis
2860 5794 2918 5845 et
2942 5784 3141 5856 linqu
3164 5778 3280 5857 sive
3307 5769 3490 5847 operis
