3954 6342
493 380 603 442 θη
1533 383 1866 443 GRIMALDI
1906 387 1986 444 SA
1995 387 2422 451 NGALLENSIS
2460 392 2755 450 ABBATIS
3682 394 3781 452 872

504 495 770 567 devitata,
792 491 994 558 oblatio
1017 497 1320 558 devotionis
1335 462 1543 558 vestrae
1565 501 1678 560 Deo
1700 502 1850 562 Patri
1874 504 1971 563 ﬁat
1996 520 2088 564 ac-
2113 512 2168 575 Α
2264 510 2332 567 Et
2359 509 2494 569 alios
2515 511 2685 584 ipsius
2705 511 3034 582 imitatione,
3066 511 3190 570 vitae
3209 512 3517 572 concilietis
3542 520 3779 572 eterna.

505 599 685 666 cepta.
719 591 912 650 Amen.
2186 601 2383 660 Amen.

572 683 730 755 Quod
757 684 874 755 ipse
901 699 956 757 p.
2261 693 2414 763 Quod
2443 696 2558 769 ipse
2582 712 2638 769 p.

1099 792 1354 835 DOIINICA
1392 794 1519 842 Vll._
2782 808 3040 854 DOIINICL
3077 811 3191 853 XN.

567 868 652 924 Ab
685 867 834 924 omni
872 878 1098 939 peccato
1127 873 1453 930 emundatos
1478 872 1675 930 eﬁiciat
1703 889 1801 932 vos
1825 874 2088 932 Dominus
2266 880 2497 938 Tribuat
2541 883 2698 941 vobis
2746 885 3010 945 Dominus
3049 887 3234 946 carnis
3278 888 3552 948 desideria
3599 899 3784 950 conte-

496 963 883 1021 sanctiﬁcatos.
912 965 1108 1023 Amen.
1162 1050 1189 1052 ﬂ
2190 991 2334 1042 rere,
2364 984 2422 1032 ut
2451 978 2643 1049 spiritu
2668 979 2891 1052 possitis
2917 982 3218 1039 ambulare.
3248 982 3444 1041 Amen.

570 1051 642 1108 Ut
681 1051 818 1108 tales
860 1052 1071 1108 fructus
1116 1050 1381 1120 aﬁ‘eratis,
1428 1053 1495 1110 de
1521 1053 1719 1125 quibus
1748 1053 1849 1124 ipsi
1874 1053 2089 1125 placere
2261 1070 2532 1128 Ειηυηάοι
2563 1050 2721 1129 νοεά
2744 1074 2908 1146 ιθρτω
2935 1076 3212 1136 interioris
3234 1079 3512 1150 contagio,
3549 1087 3615 1138 ιιι
3637 1080 3785 1154 digni

495 1146 742 1204 valeatis.
772 1147 966 1205 Amen.
2197 1162 2349 1218 ﬁatis
2377 1166 3018 1235 sanctorumfconsortio.

566 1239 636 1296 Et
679 1240 770 1296 hic
814 1241 1150 1312 spiritalibus
1175 1241 1316 1298 cibis
1347 1240 1594 1308 enutriti,
1631 1242 1700 1296 ad
1739 1254 1952 1296 caenam
1984 1253 2085 1294 nu-
2261 1253 2330 1310 Ει
2356 1255 2446 1311 hic
2476 1257 2785 1314 mundamﬁ
2824 1268 3009 1316 νθειιιο
3033 1261 3237 1332 gratias
3264 1272 3491 1336 agentes
3519 1264 3592 1322 ad
3616 1265 3782 1323 αιιο.

492 1331 738 1402 ptiarum
764 1333 892 1404 agni
913 1333 1150 1390 veniatis
1181 1335 1381 1390 securi.
1411 1334 1606 1389 Amen-
2195 1356 2336 1404 stem
2369 1347 2704 1406 Hierusalem
2730 1331 3062 1424 perveniatis
3082 1331 3331 1413 ovantes:
3355 1357 3556 1414 Amen.

565 1423 724 1492 Quod
768 1423 883 1494 ipse
920 1433 1182 1496 praestare
1203 1426 1480 1498 dignetur,
1509 1427 1601 1497 qui
1627 1426 1832 1482 veritas
1861 1438 2089 1480 manens
2261 1438 2417 1509 Quod
2446 1441 2582 1499 ίοεθ,

493 1526 550 1574 et
575 1517 714 1583 vita,
743 1517 896 1574 vobis
936 1519 1187 1590 dignatus
1223 1529 1308 1576 est
1349 1520 1466 1576 ﬁeri
1508 1520 1595 1576 via
1624 1527 1679 1575 et
1709 1534 1874 1576 esca:
1907 1519 2090 1587 cujus-
2785 1552 3042 1597 »οιιηιολ
3090 1556 3180 1596 xv,

493 1624 600 1680 que
627 1610 912 1682 imperium
935 1612 1052 1669 sine
1077 1612 1184 1668 ﬁne
1207 1620 1495 1684 permanet
1513 1611 1711 1671 saecula
1737 1611 2074 1669 saeculorum.

2259 1627 2489 1686 Praestet
2526 1644 2625 1686 vos
2667 1628 2929 1690 Dominus
2974 1650 3234 1706 superare
3286 1634 3673 1705 cenodoxiam,
3724 1645 3781 1692 ut

489 1698 685 1758 Amen.
2187 1734 2376 1777 veram
2406 1724 2732 1795 pertingatis
2758 1726 2824 1780 ad
2856 1698 3102 1798 gloriam.
3133 1727 3327 1785 Amen.

1083 1814 1336 1855 nonnum
1375 1815 1493 1855 νιιι.
2041 1887 2049 1889 _
2112 1882 2153 1889 _
2259 1812 2328 1869 Et
2373 1814 2463 1872 hic
2507 1817 2841 1874 seminantes
2861 1817 3154 1889 justitiam,
3183 1820 3238 1876 in
3265 1819 3448 1878 futuro
3471 1821 3642 1877 vitam
3671 1835 3779 1877 Ine-

561 1885 643 1942 Ita
682 1903 782 1944 vos
827 1887 1090 1946 Dominus
1120 1891 1467 1970 omnipotens
1501 1889 1704 1946 tribuat
1731 1889 1876 1946 facta
1903 1887 2085 1945 carnis
2112 1882 2161 1944 B
2188 1905 2316 1962 mis
2343 1915 2626 1964 mel-mm,
2657 1908 2850 1967 Amen,

495 1981 849 2043 mortiﬁcare,
877 1994 934 2035 ut
963 1985 1106 2054 digni
1137 1983 1282 2038 ﬁatis
1309 2001 1430 2040 cum
1456 1983 1578 2054 ipso
1605 1997 1852 2056 regnare.
1883 1982 2078 2036 Amen.
2257 1998 2326 2054 Ει
2353 1999 2602 2058 Creatori
2646 2015 2827 2060 νεειτο
2877 2005 3071 2065 devote
3113 2008 3435 2080 servientes,
3485 2024 3614 2066 cum
3659 2009 3772 2083 ipso

562 2073 631 2128 Et
655 2075 742 2128 hit-
771 2076 885 2144 ejus
909 2076 1114 2137 Spiritu
1134 2076 1439 2145 justiﬁcati,
1468 2077 1524 2132 in
1550 2075 1735 2134 futuro
1763 2073 2078 2147 appareatis
2186 2091 2422 2161 regnetis
2451 2093 2804 2151 exsultantes.
2831 2095 3024 2155 Amen.

491 2167 613 2226 Filii
647 2168 760 2222 Dei.
792 2169 983 2224 Amen.

572 2257 643 2314 Ut
682 2258 833 2312 falsis
882 2270 934 2312 et
983 2259 1141 2317 malis
1188 2261 1382 2317 merito
1425 2261 1717 2330 damnatis,
1775 2274 1874 2317 vos
1910 2258 2084 2331 gratia

492 2347 613 2414 Dei,
649 2357 708 2404 ut
743 2350 822 2404 sol
851 2349 1200 2421 splendentis.
1227 2351 1421 2408 Amen.

560 2440 714 2510 Quod
741 2443 859 2515 ipse
886 2458 942 2513 p.

2778 2225 3035 2268 DOIINICA
3073 2228 3186 2270 XVI.

2257 2296 2318 2352 In
2363 2297 2708 2357 tribulatione
2749 2317 2847 2359 vos
2887 2303 3054 2361 faciat
3097 2307 3358 2365 Dominus
3391 2309 3687 2380 patientes,
3722 2317 3774 2364 ut

2185 2387 2302 2463 ejus
2334 2392 2454 2448 ﬁeri
2484 2395 2803 2451 mereamini
2831 2408 3131 2455 consortes.
3164 2401 3356 2457 Amen.

2253 2483 2322 2540 Et
2362 2485 2452 2542 hic
2497 2485 2714 2544 Christo
2757 2503 2854 2560 per
2897 2489 3059 2544 ﬁdem
3101 2491 3155 2546 in
3195 2493 3349 2549 vobis
3379 2494 3682 2558 habitante,
3713 2494 3772 2549 ad

2182 2578 2470 2634 videndam
2517 2580 2821 2637 claritatem
2873 2582 3018 2638 illius
3061 2585 3284 2656 possitis
3313 2586 3539 2644 intrare.
3575 2591 3766 2644 Amen.

2256 2669 2636 2742 Sejunctisque
2687 2689 2716 2728 a
2760 2674 2912 2730 vobis
2951 2686 3288 2734 mortuorum
3336 2678 3551 2750 bajulis,
3607 2681 3771 2751 ipsum

2182 2777 2306 2818 cum
2341 2763 2560 2834 angelis
2590 2765 2795 2821 sanctis
2826 2765 3165 2824 collaudetis.
3197 2767 3393 2826 Amen.

2253 2853 2406 2920 Quod
2438 2855 2553 2924 ipse
2577 2871 2632 2927 p.

1097 2551 1357 2594 υοιιιΝιοΑ
1392 2553 1470 2592 ιχ.

560 2623 647 2682 Ab
692 2627 946 2684 omnibus
987 2630 1446 2700 concupiscentiis
1477 2629 1634 2686 malis
1659 2636 1953 2688 evacuatos
1984 2645 2083 2688 vos

486 2709 748 2773 Dominus
771 2719 1025 2774 restituat
1055 2720 1462 2777 imtnaculatos.
1491 2721 1684 2777 Amen.

557 2806 627 2864 Et
672 2807 932 2866 liberatos
960 2827 993 2866 a
1023 2812 1435 2881 tentationibus,
1475 2822 1700 2884 praestet
1726 2815 1934 2898 pollere
1964 2814 2080 2870 vir-

485 2899 712 2956 tutibus.
743 2902 940 2958 Amen.

564 2991 637 3048 Ut
679 2992 990 3050 innocentia
1035 2995 1158 3052 vita:
1198 3004 1254 3051 et
1305 2996 1769 3068 eleemosynarum
1806 2995 2074 3069 largitate,

2756 2987 3010 3028 DOMINICA
3061 2989 3193 3031 XVII.

2252 3059 2305 3082 Ι..
2357 3060 2561 3082 ----2ι-ι-
2610 3061 2825 3082 -..ε-ειη,
2881 3065 2903 3082 ρ
2969 3068 2979 3078 ο
3026 3077 3035 3082 .
3186 3069 3223 3082 n
3325 3071 3337 3082 ο

485 3083 845 3156 perfruamini
872 3089 1031 3144 beata
1059 3089 1386 3146 aeternitate.
1415 3059 1613 3146 Ame'n.
1891 3059 1920 3069 '
2058 3059 2071 3066 '
2251 3059 2310 3114 In
2357 3060 2564 3167 unitate
2607 3061 2833 3133 Spiritus
2878 3065 3162 3123 faciatvos
3185 3069 3446 3127 Dominus
3471 3072 3766 3138 ambulare,

558 3176 714 3245 Quod
738 3178 855 3248 ipse
877 3195 931 3249 po
2183 3157 2394 3249 ut
2424 3151 2515 3249 illo
2542 3155 2861 3210 mereamini
2887 3172 3133 3249 regnare.
3162 3159 3357 3217 Amen.

2110 3263 2156 3327 ρ
2259 3241 2326 3296 Et
2349 3241 2617 3313 baptisma
2645 3256 2946 3315 servantes,
2977 3247 3126 3307 Patri
3147 3252 3240 3324 qui
3267 3264 3350 3310 est
3377 3269 3544 3328 supra
3568 3258 3764 3324 omnia,

2184 3338 2593 3405 praesentemini
2622 3339 2888 3398 laetantes.
2920 3342 3114 3413 Amen.

1109 3290 1368 3332 υοιιιΝιοΔ
1416 3291 1475 3332 Χ.

567 3365 615 3421 Α
645 3364 1172 3437 blasphematoribus
1197 3368 1398 3424 Christi
1439 3382 1728 3424 secernens
1762 3383 1861 3425 vos
1897 3368 2081 3425 Domi-

487 3471 617 3523 nus,
647 3428 968 3514 adnumeret
1004 3459 1118 3515 suis
1148 3459 1396 3517 ﬁdelibus
1433 3460 1855 3518 confessoribus.
1885 3462 2079 3518 Amen.
2367 3430 2521 3538 Παίδ-
2543 3431 2745 3538 (Ῐθξήίολ
2770 3435 2971 3492 "more
3021 3435 3282 3508 ωηίυδίδν
3327 3453 3428 3499 νος
3467 3444 3521 3499 in
3573 3455 3764 3502 eum

558 3521 632 3604 Ut
682 3549 965 3620 multiplici
1014 3551 1188 3606 sancti
1242 3551 1478 3622 Spiritus
1507 3553 1650 3608 dono
1680 3553 1854 3620 dilati,
1885 3552 1941 3608 in
1965 3568 2083 3610 om-
2183 3521 2354 3631 δίθξίθ
2384 3525 2685 3631 ξτξυάθδιίδ·
2715 3526 2909 3585 Amen-

483 3638 645 3696 nibus
671 3616 1028 3698 inveniamini
1058 3643 1218 3699 bonis
1242 3616 1491 3715 perfecti.
1520 3645 1713 3703 Amen.
1837 3616 1847 3620 7
2256 3616 2406 3685 Qum]
2436 3618 2552 3690 ipse
2579 3637 2634 3693 Ρο

555 3731 669 3789 Nec
702 3734 1026 3806 ejectioncm
1054 3736 1122 3790 de
1152 3736 1314 3792 domo
1353 3738 1448 3793 Dei
1487 3738 1806 3794 mereamini
1847 3747 2078 3806 aeterna,
2632 3750 2914 3795 SABBA'I’UI
2952 3754 3005 3796 IN
3043 3755 3120 3797 xu
3159 3757 3318 3800 LBC‘I‘.

478 3825 576 3883 sed
604 3827 660 3882 in
688 3828 886 3884 saecula
916 3827 1241 3885 saeculorum
1271 3829 1528 3888 habitetis
1557 3831 1614 3887 in
1643 3847 1729 3888 ea.
1762 3831 1974 3904 Amen.f

552 3917 711 3982 Quod
736 3919 855 3982 ipse
886 3934 943 3982 1).

2252 3822 2454 3895 Dignos
2495 3841 2594 3882 vos
2640 3826 2783 3885 Deus
2827 3829 3027 3888 eﬁiciat
3063 3848 3162 3889 suo
3192 3835 3524 3904 sacerdotio,
3555 3838 3646 3909 qui
3668 3852 3761 3895 suo

2240 3932 2280 3971 ὀ
2303 3917 2457 3974 vobis
2489 3935 2598 3975 non
2626 3923 2870 3982 pepercit
2893 3925 3194 3982 uniaenito.
3225 3928 3422 3982 Amen.

605 3919 711 3976 uod
736 3919 855 3985 ipse
884 3934 943 3985 p.
2181 3931 2280 3985 pro
2303 3919 2457 3974 vobis
2489 3935 2598 3975 non
2626 3923 2870 3985 pepercit
2893 3925 3194 3985 unigenito.
3225 3928 3422 3985 Amen.

552 3917 711 3987 Quod
736 3919 855 3990 ipse
884 3934 943 3991 p.
2181 3931 2280 3986 pro
2303 3917 2457 3974 vobis
2489 3935 2598 3975 non
2626 3923 2870 3992 pepercit
2893 3925 3194 3996 unigenito.
3225 3928 3422 3985 Amen.

544 3995 548 4002 ’
1097 4050 1354 4092 boum“
1400 4053 1476 4092 ιι,
2253 4008 2324 4064 Ut
2357 4009 2412 4064 in
2454 4020 2642 4067 sancta
2683 4018 3100 4074 conversatione
3138 4029 3573 4090 perseverantes,
3610 4023 3671 4078 ad
3695 4023 3754 4077 il-

553 4122 1012 4194 Per'passionem
1056 4126 1258 4183 Christi
1297 4129 1642 4198 justiﬁeatos,
1693 4146 1791 4202 per
1826 4145 2074 4188 resurre-

553 4217 719 4246 ξηηιιηι
746 4214 861 4246 ηδ...
886 4233 984 4246 ..ιω
1006 4218 1267 4246 ἵκων-αξη..-
1289 4219 1474 4246 ..ιηιλυ
1504 4220 1828 4246 -I....:n.....-..
1891 4222 1913 4246 Α
1931 4237 2049 4246 ..--

2242 4117 2293 4156 m
2325 4102 2488 4157 etiam
2518 4106 2851 4162 convertatis
2879 4117 3145 4165 errantes.
3177 4110 3376 4168 Amen.

2250 4193 2318 4246 Ει
2337 4207 2435 4246 nro
2463 4194 2736 4246 sterilibus
2759 4203 2814 4246 et
2837 4197 3136 4246 incurvatis
3166 4199 3561 4246 inter-mamma
3591 4202 3752 4246 ξιιηυί

481 4213 720 4271 ctionem
745 4214 863 4286 ejus
886 4233 987 4274 vos
1006 4218 1270 4274 Dominus
1289 4195 1481 4275 reddat
1501 4195 1850 4293 gloriﬁcatos.
1881 4222 2073 4279 Amen.
2183 4279 2211 4293 η
2337 4207 2435 4293 Ρ¹ξ⁰
2463 4195 2736 4254 sterilibus
2759 4203 2814 4254 et
2837 4197 3136 4276 iacuimus
3165 4199 3561 4262 intercessores
3590 4202 3753 4288 idonei

559 4309 632 4367 Ut
681 4279 858 4382 gratia
909 4313 1076 4383 ipsius
1113 4313 1182 4370 de
1207 4313 1441 4386 indignis
1467 4279 1636 4388 digni,
1661 4325 1717 4372 et
1742 4317 1810 4373 de
1836 4316 2076 4373 minimis
2178 4279 2342 4390 ﬁafjs'
2373 4282 2566 4390 fu,le

481 4375 1242 4476 elﬁciaminimagni.Amen.
1322 4375 1352 4386 ν
1525 4375 1556 4388 ν
1623 4375 1635 4384 ’
2248 4375 2545 4454 Ουοάίρθθ
2569 4395 2627 4450 P-

551 4494 664 4552 Nec
689 4505 872 4554 tamen
897 4496 964 4552 de
991 4499 1280 4554 sanctitate
1305 4499 1620 4570 gloriantes,
1647 4500 1958 4574 despiciatis
1981 4510 2076 4558 aut
2746 4490 3001 4535 δοκικιῦλ
3041 4494 3196 4537 “"1-

551 4588 855 4640 ηάειηηριίε
883 4589 1061 4640 adhuc
1083 4585 1392 4640 “amantes.
1420 4591 1616 4640 Amen.
2249 4567 2415 4636 Deus,
2448 4569 2540 4640 qui
2569 4570 2760 4628 ditavit
2805 4589 2902 4630 vos
2947 4575 3001 4630 in
3049 4575 3216 4632 verbo
3253 4582 3310 4632 et
3350 4576 3605 4640 scientia,
3631 4591 3753 4635 con-

475 4589 855 4646 condemnetis
883 4589 1061 4647 adhuc
1081 4599 1392 4662 peccantes.
1419 4591 1616 4649 Amen.

548 4680 702 4750 Quod
733 4682 848 4750 ipse
869 4698 926 4750 ι).

2249 4589 2415 4636 ueus,
2448 4589 2540 4640 qut
2569 4589 2760 4628 attavu
2805 4589 2902 4630 vos
2947 4591 3001 4630 tn
3049 4589 3216 4632 verbo
3253 4589 3310 4632 et
3350 4589 3605 4646 sctentia,

2240 4669 2358 4715 rvet
2387 4676 2483 4717 vos
2510 4661 2563 4716 in
2599 4663 2712 4719 vita
2744 4664 3109 4723 immaculata.
3139 4667 3334 4725 Arnen.

2097 4698 2132 4702 ’-
2176 4698 2358 4715 θυινυο
2396 4698 2483 4717 *νῦ
2510 4698 2563 4716 lu
2608 4698 2712 4719 vna
2744 4698 3109 4723 ιιιιιιιαιυιαιιιο
3139 4698 3334 4725 ntucu.

1076 4787 1078 4789 >
1114 4784 1334 4833 “me,
1369 4792 1468 4832 χιι,
2249 4752 2320 4809 Ut
2363 4753 2418 4808 in
2467 4754 2702 4812 adventu
2744 4756 2866 4813 Filii
2915 4757 3030 4827 ejus
3077 4761 3317 4830 parcatis
3355 4762 3476 4820 sine
3515 4763 3754 4829 crimine,

2172 4843 2327 4915 cujus
2356 4847 2488 4902 estis
2525 4851 2801 4906 emundati
2829 4865 3042 4908 cruore.
3069 4853 3262 4910 Amen.

2245 4936 2316 4990 Et
2361 4937 2541 5009 impiis
2583 4941 2802 4997 scabelli
2846 4942 2964 4998 vice
3007 4945 3107 4999 sub
3146 4946 3375 5016 pedibus
3406 4947 3524 5017 ejus
3550 4947 3756 5020 positis

2168 5041 2268 5084 vos
2295 5042 2416 5082 cum
2444 5029 2560 5100 ipso
2583 5031 2859 5089 sublimati
2887 5034 3236 5094 considcatis.
3264 5036 3461 5096 Amen.

2248 5120 2402 5189 Quod
2435 5123 2548 5194 ipse
2575 5141 2630 5196 p.

548 4885 778 4942 ldoneos
805 4886 908 4943 sibi
936 4901 1034 4942 vos
1062 4887 1323 4944 Dominus
1347 4888 1513 4944 faciat
1538 4889 1817 4945 ministros
1842 4903 2068 4946 munere

477 4976 564 5032 sui
587 4976 822 5049 Spiritus
851 4979 1167 5034 instructos.

553 5065 627 5123 Ut
651 5068 876 5124 auribus
903 5076 958 5124 et
992 5083 1089 5123 ore
1127 5067 1345 5126 Christo
1384 5069 1583 5136 devoti,
1616 5070 1732 5141 ejus
1755 5071 1899 5129 ﬁatis
1922 5089 2064 5143 prte-

477 5156 639 5215 conio
664 5158 832 5230 digni.
862 5159 1054 5227 Amen.

550 5250 830 5319 Quatenus
882 5251 958 5308 ita
1007 5252 1202 5311 vivatis
1242 5262 1303 5311 ut
1349 5256 1419 5314 ad
1461 5256 1676 5316 laudem
1712 5259 1807 5316 Dei
1839 5267 1895 5316 et
1927 5259 2064 5317 alios

479 5346 810 5405 accendatis.
838 5346 1035 5404 Amen.

2772 5237 3025 5280 DOIINICA
3064 5239 3177 5280 XIX.

2245 5306 2493 5366 Renovet
2539 5325 2632 5367 vos
2675 5314 3022 5387 omnipotens
3055 5315 3220 5386 Deus,
3244 5326 3306 5374 ut
3335 5320 3498 5377 nobis
3524 5335 3647 5377 esse
3670 5320 3757 5376 de-

2170 5403 2299 5460 beat
2317 5405 2583 5477 placatus.
2615 5407 2810 5463 Amen.
2920 5485 2927 5489 .
3211 5461 3220 5468 .

2243 5497 2311 5553 Et
2363 5499 2625 5568 depositis
2667 5500 2922 5559 omnibus
2942 5501 3112 5573 vitiis,
3144 5503 3201 5562 in
3227 5507 3444 5564 cunctis
3467 5505 3754 5564 virtutibus

545 5577 656 5649 Qui
677 5591 776 5635 vos
804 5578 1182 5650 promissionis
1217 5593 1434 5652 patrum
1476 5585 1670 5641 tribuit
1715 5599 1837 5642 esse
1885 5584 2064 5656 parti-
2169 5587 2446 5660 fulgeatis.
2469 5590 2666 5648 Amen.

475 5669 645 5745 cipes,
676 5686 864 5731 eorum
900 5674 1066 5733 faciat
1093 5691 1213 5733 esse
1241 5678 1571 5737 cohaeredes.
1610 5680 1805 5738 Amen.
2239 5680 2418 5754 Atque
2447 5684 2535 5745 hic
2568 5686 2939 5756 proximorum
2965 5705 3134 5748 onera
3156 5701 3458 5765 portantes,
3479 5708 3604 5754 cum
3623 5690 3751 5767 ipsis

547 5765 618 5826 Ut
661 5767 755 5841 qui
795 5766 850 5826 in
895 5769 1068 5828 Adam
1099 5772 1167 5828 de
1191 5774 1444 5844 paradiso
1484 5776 1688 5848 lugetis
1734 5775 1919 5848 ejecti,
1969 5793 2067 5849 per
2171 5775 2240 5833 ad
2266 5776 2467 5834 caelum
2490 5780 2724 5840 veniatis
2746 5783 3100 5844 exsultantes.
3124 5787 3310 5847 Amen.

474 5861 750 5923 Christum
773 5864 1056 5931 gaudeatis
1089 5866 1318 5924 reducti.
1347 5866 1519 5925 Amen
2243 5869 2394 5938 000d
2423 5871 2538 5944 ipse
2563 5889 2598 5945 Ρ

1059 5479 1308 5522 υοιίιΝιοΑ
1347 5483 1466 5524 Χιιι.

1571 6016 1689 6042 ,-.“.
1793 6023 1828 6040 ρ
