3954 6342
556 370 665 437 B75

810 502 863 544 Β.
901 500 1152 544 DOIINICA
1193 501 1268 541 IX.
1320 499 1452 541 POS'I'
1498 499 1893 541 PENTECOS'I'EN.

631 572 1033 635 Benedictionis
1059 576 1271 634 Domini
1305 576 1479 647 gratia
1507 590 1605 632 vos
1634 590 1848 648 semper
1888 584 2141 648 protegat

563 676 615 725 et
644 668 716 724 ab
738 668 884 722 omni
911 667 1052 723 malo
1077 665 1351 723 defendat.
1381 667 1571 722 Amen.

634 758 853 814 Mundet
877 773 973 813 vos
996 760 1065 813 ab
1090 758 1239 812 omni
1266 758 1500 813 crimine
1527 764 1903 827 peccatorum,
1928 765 1986 814 et
2006 758 2141 813 sibi-

560 856 669 901 met
699 848 911 918 placere
941 846 1105 902 faciat
1129 848 1183 902 in
1219 856 1502 902 aeternum.
1534 848 1727 903 Amen.

630 939 814 1009 Ibique
846 939 999 995 vobis
1024 940 1283 995 Dominus
1310 939 1558 1010 placatus
1601 947 1877 1004 occurrat,
1924 946 1980 996 et
2029 953 2142 996 sum

561 1030 953 1087 benedictionis
978 1046 1135 1102 opem
1163 1031 1451 1101 dignanter
1471 1031 1753 1086 attribuat.
1781 1030 1975 1086 Amen.

565 1130 579 1140 '
628 1121 782 1189 Quod
806 1122 940 1193 ipse.

843 1251 893 1290 Β.
925 1248 1177 1289 DOIIINICA
1212 1250 1263 1287 Χ.
1293 1247 1422 1288 Ροετ
1458 1247 1855 1289 νεκτεοοετεα.

625 1321 983 1395 Omnipotens
1026 1324 1284 1379 Dominus
1317 1325 1599 1394 adaperiat
1653 1342 1748 1379 cor
1794 1334 2033 1382 vestrum
2087 1328 2140 1382 in

554 1412 678 1489 lege
722 1433 840 1480 sua,
872 1426 927 1470 ct
968 1415 1215 1470 hnmiliet
1264 1415 1475 1470 animas
1512 1423 1719 1472 vestras
1765 1418 1832 1471 ad
1882 1417 2141 1488 capienda

558 1508 812 1563 mandata
844 1507 1107 1563 coelestia.
1134 1506 1331 1561 Amen.

623 1598 894 1668 Quidquid
925 1597 1075 1652 vobis
1103 1611 1203 1668 pro
1231 1595 1407 1653 salute
1427 1598 1733 1653 animarum
1755 1605 2061 1653 vestrarum
2078 1614 2140 1654 os

554 1691 900 1748 mortalitatis
940 1700 1140 1747 nostra:
1167 1697 1415 1755 enarrat,
1441 1697 1724 1761 acceptum
1768 1688 1923 1745 vobis
1964 1689 2143 1759 pietas

552 1784 734 1839 divina
761 1781 981 1839 eﬂlciat.
1008 1781 1203 1837 Amen.

623 1875 692 1933 Ut
720 1875 920 1931 divinis
946 1874 1289 1930 sermonibus
1312 1873 1561 1937 animati,
1595 1886 1717 1927 cum
1775 1872 1855 1928 eis
1903 1870 1996 1943 qui
2040 1884 2139 1942 pro

547 1965 703 2024 vobis
728 1966 1029 2038 invigilant,
1075 1966 1143 2020 ad
1179 1974 1445 2020 aeternam
1492 1964 1883 2021 beatitudinem
1926 1977 2139 2020 merea-

550 2058 682 2114 mini
711 2057 997 2129 pervenire
1026 2055 1204 2112 illaesi.
1245 2054 1438 2111 Amen.

621 2148 775 2217 Quod
795 2148 932 2220 ipse.

832 2278 885 2317 Β.
914 2275 1174 2317 ῸΟΙῙΝῙΟΔ
1199 2274 1255 2315 XI
1283 2274 1414 2316 POS’I'
1453 2270 1850 2317 PENTECOSTEN.

620 2349 899 2408 Concedat
937 2350 1091 2406 vobis
1115 2349 1383 2408 Dominus
1424 2351 1708 2421 prmmium
1752 2340 2136 2406 sincerissima

550 2442 852 2511 charitatis,
881 2450 943 2500 ut
968 2458 1095 2499 cum
1128 2443 1381 2498 omnibus
1408 2457 1623 2513 semper
1654 2443 1708 2498 in
1739 2457 1873 2514 pace
1917 2442 2131 2499 vivatis.

545 2538 738 2592 Amen.

617 2626 966 2683 lnimicorum
992 2625 1236 2684 omnium
1262 2625 1487 2681 insidias
1512 2624 1780 2695 superetis
1802 2632 1858 2679 et
1892 2636 2131 2695 praesen-

545 2724 654 2771 tem
691 2718 859 2774 vitam
889 2716 1255 2773 sincerissime
1280 2716 1570 2787 peragatis.
1602 2714 1798 2770 Amen.

618 2807 751 2866 Sitis
802 2818 859 2866 et
906 2809 1019 2880 jam
1059 2824 1091 2864 a
1132 2816 1285 2864 reatu
1322 2807 1671 2864 conscientia:
1701 2806 1877 2873 liberi,
1905 2814 1963 2863 ut
1997 2806 2131 2862 nihil

545 2901 800 2957 metuatis
828 2901 881 2957 in
914 2902 1005 2957 die
1024 2899 1218 2969 judicii
1250 2898 1562 2972 postfuturi.
1588 2898 1783 2953 Amen.

615 2994 769 3061 Quod
797 2995 912 3066 ipse
942 3006 993 3050 α.

829 3121 880 3159 Β.
906 3121 958 3159 IN
986 3119 1182 3160 NATALI
1217 3119 1264 3159 8-
1294 3119 1509 3159 ιοΑΝΝιε
1542 3118 1840 3158 ΒΔΡΤΙΒΤΕ.

614 3195 907 3252 Benedicat
928 3196 1083 3252 vobis
1103 3195 1446 3266 omnipotens
1474 3196 1617 3251 Deus
1658 3195 1721 3250 B.
1769 3194 1991 3251 Joannis
2028 3194 2132 3249 Ba-

544 3290 725 3362 ptistze
751 3287 1157 3351 intercessione,
1176 3284 1329 3355 cujus
1356 3286 1517 3341 hodie
1549 3285 1792 3341 natalitia
1820 3284 2125 3352 celebratis,

545 3380 917 3449 concedatque
964 3386 1025 3432 ut
1075 3374 1229 3445 cujus
1283 3374 1545 3430 solemnia
1588 3374 1789 3441 colitis,
1831 3372 2130 3446 patrocinia

545 3468 814 3524 sentiatis.
837 3467 1031 3522 Amen.

617 3560 762 3614 Illius
803 3561 1025 3616 obtentu
1080 3557 1149 3612 ab
1194 3555 1450 3612 omnibus
1486 3555 1730 3611 adversis
1761 3554 2043 3619 tueamini,
2076 3560 2130 3609 et

544 3655 698 3709 bonis
737 3654 991 3709 omnibus
1034 3649 1411 3724 perfruamini,
1459 3649 1551 3719 qui
1582 3649 1872 3704 adventum
1905 3648 2133 3703 Redem-

545 3746 715 3818 ptoris
754 3746 936 3800 mundi
994 3744 1221 3801 necdum
1252 3751 1409 3797 natus
1435 3741 1677 3813 agnovit,
1709 3739 1900 3794 matris
1933 3737 2130 3791 sterili-

547 3848 711 3893 tatem
733 3836 1005 3892 nascendo
1032 3834 1275 3900 abstulit,
1305 3833 1475 3905 patris
1501 3832 1739 3903 linguam
1768 3837 1928 3885 natus
1952 3827 2130 3883 absol-

548 3930 640 3981 vit.
682 3927 874 3981 Amen.

615 4020 895 4086 Quatenus
920 4017 1088 4087 ipsius
1120 4018 1280 4088 Agni,
1320 4031 1479 4087 quem
1529 4016 1618 4071 ille
1662 4015 1832 4087 digito
1871 4013 2127 4078 ostendit,

544 4112 702 4183 cujus
757 4108 1132 4164 immolatione
1186 4109 1320 4164 estis
1388 4106 1684 4176 redempti,
1738 4107 1814 4160 ita
1869 4104 2129 4159 virtutum

544 4202 685 4258 lanis
726 4200 937 4267 vestiri,
969 4207 1024 4254 et
1051 4199 1416 4255 innocentiam
1445 4198 1672 4253 valeatis
1702 4196 1926 4263 imitari,
1973 4201 2036 4250 ut
2078 4194 2130 4251 ei

543 4293 600 4348 in
640 4300 857 4349 aeternae
889 4292 1081 4362 patria:
1108 4288 1371 4345 felicitate
1399 4288 1619 4360 possitis
1645 4284 1882 4358 adjungi.
1928 4283 2128 4342 Amen.

614 4382 770 4454 Quod
804 4382 941 4454 ipse.

683 4512 734 4553 8.
767 4514 820 4552 IN
846 4512 1042 4552 NATALI
1075 4508 1462 4551 Αιιοετοιοιιωι
1500 4508 1659 4550 PETRI
1697 4508 1769 4548 ΕΤ
1803 4506 1981 4548 PAULI.

610 4584 905 4644 Benedicat
931 4585 1085 4644 vobis
1107 4584 1455 4655 omnipotens
1499 4582 1664 4649 Deus,
1695 4582 1786 4652 qui
1837 4597 1934 4637 vos
1980 4579 2127 4635 beati

542 4676 688 4734 Petri
716 4676 1073 4738 saluberrima
1096 4673 1439 4732 confessione
1468 4674 1524 4729 in
1559 4671 1946 4729 ecclesiasticae
1998 4668 2125 4724 ﬁdei

544 4771 791 4827 fundavit
809 4769 1102 4826 soliditate.
1130 4768 1323 4823 Amen.
2026 4840 2037 4846 ί

614 4863 682 4918 Ει
708 4860 1017 4932 quosbeati
1043 4859 1195 4915 Pauli
1222 4857 1567 4915 sanctissima
1626 4854 1886 4911 instruxit
1933 4853 2129 4925 prmdia

542 4954 780 5019 natione,
822 4969 918 5008 sua
968 4959 1184 5005 tueatur
1219 4949 1528 5020 gratissima
1558 4946 1888 5002 defensione.
1926 4946 2121 5000 Amen.
2166 5007 2171 5015 ,

614 5042 893 5111 Quatenus
920 5039 1111 5097 Petrus
1153 5036 1330 5105 clave,
1371 5036 1570 5093 Paulus
1611 5050 1882 5101 sermone,
1912 5036 2129 5105 utrique

543 5136 951 5200 intercessitmc,
980 5136 1047 5189 ad
1085 5130 1230 5187 illam
1255 5146 1355 5187 vos
1380 5139 1593 5188 certent
1619 5129 1851 5201 patriam
1874 5129 2127 5184 introdua

543 5239 688 5293 cere,
705 5225 771 5280 ad
792 5240 954 5298 quam
981 5224 1081 5291 illi,
1109 5223 1247 5279 alter
1267 5237 1449 5291 cruce,
1479 5221 1616 5278 alter
1639 5220 1837 5294 gladio,
1863 5220 2129 5277 hodierna

540 5315 630 5371 lie
657 5328 974 5386 pervenere.
1007 5313 1198 5387 Amen.

616 5405 765 5475 Quod
788 5406 921 5479 ipse.
1176 5394 1183 5407 ’

894 5534 947 5575 B;
984 5535 1037 5575 IN
1070 5534 1426 5576 FESTIVITATB
1473 5534 1519 5575 8.
1561 5528 1764 5573 IAME.
2044 5576 2047 5581 ι

616 5607 779 5680 Deus,
807 5613 898 5684 qui
925 5628 1021 5683 per
1046 5614 1219 5669 beata:
1246 5611 1427 5668 Marim
1460 5613 1687 5684 virginis
1712 5621 1925 5686 partum
1953 5626 2127 5683 genus

1567 371 1902 430 GRIMALDI
1939 374 2458 431 SANGALLENSIS
2494 374 2787 431 ABBATIS

3653 372 3727 434 876

2171 487 2221 547 Α
2249 483 2544 540 humanum
2588 484 2842 555 dignatus
2866 499 2927 539 es
2964 485 3250 551 redimere",
3282 500 3376 540 sua
3421 492 3510 542 tros
3545 486 3734 557 dignetur

2244 574 2621 632 benedictione
2644 576 2995 646 locupletare.
3024 576 3218 631 Amen.

2315 667 2442 738 Ejus
2489 683 2706 738 semper
2759 675 2819 722 et
2858 668 3057 737 ubique
3106 668 3400 738 patrocinia
3442 670 3735 737 sentiatis,er

2242 760 2398 832 cujus
2430 760 2753 816 intemerato
2780 768 2933 814 utero
2959 768 3237 815 auctorem
3262 761 3384 815 vita:
3403 760 3639 831 suscipere
3655 777 3737 820 me-

2242 854 2448 910 ruistis.
2477 853 2670 908 Amen.

2315 945 2383 1001 Et
2408 945 2502 1015 qui
2540 946 2608 1000 ad
2636 941 2750 1012 ejus
2779 942 3157 999 celebrandam
3189 940 3519 997 festivitatem
3544 942 3740 997 hodierna

2241 1035 2330 1093 die
2353 1035 2561 1092 devotis
2590 1034 2864 1090 mentibus
2900 1033 3251 1096 convenistis,
3294 1033 3614 1103 spiritualium
3646 1049 3738 1104 gau-

2242 1127 2456 1182 diorum
2479 1134 2531 1181 et
2560 1133 2889 1179 aeternorum
2911 1122 3259 1193 pramiorum
3291 1123 3548 1178 vobiscum
3572 1136 3740 1178 munera

2245 1214 2552 1286 reportctis.
2580 1214 2773 1268 Amen.

2314 1307 2468 1375 Quod
2491 1306 2623 1378 ipse.

2494 1435 2545 1473 Β.
2577 1431 2643 1471 DE
2667 1428 2942 1472 IAII'I‘YBIO
2966 1430 3011 1471 Sa
3041 1428 3256 1472 JOANNIS
3281 1429 3554 1471 ιιιρτιεγι.

2313 1506 2475 1572 Deus,
2502 1506 2594 1577 qui
2623 1521 2718 1561 vos
2743 1505 2807 1560 Β.
2831 1502 3058 1561 Joannis
3081 1496 3337 1576 Baptistae
3361 1504 3583 1559 concedit
3598 1503 3738 1559 solenr

2243 1597 2336 1653 nia
2386 1597 2754 1668 frequentare,
2814 1596 3021 1651 tribuat
3070 1594 3224 1650 vobis
3284 1601 3340 1650 et
3379 1593 3551 1650 eadem
3590 1593 3739 1649 devotis

2242 1691 2516 1748 mentibus
2544 1690 2845 1759 celebrare,
2871 1697 2928 1748 et.
2958 1704 3072 1748 suae
3105 1691 3489 1747 benedictionis
3515 1691 3631 1745 dona
3650 1705 3737 1761 per-

2243 1782 2445 1853 cipere.
2459 1781 2651 1838 Amen.

2164 1848 2214 1911 B
2296 1848 2383 1932 -Ει
2406 1876 2499 1948 qui
2542 1892 2641 1947 pro
2673 1874 2811 1947 legis
2851 1873 2968 1945 ejus
3010 1874 3286 1946 prteconio
3334 1873 3653 1930 carceralibns
3683 1878 3739 1927 est

2244 1975 2491 2023 retrusus
2520 1966 2571 2020 in
2599 1965 2856 2032 tenebris,
2886 1965 3281 2022 intercessione
3305 1978 3397 2021 sua
3433 1978 3461 2019 a
3501 1964 3738 2019 tenebroso—

2240 2071 2359 2113 rum
2392 2071 2616 2127 operum
2639 2070 2737 2111 vos
2771 2056 2959 2111 liberet
2995 2055 3304 2112 incentivis.
3330 2056 3509 2111 Amen.

2310 2147 2379 2202 Et
2402 2148 2491 2217 qui
2522 2162 2619 2217 pro
2643 2146 2897 2214 veritate,
2926 2161 3048 2219 qua:
3081 2148 3229 2204 Deus
3248 2156 3350 2213 est,
3380 2154 3526 2216 caput
3566 2160 3649 2199 non
3682 2149 3737 2197 est

2239 2246 2522 2293 cunctatus
2552 2237 2824 2303 amittere,
2851 2252 2949 2293 suo
2972 2238 3280 2294 interventu
3299 2236 3362 2293 ad
3384 2245 3530 2307 caput
3545 2246 3734 2297 vestrum,

2237 2327 2380 2397 quod
2400 2325 2650 2382 Christus
2683 2334 2783 2392 est,
2817 2325 2984 2384 faciat
3008 2329 3320 2400 pervenire.
3345 2327 3522 2383 Amen.-

2309 2417 2463 2485 Quod
2496 2418 2629 2491 ipse.

2402 2548 2451 2589 Β.
2483 2550 2535 2590 IN
2559 2546 3051 2593 οοιωειιοιιλτιοκε
3080 2542 3291 2594 omnia
3316 2550 3615 2592 sucronem.

2308 2624 2522 2682 Sancta:
2551 2627 2645 2683 Dei
2675 2627 2954 2695 genitricis
2982 2626 3187 2693 Marias,
3222 2629 3584 2697 beatorumquc
3625 2622 3733 2694 spiri-

2235 2723 2386 2771 tuum
2412 2724 2575 2788 atque
2599 2717 2844 2773 omnium
2866 2725 3178 2772 sanctorum
3205 2733 3424 2773 suorum
3466 2713 3729 2772 intercessio-

2236 2807 2392 2863 nibus
2419 2822 2448 2862 a
2477 2808 2735 2877 periculis
2768 2819 2823 2863 et
2845 2809 3086 2864 reatibus
3110 2809 3325 2878 eripiat,
3359 2817 3413 2865 et
3450 2813 3666 2879 protegat,
3697 2810 3733 2855 tt

2232 2907 2398 2954 exuat
2432 2915 2529 2954 vos
2562 2899 2841 2954 Dominus.
2866 2899 3060 2953 Amen.

2303 2988 2580 3056 Quatenus
2603 3003 2831 3059 quorum
2861 2987 3121 3043 solemnia
3154 2984 3511 3051 veneramini,
3540 2983 3665 3040 fidem
3697 2989 3732 3034 et

2232 3093 2387 3140 actus
2426 3083 2673 3140 devotius
2699 3083 3001 3147 imitemini,
3035 3091 3096 3138 ut
3132 3083 3476 3154 przcmiorum
3513 3075 3733 3136 beatitudi-

2159 3201 2204 3265 ο
2235 3191 2357 3231 nem
2386 3174 2718 3231 aeternaliter
2746 3166 3007 3245 consequi
3037 3175 3382 3230 mercantini.
3409 3174 3579 3229 Amen.

2305 3265 2459 3335 Quod
2495 3267 2620 3337 quia
2649 3265 2915 3337 condigna
2944 3266 3198 3338 passione
3230 3282 3386 3321 nemo
3427 3271 3653 3320 meretur.
3673 3257 3732 3310 ille

2232 3355 2387 3426 cujus
2414 3357 2693 3413 miseratio
2720 3356 2866 3412 nulla
2893 3356 3001 3411 ﬁne
3047 3356 3409 3420 concluditur,
3440 3346 3731 3421 multiplicatis

2231 3448 2385 3503 vobis
2420 3447 2874 3503 intercessoribus
2918 3445 3198 3518 largiatur.
3237 3446 3430 3500 Amen.

2303 3536 2453 3602 QIIOd
2490 3536 2604 3607 ipse
2631 3544 2891 3607 praestare
2916 3536 3185 3608 dignetur,
3237 3536 3329 3605 qui
3380 3548 3495 3589 cum
3542 3530 3667 3585 Patre
3696 3533 3732 3576 rt

2232 3625 2435 3695 Spiritu
2464 3634 2651 3682 sancto
2670 3627 2805 3683 vivit
2827 3633 2884 3683 et
2906 3635 3098 3698 regnat
3116 3625 3283 3693 Deus,
3298 3639 3394 3699 per
3412 3621 3573 3680 omnia
3591 3614 3731 3674 sarcula

2230 3721 2569 3778 saeculorum.
2595 3722 2790 3775 Amen.

2938 3808 3080 3863 Alia.

2302 3902 2405 3959 Per
2440 3897 2882 3958 intercessionem
2914 3914 3277 3969 supernorum
3314 3897 3502 3956 civium
3528 3887 3730 3951 custodiat

2230 4012 2327 4053 vos
2352 3995 2607 4052 Dominus
2629 4002 2811 4050 rector
2830 3992 3166 4064 angelorum.
3191 3992 3389 4048 Amen.

2307 4089 2374 4146 Ut
2399 4104 2588 4146 eorum
2614 4087 2778 4144 tutela
2803 4094 2992 4143 contra
3016 4085 3296 4158 spiritales
3339 4091 3393 4140 et
3430 4077 3639 4139 carnales
3671 4068 3732 4126 ad-

2230 4181 2504 4238 versarios
2524 4179 2743 4247 muniti,
2763 4179 2821 4235 in
2840 4193 3071 4235 mtmero
3094 4178 3330 4235 ﬁliorum
3359 4177 3451 4233 Dei
3490 4163 3732 4230 met-camini

2231 4274 2551 4346 computari.
2574 4274 2767 4329 Amen.

2301 4367 2403 4433 Qui
2429 4380 2526 4435 per
2549 4362 2859 4420 omnimoda
2883 4362 3244 4420 certaminum
3261 4359 3587 4434 genera,ejus
3604 4349 3731 4408 inellt

2229 4458 2325 4513 bili
2354 4459 2527 4530 gratia
2550 4464 2911 4527 pervenerunt
2934 4456 3003 4512 ad
3022 4456 3270 4512 coelestia
3299 4469 3477 4526 regna.
3498 4452 3656 4507 Amen.

2153 4536 2207 4604 ι)
2301 4552 2454 4620 Quod
2481 4552 2612 4623 ipse.

2947 4642 3090 4700 Alia.

2299 4762 2504 4818 Auctor
2526 4767 2582 4815 et
2601 4766 2979 4816 remunerator
3000 4758 3243 4813 omnium
3284 4756 3531 4811 bonorum
3546 4788 3560 4815 ,
3582 4742 3732 4801 tribu!l

2229 4852 2383 4909 vobis
2409 4852 2722 4910 societatem
2745 4860 3057 4907 sanctorum
3088 4864 3332 4904 suorum.
3356 4847 3534 4902 Amen.

2299 4943 2401 5012 Qui
2440 4942 2531 4998 vel
2552 4943 2691 4999 bene
2712 4941 2885 4998 creati
2917 4942 2971 4996 in
2994 4940 3112 5010 ejus
3140 4954 3325 4994 amore
3349 4934 3654 5009 perstiterunt
3670 4919 3731 4974 vel

2233 5039 2387 5109 culpa
2428 5052 2528 5094 sua
2570 5035 2828 5108 prolapsi,
2877 5034 3021 5091 illius
3063 5030 3421 5089 inmstimabili
3453 5027 3622 5100 pietate
3642 5026 3729 5072 sur-

2232 5136 2504 5186 rexerunt.
2538 5127 2732 5184 Amen.
2873 5190 2879 5196 ’
3436 5126 3441 5131 ’

2304 5220 2377 5278 Ut
2421 5219 2724 5276 imitatione
2754 5195 3117 5288 perfectorum
3145 5195 3715 5281 Christicolarummoll?

2232 5313 2391 5369 redes
2417 5311 2559 5367 [latis
2582 5309 2885 5366 caelestium
2917 5308 3198 5364 virtutum.-
3218 5306 3407 5362 Amen.

2303 5405 2458 5475 Quod
2482 5405 2616 5475 ipse.
2662 5408 2670 5417 '

2938 5492 3085 5546 Alia.

2298 5602 2697 5667 Denedictionis-
2725 5620 2838 5662 suat
2867 5614 2963 5661 vos
2990 5596 3247 5661 Dominus
3288 5598 3596 5668 omnipotens
3623 5576 3722 5654 insi‘

614 5786 643 5814 ο
675 5772 788 5828 line
817 5787 988 5843 usque
1009 5770 1421 5827 Benedictiones
1450 5772 1813 5829 Dominicales
1837 5781 1958 5842 post
1983 5772 2345 5830 Pcuteeosten
2367 5770 2601 5827 habebat
2626 5767 2792 5823 codex
2826 5762 3239 5834 Dltrajectinus:
