  <div class='ocr_page' id='page_1' title='image "/cluster/home/n/w/nwhite01/storage/ocr_20150623/121/hvd.32044015471642/446.png"; bbox 0 0 3954 6342; ppageno 0'>
   <div class='ocr_carea' id='block_1_1' title="bbox 1729 288 1853 301">
    <p class='ocr_par' dir='ltr' id='par_1_1' title="bbox 1729 288 1853 301">
     <span class='ocr_line' id='line_1_1' title="bbox 1729 288 1853 301; baseline 0.008 -5"><span class='ocrx_word' id='word_1_1' title='bbox 1729 288 1853 301; x_wconf 61' lang='grc' dir='ltr'><strong>νιος...</strong></span> 
     </span>
    </p>
   </div>
   <div class='ocr_carea' id='block_1_2' title="bbox 954 387 2782 452">
    <p class='ocr_par' dir='ltr' id='par_1_2' title="bbox 954 387 2782 452">
     <span class='ocr_line' id='line_1_2' title="bbox 954 387 2782 452; baseline 0.004 -10"><span class='ocrx_word' id='word_1_2' title='bbox 954 387 1155 444; x_wconf 82' lang='lat' dir='ltr'><strong>LIBER</strong></span> <span class='ocrx_word' id='word_1_3' title='bbox 1195 388 1834 447; x_wconf 54' lang='lat' dir='ltr'><strong>SACRAMENTORUM.</strong></span> <span class='ocrx_word' id='word_1_4' title='bbox 1877 421 1946 432; x_wconf 89' lang='lat'><strong>--</strong></span> <span class='ocrx_word' id='word_1_5' title='bbox 1994 392 2534 452; x_wconf 65' lang='lat' dir='ltr'><strong>BENEDICTIONES</strong></span> <span class='ocrx_word' id='word_1_6' title='bbox 2575 392 2782 449; x_wconf 67' lang='lat' dir='ltr'><strong>El‘lSC.</strong></span> 
     </span>
    </p>
   </div>
   <div class='ocr_carea' id='block_1_3' title="bbox 245 399 333 455">
    <p class='ocr_par' dir='ltr' id='par_1_3' title="bbox 245 399 333 455">
     <span class='ocr_line' id='line_1_3' title="bbox 245 399 333 455; baseline -0.045 1"><span class='ocrx_word' id='word_1_7' title='bbox 245 399 333 455; x_wconf 72' lang='lat' dir='ltr'><strong>88l</strong></span> 
     </span>
    </p>
   </div>
   <div class='ocr_carea' id='block_1_4' title="bbox 950 507 1142 565">
    <p class='ocr_par' dir='ltr' id='par_1_4' title="bbox 950 507 1142 565">
     <span class='ocr_line' id='line_1_4' title="bbox 950 507 1142 565; baseline 0 -3"><span class='ocrx_word' id='word_1_8' title='bbox 950 507 1088 565; x_wconf 78' lang='lat' dir='ltr'><strong>Alia.</strong></span> <span class='ocrx_word' id='word_1_9' title='bbox 1139 559 1142 562; x_wconf 83' lang='lat'><strong>.</strong></span> 
     </span>
    </p>
   </div>
   <div class='ocr_carea' id='block_1_5' title="bbox 305 596 1803 671">
    <p class='ocr_par' dir='ltr' id='par_1_5' title="bbox 305 596 1803 671">
     <span class='ocr_line' id='line_1_5' title="bbox 305 596 1803 671; baseline 0 -13"><span class='ocrx_word' id='word_1_10' title='bbox 305 601 496 658; x_wconf 92' lang='lat' dir='ltr'><strong>Cautos</strong></span> <span class='ocrx_word' id='word_1_11' title='bbox 522 611 618 652; x_wconf 90' lang='lat' dir='ltr'><strong>vos</strong></span> <span class='ocrx_word' id='word_1_12' title='bbox 645 596 902 652; x_wconf 83' lang='lat' dir='ltr'><strong>Dominus</strong></span> <span class='ocrx_word' id='word_1_13' title='bbox 934 596 1098 653; x_wconf 93' lang='lat' dir='ltr'><strong>faciat</strong></span> <span class='ocrx_word' id='word_1_14' title='bbox 1137 608 1326 655; x_wconf 91' lang='lat' dir='ltr'><strong>contra</strong></span> <span class='ocrx_word' id='word_1_15' title='bbox 1368 610 1608 671; x_wconf 87' lang='lat' dir='ltr'><strong>peccata,</strong></span> <span class='ocrx_word' id='word_1_16' title='bbox 1655 618 1686 657; x_wconf 89' lang='lat' dir='ltr'><strong>a</strong></span> <span class='ocrx_word' id='word_1_17' title='bbox 1717 618 1803 659; x_wconf 89' lang='lat' dir='ltr'><strong>vo-</strong></span> 
     </span>
    </p>
   </div>
   <div class='ocr_carea' id='block_1_6' title="bbox 239 689 1482 753">
    <p class='ocr_par' dir='ltr' id='par_1_6' title="bbox 239 689 1482 753">
     <span class='ocr_line' id='line_1_6' title="bbox 239 689 1482 753; baseline -0.005 0"><span class='ocrx_word' id='word_1_18' title='bbox 239 696 316 753; x_wconf 90' lang='lat' dir='ltr'><strong>bis</strong></span> <span class='ocrx_word' id='word_1_19' title='bbox 337 693 417 750; x_wconf 87' lang='lat' dir='ltr'><strong>vel</strong></span> <span class='ocrx_word' id='word_1_20' title='bbox 437 707 465 746; x_wconf 93' lang='lat' dir='ltr'><strong>a</strong></span> <span class='ocrx_word' id='word_1_21' title='bbox 496 689 754 746; x_wconf 72' lang='lat' dir='ltr'><strong>fratribus</strong></span> <span class='ocrx_word' id='word_1_22' title='bbox 777 689 973 750; x_wconf 84' lang='lat' dir='ltr'><strong>vestris</strong></span> <span class='ocrx_word' id='word_1_23' title='bbox 994 692 1263 748; x_wconf 70' lang='lat' dir='ltr'><strong>admissa.</strong></span> <span class='ocrx_word' id='word_1_24' title='bbox 1289 691 1482 749; x_wconf 84' lang='lat' dir='ltr'><strong>Amen.</strong></span> 
     </span>
    </p>
   </div>
   <div class='ocr_carea' id='block_1_7' title="bbox 305 780 1798 856">
    <p class='ocr_par' dir='ltr' id='par_1_7' title="bbox 305 780 1798 856">
     <span class='ocr_line' id='line_1_7' title="bbox 305 780 1798 856; baseline -0.002 -15"><span class='ocrx_word' id='word_1_25' title='bbox 305 785 370 841; x_wconf 87' lang='lat' dir='ltr'><strong>Ut</strong></span> <span class='ocrx_word' id='word_1_26' title='bbox 395 783 480 838; x_wconf 92' lang='lat' dir='ltr'><strong>illa</strong></span> <span class='ocrx_word' id='word_1_27' title='bbox 501 796 610 837; x_wconf 91' lang='lat' dir='ltr'><strong>non</strong></span> <span class='ocrx_word' id='word_1_28' title='bbox 634 780 941 856; x_wconf 75' lang='lat' dir='ltr'><strong>negligatis,</strong></span> <span class='ocrx_word' id='word_1_29' title='bbox 969 782 1065 837; x_wconf 89' lang='lat' dir='ltr'><strong>sed</strong></span> <span class='ocrx_word' id='word_1_30' title='bbox 1091 783 1336 839; x_wconf 90' lang='lat' dir='ltr'><strong>studiose</strong></span> <span class='ocrx_word' id='word_1_31' title='bbox 1358 799 1551 840; x_wconf 88' lang='lat' dir='ltr'><strong>curare</strong></span> <span class='ocrx_word' id='word_1_32' title='bbox 1580 786 1798 842; x_wconf 86' lang='lat' dir='ltr'><strong>curetis.</strong></span> 
     </span>
    </p>
   </div>
   <div class='ocr_carea' id='block_1_8' title="bbox 236 879 420 936">
    <p class='ocr_par' dir='ltr' id='par_1_8' title="bbox 236 879 420 936">
     <span class='ocr_line' id='line_1_8' title="bbox 236 879 420 936; baseline -0.027 0"><span class='ocrx_word' id='word_1_33' title='bbox 236 879 420 936; x_wconf 79' lang='lat' dir='ltr'><strong>Amen.</strong></span> 
     </span>
    </p>
   </div>
   <div class='ocr_carea' id='block_1_9' title="bbox 302 960 1803 1034">
    <p class='ocr_par' dir='ltr' id='par_1_9' title="bbox 302 960 1803 1034">
     <span class='ocr_line' id='line_1_9' title="bbox 302 960 1803 1034; baseline 0.004 -14"><span class='ocrx_word' id='word_1_34' title='bbox 302 967 572 1034; x_wconf 78' lang='lat' dir='ltr'><strong>Quatenus</strong></span> <span class='ocrx_word' id='word_1_35' title='bbox 593 964 661 1020; x_wconf 91' lang='lat' dir='ltr'><strong>de</strong></span> <span class='ocrx_word' id='word_1_36' title='bbox 698 960 858 1021; x_wconf 80' lang='lat' dir='ltr'><strong>lucro.</strong></span> <span class='ocrx_word' id='word_1_37' title='bbox 892 963 1134 1022; x_wconf 88' lang='lat' dir='ltr'><strong>fraterno</strong></span> <span class='ocrx_word' id='word_1_38' title='bbox 1163 965 1447 1024; x_wconf 82' lang='lat' dir='ltr'><strong>exsultetis</strong></span> <span class='ocrx_word' id='word_1_39' title='bbox 1487 982 1611 1023; x_wconf 92' lang='lat' dir='ltr'><strong>cum</strong></span> <span class='ocrx_word' id='word_1_40' title='bbox 1642 968 1803 1026; x_wconf 84' lang='lat' dir='ltr'><strong>Patre</strong></span> 
     </span>
    </p>
   </div>
   <div class='ocr_carea' id='block_1_10' title="bbox 233 1058 798 1129">
    <p class='ocr_par' dir='ltr' id='par_1_10' title="bbox 233 1058 798 1129">
     <span class='ocr_line' id='line_1_10' title="bbox 233 1058 798 1129; baseline -0.005 -12"><span class='ocrx_word' id='word_1_41' title='bbox 233 1059 572 1129; x_wconf 84' lang='lat' dir='ltr'><strong>sempiterno.</strong></span> <span class='ocrx_word' id='word_1_42' title='bbox 604 1058 798 1115; x_wconf 82' lang='lat' dir='ltr'><strong>Amen.</strong></span> 
     </span>
    </p>
   </div>
   <div class='ocr_carea' id='block_1_11' title="bbox 297 1149 1802 1225">
    <p class='ocr_par' dir='ltr' id='par_1_11' title="bbox 297 1149 1802 1225">
     <span class='ocr_line' id='line_1_11' title="bbox 297 1149 1802 1225; baseline 0.003 -20"><span class='ocrx_word' id='word_1_43' title='bbox 297 1149 446 1218; x_wconf 85' lang='lat' dir='ltr'><strong>Quod</strong></span> <span class='ocrx_word' id='word_1_44' title='bbox 492 1151 608 1221; x_wconf 88' lang='lat' dir='ltr'><strong>ipse</strong></span> <span class='ocrx_word' id='word_1_45' title='bbox 650 1160 907 1221; x_wconf 66' lang='lat' dir='ltr'><strong>praestare</strong></span> <span class='ocrx_word' id='word_1_46' title='bbox 953 1150 1225 1222; x_wconf 76' lang='lat' dir='ltr'><strong>dignetur,</strong></span> <span class='ocrx_word' id='word_1_47' title='bbox 1275 1152 1430 1224; x_wconf 86' lang='lat' dir='ltr'><strong>cujus</strong></span> <span class='ocrx_word' id='word_1_48' title='bbox 1474 1167 1700 1225; x_wconf 90' lang='lat' dir='ltr'><strong>regnum</strong></span> <span class='ocrx_word' id='word_1_49' title='bbox 1747 1164 1802 1211; x_wconf 86' lang='lat' dir='ltr'><strong>et</strong></span> 
     </span>
    </p>
   </div>
   <div class='ocr_carea' id='block_1_12' title="bbox 231 1241 1128 1315">
    <p class='ocr_par' dir='ltr' id='par_1_12' title="bbox 231 1241 1128 1315">
     <span class='ocr_line' id='line_1_12' title="bbox 231 1241 1128 1315; baseline -0.002 -17"><span class='ocrx_word' id='word_1_50' title='bbox 231 1241 508 1315; x_wconf 89' lang='lat' dir='ltr'><strong>imperium</strong></span> <span class='ocrx_word' id='word_1_51' title='bbox 532 1242 654 1298; x_wconf 85' lang='lat' dir='ltr'><strong>sine</strong></span> <span class='ocrx_word' id='word_1_52' title='bbox 690 1242 796 1310; x_wconf 87' lang='lat' dir='ltr'><strong>fine</strong></span> <span class='ocrx_word' id='word_1_53' title='bbox 825 1253 1128 1313; x_wconf 84' lang='lat' dir='ltr'><strong>permanet.</strong></span> 
     </span>
    </p>
   </div>
   <div class='ocr_carea' id='block_1_13' title="bbox 884 1334 1176 1390">
    <p class='ocr_par' dir='ltr' id='par_1_13' title="bbox 884 1334 1176 1390">
     <span class='ocr_line' id='line_1_13' title="bbox 884 1334 1176 1390; baseline 0 -2"><span class='ocrx_word' id='word_1_54' title='bbox 884 1334 1020 1390; x_wconf 80' lang='lat' dir='ltr'><strong>Item</strong></span> <span class='ocrx_word' id='word_1_55' title='bbox 1045 1335 1176 1390; x_wconf 79' lang='lat' dir='ltr'><strong>alia.</strong></span> 
     </span>
    </p>
   </div>
   <div class='ocr_carea' id='block_1_14' title="bbox 294 1424 1802 1498">
    <p class='ocr_par' dir='ltr' id='par_1_14' title="bbox 294 1424 1802 1498">
     <span class='ocr_line' id='line_1_14' title="bbox 294 1424 1802 1498; baseline 0.001 -18"><span class='ocrx_word' id='word_1_56' title='bbox 294 1425 394 1494; x_wconf 87' lang='lat' dir='ltr'><strong>Qui</strong></span> <span class='ocrx_word' id='word_1_57' title='bbox 438 1425 716 1494; x_wconf 86' lang='lat' dir='ltr'><strong>dispersos</strong></span> <span class='ocrx_word' id='word_1_58' title='bbox 755 1424 922 1482; x_wconf 86' lang='lat' dir='ltr'><strong>Israel</strong></span> <span class='ocrx_word' id='word_1_59' title='bbox 969 1434 1284 1497; x_wconf 76' lang='lat' dir='ltr'><strong>congregat,</strong></span> <span class='ocrx_word' id='word_1_60' title='bbox 1334 1425 1450 1498; x_wconf 87' lang='lat' dir='ltr'><strong>ipse</strong></span> <span class='ocrx_word' id='word_1_61' title='bbox 1477 1442 1572 1483; x_wconf 89' lang='lat' dir='ltr'><strong>vos</strong></span> <span class='ocrx_word' id='word_1_62' title='bbox 1616 1427 1704 1484; x_wconf 86' lang='lat' dir='ltr'><strong>hic</strong></span> <span class='ocrx_word' id='word_1_63' title='bbox 1745 1437 1802 1482; x_wconf 91' lang='lat' dir='ltr'><strong>et</strong></span> 
     </span>
    </p>
   </div>
   <div class='ocr_carea' id='block_1_15' title="bbox 225 1517 976 1588">
    <p class='ocr_par' dir='ltr' id='par_1_15' title="bbox 225 1517 976 1588">
     <span class='ocr_line' id='line_1_15' title="bbox 225 1517 976 1588; baseline -0.003 -14"><span class='ocrx_word' id='word_1_64' title='bbox 225 1519 415 1588; x_wconf 89' lang='lat' dir='ltr'><strong>ubique</strong></span> <span class='ocrx_word' id='word_1_65' title='bbox 449 1518 744 1574; x_wconf 81' lang='lat' dir='ltr'><strong>custodiat.</strong></span> <span class='ocrx_word' id='word_1_66' title='bbox 779 1517 976 1575; x_wconf 83' lang='lat' dir='ltr'><strong>Amen.</strong></span> 
     </span>
    </p>
   </div>
   <div class='ocr_carea' id='block_1_16' title="bbox 289 1608 1799 1677">
    <p class='ocr_par' dir='ltr' id='par_1_16' title="bbox 289 1608 1799 1677">
     <span class='ocr_line' id='line_1_16' title="bbox 289 1608 1799 1677; baseline 0.001 -11"><span class='ocrx_word' id='word_1_67' title='bbox 289 1609 354 1666; x_wconf 90' lang='lat' dir='ltr'><strong>Et</strong></span> <span class='ocrx_word' id='word_1_68' title='bbox 382 1622 491 1664; x_wconf 86' lang='lat' dir='ltr'><strong>non</strong></span> <span class='ocrx_word' id='word_1_69' title='bbox 516 1608 690 1665; x_wconf 91' lang='lat' dir='ltr'><strong>solum</strong></span> <span class='ocrx_word' id='word_1_70' title='bbox 727 1624 820 1665; x_wconf 91' lang='lat' dir='ltr'><strong>vos</strong></span> <span class='ocrx_word' id='word_1_71' title='bbox 843 1610 1131 1677; x_wconf 86' lang='lat' dir='ltr'><strong>custodiat,</strong></span> <span class='ocrx_word' id='word_1_72' title='bbox 1163 1616 1258 1669; x_wconf 89' lang='lat' dir='ltr'><strong>sed</strong></span> <span class='ocrx_word' id='word_1_73' title='bbox 1281 1626 1337 1669; x_wconf 87' lang='lat' dir='ltr'><strong>et</strong></span> <span class='ocrx_word' id='word_1_74' title='bbox 1356 1618 1537 1668; x_wconf 79' lang='lat' dir='ltr'><strong>ovium</strong></span> <span class='ocrx_word' id='word_1_75' title='bbox 1578 1627 1799 1669; x_wconf 88' lang='lat' dir='ltr'><strong>suarum</strong></span> 
     </span>
    </p>
   </div>
   <div class='ocr_carea' id='block_1_17' title="bbox 223 1702 1184 1764">
    <p class='ocr_par' dir='ltr' id='par_1_17' title="bbox 223 1702 1184 1764">
     <span class='ocr_line' id='line_1_17' title="bbox 223 1702 1184 1764; baseline 0.003 -6"><span class='ocrx_word' id='word_1_76' title='bbox 223 1705 436 1764; x_wconf 81' lang='lat' dir='ltr'><strong>idoneos</strong></span> <span class='ocrx_word' id='word_1_77' title='bbox 461 1703 719 1760; x_wconf 88' lang='lat' dir='ltr'><strong>custodes</strong></span> <span class='ocrx_word' id='word_1_78' title='bbox 738 1702 958 1760; x_wconf 84' lang='lat' dir='ltr'><strong>eiliciat.</strong></span> <span class='ocrx_word' id='word_1_79' title='bbox 993 1706 1184 1761; x_wconf 80' lang='lat' dir='ltr'><strong>Amen.</strong></span> 
     </span>
    </p>
   </div>
   <div class='ocr_carea' id='block_1_18' title="bbox 293 1793 1793 1871">
    <p class='ocr_par' dir='ltr' id='par_1_18' title="bbox 293 1793 1793 1871">
     <span class='ocr_line' id='line_1_18' title="bbox 293 1793 1793 1871; baseline 0.004 -21"><span class='ocrx_word' id='word_1_80' title='bbox 293 1793 503 1850; x_wconf 90' lang='lat' dir='ltr'><strong>Utcum</strong></span> <span class='ocrx_word' id='word_1_81' title='bbox 541 1810 752 1851; x_wconf 92' lang='lat' dir='ltr'><strong>summo</strong></span> <span class='ocrx_word' id='word_1_82' title='bbox 787 1805 1004 1866; x_wconf 85' lang='lat' dir='ltr'><strong>pastore</strong></span> <span class='ocrx_word' id='word_1_83' title='bbox 1031 1796 1249 1854; x_wconf 86' lang='lat' dir='ltr'><strong>Christo</strong></span> <span class='ocrx_word' id='word_1_84' title='bbox 1289 1799 1356 1854; x_wconf 90' lang='lat' dir='ltr'><strong>de</strong></span> <span class='ocrx_word' id='word_1_85' title='bbox 1403 1814 1626 1871; x_wconf 89' lang='lat' dir='ltr'><strong>gregum</strong></span> <span class='ocrx_word' id='word_1_86' title='bbox 1673 1815 1793 1856; x_wconf 79' lang='lat' dir='ltr'><strong>suo-</strong></span> 
     </span>
    </p>
   </div>
   <div class='ocr_carea' id='block_1_19' title="bbox 223 1887 1402 1956">
    <p class='ocr_par' dir='ltr' id='par_1_19' title="bbox 223 1887 1402 1956">
     <span class='ocr_line' id='line_1_19' title="bbox 223 1887 1402 1956; baseline 0.006 -17"><span class='ocrx_word' id='word_1_87' title='bbox 223 1901 335 1942; x_wconf 89' lang='lat' dir='ltr'><strong>rum</strong></span> <span class='ocrx_word' id='word_1_88' title='bbox 359 1887 612 1956; x_wconf 88' lang='lat' dir='ltr'><strong>pastione</strong></span> <span class='ocrx_word' id='word_1_89' title='bbox 631 1888 913 1955; x_wconf 89' lang='lat' dir='ltr'><strong>gaudeatis</strong></span> <span class='ocrx_word' id='word_1_90' title='bbox 939 1889 992 1944; x_wconf 93' lang='lat' dir='ltr'><strong>in</strong></span> <span class='ocrx_word' id='word_1_91' title='bbox 1019 1890 1179 1948; x_wconf 86' lang='lat' dir='ltr'><strong>coelo.</strong></span> <span class='ocrx_word' id='word_1_92' title='bbox 1210 1890 1402 1946; x_wconf 87' lang='lat' dir='ltr'><strong>Amen.</strong></span> 
     </span>
    </p>
   </div>
   <div class='ocr_carea' id='block_1_20' title="bbox 283 1977 1235 2050">
    <p class='ocr_par' dir='ltr' id='par_1_20' title="bbox 283 1977 1235 2050">
     <span class='ocr_line' id='line_1_20' title="bbox 283 1977 1235 2050; baseline 0.006 -16"><span class='ocrx_word' id='word_1_93' title='bbox 283 1977 432 2048; x_wconf 87' lang='lat' dir='ltr'><strong>Quod</strong></span> <span class='ocrx_word' id='word_1_94' title='bbox 461 1979 600 2049; x_wconf 88' lang='lat' dir='ltr'><strong>ipse,</strong></span> <span class='ocrx_word' id='word_1_95' title='bbox 625 1989 754 2045; x_wconf 92' lang='lat' dir='ltr'><strong>etc.,</strong></span> <span class='ocrx_word' id='word_1_96' title='bbox 779 1981 871 2050; x_wconf 91' lang='lat' dir='ltr'><strong>qui</strong></span> <span class='ocrx_word' id='word_1_97' title='bbox 899 1997 1021 2036; x_wconf 92' lang='lat' dir='ltr'><strong>cum</strong></span> <span class='ocrx_word' id='word_1_98' title='bbox 1051 1981 1235 2040; x_wconf 76' lang='lat' dir='ltr'><strong>Patre.</strong></span> 
     </span>
    </p>
   </div>
   <div class='ocr_carea' id='block_1_21' title="bbox 497 2087 1505 2132">
    <p class='ocr_par' dir='ltr' id='par_1_21' title="bbox 497 2087 1505 2132">
     <span class='ocr_line' id='line_1_21' title="bbox 497 2087 1505 2132; baseline 0.001 -5"><span class='ocrx_word' id='word_1_99' title='bbox 497 2088 548 2127; x_wconf 69' lang='grc' dir='ltr'><strong>Β.</strong></span> <span class='ocrx_word' id='word_1_100' title='bbox 589 2087 755 2129; x_wconf 65' lang='lat' dir='ltr'><strong>SUPER</strong></span> <span class='ocrx_word' id='word_1_101' title='bbox 789 2087 968 2132; x_wconf 55' lang='lat' dir='ltr'><strong>REGE”,</strong></span> <span class='ocrx_word' id='word_1_102' title='bbox 1008 2089 1253 2129; x_wconf 73' lang='lat' dir='ltr'><strong>TEMPORE</strong></span> <span class='ocrx_word' id='word_1_103' title='bbox 1295 2090 1505 2131; x_wconf 72' lang='lat' dir='ltr'><strong>SYNODI.</strong></span> 
     </span>
    </p>
   </div>
   <div class='ocr_carea' id='block_1_22' title="bbox 282 2162 1806 2237">
    <p class='ocr_par' dir='ltr' id='par_1_22' title="bbox 282 2162 1806 2237">
     <span class='ocr_line' id='line_1_22' title="bbox 282 2162 1806 2237; baseline 0.001 -18"><span class='ocrx_word' id='word_1_104' title='bbox 282 2162 578 2219; x_wconf 84' lang='lat' dir='ltr'><strong>Benedicat</strong></span> <span class='ocrx_word' id='word_1_105' title='bbox 606 2164 700 2219; x_wconf 87' lang='lat' dir='ltr'><strong>tibi</strong></span> <span class='ocrx_word' id='word_1_106' title='bbox 750 2165 1012 2221; x_wconf 91' lang='lat' dir='ltr'><strong>Dominus</strong></span> <span class='ocrx_word' id='word_1_107' title='bbox 1058 2167 1436 2237; x_wconf 87' lang='lat' dir='ltr'><strong>custodiatque</strong></span> <span class='ocrx_word' id='word_1_108' title='bbox 1479 2175 1550 2231; x_wconf 90' lang='lat' dir='ltr'><strong>te,</strong></span> <span class='ocrx_word' id='word_1_109' title='bbox 1581 2175 1635 2221; x_wconf 91' lang='lat' dir='ltr'><strong>et</strong></span> <span class='ocrx_word' id='word_1_110' title='bbox 1665 2167 1806 2222; x_wconf 83' lang='lat' dir='ltr'><strong>sicut</strong></span> 
     </span>
    </p>
   </div>
   <div class='ocr_carea' id='block_1_23' title="bbox 215 2256 1800 2331">
    <p class='ocr_par' dir='ltr' id='par_1_23' title="bbox 215 2256 1800 2331">
     <span class='ocr_line' id='line_1_23' title="bbox 215 2256 1800 2331; baseline 0.001 -19"><span class='ocrx_word' id='word_1_111' title='bbox 215 2267 265 2312; x_wconf 88' lang='lat' dir='ltr'><strong>te</strong></span> <span class='ocrx_word' id='word_1_112' title='bbox 288 2256 462 2312; x_wconf 88' lang='lat' dir='ltr'><strong>voluit</strong></span> <span class='ocrx_word' id='word_1_113' title='bbox 494 2272 656 2327; x_wconf 90' lang='lat' dir='ltr'><strong>super</strong></span> <span class='ocrx_word' id='word_1_114' title='bbox 672 2258 927 2328; x_wconf 87' lang='lat' dir='ltr'><strong>populum</strong></span> <span class='ocrx_word' id='word_1_115' title='bbox 952 2274 1108 2313; x_wconf 89' lang='lat' dir='ltr'><strong>suum</strong></span> <span class='ocrx_word' id='word_1_116' title='bbox 1133 2260 1466 2315; x_wconf 91' lang='lat' dir='ltr'><strong>constituere</strong></span> <span class='ocrx_word' id='word_1_117' title='bbox 1490 2275 1704 2331; x_wconf 84' lang='lat' dir='ltr'><strong>regem,</strong></span> <span class='ocrx_word' id='word_1_118' title='bbox 1728 2261 1800 2314; x_wconf 91' lang='lat' dir='ltr'><strong>ita</strong></span> 
     </span>
    </p>
   </div>
   <div class='ocr_carea' id='block_1_24' title="bbox 211 2345 1802 2417">
    <p class='ocr_par' dir='ltr' id='par_1_24' title="bbox 211 2345 1802 2417">
     <span class='ocr_line' id='line_1_24' title="bbox 211 2345 1802 2417; baseline 0.003 -16"><span class='ocrx_word' id='word_1_119' title='bbox 211 2355 265 2402; x_wconf 92' lang='lat' dir='ltr'><strong>et</strong></span> <span class='ocrx_word' id='word_1_120' title='bbox 294 2347 347 2403; x_wconf 92' lang='lat' dir='ltr'><strong>in</strong></span> <span class='ocrx_word' id='word_1_121' title='bbox 373 2348 633 2417; x_wconf 56' lang='lat' dir='ltr'><strong>praesenti</strong></span> <span class='ocrx_word' id='word_1_122' title='bbox 656 2348 856 2403; x_wconf 73' lang='lat' dir='ltr'><strong>sreculo</strong></span> <span class='ocrx_word' id='word_1_123' title='bbox 898 2348 1132 2416; x_wconf 81' lang='lat' dir='ltr'><strong>felicem,</strong></span> <span class='ocrx_word' id='word_1_124' title='bbox 1173 2358 1228 2405; x_wconf 86' lang='lat' dir='ltr'><strong>et</strong></span> <span class='ocrx_word' id='word_1_125' title='bbox 1269 2345 1488 2407; x_wconf 65' lang='lat' dir='ltr'><strong>aeternae</strong></span> <span class='ocrx_word' id='word_1_126' title='bbox 1526 2348 1802 2406; x_wconf 71' lang='lat' dir='ltr'><strong>felicitatis</strong></span> 
     </span>
    </p>
   </div>
   <div class='ocr_carea' id='block_1_25' title="bbox 213 2438 1138 2496">
    <p class='ocr_par' dir='ltr' id='par_1_25' title="bbox 213 2438 1138 2496">
     <span class='ocr_line' id='line_1_25' title="bbox 213 2438 1138 2496; baseline 0.005 -5"><span class='ocrx_word' id='word_1_127' title='bbox 213 2438 414 2495; x_wconf 88' lang='lat' dir='ltr'><strong>tribuat</strong></span> <span class='ocrx_word' id='word_1_128' title='bbox 435 2453 565 2496; x_wconf 87' lang='lat' dir='ltr'><strong>esse</strong></span> <span class='ocrx_word' id='word_1_129' title='bbox 587 2448 914 2496; x_wconf 88' lang='lat' dir='ltr'><strong>consortem.</strong></span> <span class='ocrx_word' id='word_1_130' title='bbox 947 2440 1138 2496; x_wconf 87' lang='lat' dir='ltr'><strong>Amen.</strong></span> 
     </span>
    </p>
   </div>
   <div class='ocr_carea' id='block_1_26' title="bbox 277 2529 1803 2603">
    <p class='ocr_par' dir='ltr' id='par_1_26' title="bbox 277 2529 1803 2603">
     <span class='ocr_line' id='line_1_26' title="bbox 277 2529 1803 2603; baseline 0.001 -16"><span class='ocrx_word' id='word_1_131' title='bbox 277 2529 502 2587; x_wconf 87' lang='lat' dir='ltr'><strong>Clerum</strong></span> <span class='ocrx_word' id='word_1_132' title='bbox 534 2545 599 2587; x_wconf 92' lang='lat' dir='ltr'><strong>ac</strong></span> <span class='ocrx_word' id='word_1_133' title='bbox 624 2530 880 2601; x_wconf 87' lang='lat' dir='ltr'><strong>populum</strong></span> <span class='ocrx_word' id='word_1_134' title='bbox 905 2545 1066 2601; x_wconf 90' lang='lat' dir='ltr'><strong>quem</strong></span> <span class='ocrx_word' id='word_1_135' title='bbox 1113 2548 1222 2588; x_wconf 29' lang='lat' dir='ltr'><strong>sua.</strong></span> <span class='ocrx_word' id='word_1_136' title='bbox 1242 2532 1425 2587; x_wconf 75' lang='lat' dir='ltr'><strong>uoluit</strong></span> <span class='ocrx_word' id='word_1_137' title='bbox 1450 2532 1803 2603; x_wconf 81' lang='lat' dir='ltr'><strong>opitulatione</strong></span> 
     </span>
    </p>
   </div>
   <div class='ocr_carea' id='block_1_27' title="bbox 213 2625 1800 2698">
    <p class='ocr_par' dir='ltr' id='par_1_27' title="bbox 213 2625 1800 2698">
     <span class='ocr_line' id='line_1_27' title="bbox 213 2625 1800 2698; baseline 0.001 -18"><span class='ocrx_word' id='word_1_138' title='bbox 213 2632 302 2680; x_wconf 87' lang='lat' dir='ltr'><strong>tua</strong></span> <span class='ocrx_word' id='word_1_139' title='bbox 331 2625 622 2681; x_wconf 89' lang='lat' dir='ltr'><strong>sanctione</strong></span> <span class='ocrx_word' id='word_1_140' title='bbox 647 2627 989 2696; x_wconf 86' lang='lat' dir='ltr'><strong>congregari,</strong></span> <span class='ocrx_word' id='word_1_141' title='bbox 1025 2643 1120 2684; x_wconf 71' lang='lat' dir='ltr'><strong>sua</strong></span> <span class='ocrx_word' id='word_1_142' title='bbox 1156 2628 1579 2698; x_wconf 88' lang='lat' dir='ltr'><strong>dispensatione,</strong></span> <span class='ocrx_word' id='word_1_143' title='bbox 1623 2638 1676 2684; x_wconf 90' lang='lat' dir='ltr'><strong>et</strong></span> <span class='ocrx_word' id='word_1_144' title='bbox 1712 2638 1800 2682; x_wconf 89' lang='lat' dir='ltr'><strong>tua</strong></span> 
     </span>
    </p>
   </div>
   <div class='ocr_carea' id='block_1_28' title="bbox 213 2716 1802 2789">
    <p class='ocr_par' dir='ltr' id='par_1_28' title="bbox 213 2716 1802 2789">
     <span class='ocr_line' id='line_1_28' title="bbox 213 2716 1802 2789; baseline 0.001 -17"><span class='ocrx_word' id='word_1_145' title='bbox 213 2716 690 2773; x_wconf 73' lang='lat' dir='ltr'><strong>administratione</strong></span> <span class='ocrx_word' id='word_1_146' title='bbox 719 2732 817 2787; x_wconf 88' lang='lat' dir='ltr'><strong>per</strong></span> <span class='ocrx_word' id='word_1_147' title='bbox 847 2718 1104 2779; x_wconf 87' lang='lat' dir='ltr'><strong>diuturna</strong></span> <span class='ocrx_word' id='word_1_148' title='bbox 1135 2727 1377 2789; x_wconf 90' lang='lat' dir='ltr'><strong>tempora</strong></span> <span class='ocrx_word' id='word_1_149' title='bbox 1425 2717 1589 2773; x_wconf 83' lang='lat' dir='ltr'><strong>faciat</strong></span> <span class='ocrx_word' id='word_1_150' title='bbox 1634 2719 1802 2775; x_wconf 86' lang='lat' dir='ltr'><strong>felici-</strong></span> 
     </span>
    </p>
   </div>
   <div class='ocr_carea' id='block_1_29' title="bbox 211 2806 874 2877">
    <p class='ocr_par' dir='ltr' id='par_1_29' title="bbox 211 2806 874 2877">
     <span class='ocr_line' id='line_1_29' title="bbox 211 2806 874 2877; baseline 0.003 -18"><span class='ocrx_word' id='word_1_151' title='bbox 211 2813 294 2860; x_wconf 85' lang='lat' dir='ltr'><strong>ter</strong></span> <span class='ocrx_word' id='word_1_152' title='bbox 317 2806 635 2877; x_wconf 85' lang='lat' dir='ltr'><strong>gubernari.</strong></span> <span class='ocrx_word' id='word_1_153' title='bbox 680 2806 874 2862; x_wconf 82' lang='lat' dir='ltr'><strong>Amen.</strong></span> 
     </span>
    </p>
   </div>
   <div class='ocr_carea' id='block_1_30' title="bbox 277 2894 1802 2969">
    <p class='ocr_par' dir='ltr' id='par_1_30' title="bbox 277 2894 1802 2969">
     <span class='ocr_line' id='line_1_30' title="bbox 277 2894 1802 2969; baseline 0.003 -17"><span class='ocrx_word' id='word_1_154' title='bbox 277 2894 564 2964; x_wconf 88' lang='lat' dir='ltr'><strong>Quatenus</strong></span> <span class='ocrx_word' id='word_1_155' title='bbox 584 2897 782 2954; x_wconf 84' lang='lat' dir='ltr'><strong>divinis</strong></span> <span class='ocrx_word' id='word_1_156' title='bbox 809 2898 1030 2954; x_wconf 88' lang='lat' dir='ltr'><strong>monitis</strong></span> <span class='ocrx_word' id='word_1_157' title='bbox 1059 2908 1316 2969; x_wconf 88' lang='lat' dir='ltr'><strong>parentes</strong></span> <span class='ocrx_word' id='word_1_158' title='bbox 1335 2940 1350 2965; x_wconf 91' lang='lat'><strong>,</strong></span> <span class='ocrx_word' id='word_1_159' title='bbox 1381 2899 1802 2956; x_wconf 86' lang='lat' dir='ltr'><strong>adversitatibus</strong></span> 
     </span>
    </p>
   </div>
   <div class='ocr_carea' id='block_1_31' title="bbox 210 2987 1802 3055">
    <p class='ocr_par' dir='ltr' id='par_1_31' title="bbox 210 2987 1802 3055">
     <span class='ocr_line' id='line_1_31' title="bbox 210 2987 1802 3055; baseline 0.004 -15"><span class='ocrx_word' id='word_1_160' title='bbox 210 2987 468 3044; x_wconf 90' lang='lat' dir='ltr'><strong>omnibus</strong></span> <span class='ocrx_word' id='word_1_161' title='bbox 499 2997 772 3054; x_wconf 83' lang='lat' dir='ltr'><strong>carentes,</strong></span> <span class='ocrx_word' id='word_1_162' title='bbox 799 2988 958 3044; x_wconf 89' lang='lat' dir='ltr'><strong>bonis</strong></span> <span class='ocrx_word' id='word_1_163' title='bbox 997 2989 1248 3045; x_wconf 87' lang='lat' dir='ltr'><strong>omnibus</strong></span> <span class='ocrx_word' id='word_1_164' title='bbox 1277 2991 1659 3055; x_wconf 83' lang='lat' dir='ltr'><strong>exuberantes,</strong></span> <span class='ocrx_word' id='word_1_165' title='bbox 1709 3001 1802 3047; x_wconf 88' lang='lat' dir='ltr'><strong>tuo</strong></span> 
     </span>
    </p>
   </div>
   <div class='ocr_carea' id='block_1_32' title="bbox 213 3077 1800 3152">
    <p class='ocr_par' dir='ltr' id='par_1_32' title="bbox 213 3077 1800 3152">
     <span class='ocr_line' id='line_1_32' title="bbox 213 3077 1800 3152; baseline 0.004 -21"><span class='ocrx_word' id='word_1_166' title='bbox 213 3077 522 3135; x_wconf 90' lang='lat' dir='ltr'><strong>ministerio</strong></span> <span class='ocrx_word' id='word_1_167' title='bbox 547 3079 690 3134; x_wconf 82' lang='lat' dir='ltr'><strong>fideli</strong></span> <span class='ocrx_word' id='word_1_168' title='bbox 727 3094 913 3136; x_wconf 90' lang='lat' dir='ltr'><strong>amore</strong></span> <span class='ocrx_word' id='word_1_169' title='bbox 939 3081 1325 3149; x_wconf 86' lang='lat' dir='ltr'><strong>obsequentes,</strong></span> <span class='ocrx_word' id='word_1_170' title='bbox 1367 3089 1421 3136; x_wconf 90' lang='lat' dir='ltr'><strong>et</strong></span> <span class='ocrx_word' id='word_1_171' title='bbox 1443 3081 1497 3136; x_wconf 90' lang='lat' dir='ltr'><strong>in</strong></span> <span class='ocrx_word' id='word_1_172' title='bbox 1541 3084 1800 3152; x_wconf 66' lang='lat' dir='ltr'><strong>praesenti</strong></span> 
     </span>
    </p>
   </div>
   <div class='ocr_carea' id='block_1_33' title="bbox 208 3168 1871 3248">
    <p class='ocr_par' dir='ltr' id='par_1_33' title="bbox 208 3168 1871 3248">
     <span class='ocr_line' id='line_1_33' title="bbox 208 3168 1871 3248; baseline 0.005 -26"><span class='ocrx_word' id='word_1_173' title='bbox 208 3168 408 3225; x_wconf 69' lang='lat' dir='ltr'><strong>saeculo</strong></span> <span class='ocrx_word' id='word_1_174' title='bbox 430 3169 584 3239; x_wconf 89' lang='lat' dir='ltr'><strong>pacis</strong></span> <span class='ocrx_word' id='word_1_175' title='bbox 609 3171 1001 3240; x_wconf 80' lang='lat' dir='ltr'><strong>tranquillitate</strong></span> <span class='ocrx_word' id='word_1_176' title='bbox 1042 3171 1314 3239; x_wconf 84' lang='lat' dir='ltr'><strong>fruantur,</strong></span> <span class='ocrx_word' id='word_1_177' title='bbox 1352 3182 1408 3228; x_wconf 90' lang='lat' dir='ltr'><strong>et</strong></span> <span class='ocrx_word' id='word_1_178' title='bbox 1439 3181 1616 3231; x_wconf 84' lang='lat' dir='ltr'><strong>tecum</strong></span> <span class='ocrx_word' id='word_1_179' title='bbox 1643 3184 1799 3230; x_wconf 73' lang='lat' dir='ltr'><strong>aeter-</strong></span> <span class='ocrx_word' id='word_1_180' title='bbox 1828 3227 1871 3248; x_wconf 61' lang='grc' dir='ltr'><strong>η</strong></span> 
     </span>
    </p>
   </div>
   <div class='ocr_carea' id='block_1_34' title="bbox 208 3261 1686 3334">
    <p class='ocr_par' dir='ltr' id='par_1_34' title="bbox 208 3261 1686 3334">
     <span class='ocr_line' id='line_1_34' title="bbox 208 3261 1686 3334; baseline 0.003 -20"><span class='ocrx_word' id='word_1_181' title='bbox 208 3273 403 3314; x_wconf 86' lang='lat' dir='ltr'><strong>norum</strong></span> <span class='ocrx_word' id='word_1_182' title='bbox 424 3261 628 3319; x_wconf 87' lang='lat' dir='ltr'><strong>civium</strong></span> <span class='ocrx_word' id='word_1_183' title='bbox 655 3263 930 3320; x_wconf 88' lang='lat' dir='ltr'><strong>consortio</strong></span> <span class='ocrx_word' id='word_1_184' title='bbox 950 3263 1410 3334; x_wconf 78' lang='lat' dir='ltr'><strong>potirimereantu</strong></span> <span class='ocrx_word' id='word_1_185' title='bbox 1421 3280 1464 3319; x_wconf 92' lang='lat' dir='ltr'><strong>r.</strong></span> <span class='ocrx_word' id='word_1_186' title='bbox 1491 3264 1686 3320; x_wconf 83' lang='lat' dir='ltr'><strong>Amen.</strong></span> 
     </span>
    </p>
   </div>
   <div class='ocr_carea' id='block_1_35' title="bbox 278 3349 602 3422">
    <p class='ocr_par' dir='ltr' id='par_1_35' title="bbox 278 3349 602 3422">
     <span class='ocr_line' id='line_1_35' title="bbox 278 3349 602 3422; baseline 0 -16"><span class='ocrx_word' id='word_1_187' title='bbox 278 3349 438 3418; x_wconf 88' lang='lat' dir='ltr'><strong>Quod</strong></span> <span class='ocrx_word' id='word_1_188' title='bbox 465 3353 602 3422; x_wconf 91' lang='lat' dir='ltr'><strong>ipse.</strong></span> 
     </span>
    </p>
   </div>
   <div class='ocr_carea' id='block_1_36' title="bbox 939 3449 1083 3505">
    <p class='ocr_par' dir='ltr' id='par_1_36' title="bbox 939 3449 1083 3505">
     <span class='ocr_line' id='line_1_36' title="bbox 939 3449 1083 3505; baseline 0.021 -3"><span class='ocrx_word' id='word_1_189' title='bbox 939 3449 1083 3505; x_wconf 81' lang='lat' dir='ltr'><strong>Alia.</strong></span> 
     </span>
    </p>
   </div>
   <div class='ocr_carea' id='block_1_37' title="bbox 279 3536 1798 3611">
    <p class='ocr_par' dir='ltr' id='par_1_37' title="bbox 279 3536 1798 3611">
     <span class='ocr_line' id='line_1_37' title="bbox 279 3536 1798 3611; baseline 0.001 -17"><span class='ocrx_word' id='word_1_190' title='bbox 279 3536 638 3608; x_wconf 87' lang='lat' dir='ltr'><strong>Omnipotens</strong></span> <span class='ocrx_word' id='word_1_191' title='bbox 683 3538 838 3595; x_wconf 75' lang='lat' dir='ltr'><strong>Deus</strong></span> <span class='ocrx_word' id='word_1_192' title='bbox 865 3539 959 3610; x_wconf 87' lang='lat' dir='ltr'><strong>qui</strong></span> <span class='ocrx_word' id='word_1_193' title='bbox 1014 3549 1067 3595; x_wconf 92' lang='lat' dir='ltr'><strong>te</strong></span> <span class='ocrx_word' id='word_1_194' title='bbox 1119 3539 1297 3611; x_wconf 86' lang='lat' dir='ltr'><strong>populi</strong></span> <span class='ocrx_word' id='word_1_195' title='bbox 1339 3541 1420 3596; x_wconf 88' lang='lat' dir='ltr'><strong>sui</strong></span> <span class='ocrx_word' id='word_1_196' title='bbox 1468 3539 1638 3595; x_wconf 85' lang='lat' dir='ltr'><strong>voluit</strong></span> <span class='ocrx_word' id='word_1_197' title='bbox 1678 3553 1798 3596; x_wconf 83' lang='lat' dir='ltr'><strong>esse</strong></span> 
     </span>
    </p>
   </div>
   <div class='ocr_carea' id='block_1_38' title="bbox 202 3629 1797 3699">
    <p class='ocr_par' dir='ltr' id='par_1_38' title="bbox 202 3629 1797 3699">
     <span class='ocr_line' id='line_1_38' title="bbox 202 3629 1797 3699; baseline 0.003 -18"><span class='ocrx_word' id='word_1_198' title='bbox 202 3636 504 3695; x_wconf 87' lang='lat' dir='ltr'><strong>rectorem,</strong></span> <span class='ocrx_word' id='word_1_199' title='bbox 543 3629 748 3699; x_wconf 73' lang='lat' dir='ltr'><strong>ipsete</strong></span> <span class='ocrx_word' id='word_1_200' title='bbox 773 3629 982 3686; x_wconf 62' lang='lat' dir='ltr'><strong>caelesti</strong></span> <span class='ocrx_word' id='word_1_201' title='bbox 1012 3631 1392 3686; x_wconf 89' lang='lat' dir='ltr'><strong>benedictione</strong></span> <span class='ocrx_word' id='word_1_202' title='bbox 1430 3631 1797 3697; x_wconf 85' lang='lat' dir='ltr'><strong>sanctificans,</strong></span> 
     </span>
    </p>
   </div>
   <div class='ocr_carea' id='block_1_39' title="bbox 199 3721 1484 3800">
    <p class='ocr_par' dir='ltr' id='par_1_39' title="bbox 199 3721 1484 3800">
     <span class='ocr_line' id='line_1_39' title="bbox 199 3721 1484 3800; baseline 0 -24"><span class='ocrx_word' id='word_1_203' title='bbox 199 3721 400 3784; x_wconf 67' lang='lat' dir='ltr'><strong>aeterni</strong></span> <span class='ocrx_word' id='word_1_204' title='bbox 426 3723 578 3792; x_wconf 85' lang='lat' dir='ltr'><strong>regni</strong></span> <span class='ocrx_word' id='word_1_205' title='bbox 603 3721 768 3777; x_wconf 78' lang='lat' dir='ltr'><strong>faciat</strong></span> <span class='ocrx_word' id='word_1_206' title='bbox 793 3737 913 3778; x_wconf 87' lang='lat' dir='ltr'><strong>esse</strong></span> <span class='ocrx_word' id='word_1_207' title='bbox 935 3730 1263 3800; x_wconf 69' lang='lat' dir='ltr'><strong>consortem.</strong></span> <span class='ocrx_word' id='word_1_208' title='bbox 1288 3722 1484 3777; x_wconf 85' lang='lat' dir='ltr'><strong>Amen.</strong></span> 
     </span>
    </p>
   </div>
   <div class='ocr_carea' id='block_1_40' title="bbox 272 3811 1802 3881">
    <p class='ocr_par' dir='ltr' id='par_1_40' title="bbox 272 3811 1802 3881">
     <span class='ocr_line' id='line_1_40' title="bbox 272 3811 1802 3881; baseline 0.001 -15"><span class='ocrx_word' id='word_1_209' title='bbox 272 3811 665 3881; x_wconf 80' lang='lat' dir='ltr'><strong>Concedatque</strong></span> <span class='ocrx_word' id='word_1_210' title='bbox 709 3811 805 3866; x_wconf 90' lang='lat' dir='ltr'><strong>tibi</strong></span> <span class='ocrx_word' id='word_1_211' title='bbox 851 3819 1042 3867; x_wconf 89' lang='lat' dir='ltr'><strong>contra</strong></span> <span class='ocrx_word' id='word_1_212' title='bbox 1077 3826 1269 3868; x_wconf 89' lang='lat' dir='ltr'><strong>omnes</strong></span> <span class='ocrx_word' id='word_1_213' title='bbox 1313 3811 1438 3867; x_wconf 87' lang='lat' dir='ltr'><strong>fidei</strong></span> <span class='ocrx_word' id='word_1_214' title='bbox 1477 3811 1802 3870; x_wconf 69' lang='lat' dir='ltr'><strong>Christianae</strong></span> 
     </span>
    </p>
   </div>
   <div class='ocr_carea' id='block_1_41' title="bbox 201 3901 1797 3974">
    <p class='ocr_par' dir='ltr' id='par_1_41' title="bbox 201 3901 1797 3974">
     <span class='ocr_line' id='line_1_41' title="bbox 201 3901 1797 3974; baseline 0.003 -18"><span class='ocrx_word' id='word_1_215' title='bbox 201 3904 398 3957; x_wconf 86' lang='lat' dir='ltr'><strong>hostes</strong></span> <span class='ocrx_word' id='word_1_216' title='bbox 432 3901 676 3958; x_wconf 82' lang='lat' dir='ltr'><strong>visibiles</strong></span> <span class='ocrx_word' id='word_1_217' title='bbox 715 3911 878 3974; x_wconf 91' lang='lat' dir='ltr'><strong>atque</strong></span> <span class='ocrx_word' id='word_1_218' title='bbox 924 3903 1226 3960; x_wconf 88' lang='lat' dir='ltr'><strong>invisibiles</strong></span> <span class='ocrx_word' id='word_1_219' title='bbox 1277 3903 1563 3959; x_wconf 81' lang='lat' dir='ltr'><strong>victoriam</strong></span> <span class='ocrx_word' id='word_1_220' title='bbox 1605 3904 1797 3960; x_wconf 88' lang='lat' dir='ltr'><strong>trium-</strong></span> 
     </span>
    </p>
   </div>
   <div class='ocr_carea' id='block_1_42' title="bbox 198 3990 1797 4066">
    <p class='ocr_par' dir='ltr' id='par_1_42' title="bbox 198 3990 1797 4066">
     <span class='ocr_line' id='line_1_42' title="bbox 198 3990 1797 4066; baseline 0.003 -19"><span class='ocrx_word' id='word_1_221' title='bbox 198 3990 455 4062; x_wconf 86' lang='lat' dir='ltr'><strong>phalem,</strong></span> <span class='ocrx_word' id='word_1_222' title='bbox 494 4001 549 4047; x_wconf 92' lang='lat' dir='ltr'><strong>et</strong></span> <span class='ocrx_word' id='word_1_223' title='bbox 591 3994 742 4064; x_wconf 90' lang='lat' dir='ltr'><strong>pacis</strong></span> <span class='ocrx_word' id='word_1_224' title='bbox 783 4001 838 4048; x_wconf 91' lang='lat' dir='ltr'><strong>et</strong></span> <span class='ocrx_word' id='word_1_225' title='bbox 884 3994 1082 4064; x_wconf 91' lang='lat' dir='ltr'><strong>quietis</strong></span> <span class='ocrx_word' id='word_1_226' title='bbox 1121 3994 1504 4066; x_wconf 65' lang='lat' dir='ltr'><strong>ecclesiasticae</strong></span> <span class='ocrx_word' id='word_1_227' title='bbox 1543 3994 1797 4052; x_wconf 89' lang='lat' dir='ltr'><strong>felicissi-</strong></span> 
     </span>
    </p>
   </div>
   <div class='ocr_carea' id='block_1_43' title="bbox 202 4084 1652 4159">
    <p class='ocr_par' dir='ltr' id='par_1_43' title="bbox 202 4084 1652 4159">
     <span class='ocr_line' id='line_1_43' title="bbox 202 4084 1652 4159; baseline 0.003 -19"><span class='ocrx_word' id='word_1_228' title='bbox 202 4100 359 4141; x_wconf 84' lang='lat' dir='ltr'><strong>mum</strong></span> <span class='ocrx_word' id='word_1_229' title='bbox 390 4094 444 4141; x_wconf 89' lang='lat' dir='ltr'><strong>te</strong></span> <span class='ocrx_word' id='word_1_230' title='bbox 469 4084 587 4142; x_wconf 85' lang='lat' dir='ltr'><strong>fieri</strong></span> <span class='ocrx_word' id='word_1_231' title='bbox 615 4086 775 4159; x_wconf 88' lang='lat' dir='ltr'><strong>longe</strong></span> <span class='ocrx_word' id='word_1_232' title='bbox 802 4086 1018 4158; x_wconf 89' lang='lat' dir='ltr'><strong>lateque</strong></span> <span class='ocrx_word' id='word_1_233' title='bbox 1062 4087 1421 4144; x_wconf 83' lang='lat' dir='ltr'><strong>fundatorem.</strong></span> <span class='ocrx_word' id='word_1_234' title='bbox 1455 4087 1652 4144; x_wconf 81' lang='lat' dir='ltr'><strong>Amen.</strong></span> 
     </span>
    </p>
   </div>
   <div class='ocr_carea' id='block_1_44' title="bbox 271 4177 1878 4254">
    <p class='ocr_par' dir='ltr' id='par_1_44' title="bbox 271 4177 1878 4254">
     <span class='ocr_line' id='line_1_44' title="bbox 271 4177 1878 4254; baseline 0.002 -22"><span class='ocrx_word' id='word_1_235' title='bbox 271 4177 556 4246; x_wconf 87' lang='lat' dir='ltr'><strong>Quatenus</strong></span> <span class='ocrx_word' id='word_1_236' title='bbox 587 4187 639 4233; x_wconf 91' lang='lat' dir='ltr'><strong>te</strong></span> <span class='ocrx_word' id='word_1_237' title='bbox 670 4180 1036 4250; x_wconf 86' lang='lat' dir='ltr'><strong>gubernacula</strong></span> <span class='ocrx_word' id='word_1_238' title='bbox 1077 4181 1228 4252; x_wconf 86' lang='lat' dir='ltr'><strong>regni</strong></span> <span class='ocrx_word' id='word_1_239' title='bbox 1277 4189 1520 4247; x_wconf 90' lang='lat' dir='ltr'><strong>tenente,</strong></span> <span class='ocrx_word' id='word_1_240' title='bbox 1565 4181 1795 4254; x_wconf 67' lang='lat' dir='ltr'><strong>populus</strong></span> <span class='ocrx_word' id='word_1_241' title='bbox 1873 4187 1878 4192; x_wconf 80' lang='lat'><strong><em>‘</em></strong></span> 
     </span>
    </p>
   </div>
   <div class='ocr_carea' id='block_1_45' title="bbox 201 4267 1791 4344">
    <p class='ocr_par' dir='ltr' id='par_1_45' title="bbox 201 4267 1791 4344">
     <span class='ocr_line' id='line_1_45' title="bbox 201 4267 1791 4344; baseline 0.003 -20"><span class='ocrx_word' id='word_1_242' title='bbox 201 4269 301 4324; x_wconf 89' lang='lat' dir='ltr'><strong>tibi</strong></span> <span class='ocrx_word' id='word_1_243' title='bbox 327 4267 627 4338; x_wconf 86' lang='lat' dir='ltr'><strong>subjectus,</strong></span> <span class='ocrx_word' id='word_1_244' title='bbox 655 4269 981 4328; x_wconf 70' lang='lat' dir='ltr'><strong>Christiana:</strong></span> <span class='ocrx_word' id='word_1_245' title='bbox 1011 4272 1287 4344; x_wconf 91' lang='lat' dir='ltr'><strong>religionis</strong></span> <span class='ocrx_word' id='word_1_246' title='bbox 1303 4273 1428 4343; x_wconf 87' lang='lat' dir='ltr'><strong>jura</strong></span> <span class='ocrx_word' id='word_1_247' title='bbox 1458 4273 1791 4338; x_wconf 88' lang='lat' dir='ltr'><strong>custodiens,</strong></span> 
     </span>
    </p>
   </div>
   <div class='ocr_carea' id='block_1_46' title="bbox 198 4361 1795 4436">
    <p class='ocr_par' dir='ltr' id='par_1_46' title="bbox 198 4361 1795 4436">
     <span class='ocr_line' id='line_1_46' title="bbox 198 4361 1795 4436; baseline 0.004 -22"><span class='ocrx_word' id='word_1_248' title='bbox 198 4361 448 4432; x_wconf 88' lang='lat' dir='ltr'><strong>undique</strong></span> <span class='ocrx_word' id='word_1_249' title='bbox 493 4370 664 4429; x_wconf 89' lang='lat' dir='ltr'><strong>tutus,</strong></span> <span class='ocrx_word' id='word_1_250' title='bbox 687 4378 818 4434; x_wconf 90' lang='lat' dir='ltr'><strong>pace</strong></span> <span class='ocrx_word' id='word_1_251' title='bbox 851 4365 1137 4434; x_wconf 87' lang='lat' dir='ltr'><strong>tranquilla</strong></span> <span class='ocrx_word' id='word_1_252' title='bbox 1160 4365 1490 4436; x_wconf 86' lang='lat' dir='ltr'><strong>perfruatur,</strong></span> <span class='ocrx_word' id='word_1_253' title='bbox 1515 4375 1569 4420; x_wconf 89' lang='lat' dir='ltr'><strong>et</strong></span> <span class='ocrx_word' id='word_1_254' title='bbox 1593 4374 1642 4422; x_wconf 90' lang='lat' dir='ltr'><strong>te</strong></span> <span class='ocrx_word' id='word_1_255' title='bbox 1665 4380 1795 4421; x_wconf 91' lang='lat' dir='ltr'><strong>con-</strong></span> 
     </span>
    </p>
   </div>
   <div class='ocr_carea' id='block_1_47' title="bbox 198 4451 1803 4524">
    <p class='ocr_par' dir='ltr' id='par_1_47' title="bbox 198 4451 1803 4524">
     <span class='ocr_line' id='line_1_47' title="bbox 198 4451 1803 4524; baseline 0.006 -18"><span class='ocrx_word' id='word_1_256' title='bbox 198 4451 332 4508; x_wconf 93' lang='lat' dir='ltr'><strong>cilio</strong></span> <span class='ocrx_word' id='word_1_257' title='bbox 376 4467 564 4524; x_wconf 88' lang='lat' dir='ltr'><strong>regum</strong></span> <span class='ocrx_word' id='word_1_258' title='bbox 610 4454 890 4511; x_wconf 87' lang='lat' dir='ltr'><strong>beatorum</strong></span> <span class='ocrx_word' id='word_1_259' title='bbox 933 4455 1214 4524; x_wconf 89' lang='lat' dir='ltr'><strong>collocato,</strong></span> <span class='ocrx_word' id='word_1_260' title='bbox 1275 4467 1478 4514; x_wconf 87' lang='lat' dir='ltr'><strong>aeterna</strong></span> <span class='ocrx_word' id='word_1_261' title='bbox 1534 4458 1803 4515; x_wconf 84' lang='lat' dir='ltr'><strong>felicitate</strong></span> 
     </span>
    </p>
   </div>
   <div class='ocr_carea' id='block_1_48' title="bbox 198 4542 1660 4617">
    <p class='ocr_par' dir='ltr' id='par_1_48' title="bbox 198 4542 1660 4617">
     <span class='ocr_line' id='line_1_48' title="bbox 198 4542 1660 4617; baseline 0.004 -19"><span class='ocrx_word' id='word_1_262' title='bbox 198 4542 407 4605; x_wconf 88' lang='lat' dir='ltr'><strong>ibidem</strong></span> <span class='ocrx_word' id='word_1_263' title='bbox 434 4551 611 4600; x_wconf 90' lang='lat' dir='ltr'><strong>tecum</strong></span> <span class='ocrx_word' id='word_1_264' title='bbox 638 4546 843 4615; x_wconf 86' lang='lat' dir='ltr'><strong>pariter</strong></span> <span class='ocrx_word' id='word_1_265' title='bbox 880 4548 1118 4617; x_wconf 90' lang='lat' dir='ltr'><strong>gaudere</strong></span> <span class='ocrx_word' id='word_1_266' title='bbox 1149 4557 1442 4604; x_wconf 90' lang='lat' dir='ltr'><strong>mereatur.</strong></span> <span class='ocrx_word' id='word_1_267' title='bbox 1466 4549 1660 4609; x_wconf 82' lang='lat' dir='ltr'><strong>Amen.</strong></span> 
     </span>
    </p>
   </div>
   <div class='ocr_carea' id='block_1_49' title="bbox 267 4634 588 4706">
    <p class='ocr_par' dir='ltr' id='par_1_49' title="bbox 267 4634 588 4706">
     <span class='ocr_line' id='line_1_49' title="bbox 267 4634 588 4706; baseline 0.003 -16"><span class='ocrx_word' id='word_1_268' title='bbox 267 4634 429 4702; x_wconf 84' lang='lat' dir='ltr'><strong>Quod</strong></span> <span class='ocrx_word' id='word_1_269' title='bbox 454 4634 588 4706; x_wconf 83' lang='lat' dir='ltr'><strong>ipse.</strong></span> 
     </span>
    </p>
   </div>
   <div class='ocr_carea' id='block_1_50' title="bbox 591 4743 1403 4786">
    <p class='ocr_par' dir='ltr' id='par_1_50' title="bbox 591 4743 1403 4786">
     <span class='ocr_line' id='line_1_50' title="bbox 591 4743 1403 4786; baseline 0.002 -4"><span class='ocrx_word' id='word_1_270' title='bbox 591 4743 640 4782; x_wconf 76' lang='grc' dir='ltr'><strong>Β.</strong></span> <span class='ocrx_word' id='word_1_271' title='bbox 676 4743 728 4782; x_wconf 59' lang='grc' dir='ltr'><strong>ιη</strong></span> <span class='ocrx_word' id='word_1_272' title='bbox 756 4743 1115 4786; x_wconf 63' lang='grc' dir='ltr'><strong>οιωικλτιοκε</strong></span> <span class='ocrx_word' id='word_1_273' title='bbox 1145 4745 1403 4786; x_wconf 75' lang='grc' dir='ltr'><strong>ΕΡ180οΡ1-.</strong></span> 
     </span>
    </p>
   </div>
   <div class='ocr_carea' id='block_1_51' title="bbox 266 4820 1788 4894">
    <p class='ocr_par' dir='ltr' id='par_1_51' title="bbox 266 4820 1788 4894">
     <span class='ocr_line' id='line_1_51' title="bbox 266 4820 1788 4894; baseline 0 -16"><span class='ocrx_word' id='word_1_274' title='bbox 266 4820 631 4891; x_wconf 82' lang='lat' dir='ltr'><strong>Omnipotens</strong></span> <span class='ocrx_word' id='word_1_275' title='bbox 686 4821 849 4886; x_wconf 91' lang='lat' dir='ltr'><strong>Deus,</strong></span> <span class='ocrx_word' id='word_1_276' title='bbox 894 4823 985 4892; x_wconf 92' lang='lat' dir='ltr'><strong>qui</strong></span> <span class='ocrx_word' id='word_1_277' title='bbox 1015 4823 1069 4878; x_wconf 92' lang='lat' dir='ltr'><strong>in</strong></span> <span class='ocrx_word' id='word_1_278' title='bbox 1101 4824 1299 4894; x_wconf 85' lang='lat' dir='ltr'><strong>populo</strong></span> <span class='ocrx_word' id='word_1_279' title='bbox 1339 4841 1440 4880; x_wconf 86' lang='lat' dir='ltr'><strong>suo</strong></span> <span class='ocrx_word' id='word_1_280' title='bbox 1489 4825 1788 4880; x_wconf 88' lang='lat' dir='ltr'><strong>ministerio</strong></span> 
     </span>
    </p>
   </div>
   <div class='ocr_carea' id='block_1_52' title="bbox 191 4913 1787 4988">
    <p class='ocr_par' dir='ltr' id='par_1_52' title="bbox 191 4913 1787 4988">
     <span class='ocr_line' id='line_1_52' title="bbox 191 4913 1787 4988; baseline 0.004 -22"><span class='ocrx_word' id='word_1_281' title='bbox 191 4913 372 4968; x_wconf 87' lang='lat' dir='ltr'><strong>utitur</strong></span> <span class='ocrx_word' id='word_1_282' title='bbox 393 4913 760 4978; x_wconf 88' lang='lat' dir='ltr'><strong>sacerdotum,</strong></span> <span class='ocrx_word' id='word_1_283' title='bbox 789 4913 1034 4970; x_wconf 89' lang='lat' dir='ltr'><strong>conferat</strong></span> <span class='ocrx_word' id='word_1_284' title='bbox 1063 4915 1216 4972; x_wconf 82' lang='lat' dir='ltr'><strong>vobis</strong></span> <span class='ocrx_word' id='word_1_285' title='bbox 1245 4931 1355 4972; x_wconf 67' lang='lat' dir='ltr'><strong>suae</strong></span> <span class='ocrx_word' id='word_1_286' title='bbox 1385 4917 1787 4988; x_wconf 84' lang='lat' dir='ltr'><strong>propitiationis</strong></span> 
     </span>
    </p>
   </div>
   <div class='ocr_carea' id='block_1_53' title="bbox 188 5003 1140 5060">
    <p class='ocr_par' dir='ltr' id='par_1_53' title="bbox 188 5003 1140 5060">
     <span class='ocr_line' id='line_1_53' title="bbox 188 5003 1140 5060; baseline 0.004 -4"><span class='ocrx_word' id='word_1_287' title='bbox 188 5011 244 5058; x_wconf 89' lang='lat' dir='ltr'><strong>et</strong></span> <span class='ocrx_word' id='word_1_288' title='bbox 277 5003 678 5058; x_wconf 88' lang='lat' dir='ltr'><strong>benedictionis</strong></span> <span class='ocrx_word' id='word_1_289' title='bbox 699 5005 920 5059; x_wconf 91' lang='lat' dir='ltr'><strong>donum.</strong></span> <span class='ocrx_word' id='word_1_290' title='bbox 947 5005 1140 5060; x_wconf 84' lang='lat' dir='ltr'><strong>Amen.</strong></span> 
     </span>
    </p>
   </div>
   <div class='ocr_carea' id='block_1_54' title="bbox 263 5095 1787 5167">
    <p class='ocr_par' dir='ltr' id='par_1_54' title="bbox 263 5095 1787 5167">
     <span class='ocr_line' id='line_1_54' title="bbox 263 5095 1787 5167; baseline 0.004 -18"><span class='ocrx_word' id='word_1_291' title='bbox 263 5095 488 5167; x_wconf 86' lang='lat' dir='ltr'><strong>Quique</strong></span> <span class='ocrx_word' id='word_1_292' title='bbox 522 5109 608 5151; x_wconf 88' lang='lat' dir='ltr'><strong>me</strong></span> <span class='ocrx_word' id='word_1_293' title='bbox 645 5095 945 5166; x_wconf 85' lang='lat' dir='ltr'><strong>indignum,</strong></span> <span class='ocrx_word' id='word_1_294' title='bbox 973 5097 1133 5154; x_wconf 88' lang='lat' dir='ltr'><strong>nullis</strong></span> <span class='ocrx_word' id='word_1_295' title='bbox 1159 5099 1520 5158; x_wconf 81' lang='lat' dir='ltr'><strong>existentibus</strong></span> <span class='ocrx_word' id='word_1_296' title='bbox 1557 5101 1787 5164; x_wconf 74' lang='lat' dir='ltr'><strong>meritus,</strong></span> 
     </span>
    </p>
   </div>
   <div class='ocr_carea' id='block_1_55' title="bbox 191 5184 1792 5258">
    <p class='ocr_par' dir='ltr' id='par_1_55' title="bbox 191 5184 1792 5258">
     <span class='ocr_line' id='line_1_55' title="bbox 191 5184 1792 5258; baseline 0.003 -19"><span class='ocrx_word' id='word_1_297' title='bbox 191 5185 290 5239; x_wconf 91' lang='lat' dir='ltr'><strong>sed</strong></span> <span class='ocrx_word' id='word_1_298' title='bbox 351 5184 591 5256; x_wconf 85' lang='lat' dir='ltr'><strong>gratuita</strong></span> <span class='ocrx_word' id='word_1_299' title='bbox 654 5199 751 5240; x_wconf 87' lang='lat' dir='ltr'><strong>sua</strong></span> <span class='ocrx_word' id='word_1_300' title='bbox 800 5185 1001 5255; x_wconf 86' lang='lat' dir='ltr'><strong>pietate</strong></span> <span class='ocrx_word' id='word_1_301' title='bbox 1055 5186 1184 5242; x_wconf 86' lang='lat' dir='ltr'><strong>huic</strong></span> <span class='ocrx_word' id='word_1_302' title='bbox 1247 5187 1500 5243; x_wconf 77' lang='lat' dir='ltr'><strong>Ecclesia:</strong></span> <span class='ocrx_word' id='word_1_303' title='bbox 1561 5203 1792 5258; x_wconf 55' lang='lat' dir='ltr'><strong>praeesse</strong></span> 
     </span>
    </p>
   </div>
   <div class='ocr_carea' id='block_1_56' title="bbox 191 5273 1789 5347">
    <p class='ocr_par' dir='ltr' id='par_1_56' title="bbox 191 5273 1789 5347">
     <span class='ocr_line' id='line_1_56' title="bbox 191 5273 1789 5347; baseline 0.005 -22"><span class='ocrx_word' id='word_1_304' title='bbox 191 5273 393 5339; x_wconf 83' lang='lat' dir='ltr'><strong>voluit,</strong></span> <span class='ocrx_word' id='word_1_305' title='bbox 425 5273 696 5347; x_wconf 83' lang='lat' dir='ltr'><strong>suffragiis</strong></span> <span class='ocrx_word' id='word_1_306' title='bbox 749 5285 1064 5332; x_wconf 78' lang='lat' dir='ltr'><strong>sanctorum</strong></span> <span class='ocrx_word' id='word_1_307' title='bbox 1116 5293 1351 5334; x_wconf 86' lang='lat' dir='ltr'><strong>suorum.</strong></span> <span class='ocrx_word' id='word_1_308' title='bbox 1379 5295 1476 5334; x_wconf 81' lang='lat' dir='ltr'><strong>me</strong></span> <span class='ocrx_word' id='word_1_309' title='bbox 1511 5279 1578 5332; x_wconf 90' lang='lat' dir='ltr'><strong>ab</strong></span> <span class='ocrx_word' id='word_1_310' title='bbox 1610 5280 1789 5333; x_wconf 82' lang='lat' dir='ltr'><strong>omni-</strong></span> 
     </span>
    </p>
   </div>
   <div class='ocr_carea' id='block_1_57' title="bbox 190 5362 1815 5440">
    <p class='ocr_par' dir='ltr' id='par_1_57' title="bbox 190 5362 1815 5440">
     <span class='ocr_line' id='line_1_57' title="bbox 190 5362 1815 5440; baseline 0.006 -22"><span class='ocrx_word' id='word_1_311' title='bbox 190 5362 297 5420; x_wconf 91' lang='lat' dir='ltr'><strong>bus</strong></span> <span class='ocrx_word' id='word_1_312' title='bbox 344 5365 580 5424; x_wconf 81' lang='lat' dir='ltr'><strong>vinculis</strong></span> <span class='ocrx_word' id='word_1_313' title='bbox 625 5375 976 5437; x_wconf 88' lang='lat' dir='ltr'><strong>peccatorum</strong></span> <span class='ocrx_word' id='word_1_314' title='bbox 1026 5369 1292 5435; x_wconf 83' lang='lat' dir='ltr'><strong>absolvat,</strong></span> <span class='ocrx_word' id='word_1_315' title='bbox 1326 5370 1649 5440; x_wconf 40' lang='lat' dir='ltr'><strong>sanctisque.</strong></span> <span class='ocrx_word' id='word_1_316' title='bbox 1678 5371 1815 5427; x_wconf 89' lang='lat' dir='ltr'><strong>suis.</strong></span> 
     </span>
    </p>
   </div>
   <div class='ocr_carea' id='block_1_58' title="bbox 192 5456 1787 5534">
    <p class='ocr_par' dir='ltr' id='par_1_58' title="bbox 192 5456 1787 5534">
     <span class='ocr_line' id='line_1_58' title="bbox 192 5456 1787 5534; baseline 0.003 -24"><span class='ocrx_word' id='word_1_317' title='bbox 192 5456 466 5512; x_wconf 89' lang='lat' dir='ltr'><strong>altaribus</strong></span> <span class='ocrx_word' id='word_1_318' title='bbox 511 5465 804 5518; x_wconf 75' lang='lat' dir='ltr'><strong>Strenuum</strong></span> <span class='ocrx_word' id='word_1_319' title='bbox 854 5460 1185 5534; x_wconf 85' lang='lat' dir='ltr'><strong>dignumque</strong></span> <span class='ocrx_word' id='word_1_320' title='bbox 1237 5460 1542 5519; x_wconf 83' lang='lat' dir='ltr'><strong>ministrum</strong></span> <span class='ocrx_word' id='word_1_321' title='bbox 1573 5460 1787 5521; x_wconf 82' lang='lat' dir='ltr'><strong>elliciat.</strong></span> 
     </span>
    </p>
   </div>
   <div class='ocr_carea' id='block_1_59' title="bbox 189 5545 397 5605">
    <p class='ocr_par' dir='ltr' id='par_1_59' title="bbox 189 5545 397 5605">
     <span class='ocr_line' id='line_1_59' title="bbox 189 5545 397 5605; baseline -0.019 0"><span class='ocrx_word' id='word_1_322' title='bbox 189 5545 397 5605; x_wconf 84' lang='lat' dir='ltr'><strong>Amen.</strong></span> 
     </span>
    </p>
   </div>
   <div class='ocr_carea' id='block_1_60' title="bbox 264 5639 1788 5718">
    <p class='ocr_par' dir='ltr' id='par_1_60' title="bbox 264 5639 1788 5718">
     <span class='ocr_line' id='line_1_60' title="bbox 264 5639 1788 5718; baseline 0.004 -24"><span class='ocrx_word' id='word_1_323' title='bbox 264 5639 550 5706; x_wconf 88' lang='lat' dir='ltr'><strong>Quatenus</strong></span> <span class='ocrx_word' id='word_1_324' title='bbox 572 5657 668 5713; x_wconf 89' lang='lat' dir='ltr'><strong>per</strong></span> <span class='ocrx_word' id='word_1_325' title='bbox 689 5643 936 5716; x_wconf 84' lang='lat' dir='ltr'><strong>exempla</strong></span> <span class='ocrx_word' id='word_1_326' title='bbox 959 5653 1272 5702; x_wconf 90' lang='lat' dir='ltr'><strong>sanctorum</strong></span> <span class='ocrx_word' id='word_1_327' title='bbox 1297 5645 1667 5712; x_wconf 90' lang='lat' dir='ltr'><strong>sacerdotum,</strong></span> <span class='ocrx_word' id='word_1_328' title='bbox 1697 5645 1788 5718; x_wconf 89' lang='lat' dir='ltr'><strong>qui</strong></span> 
     </span>
    </p>
   </div>
   <div class='ocr_carea' id='block_1_61' title="bbox 193 5729 1788 5808">
    <p class='ocr_par' dir='ltr' id='par_1_61' title="bbox 193 5729 1788 5808">
     <span class='ocr_line' id='line_1_61' title="bbox 193 5729 1788 5808; baseline 0.004 -24"><span class='ocrx_word' id='word_1_329' title='bbox 193 5729 251 5791; x_wconf 79' lang='lat' dir='ltr'><strong>in</strong></span> <span class='ocrx_word' id='word_1_330' title='bbox 287 5731 394 5784; x_wconf 88' lang='lat' dir='ltr'><strong>hac</strong></span> <span class='ocrx_word' id='word_1_331' title='bbox 424 5732 549 5787; x_wconf 90' lang='lat' dir='ltr'><strong>sede</strong></span> <span class='ocrx_word' id='word_1_332' title='bbox 576 5742 630 5788; x_wconf 87' lang='lat' dir='ltr'><strong>et</strong></span> <span class='ocrx_word' id='word_1_333' title='bbox 654 5734 707 5788; x_wconf 92' lang='lat' dir='ltr'><strong>in</strong></span> <span class='ocrx_word' id='word_1_334' title='bbox 742 5736 842 5790; x_wconf 92' lang='lat' dir='ltr'><strong>hoc</strong></span> <span class='ocrx_word' id='word_1_335' title='bbox 871 5736 1176 5793; x_wconf 86' lang='lat' dir='ltr'><strong>ministerio</strong></span> <span class='ocrx_word' id='word_1_336' title='bbox 1222 5736 1273 5792; x_wconf 90' lang='lat' dir='ltr'><strong>ei</strong></span> <span class='ocrx_word' id='word_1_337' title='bbox 1315 5735 1635 5808; x_wconf 88' lang='lat' dir='ltr'><strong>placuerunt</strong></span> <span class='ocrx_word' id='word_1_338' title='bbox 1666 5751 1788 5808; x_wconf 78' lang='lat' dir='ltr'><strong>gra-</strong></span> 
     </span>
    </p>
   </div>
   <div class='ocr_carea' id='block_1_62' title="bbox 195 5821 1788 5901">
    <p class='ocr_par' dir='ltr' id='par_1_62' title="bbox 195 5821 1788 5901">
     <span class='ocr_line' id='line_1_62' title="bbox 195 5821 1788 5901; baseline 0.004 -25"><span class='ocrx_word' id='word_1_339' title='bbox 195 5821 440 5888; x_wconf 70' lang='lat' dir='ltr'><strong>dientes,</strong></span> <span class='ocrx_word' id='word_1_340' title='bbox 466 5842 789 5901; x_wconf 78' lang='lat' dir='ltr'><strong>gregemque</strong></span> <span class='ocrx_word' id='word_1_341' title='bbox 822 5829 1167 5886; x_wconf 82' lang='lat' dir='ltr'><strong>commissum</strong></span> <span class='ocrx_word' id='word_1_342' title='bbox 1198 5831 1494 5885; x_wconf 89' lang='lat' dir='ltr'><strong>secundum</strong></span> <span class='ocrx_word' id='word_1_343' title='bbox 1525 5844 1674 5884; x_wconf 88' lang='lat' dir='ltr'><strong>suam</strong></span> <span class='ocrx_word' id='word_1_344' title='bbox 1704 5844 1788 5883; x_wconf 88' lang='lat' dir='ltr'><strong>vo-</strong></span> 
     </span>
    </p>
   </div>
   <div class='ocr_carea' id='block_1_63' title="bbox 3387 399 3493 457">
    <p class='ocr_par' dir='ltr' id='par_1_63' title="bbox 3387 399 3493 457">
     <span class='ocr_line' id='line_1_63' title="bbox 3387 399 3493 457; baseline -0.038 1"><span class='ocrx_word' id='word_1_345' title='bbox 3387 399 3493 457; x_wconf 66' lang='lat'><strong>38‘]</strong></span> 
     </span>
    </p>
   </div>
   <div class='ocr_carea' id='block_1_64' title="bbox 1831 513 3489 592">
    <p class='ocr_par' dir='ltr' id='par_1_64' title="bbox 1831 513 3489 592">
     <span class='ocr_line' id='line_1_64' title="bbox 1831 513 3489 592; baseline -0.001 -15"><span class='ocrx_word' id='word_1_346' title='bbox 1831 517 1885 577; x_wconf 79' lang='grc' dir='ltr'>Α</span> <span class='ocrx_word' id='word_1_347' title='bbox 1911 519 2196 588; x_wconf 88' lang='lat' dir='ltr'><strong>luntatem,</strong></span> <span class='ocrx_word' id='word_1_348' title='bbox 2223 535 2289 577; x_wconf 91' lang='lat' dir='ltr'><strong>eo</strong></span> <span class='ocrx_word' id='word_1_349' title='bbox 2312 513 2634 592; x_wconf 79' lang='lat' dir='ltr'><strong>epitulante,</strong></span> <span class='ocrx_word' id='word_1_350' title='bbox 2686 526 2956 592; x_wconf 82' lang='lat' dir='ltr'><strong>regentes,</strong></span> <span class='ocrx_word' id='word_1_351' title='bbox 2995 517 3061 572; x_wconf 86' lang='lat' dir='ltr'><strong>ab</strong></span> <span class='ocrx_word' id='word_1_352' title='bbox 3088 517 3330 572; x_wconf 90' lang='lat' dir='ltr'><strong>omnium</strong></span> <span class='ocrx_word' id='word_1_353' title='bbox 3365 534 3489 589; x_wconf 82' lang='lat' dir='ltr'><strong>pas-</strong></span> 
     </span>
    </p>
   </div>
   <div class='ocr_carea' id='block_1_65' title="bbox 1909 609 3486 683">
    <p class='ocr_par' dir='ltr' id='par_1_65' title="bbox 1909 609 3486 683">
     <span class='ocr_line' id='line_1_65' title="bbox 1909 609 3486 683; baseline -0.002 -15"><span class='ocrx_word' id='word_1_354' title='bbox 1909 623 2084 668; x_wconf 90' lang='lat' dir='ltr'><strong>torum</strong></span> <span class='ocrx_word' id='word_1_355' title='bbox 2113 623 2329 683; x_wconf 85' lang='lat' dir='ltr'><strong>pastore</strong></span> <span class='ocrx_word' id='word_1_356' title='bbox 2357 614 2572 671; x_wconf 80' lang='lat' dir='ltr'><strong>Christo</strong></span> <span class='ocrx_word' id='word_1_357' title='bbox 2597 615 2825 670; x_wconf 90' lang='lat' dir='ltr'><strong>Domino</strong></span> <span class='ocrx_word' id='word_1_358' title='bbox 2868 609 3084 682; x_wconf 61' lang='lat' dir='ltr'><strong>praemia</strong></span> <span class='ocrx_word' id='word_1_359' title='bbox 3133 609 3335 664; x_wconf 89' lang='lat' dir='ltr'><strong>sanctis</strong></span> <span class='ocrx_word' id='word_1_360' title='bbox 3359 625 3486 681; x_wconf 85' lang='lat' dir='ltr'><strong>pro-</strong></span> 
     </span>
    </p>
   </div>
   <div class='ocr_carea' id='block_1_66' title="bbox 1907 701 3472 776">
    <p class='ocr_par' dir='ltr' id='par_1_66' title="bbox 1907 701 3472 776">
     <span class='ocr_line' id='line_1_66' title="bbox 1907 701 3472 776; baseline -0.001 -18"><span class='ocrx_word' id='word_1_361' title='bbox 1907 704 2072 759; x_wconf 89' lang='lat' dir='ltr'><strong>missa</strong></span> <span class='ocrx_word' id='word_1_362' title='bbox 2119 721 2223 761; x_wconf 88' lang='lat' dir='ltr'><strong>una</strong></span> <span class='ocrx_word' id='word_1_363' title='bbox 2265 721 2386 761; x_wconf 91' lang='lat' dir='ltr'><strong>cum</strong></span> <span class='ocrx_word' id='word_1_364' title='bbox 2425 706 2655 762; x_wconf 91' lang='lat' dir='ltr'><strong>subditis</strong></span> <span class='ocrx_word' id='word_1_365' title='bbox 2702 705 3003 776; x_wconf 89' lang='lat' dir='ltr'><strong>percipere,</strong></span> <span class='ocrx_word' id='word_1_366' title='bbox 3033 710 3088 759; x_wconf 86' lang='lat' dir='ltr'><strong>et</strong></span> <span class='ocrx_word' id='word_1_367' title='bbox 3117 701 3172 756; x_wconf 84' lang='lat' dir='ltr'><strong>in</strong></span> <span class='ocrx_word' id='word_1_368' title='bbox 3194 701 3472 758; x_wconf 88' lang='lat' dir='ltr'><strong>electorun</strong></span> 
     </span>
    </p>
   </div>
   <div class='ocr_carea' id='block_1_67' title="bbox 1907 796 2960 868">
    <p class='ocr_par' dir='ltr' id='par_1_67' title="bbox 1907 796 2960 868">
     <span class='ocr_line' id='line_1_67' title="bbox 1907 796 2960 868; baseline 0.001 -19"><span class='ocrx_word' id='word_1_369' title='bbox 1907 812 2135 852; x_wconf 85' lang='lat' dir='ltr'><strong>numero</strong></span> <span class='ocrx_word' id='word_1_370' title='bbox 2160 813 2472 854; x_wconf 88' lang='lat' dir='ltr'><strong>mereamur</strong></span> <span class='ocrx_word' id='word_1_371' title='bbox 2498 796 2736 868; x_wconf 89' lang='lat' dir='ltr'><strong>adjungi.</strong></span> <span class='ocrx_word' id='word_1_372' title='bbox 2768 797 2960 851; x_wconf 86' lang='lat' dir='ltr'><strong>Amen.</strong></span> 
     </span>
    </p>
   </div>
   <div class='ocr_carea' id='block_1_68' title="bbox 1976 887 3120 962">
    <p class='ocr_par' dir='ltr' id='par_1_68' title="bbox 1976 887 3120 962">
     <span class='ocr_line' id='line_1_68' title="bbox 1976 887 3120 962; baseline -0.002 -18"><span class='ocrx_word' id='word_1_373' title='bbox 1976 890 2127 958; x_wconf 87' lang='lat' dir='ltr'><strong>Quod</strong></span> <span class='ocrx_word' id='word_1_374' title='bbox 2152 889 2268 960; x_wconf 87' lang='lat' dir='ltr'><strong>ejus</strong></span> <span class='ocrx_word' id='word_1_375' title='bbox 2294 890 2603 962; x_wconf 88' lang='lat' dir='ltr'><strong>dignatione</strong></span> <span class='ocrx_word' id='word_1_376' title='bbox 2630 888 2744 945; x_wconf 85' lang='lat' dir='ltr'><strong>fieri</strong></span> <span class='ocrx_word' id='word_1_377' title='bbox 2766 887 3120 959; x_wconf 90' lang='lat' dir='ltr'><strong>postulemus.</strong></span> 
     </span>
    </p>
   </div>
   <div class='ocr_carea' id='block_1_69' title="bbox 2256 1012 3131 1056">
    <p class='ocr_par' dir='ltr' id='par_1_69' title="bbox 2256 1012 3131 1056">
     <span class='ocr_line' id='line_1_69' title="bbox 2256 1012 3131 1056; baseline -0.006 0"><span class='ocrx_word' id='word_1_378' title='bbox 2256 1019 2308 1056; x_wconf 75' lang='grc' dir='ltr'><strong>Β.</strong></span> <span class='ocrx_word' id='word_1_379' title='bbox 2330 1017 2383 1056; x_wconf 76' lang='lat' dir='ltr'><strong>IN</strong></span> <span class='ocrx_word' id='word_1_380' title='bbox 2404 1015 2790 1056; x_wconf 72' lang='lat' dir='ltr'><strong>ANNIVERSARIO</strong></span> <span class='ocrx_word' id='word_1_381' title='bbox 2814 1012 3131 1056; x_wconf 71' lang='lat' dir='ltr'><strong>PONTIFICIS.</strong></span> 
     </span>
    </p>
   </div>
   <div class='ocr_carea' id='block_1_70' title="bbox 1976 1109 3489 1185">
    <p class='ocr_par' dir='ltr' id='par_1_70' title="bbox 1976 1109 3489 1185">
     <span class='ocr_line' id='line_1_70' title="bbox 1976 1109 3489 1185; baseline -0.003 -16"><span class='ocrx_word' id='word_1_382' title='bbox 1976 1115 2118 1169; x_wconf 89' lang='lat' dir='ltr'><strong>Deus</strong></span> <span class='ocrx_word' id='word_1_383' title='bbox 2137 1113 2227 1185; x_wconf 89' lang='lat' dir='ltr'><strong>qui</strong></span> <span class='ocrx_word' id='word_1_384' title='bbox 2245 1111 2456 1184; x_wconf 85' lang='lat' dir='ltr'><strong>populis</strong></span> <span class='ocrx_word' id='word_1_385' title='bbox 2474 1113 2586 1168; x_wconf 90' lang='lat' dir='ltr'><strong>suis</strong></span> <span class='ocrx_word' id='word_1_386' title='bbox 2601 1111 2927 1184; x_wconf 85' lang='lat' dir='ltr'><strong>indulgendo</strong></span> <span class='ocrx_word' id='word_1_387' title='bbox 2949 1109 3199 1174; x_wconf 89' lang='lat' dir='ltr'><strong>consulit,</strong></span> <span class='ocrx_word' id='word_1_388' title='bbox 3225 1116 3280 1164; x_wconf 91' lang='lat' dir='ltr'><strong>et</strong></span> <span class='ocrx_word' id='word_1_389' title='bbox 3298 1123 3489 1164; x_wconf 86' lang='lat' dir='ltr'><strong>arnore</strong></span> 
     </span>
    </p>
   </div>
   <div class='ocr_carea' id='block_1_71' title="bbox 1904 1199 3486 1274">
    <p class='ocr_par' dir='ltr' id='par_1_71' title="bbox 1904 1199 3486 1274">
     <span class='ocr_line' id='line_1_71' title="bbox 1904 1199 3486 1274; baseline -0.003 -16"><span class='ocrx_word' id='word_1_390' title='bbox 1904 1204 2230 1268; x_wconf 87' lang='lat' dir='ltr'><strong>dominatur,</strong></span> <span class='ocrx_word' id='word_1_391' title='bbox 2282 1205 2373 1260; x_wconf 88' lang='lat' dir='ltr'><strong>det</strong></span> <span class='ocrx_word' id='word_1_392' title='bbox 2420 1204 2667 1274; x_wconf 90' lang='lat' dir='ltr'><strong>spiritum</strong></span> <span class='ocrx_word' id='word_1_393' title='bbox 2719 1203 2998 1273; x_wconf 74' lang='lat' dir='ltr'><strong>sapientia:</strong></span> <span class='ocrx_word' id='word_1_394' title='bbox 3036 1202 3233 1271; x_wconf 87' lang='lat' dir='ltr'><strong>quibus</strong></span> <span class='ocrx_word' id='word_1_395' title='bbox 3258 1199 3486 1258; x_wconf 88' lang='lat' dir='ltr'><strong>tradidit</strong></span> 
     </span>
    </p>
   </div>
   <div class='ocr_carea' id='block_1_72' title="bbox 1903 1291 3487 1369">
    <p class='ocr_par' dir='ltr' id='par_1_72' title="bbox 1903 1291 3487 1369">
     <span class='ocr_line' id='line_1_72' title="bbox 1903 1291 3487 1369; baseline -0.003 -17"><span class='ocrx_word' id='word_1_396' title='bbox 1903 1297 2142 1368; x_wconf 87' lang='lat' dir='ltr'><strong>regimen</strong></span> <span class='ocrx_word' id='word_1_397' title='bbox 2178 1297 2494 1369; x_wconf 80' lang='lat' dir='ltr'><strong>disciplinae,</strong></span> <span class='ocrx_word' id='word_1_398' title='bbox 2523 1304 2582 1350; x_wconf 93' lang='lat' dir='ltr'><strong>ut</strong></span> <span class='ocrx_word' id='word_1_399' title='bbox 2611 1295 2676 1351; x_wconf 92' lang='lat' dir='ltr'><strong>de</strong></span> <span class='ocrx_word' id='word_1_400' title='bbox 2701 1294 2946 1366; x_wconf 89' lang='lat' dir='ltr'><strong>profectu</strong></span> <span class='ocrx_word' id='word_1_401' title='bbox 2970 1302 3292 1351; x_wconf 84' lang='lat' dir='ltr'><strong>sanctarum</strong></span> <span class='ocrx_word' id='word_1_402' title='bbox 3304 1291 3487 1348; x_wconf 87' lang='lat' dir='ltr'><strong>ovium</strong></span> 
     </span>
    </p>
   </div>
   <div class='ocr_carea' id='block_1_73' title="bbox 1905 1387 3437 1460">
    <p class='ocr_par' dir='ltr' id='par_1_73' title="bbox 1905 1387 3437 1460">
     <span class='ocr_line' id='line_1_73' title="bbox 1905 1387 3437 1460; baseline -0.001 -18"><span class='ocrx_word' id='word_1_403' title='bbox 1905 1387 2036 1442; x_wconf 83' lang='lat' dir='ltr'><strong>fiant</strong></span> <span class='ocrx_word' id='word_1_404' title='bbox 2063 1388 2255 1460; x_wconf 87' lang='lat' dir='ltr'><strong>gaudia</strong></span> <span class='ocrx_word' id='word_1_405' title='bbox 2283 1397 2483 1444; x_wconf 82' lang='lat' dir='ltr'><strong>aeterna</strong></span> <span class='ocrx_word' id='word_1_406' title='bbox 2523 1396 2817 1457; x_wconf 90' lang='lat' dir='ltr'><strong>pastorum.</strong></span> <span class='ocrx_word' id='word_1_407' title='bbox 2846 1387 3036 1442; x_wconf 87' lang='lat' dir='ltr'><strong>Amen.</strong></span> <span class='ocrx_word' id='word_1_408' title='bbox 3433 1389 3437 1396; x_wconf 85' lang='lat'><strong>&#39;</strong></span> 
     </span>
    </p>
   </div>
   <div class='ocr_carea' id='block_1_74' title="bbox 1975 1479 3490 1551">
    <p class='ocr_par' dir='ltr' id='par_1_74' title="bbox 1975 1479 3490 1551">
     <span class='ocr_line' id='line_1_74' title="bbox 1975 1479 3490 1551; baseline -0.002 -17"><span class='ocrx_word' id='word_1_409' title='bbox 1975 1479 2149 1551; x_wconf 88' lang='lat' dir='ltr'><strong>thui</strong></span> <span class='ocrx_word' id='word_1_410' title='bbox 2169 1481 2380 1536; x_wconf 90' lang='lat' dir='ltr'><strong>dierum</strong></span> <span class='ocrx_word' id='word_1_411' title='bbox 2401 1489 2712 1536; x_wconf 90' lang='lat' dir='ltr'><strong>nostrorum</strong></span> <span class='ocrx_word' id='word_1_412' title='bbox 2749 1494 3034 1535; x_wconf 90' lang='lat' dir='ltr'><strong>numerum</strong></span> <span class='ocrx_word' id='word_1_413' title='bbox 3078 1488 3490 1550; x_wconf 87' lang='lat' dir='ltr'><strong>temporumque</strong></span> 
     </span>
    </p>
   </div>
   <div class='ocr_carea' id='block_1_75' title="bbox 1904 1569 3485 1642">
    <p class='ocr_par' dir='ltr' id='par_1_75' title="bbox 1904 1569 3485 1642">
     <span class='ocr_line' id='line_1_75' title="bbox 1904 1569 3485 1642; baseline -0.001 -17"><span class='ocrx_word' id='word_1_414' title='bbox 1904 1585 2184 1627; x_wconf 87' lang='lat' dir='ltr'><strong>mensuras</strong></span> <span class='ocrx_word' id='word_1_415' title='bbox 2237 1569 2536 1640; x_wconf 87' lang='lat' dir='ltr'><strong>majestatis</strong></span> <span class='ocrx_word' id='word_1_416' title='bbox 2586 1586 2698 1626; x_wconf 66' lang='lat' dir='ltr'><strong>suae</strong></span> <span class='ocrx_word' id='word_1_417' title='bbox 2742 1579 3010 1642; x_wconf 85' lang='lat' dir='ltr'><strong>potestate</strong></span> <span class='ocrx_word' id='word_1_418' title='bbox 3039 1571 3338 1641; x_wconf 87' lang='lat' dir='ltr'><strong>dispensat,</strong></span> <span class='ocrx_word' id='word_1_419' title='bbox 3359 1583 3485 1640; x_wconf 86' lang='lat' dir='ltr'><strong>pro-</strong></span> 
     </span>
    </p>
   </div>
   <div class='ocr_carea' id='block_1_76' title="bbox 1903 1663 3491 1734">
    <p class='ocr_par' dir='ltr' id='par_1_76' title="bbox 1903 1663 3491 1734">
     <span class='ocr_line' id='line_1_76' title="bbox 1903 1663 3491 1734; baseline 0 -19"><span class='ocrx_word' id='word_1_420' title='bbox 1903 1663 2067 1734; x_wconf 88' lang='lat' dir='ltr'><strong>pitius</strong></span> <span class='ocrx_word' id='word_1_421' title='bbox 2095 1663 2163 1721; x_wconf 89' lang='lat' dir='ltr'><strong>ad</strong></span> <span class='ocrx_word' id='word_1_422' title='bbox 2184 1663 2504 1720; x_wconf 80' lang='lat' dir='ltr'><strong>humilitatis</strong></span> <span class='ocrx_word' id='word_1_423' title='bbox 2532 1673 2730 1720; x_wconf 73' lang='lat' dir='ltr'><strong>nostra:</strong></span> <span class='ocrx_word' id='word_1_424' title='bbox 2770 1663 3031 1734; x_wconf 9' lang='lat' dir='ltr'><strong>respiciat,</strong></span> <span class='ocrx_word' id='word_1_425' title='bbox 3058 1663 3491 1726; x_wconf 42' lang='lat' dir='ltr'><strong>servitutem,.ct</strong></span> 
     </span>
    </p>
   </div>
   <div class='ocr_carea' id='block_1_77' title="bbox 1901 1754 3490 1826">
    <p class='ocr_par' dir='ltr' id='par_1_77' title="bbox 1901 1754 3490 1826">
     <span class='ocr_line' id='line_1_77' title="bbox 1901 1754 3490 1826; baseline -0.001 -18"><span class='ocrx_word' id='word_1_426' title='bbox 1901 1755 2051 1824; x_wconf 81' lang='lat' dir='ltr'><strong>pacis</strong></span> <span class='ocrx_word' id='word_1_427' title='bbox 2077 1770 2187 1811; x_wconf 78' lang='lat' dir='ltr'><strong>suae</strong></span> <span class='ocrx_word' id='word_1_428' title='bbox 2215 1755 2601 1810; x_wconf 88' lang='lat' dir='ltr'><strong>abundantiam</strong></span> <span class='ocrx_word' id='word_1_429' title='bbox 2632 1755 2964 1826; x_wconf 91' lang='lat' dir='ltr'><strong>temporibus</strong></span> <span class='ocrx_word' id='word_1_430' title='bbox 3007 1754 3210 1810; x_wconf 87' lang='lat' dir='ltr'><strong>nostris</strong></span> <span class='ocrx_word' id='word_1_431' title='bbox 3255 1761 3490 1825; x_wconf 67' lang='lat' dir='ltr'><strong>praeten-</strong></span> 
     </span>
    </p>
   </div>
   <div class='ocr_carea' id='block_1_78' title="bbox 1834 1847 2632 1930">
    <p class='ocr_par' dir='ltr' id='par_1_78' title="bbox 1834 1847 2632 1930">
     <span class='ocr_line' id='line_1_78' title="bbox 1834 1847 2632 1930; baseline -0.003 -26"><span class='ocrx_word' id='word_1_432' title='bbox 1834 1870 1878 1930; x_wconf 72' lang='grc' dir='ltr'><strong><em>Β</em></strong></span> <span class='ocrx_word' id='word_1_433' title='bbox 1907 1847 1998 1904; x_wconf 89' lang='lat' dir='ltr'><strong>dat</strong></span> <span class='ocrx_word' id='word_1_434' title='bbox 2022 1856 2076 1903; x_wconf 92' lang='lat' dir='ltr'><strong>et</strong></span> <span class='ocrx_word' id='word_1_435' title='bbox 2100 1857 2403 1904; x_wconf 87' lang='lat' dir='ltr'><strong>conservet.</strong></span> <span class='ocrx_word' id='word_1_436' title='bbox 2441 1849 2632 1903; x_wconf 84' lang='lat' dir='ltr'><strong>Amen.</strong></span> 
     </span>
    </p>
   </div>
   <div class='ocr_carea' id='block_1_79' title="bbox 1980 1936 3492 2011">
    <p class='ocr_par' dir='ltr' id='par_1_79' title="bbox 1980 1936 3492 2011">
     <span class='ocr_line' id='line_1_79' title="bbox 1980 1936 3492 2011; baseline -0.003 -16"><span class='ocrx_word' id='word_1_437' title='bbox 1980 1938 2204 1995; x_wconf 86' lang='lat' dir='ltr'><strong>Collatis</strong></span> <span class='ocrx_word' id='word_1_438' title='bbox 2230 1940 2525 2010; x_wconf 85' lang='lat' dir='ltr'><strong>quoquein</strong></span> <span class='ocrx_word' id='word_1_439' title='bbox 2555 1953 2644 1995; x_wconf 91' lang='lat' dir='ltr'><strong>me</strong></span> <span class='ocrx_word' id='word_1_440' title='bbox 2668 1955 2764 2011; x_wconf 88' lang='lat' dir='ltr'><strong>per</strong></span> <span class='ocrx_word' id='word_1_441' title='bbox 2785 1939 3019 2010; x_wconf 85' lang='lat' dir='ltr'><strong>gratiam</strong></span> <span class='ocrx_word' id='word_1_442' title='bbox 3044 1953 3199 1994; x_wconf 90' lang='lat' dir='ltr'><strong>suam</strong></span> <span class='ocrx_word' id='word_1_443' title='bbox 3228 1936 3492 2007; x_wconf 87' lang='lat' dir='ltr'><strong>propitie-</strong></span> 
     </span>
    </p>
   </div>
   <div class='ocr_carea' id='block_1_80' title="bbox 1908 2027 3491 2102">
    <p class='ocr_par' dir='ltr' id='par_1_80' title="bbox 1908 2027 3491 2102">
     <span class='ocr_line' id='line_1_80' title="bbox 1908 2027 3491 2102; baseline -0.003 -16"><span class='ocrx_word' id='word_1_444' title='bbox 1908 2041 1994 2087; x_wconf 91' lang='lat' dir='ltr'><strong>tur</strong></span> <span class='ocrx_word' id='word_1_445' title='bbox 2020 2032 2358 2098; x_wconf 91' lang='lat' dir='ltr'><strong>muneribus,</strong></span> <span class='ocrx_word' id='word_1_446' title='bbox 2397 2040 2454 2087; x_wconf 89' lang='lat' dir='ltr'><strong>et</strong></span> <span class='ocrx_word' id='word_1_447' title='bbox 2493 2047 2654 2102; x_wconf 89' lang='lat' dir='ltr'><strong>quem</strong></span> <span class='ocrx_word' id='word_1_448' title='bbox 2707 2031 2836 2087; x_wconf 83' lang='lat' dir='ltr'><strong>fecit</strong></span> <span class='ocrx_word' id='word_1_449' title='bbox 2873 2031 3042 2102; x_wconf 90' lang='lat' dir='ltr'><strong>gradu</strong></span> <span class='ocrx_word' id='word_1_450' title='bbox 3078 2027 3372 2099; x_wconf 85' lang='lat' dir='ltr'><strong>episcopali</strong></span> <span class='ocrx_word' id='word_1_451' title='bbox 3400 2041 3491 2082; x_wconf 89' lang='lat' dir='ltr'><strong>su-</strong></span> 
     </span>
    </p>
   </div>
   <div class='ocr_carea' id='block_1_81' title="bbox 1907 2117 3489 2193">
    <p class='ocr_par' dir='ltr' id='par_1_81' title="bbox 1907 2117 3489 2193">
     <span class='ocr_line' id='line_1_81' title="bbox 1907 2117 3489 2193; baseline 0.001 -18"><span class='ocrx_word' id='word_1_452' title='bbox 1907 2123 2146 2189; x_wconf 88' lang='lat' dir='ltr'><strong>blimem,</strong></span> <span class='ocrx_word' id='word_1_453' title='bbox 2177 2123 2344 2180; x_wconf 82' lang='lat' dir='ltr'><strong>faciat</strong></span> <span class='ocrx_word' id='word_1_454' title='bbox 2386 2137 2612 2193; x_wconf 90' lang='lat' dir='ltr'><strong>operum</strong></span> <span class='ocrx_word' id='word_1_455' title='bbox 2638 2121 2974 2193; x_wconf 87' lang='lat' dir='ltr'><strong>periectione</strong></span> <span class='ocrx_word' id='word_1_456' title='bbox 3008 2120 3109 2175; x_wconf 90' lang='lat' dir='ltr'><strong>sibi</strong></span> <span class='ocrx_word' id='word_1_457' title='bbox 3147 2117 3489 2190; x_wconf 89' lang='lat' dir='ltr'><strong>placabilem.</strong></span> 
     </span>
    </p>
   </div>
   <div class='ocr_carea' id='block_1_82' title="bbox 1906 2209 3487 2283">
    <p class='ocr_par' dir='ltr' id='par_1_82' title="bbox 1906 2209 3487 2283">
     <span class='ocr_line' id='line_1_82' title="bbox 1906 2209 3487 2283; baseline -0.001 -16"><span class='ocrx_word' id='word_1_458' title='bbox 1906 2222 2064 2282; x_wconf 88' lang='lat' dir='ltr'><strong>atque</strong></span> <span class='ocrx_word' id='word_1_459' title='bbox 2085 2213 2137 2268; x_wconf 92' lang='lat' dir='ltr'><strong>in</strong></span> <span class='ocrx_word' id='word_1_460' title='bbox 2165 2212 2314 2266; x_wconf 90' lang='lat' dir='ltr'><strong>illum</strong></span> <span class='ocrx_word' id='word_1_461' title='bbox 2347 2211 2599 2270; x_wconf 75' lang='lat' dir='ltr'><strong>affectum</strong></span> <span class='ocrx_word' id='word_1_462' title='bbox 2634 2213 2834 2283; x_wconf 83' lang='lat' dir='ltr'><strong>dirigat</strong></span> <span class='ocrx_word' id='word_1_463' title='bbox 2859 2227 2957 2267; x_wconf 86' lang='lat' dir='ltr'><strong>cor</strong></span> <span class='ocrx_word' id='word_1_464' title='bbox 2988 2209 3158 2280; x_wconf 85' lang='lat' dir='ltr'><strong>plebis</strong></span> <span class='ocrx_word' id='word_1_465' title='bbox 3196 2217 3252 2264; x_wconf 88' lang='lat' dir='ltr'><strong>et</strong></span> <span class='ocrx_word' id='word_1_466' title='bbox 3284 2223 3487 2278; x_wconf 60' lang='lat' dir='ltr'><strong>praesw</strong></span> 
     </span>
    </p>
   </div>
   <div class='ocr_carea' id='block_1_83' title="bbox 1906 2297 3494 2374">
    <p class='ocr_par' dir='ltr' id='par_1_83' title="bbox 1906 2297 3494 2374">
     <span class='ocr_line' id='line_1_83' title="bbox 1906 2297 3494 2374; baseline -0.003 -17"><span class='ocrx_word' id='word_1_467' title='bbox 1906 2302 1992 2368; x_wconf 85' lang='lat' dir='ltr'><strong>lis,</strong></span> <span class='ocrx_word' id='word_1_468' title='bbox 2021 2313 2079 2358; x_wconf 92' lang='lat' dir='ltr'><strong>ut</strong></span> <span class='ocrx_word' id='word_1_469' title='bbox 2125 2319 2225 2361; x_wconf 90' lang='lat' dir='ltr'><strong>nec</strong></span> <span class='ocrx_word' id='word_1_470' title='bbox 2251 2303 2454 2374; x_wconf 89' lang='lat' dir='ltr'><strong>pastori</strong></span> <span class='ocrx_word' id='word_1_471' title='bbox 2497 2302 2804 2360; x_wconf 88' lang='lat' dir='ltr'><strong>obedientia</strong></span> <span class='ocrx_word' id='word_1_472' title='bbox 2838 2301 3037 2372; x_wconf 90' lang='lat' dir='ltr'><strong>gregis,</strong></span> <span class='ocrx_word' id='word_1_473' title='bbox 3072 2314 3171 2355; x_wconf 91' lang='lat' dir='ltr'><strong>nec</strong></span> <span class='ocrx_word' id='word_1_474' title='bbox 3215 2297 3365 2370; x_wconf 83' lang='lat' dir='ltr'><strong>gregi</strong></span> <span class='ocrx_word' id='word_1_475' title='bbox 3394 2313 3494 2353; x_wconf 91' lang='lat' dir='ltr'><strong>un-</strong></span> 
     </span>
    </p>
   </div>
   <div class='ocr_carea' id='block_1_84' title="bbox 1904 2395 2902 2468">
    <p class='ocr_par' dir='ltr' id='par_1_84' title="bbox 1904 2395 2902 2468">
     <span class='ocr_line' id='line_1_84' title="bbox 1904 2395 2902 2468; baseline 0 -21"><span class='ocrx_word' id='word_1_476' title='bbox 1904 2411 2065 2465; x_wconf 88' lang='lat' dir='ltr'><strong>quam</strong></span> <span class='ocrx_word' id='word_1_477' title='bbox 2095 2395 2236 2450; x_wconf 91' lang='lat' dir='ltr'><strong>desit</strong></span> <span class='ocrx_word' id='word_1_478' title='bbox 2261 2410 2391 2450; x_wconf 88' lang='lat' dir='ltr'><strong>cura</strong></span> <span class='ocrx_word' id='word_1_479' title='bbox 2421 2395 2674 2468; x_wconf 88' lang='lat' dir='ltr'><strong>pastoris.</strong></span> <span class='ocrx_word' id='word_1_480' title='bbox 2707 2395 2902 2448; x_wconf 86' lang='lat' dir='ltr'><strong>Amen.</strong></span> 
     </span>
    </p>
   </div>
   <div class='ocr_carea' id='block_1_85' title="bbox 1975 2483 3229 2556">
    <p class='ocr_par' dir='ltr' id='par_1_85' title="bbox 1975 2483 3229 2556">
     <span class='ocr_line' id='line_1_85' title="bbox 1975 2483 3229 2556; baseline -0.004 -15"><span class='ocrx_word' id='word_1_481' title='bbox 1975 2485 2128 2554; x_wconf 89' lang='lat' dir='ltr'><strong>Quod</strong></span> <span class='ocrx_word' id='word_1_482' title='bbox 2157 2502 2369 2542; x_wconf 89' lang='lat' dir='ltr'><strong>summa</strong></span> <span class='ocrx_word' id='word_1_483' title='bbox 2406 2485 2645 2540; x_wconf 87' lang='lat' dir='ltr'><strong>Trinitas</strong></span> <span class='ocrx_word' id='word_1_484' title='bbox 2671 2493 2931 2556; x_wconf 84' lang='lat' dir='ltr'><strong>praestare</strong></span> <span class='ocrx_word' id='word_1_485' title='bbox 2957 2483 3229 2554; x_wconf 91' lang='lat' dir='ltr'><strong>dignetur.</strong></span> 
     </span>
    </p>
   </div>
   <div class='ocr_carea' id='block_1_86' title="bbox 2350 2598 3028 2674">
    <p class='ocr_par' dir='ltr' id='par_1_86' title="bbox 2350 2598 3028 2674">
     <span class='ocr_line' id='line_1_86' title="bbox 2350 2598 3028 2674; baseline -0.004 -20"><span class='ocrx_word' id='word_1_486' title='bbox 2350 2615 2399 2654; x_wconf 71' lang='grc' dir='ltr'><strong>Β.</strong></span> <span class='ocrx_word' id='word_1_487' title='bbox 2428 2613 2528 2654; x_wconf 73' lang='lat' dir='ltr'><strong>eno</strong></span> <span class='ocrx_word' id='word_1_488' title='bbox 2557 2614 2686 2654; x_wconf 75' lang='lat' dir='ltr'><strong>nea</strong></span> <span class='ocrx_word' id='word_1_489' title='bbox 2717 2598 3028 2674; x_wconf 59' lang='grc' dir='ltr'><strong>Ᾰοεκτιηυδ.</strong></span> 
     </span>
    </p>
   </div>
   <div class='ocr_carea' id='block_1_87' title="bbox 1978 2709 3490 2784">
    <p class='ocr_par' dir='ltr' id='par_1_87' title="bbox 1978 2709 3490 2784">
     <span class='ocr_line' id='line_1_87' title="bbox 1978 2709 3490 2784; baseline -0.001 -16"><span class='ocrx_word' id='word_1_490' title='bbox 1978 2713 2184 2784; x_wconf 85' lang='lat' dir='ltr'><strong>Dirigat</strong></span> <span class='ocrx_word' id='word_1_491' title='bbox 2213 2713 2318 2768; x_wconf 91' lang='lat' dir='ltr'><strong>iter</strong></span> <span class='ocrx_word' id='word_1_492' title='bbox 2345 2720 2587 2768; x_wconf 89' lang='lat' dir='ltr'><strong>vestrum</strong></span> <span class='ocrx_word' id='word_1_493' title='bbox 2617 2711 2879 2767; x_wconf 90' lang='lat' dir='ltr'><strong>Dominus</strong></span> <span class='ocrx_word' id='word_1_494' title='bbox 2908 2711 2963 2766; x_wconf 93' lang='lat' dir='ltr'><strong>in</strong></span> <span class='ocrx_word' id='word_1_495' title='bbox 3009 2709 3346 2782; x_wconf 88' lang='lat' dir='ltr'><strong>beneplacito</strong></span> <span class='ocrx_word' id='word_1_496' title='bbox 3369 2726 3490 2774; x_wconf 84' lang='lat' dir='ltr'><strong>suo.</strong></span> 
     </span>
    </p>
   </div>
   <div class='ocr_carea' id='block_1_88' title="bbox 1905 2800 3493 2874">
    <p class='ocr_par' dir='ltr' id='par_1_88' title="bbox 1905 2800 3493 2874">
     <span class='ocr_line' id='line_1_88' title="bbox 1905 2800 3493 2874; baseline 0.002 -19"><span class='ocrx_word' id='word_1_497' title='bbox 1905 2803 2164 2873; x_wconf 87' lang='lat' dir='ltr'><strong>vobisque</strong></span> <span class='ocrx_word' id='word_1_498' title='bbox 2210 2801 2646 2874; x_wconf 81' lang='lat' dir='ltr'><strong>inseparabiliter</strong></span> <span class='ocrx_word' id='word_1_499' title='bbox 2667 2800 3088 2873; x_wconf 85' lang='lat' dir='ltr'><strong>benignissimus</strong></span> <span class='ocrx_word' id='word_1_500' title='bbox 3114 2811 3298 2858; x_wconf 89' lang='lat' dir='ltr'><strong>custos</strong></span> <span class='ocrx_word' id='word_1_501' title='bbox 3320 2801 3493 2858; x_wconf 69' lang='lat' dir='ltr'><strong>inlue-</strong></span> 
     </span>
    </p>
   </div>
   <div class='ocr_carea' id='block_1_89' title="bbox 1905 2893 2733 2949">
    <p class='ocr_par' dir='ltr' id='par_1_89' title="bbox 1905 2893 2733 2949">
     <span class='ocr_line' id='line_1_89' title="bbox 1905 2893 2733 2949; baseline 0 -3"><span class='ocrx_word' id='word_1_502' title='bbox 1905 2903 2042 2948; x_wconf 90' lang='lat' dir='ltr'><strong>reat.</strong></span> <span class='ocrx_word' id='word_1_503' title='bbox 2074 2893 2268 2949; x_wconf 89' lang='lat' dir='ltr'><strong>Amen.</strong></span> <span class='ocrx_word' id='word_1_504' title='bbox 2731 2944 2733 2946; x_wconf 80' lang='lat'><strong>.</strong></span> 
     </span>
    </p>
   </div>
   <div class='ocr_carea' id='block_1_90' title="bbox 1975 2985 3487 3060">
    <p class='ocr_par' dir='ltr' id='par_1_90' title="bbox 1975 2985 3487 3060">
     <span class='ocr_line' id='line_1_90' title="bbox 1975 2985 3487 3060; baseline 0.001 -21"><span class='ocrx_word' id='word_1_505' title='bbox 1975 2985 2176 3041; x_wconf 86' lang='lat' dir='ltr'><strong>Ducem</strong></span> <span class='ocrx_word' id='word_1_506' title='bbox 2218 2986 2370 3042; x_wconf 81' lang='lat' dir='ltr'><strong>vobis</strong></span> <span class='ocrx_word' id='word_1_507' title='bbox 2400 2986 2784 3060; x_wconf 82' lang='lat' dir='ltr'><strong>archangelum</strong></span> <span class='ocrx_word' id='word_1_508' title='bbox 2846 2986 3173 3058; x_wconf 83' lang='lat' dir='ltr'><strong>Raphaelem</strong></span> <span class='ocrx_word' id='word_1_509' title='bbox 3215 2985 3487 3048; x_wconf 77' lang='lat' dir='ltr'><strong>adhibeat,</strong></span> 
     </span>
    </p>
   </div>
   <div class='ocr_carea' id='block_1_91' title="bbox 1851 3065 3493 3150">
    <p class='ocr_par' dir='ltr' id='par_1_91' title="bbox 1851 3065 3493 3150">
     <span class='ocr_line' id='line_1_91' title="bbox 1851 3065 3493 3150; baseline 0 -20"><span class='ocrx_word' id='word_1_510' title='bbox 1851 3065 1858 3071; x_wconf 77' lang='grc'><em>’</em></span> <span class='ocrx_word' id='word_1_511' title='bbox 1903 3083 2198 3131; x_wconf 75' lang='lat' dir='ltr'><strong>etomnem</strong></span> <span class='ocrx_word' id='word_1_512' title='bbox 2226 3093 2257 3132; x_wconf 93' lang='lat' dir='ltr'><strong>a</strong></span> <span class='ocrx_word' id='word_1_513' title='bbox 2283 3076 2438 3132; x_wconf 89' lang='lat' dir='ltr'><strong>vobis</strong></span> <span class='ocrx_word' id='word_1_514' title='bbox 2467 3077 2968 3134; x_wconf 90' lang='lat' dir='ltr'><strong>incommoditatem</strong></span> <span class='ocrx_word' id='word_1_515' title='bbox 3001 3087 3165 3150; x_wconf 86' lang='lat' dir='ltr'><strong>atque</strong></span> <span class='ocrx_word' id='word_1_516' title='bbox 3191 3076 3493 3134; x_wconf 83' lang='lat' dir='ltr'><strong>contrario-</strong></span> 
     </span>
    </p>
   </div>
   <div class='ocr_carea' id='block_1_92' title="bbox 1908 3167 2944 3240">
    <p class='ocr_par' dir='ltr' id='par_1_92' title="bbox 1908 3167 2944 3240">
     <span class='ocr_line' id='line_1_92' title="bbox 1908 3167 2944 3240; baseline -0.004 -13"><span class='ocrx_word' id='word_1_517' title='bbox 1908 3181 2072 3228; x_wconf 90' lang='lat' dir='ltr'><strong>tatem</strong></span> <span class='ocrx_word' id='word_1_518' title='bbox 2099 3169 2426 3240; x_wconf 88' lang='lat' dir='ltr'><strong>propitiatus</strong></span> <span class='ocrx_word' id='word_1_519' title='bbox 2455 3177 2724 3224; x_wconf 90' lang='lat' dir='ltr'><strong>amoveat.</strong></span> <span class='ocrx_word' id='word_1_520' title='bbox 2749 3167 2944 3224; x_wconf 84' lang='lat' dir='ltr'><strong>Amen.</strong></span> 
     </span>
    </p>
   </div>
   <div class='ocr_carea' id='block_1_93' title="bbox 1978 3256 3490 3330">
    <p class='ocr_par' dir='ltr' id='par_1_93' title="bbox 1978 3256 3490 3330">
     <span class='ocr_line' id='line_1_93' title="bbox 1978 3256 3490 3330; baseline 0 -16"><span class='ocrx_word' id='word_1_521' title='bbox 1978 3259 2379 3315; x_wconf 86' lang='lat' dir='ltr'><strong>Desideriorum</strong></span> <span class='ocrx_word' id='word_1_522' title='bbox 2405 3266 2709 3314; x_wconf 86' lang='lat' dir='ltr'><strong>vestrorum</strong></span> <span class='ocrx_word' id='word_1_523' title='bbox 2741 3259 2830 3330; x_wconf 89' lang='lat' dir='ltr'><strong>pia</strong></span> <span class='ocrx_word' id='word_1_524' title='bbox 2883 3267 3006 3314; x_wconf 89' lang='lat' dir='ltr'><strong>vota</strong></span> <span class='ocrx_word' id='word_1_525' title='bbox 3056 3257 3356 3314; x_wconf 88' lang='lat' dir='ltr'><strong>clementer</strong></span> <span class='ocrx_word' id='word_1_526' title='bbox 3383 3256 3490 3314; x_wconf 87' lang='lat' dir='ltr'><strong>im-</strong></span> 
     </span>
    </p>
   </div>
   <div class='ocr_carea' id='block_1_94' title="bbox 1902 3347 3488 3420">
    <p class='ocr_par' dir='ltr' id='par_1_94' title="bbox 1902 3347 3488 3420">
     <span class='ocr_line' id='line_1_94' title="bbox 1902 3347 3488 3420; baseline 0.001 -18"><span class='ocrx_word' id='word_1_527' title='bbox 1902 3348 2067 3420; x_wconf 89' lang='lat' dir='ltr'><strong>pleat,</strong></span> <span class='ocrx_word' id='word_1_528' title='bbox 2101 3357 2162 3403; x_wconf 93' lang='lat' dir='ltr'><strong>ut</strong></span> <span class='ocrx_word' id='word_1_529' title='bbox 2207 3357 2262 3404; x_wconf 84' lang='lat' dir='ltr'><strong>et</strong></span> <span class='ocrx_word' id='word_1_530' title='bbox 2286 3348 2374 3404; x_wconf 90' lang='lat' dir='ltr'><strong>hic</strong></span> <span class='ocrx_word' id='word_1_531' title='bbox 2404 3349 2544 3404; x_wconf 91' lang='lat' dir='ltr'><strong>bona</strong></span> <span class='ocrx_word' id='word_1_532' title='bbox 2575 3349 2859 3418; x_wconf 88' lang='lat' dir='ltr'><strong>consequi,</strong></span> <span class='ocrx_word' id='word_1_533' title='bbox 2887 3357 2944 3405; x_wconf 93' lang='lat' dir='ltr'><strong>et</strong></span> <span class='ocrx_word' id='word_1_534' title='bbox 2971 3348 3040 3404; x_wconf 89' lang='lat' dir='ltr'><strong>ad</strong></span> <span class='ocrx_word' id='word_1_535' title='bbox 3066 3357 3328 3405; x_wconf 66' lang='lat' dir='ltr'><strong>aeternam</strong></span> <span class='ocrx_word' id='word_1_536' title='bbox 3355 3347 3488 3404; x_wconf 79' lang='lat' dir='ltr'><strong>bea-</strong></span> 
     </span>
    </p>
   </div>
   <div class='ocr_carea' id='block_1_95' title="bbox 1904 3439 3362 3510">
    <p class='ocr_par' dir='ltr' id='par_1_95' title="bbox 1904 3439 3362 3510">
     <span class='ocr_line' id='line_1_95' title="bbox 1904 3439 3362 3510; baseline -0.001 -14"><span class='ocrx_word' id='word_1_537' title='bbox 1904 3441 2190 3497; x_wconf 90' lang='lat' dir='ltr'><strong>titudinem</strong></span> <span class='ocrx_word' id='word_1_538' title='bbox 2217 3441 2502 3510; x_wconf 89' lang='lat' dir='ltr'><strong>pervenire</strong></span> <span class='ocrx_word' id='word_1_539' title='bbox 2529 3439 2758 3497; x_wconf 89' lang='lat' dir='ltr'><strong>feliciter</strong></span> <span class='ocrx_word' id='word_1_540' title='bbox 2793 3440 3138 3498; x_wconf 85' lang='lat' dir='ltr'><strong>mereamini..</strong></span> <span class='ocrx_word' id='word_1_541' title='bbox 3168 3439 3362 3497; x_wconf 81' lang='lat' dir='ltr'><strong>Amen.</strong></span> 
     </span>
    </p>
   </div>
   <div class='ocr_carea' id='block_1_96' title="bbox 1972 3533 2287 3604">
    <p class='ocr_par' dir='ltr' id='par_1_96' title="bbox 1972 3533 2287 3604">
     <span class='ocr_line' id='line_1_96' title="bbox 1972 3533 2287 3604; baseline 0.016 -16"><span class='ocrx_word' id='word_1_542' title='bbox 1972 3533 2125 3602; x_wconf 91' lang='lat' dir='ltr'><strong>Quod</strong></span> <span class='ocrx_word' id='word_1_543' title='bbox 2152 3535 2287 3604; x_wconf 84' lang='lat' dir='ltr'><strong>ipse.</strong></span> 
     </span>
    </p>
   </div>
   <div class='ocr_carea' id='block_1_97' title="bbox 2271 3659 3102 3704">
    <p class='ocr_par' dir='ltr' id='par_1_97' title="bbox 2271 3659 3102 3704">
     <span class='ocr_line' id='line_1_97' title="bbox 2271 3659 3102 3704; baseline -0.002 -2"><span class='ocrx_word' id='word_1_544' title='bbox 2271 3663 2322 3702; x_wconf 78' lang='grc' dir='ltr'><strong>Β.</strong></span> <span class='ocrx_word' id='word_1_545' title='bbox 2353 3662 2406 3702; x_wconf 77' lang='lat' dir='ltr'><strong>1N</strong></span> <span class='ocrx_word' id='word_1_546' title='bbox 2432 3661 2790 3704; x_wconf 73' lang='lat' dir='ltr'><strong>DEDICATIONE</strong></span> <span class='ocrx_word' id='word_1_547' title='bbox 2817 3659 3102 3702; x_wconf 64' lang='grc' dir='ltr'><strong>εοειεειιε.</strong></span> 
     </span>
    </p>
   </div>
   <div class='ocr_carea' id='block_1_98' title="bbox 1973 3757 3490 3833">
    <p class='ocr_par' dir='ltr' id='par_1_98' title="bbox 1973 3757 3490 3833">
     <span class='ocr_line' id='line_1_98' title="bbox 1973 3757 3490 3833; baseline -0.003 -15"><span class='ocrx_word' id='word_1_548' title='bbox 1973 3762 2327 3833; x_wconf 82' lang='lat' dir='ltr'><strong>Omnipotens</strong></span> <span class='ocrx_word' id='word_1_549' title='bbox 2347 3762 2494 3818; x_wconf 91' lang='lat' dir='ltr'><strong>Deus</strong></span> <span class='ocrx_word' id='word_1_550' title='bbox 2521 3761 2612 3833; x_wconf 92' lang='lat' dir='ltr'><strong>qui</strong></span> <span class='ocrx_word' id='word_1_551' title='bbox 2638 3776 2736 3818; x_wconf 88' lang='lat' dir='ltr'><strong>vos</strong></span> <span class='ocrx_word' id='word_1_552' title='bbox 2761 3759 3023 3818; x_wconf 91' lang='lat' dir='ltr'><strong>hodierna</strong></span> <span class='ocrx_word' id='word_1_553' title='bbox 3050 3759 3138 3816; x_wconf 89' lang='lat' dir='ltr'><strong>die</strong></span> <span class='ocrx_word' id='word_1_554' title='bbox 3161 3759 3227 3816; x_wconf 90' lang='lat' dir='ltr'><strong>ad</strong></span> <span class='ocrx_word' id='word_1_555' title='bbox 3266 3757 3490 3814; x_wconf 83' lang='lat' dir='ltr'><strong>dedica-</strong></span> 
     </span>
    </p>
   </div>
   <div class='ocr_carea' id='block_1_99' title="bbox 1902 3849 3497 3924">
    <p class='ocr_par' dir='ltr' id='par_1_99' title="bbox 1902 3849 3497 3924">
     <span class='ocr_line' id='line_1_99' title="bbox 1902 3849 3497 3924; baseline -0.002 -16"><span class='ocrx_word' id='word_1_556' title='bbox 1902 3853 2105 3910; x_wconf 90' lang='lat' dir='ltr'><strong>tionem</strong></span> <span class='ocrx_word' id='word_1_557' title='bbox 2153 3853 2310 3910; x_wconf 88' lang='lat' dir='ltr'><strong>istius</strong></span> <span class='ocrx_word' id='word_1_558' title='bbox 2340 3853 2478 3910; x_wconf 68' lang='lat' dir='ltr'><strong>aulae</strong></span> <span class='ocrx_word' id='word_1_559' title='bbox 2523 3854 2776 3924; x_wconf 80' lang='lat' dir='ltr'><strong>dignatus</strong></span> <span class='ocrx_word' id='word_1_560' title='bbox 2818 3860 2904 3909; x_wconf 88' lang='lat' dir='ltr'><strong>est</strong></span> <span class='ocrx_word' id='word_1_561' title='bbox 2943 3854 3205 3917; x_wconf 90' lang='lat' dir='ltr'><strong>adunare,</strong></span> <span class='ocrx_word' id='word_1_562' title='bbox 3247 3849 3363 3920; x_wconf 90' lang='lat' dir='ltr'><strong>ipse</strong></span> <span class='ocrx_word' id='word_1_563' title='bbox 3390 3865 3497 3905; x_wconf 80' lang='lat' dir='ltr'><strong>vos</strong></span> 
     </span>
    </p>
   </div>
   <div class='ocr_carea' id='block_1_100' title="bbox 1858 3942 3412 4019">
    <p class='ocr_par' dir='ltr' id='par_1_100' title="bbox 1858 3942 3412 4019">
     <span class='ocr_line' id='line_1_100' title="bbox 1858 3942 3412 4019; baseline -0.004 -15"><span class='ocrx_word' id='word_1_564' title='bbox 1858 3962 1866 3971; x_wconf 87' lang='lat'><strong>&#39;</strong></span> <span class='ocrx_word' id='word_1_565' title='bbox 1900 3947 2110 4004; x_wconf 83' lang='lat' dir='ltr'><strong>caelesti</strong></span> <span class='ocrx_word' id='word_1_566' title='bbox 2146 3947 2525 4005; x_wconf 86' lang='lat' dir='ltr'><strong>benedictione</strong></span> <span class='ocrx_word' id='word_1_567' title='bbox 2547 3945 2804 4019; x_wconf 85' lang='lat' dir='ltr'><strong>dignetur</strong></span> <span class='ocrx_word' id='word_1_568' title='bbox 2834 3944 3186 4015; x_wconf 87' lang='lat' dir='ltr'><strong>locupletare.</strong></span> <span class='ocrx_word' id='word_1_569' title='bbox 3220 3942 3412 3999; x_wconf 84' lang='lat' dir='ltr'><strong>Amen.</strong></span> 
     </span>
    </p>
   </div>
   <div class='ocr_carea' id='block_1_101' title="bbox 2021 4038 2285 4095">
    <p class='ocr_par' dir='ltr' id='par_1_101' title="bbox 2021 4038 2285 4095">
     <span class='ocr_line' id='line_1_101' title="bbox 2021 4038 2285 4095; baseline -0.004 -1"><span class='ocrx_word' id='word_1_570' title='bbox 2021 4039 2123 4095; x_wconf 93' lang='lat' dir='ltr'><strong>uod</strong></span> <span class='ocrx_word' id='word_1_571' title='bbox 2150 4038 2285 4095; x_wconf 77' lang='lat' dir='ltr'><strong>ipse.</strong></span> 
     </span>
    </p>
   </div>
   <div class='ocr_carea' id='block_1_102' title="bbox 1969 4038 3488 4200">
    <p class='ocr_par' dir='ltr' id='par_1_102' title="bbox 1969 4038 3488 4200">
     <span class='ocr_line' id='line_1_102' title="bbox 1969 4038 3488 4200; baseline -0.001 -16"><span class='ocrx_word' id='word_1_572' title='bbox 1969 4038 2355 4199; x_wconf 40' lang='lat'><strong>33:333....</strong></span> <span class='ocrx_word' id='word_1_573' title='bbox 2381 4128 2536 4185; x_wconf 84' lang='lat' dir='ltr'><strong>vobis</strong></span> <span class='ocrx_word' id='word_1_574' title='bbox 2571 4128 2688 4184; x_wconf 82' lang='lat' dir='ltr'><strong>fieri</strong></span> <span class='ocrx_word' id='word_1_575' title='bbox 2717 4127 2974 4200; x_wconf 89' lang='lat' dir='ltr'><strong>templum</strong></span> <span class='ocrx_word' id='word_1_576' title='bbox 3007 4142 3163 4184; x_wconf 92' lang='lat' dir='ltr'><strong>suum</strong></span> <span class='ocrx_word' id='word_1_577' title='bbox 3189 4136 3246 4183; x_wconf 89' lang='lat' dir='ltr'><strong>et</strong></span> <span class='ocrx_word' id='word_1_578' title='bbox 3269 4126 3488 4184; x_wconf 83' lang='lat' dir='ltr'><strong>habita-</strong></span> 
     </span>
    </p>
   </div>
   <div class='ocr_carea' id='block_1_103' title="bbox 1899 4219 3495 4300">
    <p class='ocr_par' dir='ltr' id='par_1_103' title="bbox 1899 4219 3495 4300">
     <span class='ocr_line' id='line_1_103' title="bbox 1899 4219 3495 4300; baseline -0.004 -22"><span class='ocrx_word' id='word_1_579' title='bbox 1899 4222 2080 4300; x_wconf 82' lang='lat' dir='ltr'><strong>culum</strong></span> <span class='ocrx_word' id='word_1_580' title='bbox 2111 4221 2345 4293; x_wconf 91' lang='lat' dir='ltr'><strong>Spiritus</strong></span> <span class='ocrx_word' id='word_1_581' title='bbox 2394 4221 2590 4288; x_wconf 89' lang='lat' dir='ltr'><strong>sancti,</strong></span> <span class='ocrx_word' id='word_1_582' title='bbox 2641 4221 2735 4292; x_wconf 92' lang='lat' dir='ltr'><strong>qui</strong></span> <span class='ocrx_word' id='word_1_583' title='bbox 2782 4221 3058 4293; x_wconf 90' lang='lat' dir='ltr'><strong>proprium</strong></span> <span class='ocrx_word' id='word_1_584' title='bbox 3105 4219 3302 4275; x_wconf 85' lang='lat' dir='ltr'><strong>Filium</strong></span> <span class='ocrx_word' id='word_1_585' title='bbox 3327 4233 3495 4274; x_wconf 82' lang='lat' dir='ltr'><strong>suum.</strong></span> 
     </span>
    </p>
   </div>
   <div class='ocr_carea' id='block_1_104' title="bbox 1900 4310 3484 4386">
    <p class='ocr_par' dir='ltr' id='par_1_104' title="bbox 1900 4310 3484 4386">
     <span class='ocr_line' id='line_1_104' title="bbox 1900 4310 3484 4386; baseline -0.003 -18"><span class='ocrx_word' id='word_1_586' title='bbox 1900 4315 2184 4370; x_wconf 90' lang='lat' dir='ltr'><strong>Dominum</strong></span> <span class='ocrx_word' id='word_1_587' title='bbox 2213 4323 2458 4371; x_wconf 90' lang='lat' dir='ltr'><strong>nostrum</strong></span> <span class='ocrx_word' id='word_1_588' title='bbox 2502 4313 2688 4370; x_wconf 81' lang='lat' dir='ltr'><strong>Jesum</strong></span> <span class='ocrx_word' id='word_1_589' title='bbox 2718 4314 2994 4370; x_wconf 89' lang='lat' dir='ltr'><strong>Christum</strong></span> <span class='ocrx_word' id='word_1_590' title='bbox 3019 4329 3118 4386; x_wconf 91' lang='lat' dir='ltr'><strong>pro</strong></span> <span class='ocrx_word' id='word_1_591' title='bbox 3142 4313 3296 4369; x_wconf 92' lang='lat' dir='ltr'><strong>vobis</strong></span> <span class='ocrx_word' id='word_1_592' title='bbox 3317 4310 3484 4382; x_wconf 87' lang='lat' dir='ltr'><strong>elegit</strong></span> 
     </span>
    </p>
   </div>
   <div class='ocr_carea' id='block_1_105' title="bbox 1898 4405 2409 4461">
    <p class='ocr_par' dir='ltr' id='par_1_105' title="bbox 1898 4405 2409 4461">
     <span class='ocr_line' id='line_1_105' title="bbox 1898 4405 2409 4461; baseline 0 -1"><span class='ocrx_word' id='word_1_593' title='bbox 1898 4405 2186 4461; x_wconf 91' lang='lat' dir='ltr'><strong>immolari.</strong></span> <span class='ocrx_word' id='word_1_594' title='bbox 2216 4407 2409 4461; x_wconf 88' lang='lat' dir='ltr'><strong>Amen.</strong></span> 
     </span>
    </p>
   </div>
   <div class='ocr_carea' id='block_1_106' title="bbox 1973 4493 3490 4567">
    <p class='ocr_par' dir='ltr' id='par_1_106' title="bbox 1973 4493 3490 4567">
     <span class='ocr_line' id='line_1_106' title="bbox 1973 4493 3490 4567; baseline -0.002 -18"><span class='ocrx_word' id='word_1_595' title='bbox 1973 4493 2250 4562; x_wconf 87' lang='lat' dir='ltr'><strong>Quatenus</strong></span> <span class='ocrx_word' id='word_1_596' title='bbox 2275 4504 2458 4551; x_wconf 86' lang='lat' dir='ltr'><strong>mente</strong></span> <span class='ocrx_word' id='word_1_597' title='bbox 2479 4504 2533 4551; x_wconf 91' lang='lat' dir='ltr'><strong>et</strong></span> <span class='ocrx_word' id='word_1_598' title='bbox 2559 4511 2786 4567; x_wconf 83' lang='lat' dir='ltr'><strong>corpore</strong></span> <span class='ocrx_word' id='word_1_599' title='bbox 2807 4493 3100 4566; x_wconf 84' lang='lat' dir='ltr'><strong>puriﬁcati,</strong></span> <span class='ocrx_word' id='word_1_600' title='bbox 3122 4493 3490 4548; x_wconf 87' lang='lat' dir='ltr'><strong>habitatorem</strong></span> 
     </span>
    </p>
   </div>
   <div class='ocr_carea' id='block_1_107' title="bbox 1820 4582 3486 4656">
    <p class='ocr_par' dir='ltr' id='par_1_107' title="bbox 1820 4582 3486 4656">
     <span class='ocr_line' id='line_1_107' title="bbox 1820 4582 3486 4656; baseline -0.004 -14"><span class='ocrx_word' id='word_1_601' title='bbox 1820 4583 1874 4642; x_wconf 87' lang='lat' dir='ltr'><strong>D</strong></span> <span class='ocrx_word' id='word_1_602' title='bbox 1902 4585 2070 4640; x_wconf 91' lang='lat' dir='ltr'><strong>Deum</strong></span> <span class='ocrx_word' id='word_1_603' title='bbox 2113 4585 2167 4640; x_wconf 90' lang='lat' dir='ltr'><strong>in</strong></span> <span class='ocrx_word' id='word_1_604' title='bbox 2195 4586 2602 4655; x_wconf 88' lang='lat' dir='ltr'><strong>vobismetipsis</strong></span> <span class='ocrx_word' id='word_1_605' title='bbox 2651 4600 2865 4656; x_wconf 89' lang='lat' dir='ltr'><strong>semper</strong></span> <span class='ocrx_word' id='word_1_606' title='bbox 2914 4586 3114 4639; x_wconf 90' lang='lat' dir='ltr'><strong>habere</strong></span> <span class='ocrx_word' id='word_1_607' title='bbox 3159 4582 3397 4654; x_wconf 88' lang='lat' dir='ltr'><strong>possitis,</strong></span> <span class='ocrx_word' id='word_1_608' title='bbox 3428 4593 3486 4638; x_wconf 78' lang='lat' dir='ltr'><strong>et</strong></span> 
     </span>
    </p>
   </div>
   <div class='ocr_carea' id='block_1_108' title="bbox 1897 4675 3482 4739">
    <p class='ocr_par' dir='ltr' id='par_1_108' title="bbox 1897 4675 3482 4739">
     <span class='ocr_line' id='line_1_108' title="bbox 1897 4675 3482 4739; baseline 0.003 -8"><span class='ocrx_word' id='word_1_609' title='bbox 1897 4686 2116 4733; x_wconf 79' lang='lat' dir='ltr'><strong>:eternae</strong></span> <span class='ocrx_word' id='word_1_610' title='bbox 2142 4677 2496 4733; x_wconf 86' lang='lat' dir='ltr'><strong>beatitudinis</strong></span> <span class='ocrx_word' id='word_1_611' title='bbox 2519 4678 2890 4733; x_wconf 69' lang='lat' dir='ltr'><strong>hzcreditatem</strong></span> <span class='ocrx_word' id='word_1_612' title='bbox 2918 4675 3274 4739; x_wconf 80' lang='lat' dir='ltr'><strong>cumsanctis</strong></span> <span class='ocrx_word' id='word_1_613' title='bbox 3299 4685 3354 4731; x_wconf 92' lang='lat' dir='ltr'><strong>et</strong></span> <span class='ocrx_word' id='word_1_614' title='bbox 3373 4675 3482 4734; x_wconf 78' lang='lat' dir='ltr'><strong>ele-</strong></span> 
     </span>
    </p>
   </div>
   <div class='ocr_carea' id='block_1_109' title="bbox 1896 4767 2830 4838">
    <p class='ocr_par' dir='ltr' id='par_1_109' title="bbox 1896 4767 2830 4838">
     <span class='ocr_line' id='line_1_109' title="bbox 1896 4767 2830 4838; baseline -0.002 -14"><span class='ocrx_word' id='word_1_615' title='bbox 1896 4767 1999 4824; x_wconf 90' lang='lat' dir='ltr'><strong>ctis</strong></span> <span class='ocrx_word' id='word_1_616' title='bbox 2025 4768 2302 4838; x_wconf 81' lang='lat' dir='ltr'><strong>possidere</strong></span> <span class='ocrx_word' id='word_1_617' title='bbox 2329 4768 2578 4831; x_wconf 83' lang='lat' dir='ltr'><strong>valeatis.</strong></span> <span class='ocrx_word' id='word_1_618' title='bbox 2617 4769 2830 4829; x_wconf 84' lang='lat' dir='ltr'><strong>Amen._</strong></span> 
     </span>
    </p>
   </div>
   <div class='ocr_carea' id='block_1_110' title="bbox 1970 4858 2299 4929">
    <p class='ocr_par' dir='ltr' id='par_1_110' title="bbox 1970 4858 2299 4929">
     <span class='ocr_line' id='line_1_110' title="bbox 1970 4858 2299 4929; baseline 0.003 -15"><span class='ocrx_word' id='word_1_619' title='bbox 1970 4858 2123 4926; x_wconf 85' lang='lat' dir='ltr'><strong>Quod</strong></span> <span class='ocrx_word' id='word_1_620' title='bbox 2155 4859 2299 4929; x_wconf 69' lang='lat' dir='ltr'><strong>ipse.</strong></span> 
     </span>
    </p>
   </div>
   <div class='ocr_carea' id='block_1_111' title="bbox 2121 4988 3290 5032">
    <p class='ocr_par' dir='ltr' id='par_1_111' title="bbox 2121 4988 3290 5032">
     <span class='ocr_line' id='line_1_111' title="bbox 2121 4988 3290 5032; baseline -0.001 0"><span class='ocrx_word' id='word_1_621' title='bbox 2121 4989 2170 5032; x_wconf 75' lang='grc' dir='ltr'><strong>Β.</strong></span> <span class='ocrx_word' id='word_1_622' title='bbox 2213 4989 2266 5032; x_wconf 57' lang='grc' dir='ltr'><strong>ιε</strong></span> <span class='ocrx_word' id='word_1_623' title='bbox 2294 4988 2655 5030; x_wconf 70' lang='lat' dir='ltr'><strong>DEDICATIONB</strong></span> <span class='ocrx_word' id='word_1_624' title='bbox 2690 4988 2940 5032; x_wconf 65' lang='grc' dir='ltr'><strong>νιοιλτιε</strong></span> <span class='ocrx_word' id='word_1_625' title='bbox 2972 4989 3290 5031; x_wconf 50' lang='grc' dir='ltr'><strong>Εοςιῑδιιει</strong></span> 
     </span>
    </p>
   </div>
   <div class='ocr_carea' id='block_1_112' title="bbox 1969 5087 3482 5159">
    <p class='ocr_par' dir='ltr' id='par_1_112' title="bbox 1969 5087 3482 5159">
     <span class='ocr_line' id='line_1_112' title="bbox 1969 5087 3482 5159; baseline -0.001 -15"><span class='ocrx_word' id='word_1_626' title='bbox 1969 5088 2256 5144; x_wconf 85' lang='lat' dir='ltr'><strong>Benedicat</strong></span> <span class='ocrx_word' id='word_1_627' title='bbox 2288 5097 2345 5145; x_wconf 90' lang='lat' dir='ltr'><strong>et</strong></span> <span class='ocrx_word' id='word_1_628' title='bbox 2374 5089 2643 5144; x_wconf 88' lang='lat' dir='ltr'><strong>custodiat</strong></span> <span class='ocrx_word' id='word_1_629' title='bbox 2691 5103 2788 5144; x_wconf 88' lang='lat' dir='ltr'><strong>vos</strong></span> <span class='ocrx_word' id='word_1_630' title='bbox 2831 5088 3172 5159; x_wconf 90' lang='lat' dir='ltr'><strong>omnipotens</strong></span> <span class='ocrx_word' id='word_1_631' title='bbox 3202 5087 3482 5151; x_wconf 86' lang='lat' dir='ltr'><strong>Dominus,</strong></span> 
     </span>
    </p>
   </div>
   <div class='ocr_carea' id='block_1_113' title="bbox 1897 5177 3486 5250">
    <p class='ocr_par' dir='ltr' id='par_1_113' title="bbox 1897 5177 3486 5250">
     <span class='ocr_line' id='line_1_113' title="bbox 1897 5177 3486 5250; baseline -0.001 -17"><span class='ocrx_word' id='word_1_632' title='bbox 1897 5181 2228 5250; x_wconf 79' lang='lat' dir='ltr'><strong>donumque</strong></span> <span class='ocrx_word' id='word_1_633' title='bbox 2251 5181 2393 5236; x_wconf 87' lang='lat' dir='ltr'><strong>hanc</strong></span> <span class='ocrx_word' id='word_1_634' title='bbox 2420 5179 2503 5234; x_wconf 91' lang='lat' dir='ltr'><strong>sui</strong></span> <span class='ocrx_word' id='word_1_635' title='bbox 2537 5180 2712 5236; x_wconf 89' lang='lat' dir='ltr'><strong>sancti</strong></span> <span class='ocrx_word' id='word_1_636' title='bbox 2737 5179 2982 5234; x_wconf 78' lang='lat' dir='ltr'><strong>muneris</strong></span> <span class='ocrx_word' id='word_1_637' title='bbox 3010 5178 3299 5248; x_wconf 82' lang='lat' dir='ltr'><strong>praesentia</strong></span> <span class='ocrx_word' id='word_1_638' title='bbox 3333 5177 3486 5233; x_wconf 89' lang='lat' dir='ltr'><strong>illus-</strong></span> 
     </span>
    </p>
   </div>
   <div class='ocr_carea' id='block_1_114' title="bbox 1899 5270 3488 5342">
    <p class='ocr_par' dir='ltr' id='par_1_114' title="bbox 1899 5270 3488 5342">
     <span class='ocr_line' id='line_1_114' title="bbox 1899 5270 3488 5342; baseline -0.002 -16"><span class='ocrx_word' id='word_1_639' title='bbox 1899 5281 2024 5336; x_wconf 85' lang='lat' dir='ltr'><strong>tret,</strong></span> <span class='ocrx_word' id='word_1_640' title='bbox 2065 5279 2226 5342; x_wconf 91' lang='lat' dir='ltr'><strong>atque</strong></span> <span class='ocrx_word' id='word_1_641' title='bbox 2253 5287 2368 5328; x_wconf 62' lang='lat' dir='ltr'><strong>sua:</strong></span> <span class='ocrx_word' id='word_1_642' title='bbox 2400 5272 2620 5341; x_wconf 87' lang='lat' dir='ltr'><strong>pietatis</strong></span> <span class='ocrx_word' id='word_1_643' title='bbox 2646 5272 2832 5328; x_wconf 87' lang='lat' dir='ltr'><strong>oculos</strong></span> <span class='ocrx_word' id='word_1_644' title='bbox 2858 5285 3031 5342; x_wconf 72' lang='lat' dir='ltr'><strong>super</strong></span> <span class='ocrx_word' id='word_1_645' title='bbox 3046 5286 3164 5330; x_wconf 88' lang='lat' dir='ltr'><strong>eam</strong></span> <span class='ocrx_word' id='word_1_646' title='bbox 3195 5270 3281 5325; x_wconf 90' lang='lat' dir='ltr'><strong>die</strong></span> <span class='ocrx_word' id='word_1_647' title='bbox 3310 5285 3373 5324; x_wconf 89' lang='lat' dir='ltr'><strong>ac</strong></span> <span class='ocrx_word' id='word_1_648' title='bbox 3395 5283 3488 5324; x_wconf 88' lang='lat' dir='ltr'><strong>no-</strong></span> 
     </span>
    </p>
   </div>
   <div class='ocr_carea' id='block_1_115' title="bbox 1897 5363 2746 5434">
    <p class='ocr_par' dir='ltr' id='par_1_115' title="bbox 1897 5363 2746 5434">
     <span class='ocr_line' id='line_1_115' title="bbox 1897 5363 2746 5434; baseline 0 -17"><span class='ocrx_word' id='word_1_649' title='bbox 1897 5371 1983 5417; x_wconf 89' lang='lat' dir='ltr'><strong>cte</strong></span> <span class='ocrx_word' id='word_1_650' title='bbox 2011 5363 2265 5434; x_wconf 86' lang='lat' dir='ltr'><strong>dignetur</strong></span> <span class='ocrx_word' id='word_1_651' title='bbox 2290 5364 2521 5434; x_wconf 84' lang='lat' dir='ltr'><strong>aperire.</strong></span> <span class='ocrx_word' id='word_1_652' title='bbox 2555 5363 2746 5420; x_wconf 83' lang='lat' dir='ltr'><strong>Amen.</strong></span> 
     </span>
    </p>
   </div>
   <div class='ocr_carea' id='block_1_116' title="bbox 1961 5451 3488 5526">
    <p class='ocr_par' dir='ltr' id='par_1_116' title="bbox 1961 5451 3488 5526">
     <span class='ocr_line' id='line_1_116' title="bbox 1961 5451 3488 5526; baseline -0.002 -16"><span class='ocrx_word' id='word_1_653' title='bbox 1961 5454 2347 5524; x_wconf 89' lang='lat' dir='ltr'><strong>Concedatque</strong></span> <span class='ocrx_word' id='word_1_654' title='bbox 2374 5454 2641 5526; x_wconf 91' lang='lat' dir='ltr'><strong>propitius</strong></span> <span class='ocrx_word' id='word_1_655' title='bbox 2679 5465 2735 5510; x_wconf 92' lang='lat' dir='ltr'><strong>ut</strong></span> <span class='ocrx_word' id='word_1_656' title='bbox 2764 5470 2952 5510; x_wconf 89' lang='lat' dir='ltr'><strong>omnes</strong></span> <span class='ocrx_word' id='word_1_657' title='bbox 2974 5455 3070 5524; x_wconf 74' lang='lat' dir='ltr'><strong>qui”</strong></span> <span class='ocrx_word' id='word_1_658' title='bbox 3100 5451 3488 5509; x_wconf 68' lang='lat' dir='ltr'><strong>ad‘dedicatio-</strong></span> 
     </span>
    </p>
   </div>
   <div class='ocr_carea' id='block_1_117' title="bbox 1898 5545 3484 5616">
    <p class='ocr_par' dir='ltr' id='par_1_117' title="bbox 1898 5545 3484 5616">
     <span class='ocr_line' id='line_1_117' title="bbox 1898 5545 3484 5616; baseline -0.004 -10"><span class='ocrx_word' id='word_1_659' title='bbox 1898 5562 2019 5606; x_wconf 75' lang='lat' dir='ltr'><strong>nent</strong></span> <span class='ocrx_word' id='word_1_660' title='bbox 2045 5547 2204 5616; x_wconf 74' lang='lat' dir='ltr'><strong>huius</strong></span> <span class='ocrx_word' id='word_1_661' title='bbox 2223 5547 2460 5604; x_wconf 64' lang='lat' dir='ltr'><strong>basilicae</strong></span> <span class='ocrx_word' id='word_1_662' title='bbox 2481 5549 2672 5604; x_wconf 89' lang='lat' dir='ltr'><strong>devote</strong></span> <span class='ocrx_word' id='word_1_663' title='bbox 2698 5549 3048 5613; x_wconf 86' lang='lat' dir='ltr'><strong>convenistis,</strong></span> <span class='ocrx_word' id='word_1_664' title='bbox 3073 5545 3484 5603; x_wconf 81' lang='lat' dir='ltr'><strong>intervenienti-</strong></span> 
     </span>
    </p>
   </div>
   <div class='ocr_carea' id='block_1_118' title="bbox 1896 5639 3484 5711">
    <p class='ocr_par' dir='ltr' id='par_1_118' title="bbox 1896 5639 3484 5711">
     <span class='ocr_line' id='line_1_118' title="bbox 1896 5639 3484 5711; baseline -0.004 -17"><span class='ocrx_word' id='word_1_665' title='bbox 1896 5640 1996 5694; x_wconf 89' lang='lat' dir='ltr'><strong>bus</strong></span> <span class='ocrx_word' id='word_1_666' title='bbox 2019 5639 2274 5695; x_wconf 88' lang='lat' dir='ltr'><strong>omnibus</strong></span> <span class='ocrx_word' id='word_1_667' title='bbox 2299 5640 2525 5706; x_wconf 91' lang='lat' dir='ltr'><strong>sanctis,</strong></span> <span class='ocrx_word' id='word_1_668' title='bbox 2551 5641 2763 5696; x_wconf 82' lang='lat' dir='ltr'><strong>veniam</strong></span> <span class='ocrx_word' id='word_1_669' title='bbox 2796 5640 2884 5698; x_wconf 87' lang='lat' dir='ltr'><strong>hic</strong></span> <span class='ocrx_word' id='word_1_670' title='bbox 2909 5649 3254 5711; x_wconf 88' lang='lat' dir='ltr'><strong>peccatorum</strong></span> <span class='ocrx_word' id='word_1_671' title='bbox 3277 5645 3484 5690; x_wconf 85' lang='lat' dir='ltr'><strong>vestru-</strong></span> 
     </span>
    </p>
   </div>
   <div class='ocr_carea' id='block_1_119' title="bbox 1897 5733 2872 5808">
    <p class='ocr_par' dir='ltr' id='par_1_119' title="bbox 1897 5733 2872 5808">
     <span class='ocr_line' id='line_1_119' title="bbox 1897 5733 2872 5808; baseline 0.002 -21"><span class='ocrx_word' id='word_1_672' title='bbox 1897 5749 2014 5788; x_wconf 88' lang='lat' dir='ltr'><strong>rum</strong></span> <span class='ocrx_word' id='word_1_673' title='bbox 2040 5733 2289 5808; x_wconf 82' lang='lat' dir='ltr'><strong>aceipere</strong></span> <span class='ocrx_word' id='word_1_674' title='bbox 2311 5735 2647 5790; x_wconf 90' lang='lat' dir='ltr'><strong>mereamini.</strong></span> <span class='ocrx_word' id='word_1_675' title='bbox 2681 5735 2872 5792; x_wconf 86' lang='lat' dir='ltr'><strong>Amen.</strong></span> 
     </span>
    </p>
   </div>
   <div class='ocr_carea' id='block_1_120' title="bbox 1967 5821 3484 5903">
    <p class='ocr_par' dir='ltr' id='par_1_120' title="bbox 1967 5821 3484 5903">
     <span class='ocr_line' id='line_1_120' title="bbox 1967 5821 3484 5903; baseline -0.003 -24"><span class='ocrx_word' id='word_1_676' title='bbox 1967 5825 2244 5895; x_wconf 81' lang='lat' dir='ltr'><strong>Quatenus</strong></span> <span class='ocrx_word' id='word_1_677' title='bbox 2275 5829 2445 5900; x_wconf 80' lang='lat' dir='ltr'><strong>gratia</strong></span> <span class='ocrx_word' id='word_1_678' title='bbox 2481 5827 2571 5884; x_wconf 84' lang='lat' dir='ltr'><strong>Dei</strong></span> <span class='ocrx_word' id='word_1_679' title='bbox 2599 5830 2825 5903; x_wconf 81' lang='lat' dir='ltr'><strong>vosipsi</strong></span> <span class='ocrx_word' id='word_1_680' title='bbox 2855 5828 3109 5901; x_wconf 84' lang='lat' dir='ltr'><strong>templum</strong></span> <span class='ocrx_word' id='word_1_681' title='bbox 3144 5823 3314 5881; x_wconf 83' lang='lat' dir='ltr'><strong>sancti</strong></span> <span class='ocrx_word' id='word_1_682' title='bbox 3361 5821 3484 5894; x_wconf 76' lang='lat' dir='ltr'><strong>Spi-</strong></span> 
     </span>
    </p>
   </div>
  </div>
