3954 6342
232 360 332 418 885

1040 352 1239 409 LIBER
1279 354 1913 412 SAGRAMENTORUM.
1956 383 2022 394 —-
2072 347 2392 409 PREFA'I‘.
2432 345 2651 414 ANTIQ.

3369 347 3472 413 836

233 477 487 533 nostrum.
536 462 706 535 Cujus
732 463 912 532 hodie,
934 478 1062 532 etc.,
1092 476 1147 521 ut
1172 467 1339 523 videre
1377 478 1449 523 est
1492 469 1627 524 inter
1672 471 1796 523 Ληι-
1824 479 1869 532 Α
1901 481 2040 531 rum,
2067 479 2203 535 quos
2240 470 2461 533 preptcr
2506 459 2675 514 nostri
2722 457 3021 514 Salvatoris
3060 458 3338 516 infantiam
3382 461 3475 515 be-

235 558 517 613 brosianas.

760 645 829 700 In
879 648 1050 699 media
1099 655 1265 702 nocte.

301 735 521 808 (Getam)
566 735 669 791 Per
707 735 980 792 Christum
1005 708 1593 797 Dominum'n'ostrum.‘
1636 739 1800 810 Cujus

236 826 424 883 divinae
463 825 765 884 nativitatis
800 826 1097 903 potentiam
1141 827 1378 897 ingenita
1425 829 1644 886 virtutis
1695 839 1818 889 tuaa-

234 916 411 998 genuit
433 915 762 986 magnitudo.
806 914 977 983 Quem
998 929 1212 987 semper
1228 916 1421 973 Filium
1441 925 1497 978 et
1516 926 1641 979 ante
1663 926 1800 973 tem—

234 1021 359 1081 pora
386 1014 591 1061 aeterna
612 1005 874 1075 genitum,
898 1007 1025 1078 quia
1055 1006 1149 1064 tibi
1176 1008 1335 1079 pleno
1354 1018 1515 1079 atque
1539 1009 1797 1081 perfecto,

234 1095 416 1154 aeterni
462 1094 638 1153 Patris
689 1110 883 1153 nomen
934 1112 1042 1153 non
1094 1096 1281 1164 defuit,
1330 1100 1686 1170 praedicamus
1713 1108 1805 1157 :et

236 1186 454 1253 honore,
480 1186 779 1257 majestate,
815 1194 978 1257 atque
1003 1185 1220 1253 virtute,
1251 1187 1508 1259 aequalem
1540 1188 1636 1245 tibi
1679 1204 1800 1244 cum

235 1276 432 1348 Spiritu
458 1286 647 1335 sancto
667 1277 1005 1347 conﬁtemur,
1035 1288 1093 1335 et
1117 1279 1172 1334 in
1196 1278 1337 1335 trino
1365 1279 1649 1346 vocabulo,
1682 1280 1804 1335 uni-

233 1384 347 1432 cam
368 1370 640 1434 credimus
666 1369 1024 1440 majestatem.
1073 1370 1141 1427 Et
1174 1370 1296 1429 ideo
1320 1387 1444 1429 cum
1471 1371 1695 1443 angelis.

725 1460 795 1516 In
825 1459 1126 1533 crepusculo
1149 1460 1300 1517 lucis.

301 1548 412 1620 (Α.)
458 1549 684 1606 Aiterne
728 1551 890 1609 Deus.
921 1550 1057 1618 Quia
1101 1551 1277 1610 nostri
1323 1551 1643 1621 Salvatoris,
1670 1561 1798 1620 eto.,

235 1649 288 1694 ut
312 1639 482 1696 videre
508 1642 742 1696 estinter
759 1641 1155 1699 Ambrosianus.

793 1753 862 1810 In
903 1757 989 1812 die
1035 1766 1238 1813 sancto.

1897 556 2041 614 stiali
2062 555 2266 612 saevitia
2290 552 2529 609 Herodes
2549 550 2793 607 funestus
2817 549 3016 607 occidit
3032 592 3046 617 ,
3073 551 3333 606 immensa
3362 551 3472 609 cle-

1898 647 2114 704 mentiae
2147 655 2251 701 tua:
2286 645 2426 702 dona
2454 644 2770 715 praedicare.
2821 643 2879 698 In
2915 643 3111 713 quibus
3151 641 3318 715 fulget
3341 638 3476 698 ‘sola

1899 739 2072 809 magis
2101 737 2274 810 gratia
2303 751 2464 806 quam
2505 734 2774 800 voluntas,
2804 744 2867 799 et,
2880 733 3026 790 clara
3054 741 3139 789 est
3166 733 3318 805 prius
3351 748 3476 789 con-

1899 829 2063 886 fessio
2080 844 2243 900 quam
2269 826 2476 898 loquela
2494 867 2511 893 ,
2537 837 2663 881 ante
2682 826 2863 896 passio
2891 841 3053 896 quam
3081 825 3322 881 membra
3366 824 3479 879 ido-

1899 937 1999 981 nea
2022 919 2285 991 passioni.
2337 918 2589 974 Existunt
2621 916 2765 972 enim
2798 924 2965 972 testes
2987 913 3214 980 Christi,
3247 913 3336 984 qui
3362 912 3477 983 ejus

1900 1012 2136 1072 nondum
2178 1010 2395 1066 fuerunt
2439 1009 2735 1080 agnitorcs.
2787 1007 2834 1066 Ο
2877 1007 3087 1064 inﬁnita
3137 1004 3473 1076 benignitas!

1899 1116 1935 1156 o
1961 1098 2246 1157 ineﬁ‘abilis
2281 1098 2675 1162 misericordia,
2705 1113 2829 1168 quae
2858 1110 2959 1169 pro
2986 1110 3087 1151 suo
3119 1094 3338 1151 nomine
3369 1101 3480 1147 tru~

1901 1189 2115 1254 cidatis,
2142 1188 2394 1243 meritum
2420 1194 2635 1243 aeterna:
2670 1184 2854 1254 gloriae
2872 1225 2889 1251 ,
2916 1183 3098 1255 perire
3116 1196 3226 1241 non
3254 1181 3479 1252 patitur,

1900 1290 1955 1336 et
1982 1282 2275 1352 imputatur
2295 1293 2495 1335 corona
2523 1276 2786 1349 martyrii.
2818 1276 2885 1331 Et
2909 1276 3052 1332 ideo.

2289 1402 2544 1445 DOIINICA
2602 1401 2620 1442 Ι
2675 1400 2805 1442 POS'I‘
2857 1396 3089 1440 NA‘I'LLE.

1974 1479 2088 1554 (6.)
2128 1478 2356 1537 Eterne
2402 1478 2565 1534 Deus.
2615 1477 2683 1533 Et
2733 1492 2948 1534 sursum
2993 1474 3245 1531 cordibus
3286 1474 3485 1530 erectis

1905 1574 2142 1630 divinum
2188 1572 2418 1629 adorare
2465 1569 2779 1642 mysterium
2813 1588 2828 1625 :
2869 1569 3097 1639 utquod
3136 1582 3332 1638 magno
3361 1581 3481 1622 mu-

1904 1679 2036 1720 nere
2068 1664 2164 1718 Dei
2194 1663 2426 1733 geritur,
2454 1661 2664 1732 magnis
2698 1660 2953 1717 Ecclesiaa
2977 1658 3190 1732 gaudiis
3238 1656 3479 1713 celebre-

1907 1761 2014 1809 tur.
2058 1754 2321 1822 Quoniam
2352 1754 2584 1807 humana
2613 1752 2848 1808 conditio
2871 1796 2885 1825 ,
2928 1761 3117 1816 πλθώ
3164 1759 3485 1824 terrenaque

300 1843 414 1915 (ϐ.)
443 1845 669 1901 ιλΕιειιηθ
704 1847 865 1902 Deus.
908 1846 1045 1915 Quia
1073 1864 1173 1918 per
1202 1848 1467 1905 incarnati
1495 1850 1658 1907 Verbi
1687 1865 1806 1922 my.
1830 1822 1878 1882 Β
1904 1844 2020 1917 lege
2048 1853 2317 1916 cessante,
2346 1860 2482 1905 nova
2509 1847 2822 1920 caelestique
2843 1822 3145 1906 substantia
3166 1822 3489 1903 mirabiliter

233 1936 477 2014 sterium,
504 1951 639 1991 nova
667 1938 859 1998 mentis
885 1945 1083 1994 nostra:
1109 1940 1279 1996 oculis
1300 1940 1390 1996 lux
1419 1949 1522 1996 tua:
1541 1941 1805 1996 claritatis

233 2024 434 2085 infulsit
465 2032 546 2095 ut,
579 2026 705 2084 dum
729 2026 1014 2094 visibiliter
1049 2028 1218 2090 Deum
1265 2031 1660 2098 cognoscimus,
1707 2047 1806 2109 per

232 2117 368 2179 hunc
396 2118 453 2172 in
481 2117 823 2177 invisibiliutn
850 2132 1090 2175 amorem
1126 2119 1418 2192 rapiamur.
1449 2121 1521 2183 Et
1549 2122 1692 2183 ideo.

938 2232 1078 2291 Αΐῖίῖ.

295 2321 451 2394 Uis.)
481 2323 706 2397 Eterne
737 2325 898 2387 Deus.
939 2326 1076 2382 Tuae
1126 2327 1301 2385 laudis
1337 2329 1571 2386 hostiam
1607 2329 1811 2404 jugiter

230 2412 593 2481 immolantes,
649 2414 802 2486 cujus
858 2415 1085 2488 figuram
1140 2418 1277 2474 Abel
1320 2420 1502 2491 justus
1554 2422 1806 2489 instituit,

230 2518 394 2572 agnus
418 2519 638 2576 quoque
667 2505 853 2577 legalis
877 2509 1135 2576 ostendit,
1179 2510 1475 2566 celebravit
1512 2511 1809 2579 Abraham,

230 2592 619 2651 Melchisedech
648 2598 902 2653 sacerdos
934 2598 1200 2664 exhibuit,
1246 2608 1306 2654 ut
1348 2615 1510 2655 verus
1548 2615 1720 2675 agnus
1758 2609 1814 2656 et

228 2693 465 2749 aeternus
491 2686 756 2758 pontifex,
782 2688 943 2757 hodie
966 2696 1125 2751 natus
1145 2688 1395 2746 Christus
1418 2691 1677 2769 implevit.

730 2817 782 2856 IN
835 2815 923 2858 DIE
960 2816 1008 2858 Β.
1056 2816 1336 2859 STEPHANI.

296 2908 409 2982 (6.)
441 2909 671 2968 Eterne
704 2912 864 2971 Deus.
909 2909 974 2966 B.
1019 2911 1313 2982 Stephani,
1342 2911 1545 2969 Levitte
1572 2912 1734 2970 simul
1757 2922 1813 2971 et

230 3005 507 3076 martyris,
541 3005 788 3060 natalitia
830 3004 1156 3071 recolentes,
1197 3004 1289 3074 qui
1317 3004 1462 3071 ﬁdei,
1513 3005 1605 3076 qui
1648 3019 1818 3060 sacrae

232 3093 456 3159 militiae,
489 3094 581 3164 qui
621 3094 1039 3166 dispensationis
1066 3103 1122 3150 et
1145 3095 1414 3151 castitatis
1439 3096 1692 3167 egregiae,
1720 3096 1812 3166 qui

1905 1937 2209 2000 restaurata
2238 1938 2529 2017 profertur.
2582 1939 2687 1995 Per
2729 1938 3005 1998 Christum
3052 1935 3342 1996 Dominum
3382 1947 3484 1989 no-

1907 2033 2101 2084 Strum.
2159 2026 2266 2085 Per
2312 2042 2496 2099 quem.

2275 2153 2484 2196 OCTAVA
2522 2153 2871 2194 NA'I‘IVITA'I‘IS
2902 2153 3106 2193 υοιιιΝι.

1979 2229 2092 2304 (6.)
2135 2230 2362 2289 Eterne
2402 2233 2565 2287 Deus.
2610 2230 2715 2285 Per
2748 2228 3023 2285 Christum
3068 2226 3355 2283 Dominum
3395 2240 3489 2280 no—

1907 2318 2101 2382 strum.
2128 2323 2293 2394 Cujus
2313 2322 2474 2379 hodie
2502 2319 2930 2378 circumcisionis
2956 2320 3099 2375 diem
3116 2358 3135 2384 ,
3162 2326 3219 2373 et
3243 2315 3492 2371 nativita~

1910 2416 1983 2476 tis
2019 2424 2271 2474 octavum
2310 2414 2665 2479 celebrantes,
2697 2420 2807 2478 tua,
2833 2411 3076 2476 Domine,
3102 2407 3369 2464 mirabilia
3400 2422 3493 2462 νει-ι

1910 2523 2189 2566 neramur.
2240 2505 2376 2575 Quia
2403 2520 2524 2575 quae
2553 2503 2783 2575 peperit,
2814 2511 2870 2558 et
2895 2502 3049 2572 virgo
3082 2508 3139 2575 et
3165 2506 3338 2561 mater
3374 2507 3491 2563 est;

1911 2597 2004 2669 qui
2034 2605 2194 2653 natus
2218 2604 2303 2653 est
2320 2636 2335 2663 ,
2371 2602 2427 2650 et
2453 2594 2632 2649 infans
2653 2599 2708 2647 et
2729 2591 2873 2647 Deus
2898 2598 3003 2647 est.
3049 2589 3241 2646 Merito
3262 2588 3387 2647 coeli
3415 2589 3493 2645 lo-

1912 2686 2022 2742 cuti
2077 2695 2225 2752 sunt,
2275 2682 2451 2755 angeli
2488 2680 2764 2754 gratulati,
2816 2686 3059 2750 pastores
3106 2676 3269 2732 lmtati
3293 2716 3309 2743 ,
3350 2677 3495 2747 magi

1913 2774 2144 2841 invitati,
2172 2787 2326 2842 reges
2353 2771 2576 2835 turbati,
2621 2768 2830 2839 parvuli
2857 2768 3090 2840 gloriosa
3118 2767 3370 2842 passione
3398 2781 3495 2823 eoa

1916 2862 2115 2921 ronati.
2164 2861 2234 2919 Et
2256 2861 2397 2917 ideo.

2384 2989 2438 3030 IN
2475 2987 2676 3029 VIGILIA
2715 2987 3035 3031 ΕΡΙΡΒΑΝΙΕ.

1988 3084 2100 3161 (0.)
2132 3086 2357 3143 Eterne
2384 3085 2546 3142 Deus.
2584 3084 2651 3140 Et
2674 3094 2726 3140 te
2747 3084 2968 3139 laudare
2999 3082 3301 3141 mirabilem
3328 3082 3507 3140 Deum

229 3185 629 3263 praedicationis
654 3184 1020 3256 mirabilisque
1038 3185 1376 3250 constantiae,
1399 3186 1489 3256 qui
1515 3184 1806 3242 confessio-

1925 3175 1972 3230 in
2006 3175 2258 3231 omnibus
2285 3175 2540 3255 operibus
2577 3174 2701 3241 tuis,
2731 3174 2926 3246 quibus
2958 3172 3323 3230 sacratissima
3351 3175 3507 3244 regni

231 3272 314 3337 nis
336 3289 400 3330 ac
426 3274 700 3356 patientia:
726 3275 882 3335 nobis
906 3275 1152 3347 exempla
1176 3266 1481 3336 veneranda
1512 3275 1812 3346 proposuit.

208 3361 296 3439 Et
328 3364 453 3421 ideo
485 3365 826 3427 nativitatem
852 3365 974 3422 Filii
1005 3368 1081 3422 tui
1117 3366 1312 3422 merito
1333 3381 1442 3436 prae
1464 3366 1674 3422 caeteris
1695 3381 1817 3437 pas-

232 3455 403 3512 sionis
425 3472 536 3513 suae
563 3458 854 3515 festivitate
882 3459 1260 3529 prosequitur,
1290 3457 1444 3527 cujus
1471 3460 1656 3531 gloriae
1676 3474 1816 3515 sem-

231 3547 456 3625 piternae
481 3548 689 3619 primus
717 3557 924 3621 martyr
939 3549 1199 3606 occurrit.
1231 3549 1300 3603 Et
1322 3550 1462 3604 ideo.

531 3675 584 3715 IN
636 3675 725 3714 DIE
775 3676 821 3716 8.
867 3675 1084 3717 JOANNIS
1122 3677 1525 3725 EVANGELIST£.

302 3768 422 3845 (6.)
465 3771 696 3830 Eterue
736 3775 899 3831 Deus.
946 3773 1100 3831 Beati
1136 3776 1368 3845 apostoli
1400 3777 1477 3833 tui
1502 3785 1558 3833 et
1585 3791 1819 3849 evange-

229 3863 374 3921 listaa
428 3861 653 3925 Joannis
691 3865 998 3922 veneranda
1043 3866 1286 3929 natalitia
1332 3876 1702 3933 recensentes,
1729 3868 1822 3937 qui

230 3955 454 4019 Domini
495 3955 621 4012 Iesu
662 3956 864 4023 Christi
906 3956 1027 4021 Filii
1078 3959 1155 4017 tui
1203 3959 1503 4018 vocationis
1546 3967 1819 4029 suscepta,

232 4054 514 4101 terrenum
543 4047 749 4118 respuit
775 4055 1006 4118 patrem,
1050 4056 1111 4104 ut
1148 4057 1334 4119 posset
1358 4049 1603 4106 invenire
1652 4049 1820 4106 ctele-

232 4148 407 4203 stem;
440 4137 667 4209 adeptus
708 4138 763 4196 in
804 4154 971 4210 regno
999 4139 1261 4204 calorum
1308 4141 1489 4196 sedem
1540 4140 1822 4211 apostolici
1863 4191 1877 4204 ,

218 4226 488 4300 culminis
514 4227 610 4298 qui
637 4236 844 4284 tantum
872 4229 1009 4285 retia
1030 4229 1276 4293 carnalia
1302 4238 1703 4300 contempserat
1731 4247 1822 4300 ge-

235 4318 470 4374 nitoris:
491 4319 690 4389 quique
713 4319 780 4383 ab
804 4319 1236 4391 unigenitoFilio
1263 4329 1355 4377 tuo
1381 4321 1720 4377 familiariter
1741 4329 1825 4384 est

235 4410 491 4477 dilectus,
526 4418 583 4467 et
618 4410 895 4469 immensa;
922 4412 1110 4483 gratia:
1130 4412 1446 4470 muneribus
1471 4413 1822 4489 approbatur,

235 4511 298 4557 ut
319 4517 447 4558 eum
468 4501 611 4558 idem
633 4502 893 4561 Dominus
910 4502 963 4557 in
989 4517 1150 4562 cruce
1164 4502 1279 4574 jam
1298 4501 1525 4573 positus,
1559 4502 1821 4561 vicarium
1854 4525 1903 4583 Ι)

235 4608 349 4650 suae
372 4594 538 4650 matri
589 4594 787 4665 virgini
811 4593 979 4659 ﬁlium
1003 4594 1340 4665 subrogaret,
1366 4603 1635 4665 quatenus
1653 4592 1826 4649 beatae

237 4687 522 4762 genitricis
545 4687 869 4758 integritati,
889 4686 1102 4757 probati
1129 4686 1421 4757 dilectique
1440 4686 1687 4758 discipuli
1708 4687 1836 4745 vir-9,

237 4778 441 4849 ginitas
475 4777 793 4834 deserviret.
844 4775 982 4832 Nam
1008 4784 1065 4832 et
1092 4776 1147 4832 in
1178 4791 1349 4833 coenae
1370 4777 1612 4850 mysticm
1634 4791 1822 4832 sacro-

239 4877 432 4924 sancto
460 4867 728 4934 convivio,
752 4880 916 4936 super
938 4865 1116 4937 ipsum
1145 4865 1270 4920 vitae
1299 4864 1504 4933 fontem
1536 4873 1823 4933 aeternum,

239 4961 450 5025 scilicet
475 4968 664 5032 pectus
689 4958 1013 5019 recubuerat
1042 4955 1370 5023 Salvatoris,
1397 4957 1467 5013 de
1498 4972 1608 5028 quo
1634 4973 1826 5030 peren-

242 5055 387 5109 niter
415 5051 693 5109 manantia
715 5049 954 5108 caelestis
1002 5047 1262 5113 hauriens
1305 5047 1506 5106 ﬂuenta
1546 5047 1830 5114 doctrinae,

242 5154 352 5203 tam
376 5144 662 5219 profundis
683 5158 747 5199 ac
765 5141 1015 5215 mysticis.
1028 5140 1445 5203 revelationibus
1464 5149 1547 5200 est
1569 5142 1839 5209 imbutus,

1919 3264 1996 3319 tui
2047 3264 2304 3336 mysteria
2360 3264 2631 3320 revelasti.
2698 3263 2852 3324 lianc
2900 3263 3100 3320 etenim
3154 3261 3501 3319 festivitatem

1904 3354 2211 3411 ’Dominicae
2243 3354 2597 3427 apparitionis
2644 3355 2806 3411 index
2854 3355 3009 3411 stella
3049 3353 3352 3426 praecessit,
3385 3370 3504 3425 qum

1919 3453 2103 3501 natum
2135 3444 2190 3499 in
2235 3453 2380 3501 terra
2412 3444 2538 3500 coeli
2581 3445 2890 3510 Dominum,
2941 3445 3113 3517 magis
3164 3443 3511 3515 stupentibus

1958 3537 2190 3592 untiaret
2220 3551 2235 3589 :
2264 3545 2324 3592 ut
2351 3535 2779 3592 manifestandus
2807 3537 3008 3591 mundo
3039 3537 3181 3590 Deus
3209 3546 3265 3590 et
3293 3535 3504 3591 caelesti
3600 3563 3605 3569 τ

1923 3624 2334 3680 denuntiaretur
2374 3624 2577 3680 indicio
2602 3664 2617 3690 ,
2665 3632 2722 3680 et
2759 3622 3127 3694 temporaliter
3166 3631 3502 3694 procreatus,

1921 3714 2200 3785 signorum
2246 3713 2624 3794 temporalium
2682 3714 2984 3773 ministerio
3026 3713 3374 3791 panderetur.
3442 3713 3509 3769 Et

1923 3802 2065 3864 ideo.
2809 3851 2812 3854 .

2409 3911 2464 3951 IN
2496 3910 2783 3952 EPIPIIANLA
2809 3910 3012 3952 DOIINI.

1996 4006 2111 4079 (6.)
2160 4006 2389 4064 IEterne
2413 4007 2577 4064 Deus.
2631 4008 2769 4076 Quia
2795 4016 2978 4064 notam
3004 4007 3179 4064 fecisti
3208 4008 3269 4062 in
3297 4007 3508 4079 populis

1924 4097 2353 4154 misericordiam
2380 4107 2531 4155 tuam
2556 4139 2573 4165 ,
2603 4108 2657 4155 et
2682 4099 2918 4156 salutare
2943 4107 3094 4153 tuum
3135 4098 3348 4154 cunctis
3376 4113 3504 4167 gens

1923 4187 2067 4243 tibus
2112 4187 2424 4255 declarasti,
2477 4188 2800 4244 hodiernum
2847 4188 3053 4260 eligens
3093 4188 3257 4254 diem.
3304 4188 3513 4264 inquo

1925 4282 2258 4347 adut-audam
2287 4283 2400 4339 veri
2433 4283 2577 4355 regis
2604 4283 2886 4339 infantiam
2909 4325 2925 4351 ,
2951 4283 3218 4345 excitatos
3242 4283 3310 4340 de
3336 4295 3514 4340 remo»

1928 4374 1997 4429 tis
2020 4373 2266 4445 partibus
2302 4388 2504 4446 magos,
2550 4373 2749 4431 clarior
2785 4375 3002 4431 caeteris
3039 4374 3310 4430 sideribus
3359 4373 3515 4434 stella

1912 4466 2272 4536 perduceret,
2311 4475 2368 4521 et
2391 4464 2516 4522 εωιί
2545 4480 2611 4520 ac
2645 4474 2803 4521 terrae
2826 4466 3115 4522 Dominum
3156 4464 3516 4535 corporaliter

1929 4564 2116 4619 natum
2152 4555 2302 4619 radio
2332 4570 2443 4620 suae
2475 4555 2612 4615 lucis
2640 4556 2975 4615 ostenderet.
3015 4556 3085 4615 Et
3106 4555 3273 4613 ideo“

2649 4666 2791 4721 Alia.

1970 4754 2115 4854 (6.)
2144 4779 2368 4837 Eterne
2392 4778 2555 4837 Deus.
2605 4777 2707 4847 Qui
2752 4793 2876 4834 cum
2927 4778 3250 4850 llnigenitus
3298 4770 3425 4836 tuus
3462 4762 3527 4836 in.

1926 4870 2229 4929 Substantia
2264 4878 2471 4930 nostrae
2491 4867 2841 4929 mortalitatis
2869 4871 3139 4941 apparuit,
3168 4870 3219 4926 in
3253 4885 3389 4927 nova
3418 4886 3539 4931 nos.

1929 4957 2352 5021 immortalitatis
2380 4973 2491 5014 suae
2520 4957 2643 5014 luce
2663 4958 2956 5028 reparavit.
2996 4957 3064 5013 Et
3088 4958 3249 5020 ideo.
3335 4978 3345 4991 ο

2136 5088 2188 5128 IN
2215 5087 2382 5128 πετο
2411 5084 2841 5127 PURIFICA'I‘IONIS
2861 5087 3077 5128 SANC'I'E
3112 5088 3312 5129 ΚΛΒΙΕ.

2007 5164 2120 5239 (6.)
2169 5158 2399 5222 'jEterne
2448 5164 2611 5220 Deus.
2649 5162 2831 5232 'Qnia
2883 5178 2982 5234 per
3039 5165 3320 5224 incarnati
3354 5167 3515 5223 Verbi

242 5245 304 5292 nt
346 5250 570 5295 omnem
594 5233 998 5306 transgrediens
1031 5240 1368 5329 creaturam,
1412 5231 1628 5290 excelsa
1655 5241 1834 5329 mente
1936 5231 2274 5329 my'sle'rium,
2326 5271 2485 5321 nova,
2512 5231 2733 5321 mentis,
2779 5231 3025 5323 ειυς-αι
3082 5256 3136 5311 in
3187 5256 3359 5317 natali
3409 5256 3519 5315 Do-

232 5327 567 5398 .respiceret,
614 5334 671 5383 et
707 5325 1015 5397 evangelica
1044 5339 1178 5380 voce
1202 5323 1514 5396 proferret,
1546 5324 1728 5392 quod:
1766 5322 1834 5379 In

242 5416 501 5493 principio
521 5424 633 5470 erat
661 5413 908 5481 Verbum,
935 5422 983 5469 et
1022 5411 1245 5475 Verbum
1274 5421 1386 5467 erat
1415 5412 1554 5484 apud
1579 5410 1749 5468 Deum
1783 5421 1832 5475 et

249 5505 390 5573 Deus
415 5516 528 5573 erat
560 5505 807 5564 Verbum.
853 5507 921 5562 Et
944 5505 1088 5573 ideo,
1115 5515 1219 5562 etc.

569 5637 622 5679 IN
658 5635 748 5678 DIE
785 5635 1099 5678 SANCTOBUX
1128 5634 1510 5676 ιΝΝοεεκτιυι.

1940 5365 2099 5413 mam.
2744 5396 2749 5401 .

2287 5451 2417 5494 30!.
2446 5451 2653 5497 ιιιροετ,
2680 5451 2927 5499 ΝΔτΔιρειι
2953 5451 3158 5495 υοκικιπ.

2007 5547 2121 5621 (.G.)
2172 5548 2398 5604 A‘Jterne
2439 5548 2597 5605 Deus.
2661 5546 3035 5618 Quiapeccato
3074 5545 3235 5618 primi
3280 5541 3531 5618 parentis.

1934 5642 2212 5699 hominem
2247 5656 2281 5696 a
2320 5639 2512 5696 salutis
2541 5638 2737 5696 ﬁnibus
2762 5638 3121 5706 exsulantem,
3174 5633 3520 5711 pietatis-in-

327 5736 546 5805 .ilterne
577 5736 734 5793 Deus.
783 5736 851 5791 Et
891 5736 944 5791 in
980 5732 1233 5807 pretiosis
1283 5733 1545 5795 mortibus
1581 5732 1834 5820 parvulos
1936 5733 2211 5816 dulgentia
2238 5733 2306 5791 ad
2333 5732 2549 5791 veniam
2598 5732 2870 5811 vitamque
2914 5732 3221 5805 revocasti,
3254 5732 3518 5793 mittendo
