3954 6342
165 391 267 449 889

165 597 304 654 escis
332 593 547 650 reﬁcis:
595 598 656 646 ut
684 604 789 644 non
833 589 886 642 in
932 588 1045 644 solo
1097 604 1234 659 pane
1260 591 1524 654 vivamus,
1562 590 1655 644 sed
1686 588 1740 642 in

166 687 310 744 omni
351 685 516 742 verbo
562 691 655 748 tuo
697 667 912 736 vitalem
964 682 1259 738 habeamus
1286 681 1617 745 alimoniam,
1645 695 1743 739 nec.

169 787 376 834 tantum
407 773 692 842 epulando,
728 773 820 827 sed
876 772 1040 826 etiam
1088 771 1386 842 jejunando
1434 787 1739 842 pascamur.

167 866 300 921 Nam
331 873 392 919 ut
425 863 652 932 dapibus
696 871 751 916 et
791 862 997 931 poculis
1038 877 1286 932 corpora,
1319 862 1400 917 sic
1426 861 1646 930 jejuniis
1691 871 1746 917 et
1800 859 1813 870 “

165 956 457 1009 virtutibus
483 955 676 1008 anima:
723 954 1058 1024 saginantur.
1117 953 1362 1024 Magnam
1395 954 1447 1008 in
1479 955 1582 1008 hoc
1631 971 1747 1009 mu-

168 1060 293 1100 nere
322 1043 692 1098 salubritatem
718 1044 914 1098 mentis
941 1055 994 1098 et
1023 1045 1270 1114 corporis
1299 1045 1594 1110 contulisti,
1619 1046 1744 1115 quia

161 1136 420 1206 jejunium
444 1134 600 1190 nobis
622 1135 927 1190 venerabile
949 1135 1226 1197 dedicasti.
1246 1144 1300 1190 ut
1323 1138 1389 1191 ad
1412 1138 1743 1207 paradisum,

168 1228 231 1281 de
255 1241 360 1295 quo
385 1241 493 1281 non
529 1226 850 1282 abstinendo
881 1227 1191 1294 cecidimus,
1215 1226 1510 1298 jejunando
1550 1229 1747 1289 soletn-

169 1319 286 1372 nius
317 1317 624 1374 redeamus.
655 1317 757 1373 Per
777 1317 978 1373 Christ.

823 1449 977 1487 FERIA
1009 1449 1089 1488 Ill.

237 1521 466 1599 Eterne
500 1523 664 1602 Deus.
701 1523 805 1579 Per
833 1512 1106 1579 Christum
1154 1525 1438 1595 Dominum
1481 1535 1744 1594 nostrum.

170 1615 222 1669 In
253 1630 360 1686 quo
379 1614 750 1692 jejunantium~
773 1615 906 1670 ﬁdes
935 1615 1113 1682 alitur,
1141 1625 1272 1694 elc.,
1304 1626 1360 1672 ut
1382 1634 1546 1688 supra
1595 1618 1747 1673 Dom.

171 1721 184 1758 ι
221 1704 494 1779 Quadrag.
522 1705 761 1760 Ambros.
1456 1703 1460 1707 ’

840 1835 998 1874 ῐιἙῐιιΛ
1028 1835 1098 1874 ιν.

958 387 1158 452 ΗΒΕ.ιί
1199 380 1845 458 SACBAMEN'I'ORUM.
1897 411 1966 423 —
2011 381 2330 456 PREFAT.
2376 379 2610 449 ANTIQ.

165 523 262 578 nqs
288 519 393 560 non
421 501 591 568 solum
642 497 969 578 carnalibus,
1022 499 1114 558 sed
1161 498 1326 556 etiam
1373 496 1740 569 Spiritualibtus
1768 499 1818 577 Α

3324 380 3430 454 8.90

2493 508 2648 558 PERIA
2689 509 2766 551 ιιι.

1913 608 2139 664 Ᾱίιεινηθ
2169 609 2326 664 Deus.
2363 607 2462 676 Qui
2489 606 2559 663 ob
2600 606 2901 662 animarum
2953 606 3219 667 medelam
3239 605 3432 681 jejunii

1845 699 2130 762 devotione
2189 714 2416 770 corpora
2480 699 2734 768 castigari
2800 699 3128 769 praecepisti,
3174 701 3430 766 concede,

1845 806 2177 858 quaesumus,
2205 799 2265 844 ut
2296 791 2459 846 corda
2484 801 2668 846 nostra
2703 791 2777 845 ita
2825 791 3042 861 pietatis
3079 799 3185 846 tuae
3212 791 3434 846 valeant

1847 896 2103 948 exercere
2135 883 2411 948 mandata,
2463 891 2520 936 ut
2561 882 2628 937 ad
2671 891 2759 936 tua
2809 897 3140 958 mereamur,
3182 892 3234 938 te
3258 882 3437 952 opitu-

1849 973 2014 1047 lante,
2041 973 2325 1048 pervenire
2361 974 2648 1044 promissa.
2683 972 2790 1028 Per
2814 972 3016 1048 Christ.

2515 1101 2669 1142 FERIA
2703 1100 2777 1140 IV.

1925 1178 2037 1249 (Α.)
2085 1177 2310 1239 λΕιει-ιιθ
2340 1176 2503 1232 Deus.
2539 1177 2644 1234 Per
2690 1175 2966 1246 Christum
3019 1177 3304 1232 Dominum
3335 1191 3437 1231 no-

1854 1279 2047 1328 Strnm.
2098 1267 2200 1323 Per
2248 1282 2407 1338 quem
2439 1267 2661 1322 humani
2688 1268 2901 1336 generis
2947 1267 3438 1322 reconciliationem

1856 1359 2089 1416 mirabili
2139 1359 2540 1429 dispensatione
2583 1367 2836 1428 operatus
2881 1373 2978 1414 es:
3038 1367 3255 1430 praesta,
3287 1374 3438 1428 qua:-

1855 1467 2064 1516 sumus,
2116 1460 2175 1505 ut
2231 1460 2419 1506 sancto
2462 1450 2733 1520 puriﬁcati
2786 1451 3016 1522 jejunio,
3066 1459 3121 1504 et
3176 1451 3271 1505 tibi
3330 1459 3442 1504 toto

1855 1541 2022 1609 corde.
2047 1541 2217 1596 simus
2252 1539 2505 1608 subjecti,
2551 1550 2604 1595 et
2634 1539 2778 1618 inter
2827 1543 3113 1596 mundanae
3156 1541 3443 1612 pravitatis
3525 1548 3531 1551 ’

1856 1633 2102 1701 insidias,
2155 1643 2208 1692 te
2260 1633 2598 1708 miserante,
2657 1649 3071 1709 perseveremus
3115 1634 3286 1712 illgesi.
3339 1633 3444 1690 Per

1854 1743 2014 1798 quem
2043 1726 2252 1797 majest.

2139 1801 2147 1807 ο
2530 1837 2687 1876 ΡΕΒΙΑ
2713 1837 2768 1878 γ.

235 1905 597 1976 (A.)}Eterne
624 1906 788 1961 Deus.
816 1867 1350 1975 alimentum
1381 1909 1622 1978 corporis
1649 1909 1753 1962 hu-
1786 1877 1830 1934 Β
1931 1867 2045 1979 (Α.)
2096 1908 2320 1967 Ᾱῐιριτηθ
2369 1867 2687 1985 Deus.-
2715 1867 2863 1966 tuam
2911 1926 3034 1967 cum
3084 1907 3446 1972 celebratione

171 1997 310 2070 mani
338 1997 557 2068 frugum
593 1999 800 2068 copiam
831 2000 1050 2069 produci
1087 2000 1318 2070 jussisti,
1356 2009 1412 2055 et
1439 2001 1494 2054 in
1527 2000 1754 2055 alimen-

172 2097 278 2142 tum
326 2090 633 2144 animarum
678 2089 870 2160 jejunii
923 2092 1080 2146 nobis
1129 2085 1452 2147 medicinam
1489 2091 1752 2146 indidisti.

171 2177 241 2231 T-e
261 2178 447 2249 itaque
476 2179 745 2249 supplices
772 2180 1106 2246 invocamus,
1127 2189 1185 2234 ut
1211 2181 1305 2234 tibi
1334 2181 1406 2235 sit
1431 2179 1756 2251 acceptabile

164 2267 422 2336 jejunium
478 2275 744 2332 noStrum,
790 2279 843 2325 et
875 2286 974 2326 nos
1009 2287 1041 2326 a
1071 2271 1208 2327 cibis
1234 2269 1542 2341 jejunantes
1567 2288 1598 2326 a
1626 2286 1727 2341 pec

169 2359 298 2428 catis
324 2358 596 2416 absolvas.
626 2358 732 2415 Per
749 2358 1043 2422 Christum.
1310 2365 1312 2369 '

881 2487 1036 2528 FEBIA
1063 2487 1115 2527 γ.

238 2559 607 2631 (A.)1Eterne
644 2561 808 2619 Deus.
833 2563 970 2630 Quia
1007 2572 1377 2635 competenter
1399 2573 1562 2636 atque
1617 2563 1761 2629 salu-

171 2651 332 2732 briter
368 2653 626 2724 religiosa
658 2655 962 2710 suntnobis
984 2655 1230 2710 instituta
1280 2655 1510 2726 jejunia,
1551 2664 1614 2709 ut
1639 2670 1760 2709 cor-

173 2758 342 2810 porca:
363 2744 728 2820 iucunditatis
774 2748 1158 2804 immoderatas
1189 2763 1540 2804 coerceamus
1581 2748 1796 2821 illece-,

173 2834 296 2892 bras
323 2854 336 2891 :
367 2835 428 2892 ut
461 2825 692 2894 terrena:
727 2839 1102 2894 delectationis
1140 2827 1427 2894 insolentia
1464 2838 1760 2907 rell'renata,

173 2913 354 3007 purior
373 2935 543 2998 atque
588 2929 930 2998 tranquillior
954 2930 1223 3000 appetitus
1249 2931 1315 2984 ad
1341 2919 1584 2985 caelestia
1626 2945 1759 2985 con-

178 3015 482 3084 templanda
526 3018 786 3088 mysteria
842 3018 1082 3074 ﬁdelium
1127 3019 1385 3076 reddatur
1432 3020 1760 3092 animarum.

178 3101 277 3168 Per
302 3105 508 3179 Christ.
1355 3099 1379 3104 ’⁴
1637 3101 1642 3106 ’
1763 3102 1765 3104 ’

849 3220 1004 3263 FERIA
1029 3221 1102 3263 γι.

245 3290 475 3352 Alter-ne
498 3293 658 3357 Deus.
694 3295 1012 3372 Quisjejunii
1039 3298 1416 3364 observatione
1452 3307 1506 3356 et
1528 3297 1766 3378 eleemo-

88 3391 104 3411 '
179 3396 434 3453 synarum
466 3386 774 3458 gratissima
803 3387 1093 3461 largitione
1144 3405 1244 3448 nos
1271 3390 1504 3447 docuisti
1555 3401 1770 3450 nostro-

182 3488 298 3530 rum
327 3477 570 3533 remedia
601 3481 858 3550 consequi
900 3492 1269 3553 peccatorum.
1305 3483 1457 3540 Unde
1488 3492 1633 3540 tuam
1661 3487 1770 3544 im-

181 3565 456 3632 ploramus
519 3570 885 3639 clementiam,
939 3582 1000 3629 ut
1047 3577 1133 3631 his
1184 3577 1675 3645 observationibus,
1711 3589 1769 3636 et

184 3660 394 3715 ueteris
434 3662 699 3718 bonorum
737 3680 964 3735 operum
992 3667 1419 3724 exhibitionibus
1448 3669 1666 3735 muniti,
1702 3684 1768 3725 ea

179 3763 469 3819 operemur
506 3753 700 3821 quibus
726 3755 794 3808 ad
835 3764 1038 3811 :eterna
1076 3757 1272 3828 gaudia
1316 3759 1694 3829 consequenda
1715 3765 1774 3840 et

179 3857 304 3912 spes
324 3841 481 3898 nobis
507 3851 758 3914 suppetat
783 3855 842 3933 et
863 3845 1110 3902 facultas.
1147 3847 1254 3904 Per
1281 3848 1482 3905 Christ.
1521 3861 1528 3867 '

839 3976 1078 4024 εΑιιΒΑτο
1106 3975 1158 4017 ⁸.

249 4047 365 4122 (Α.)
387 4047 615 4136 IEterne
637 4051 800 4128 Deus.
851 4034 1190 4111 llluminator
1223 4065 1279 4113 et
1307 4059 1618 4134 redemptor
1644 4058 1767 4136 ani-

188 4157 394 4198 marum
419 4131 752 4224 noStrai'um,
793 4148 885 4220 qui
917 4164 1018 4204 nos
1046 4164 1143 4221 per
1169 4150 1404 4221 primum
1429 4131 1623 4218 Adam,
1669 4131 1764 4207 ab-

190 4235 450 4294 stinentia:
505 4229 624 4313 lege
670 4237 892 4306 violata,
946 4239 1200 4312 paradiso
1249 4242 1470 4314 ejectos,
1527 4244 1768 4307 fortioris

191 4324 365 4392 :ejunii
391 4324 634 4403 remedio
675 4331 743 4385 ad
773 4323 1010 4402 antiquae
1037 4333 1225 4403 patria:
1251 4319 1639 4400 beatitudinem
1668 4349 1766 4404 per

187 4417 407 4484 gratiam
447 4409 744 4506 revocasti,
771 4414 976 4492 nosque
1005 4423 1094 4493 pia
1141 4423 1486 4506 institutione
1533 4407 1766 4479 docuisti

187 4508 375 4574 quibus
397 4501 867 4588 observationibus
921 4530 951 4570 a
982 4501 1222 4592 peccatis
1255 4516 1511 4600 omnibus
1566 4516 1764 4600 libere-

187 4613 320 4655 mur.
350 4600 456 4658 Per
483 4602 686 4660 Christ.
717 4603 822 4659 Per
847 4619 1029 4676 quem.
1391 4594 1396 4600 ’
1507 4599 1512 4602 ’
1608 4594 1615 4603 ’

608 4733 737 4794 ροιι.
764 4735 801 4774 ll
829 4736 881 4774 IN
911 4734 1334 4783 QUADRAGESIIIA.

254 4804 365 4878 (ϐ.)
387 4806 616 4864 Eterne
642 4796 802 4886 Deus.
827 4809 893 4864 Et
921 4796 1259 4881 majestatem
1289 4819 1435 4865 tuam
1457 4809 1768 4884 suppliciter

191 4909 425 4967 exorare,
455 4911 516 4957 ut
545 4903 817 4958 mentibus
867 4903 1070 4981 nostris
1101 4903 1443 4968 medicinalis
1468 4904 1768 4959 observan-

191 4990 273 5045 tia:
298 5008 495 5051 munus
515 4993 768 5050 infundas
793 5012 807 5062 ;
837 5004 892 5050 et
913 4997 1004 5066 qui
1028 4996 1426 5068 negligentibus
1451 4997 1614 5051 etiam
1639 4997 1768 5050 sub-

197 5079 375 5140 sidium
400 5086 547 5142 ferre
572 5073 680 5142 nan
719 5087 942 5154 desinis.
969 5088 1234 5150 beneﬁcia
1277 5088 1523 5160 prcebeas
1558 5087 1768 5158 potiora

199 5176 410 5238 ievotis.
441 5180 546 5238 Per
573 5180 778 5248 Christ.

844 5311 1002 5357 εειιιιι
1031 5311 1090 5369 ιι,

258 5406 610 5479 (Α.)Ᾱίιθιἰιθ
632 5409 795 5465 Deus.
819 5408 884 5464 Et
905 5409 1159 5478 pietatem
1187 5417 1332 5464 tuam
1361 5405 1586 5478 supplici
1610 5406 1773 5462 devo-

200 5492 329 5550 tione
352 5499 663 5570 deposcere,
694 5508 751 5553 ut
776 5498 964 5570 jejunii
1000 5499 1166 5554 nostri
1203 5499 1474 5554 oblatione
1496 5498 1759 5567 placatus,

203 5592 244 5636 δι
261 5599 600 5656 peccatorum
622 5591 778 5646 nobis
796 5592 1063 5649 concedas
1084 5591 1317 5657 veniam,
1336 5601 1394 5648 et
1413 5607 1511 5647 nos
1534 5609 1561 5645 a
1589 5590 1765 5646 noxiis

206 5679 383 5739 'iberes
411 5683 637 5742 insidiis.
671 5684 775 5742 Per
799 5684 1004 5742 Christ.

263 5829 286 5860 ⁸
317 5819 523 5878 Auter
558 5825 688 5892 feria
721 5841 745 5876 ι·
776 5825 1011 5877 ΙιινιηΙοιιι.
1048 5841 1074 5875 ι’
1107 5823 1377 5892 thdmg.
1404 5814 1406 5816 ⁷

1791 3232 1847 3295 G

1850 1998 2036 2068 jejunii
2065 1998 2324 2068 pietatem
2344 1998 2552 2059 devotis
2585 2001 2862 2068 mentibus
2909 2001 3218 2062 obsecrare,
3250 2005 3312 2051 ut
3355 1997 3446 2066 qui

1857 2087 2094 2156 peccatis
2134 2087 2508 2156 ingruentibus
2563 2088 2828 2165 malorum
2862 2089 3100 2157 pondere
3128 2085 3447 2162 premimur,

1857 2187 1911 2232 et
1941 2194 1968 2231 a
1997 2178 2234 2246 peccatis
2256 2179 2508 2233 omnibus
2527 2177 2840 2256 liberemur,
2865 2187 2920 2234 et
2947 2178 3116 2233 libera
3150 2176 3247 2232 tibi
3271 2183 3448 2230 mente

1861 2265 2198 2337 famulemur.
2223 2265 2328 2322 Per
2355 2267 2558 2342 Christ.

2533 2401 2690 2442 FERIA
2719 2400 2790 2446 ιἰ,

1935 2475 2159 2535 Eterne
2185 2477 2344 2532 Deus.
2373 2476 2474 2544 Qui
2498 2477 2875 2546 delinquentes
2889 2473 3076 2545 perire
3093 2489 3201 2528 non
3227 2473 3450 2543 pateris,
3491 2483 3503 2493 '

1863 2554 1960 2630 sed
1985 2552 2046 2620 ut
2072 2567 2139 2620 ad
2169 2575 2219 2620 te
2264 2576 2670 2630 convertantur,
2697 2573 2753 2619 et
2800 2565 3010 2635 vivant,
3052 2563 3329 2633 hortaris:
3362 2577 3448 2632 po-

1865 2659 2066 2730 scimus
2093 2659 2276 2728 itaque
2316 2658 2570 2728 pietatem
2604 2665 2774 2722 tuam,
2808 2666 2867 2710 ut
2897 2672 2928 2710 a
2981 2655 3222 2726 peccatis
3251 2655 3450 2709 nostris

1867 2760 1970 2805 tua:
1997 2750 2303 2818 severitatis
2335 2750 2634 2821 suspendas
2663 2750 2979 2814 vindictam,
3012 2757 3068 2805 et
3107 2748 3262 2812 nobis
3300 2756 3451 2818 opta-

1867 2850 1975 2903 tam
2004 2842 2429 2919 misericorditer
2463 2841 2668 2905 tribuas
2697 2843 2932 2897 veniam.
2967 2840 3077 2897 Ncc
3109 2841 3452 2911 iniquitatum

1866 2941 2173 2986 nostrarum
2205 2931 2376 2997 moles
2402 2941 2454 2987 te
2501 2940 2760 3004 provocet
2807 2933 2874 2987 ad
2906 2932 3190 2998 ultionem,
3237 2930 3332 2987 sed
3370 2930 3446 3000 je-

1860 3019 1998 3090 junii
2055 3021 2370 3085 observatio,
2417 3029 2472 3076 et
2541 3038 2762 3089 morum
2809 3023 3118 3094 emendatio
3170 3029 3222 3077 te
3274 3019 3451 3076 ﬂectat

1869 3097 1936 3195 ad
1954 3122 2298 3197 peccatorum
2326 3123 2638 3189 nostrorum
2667 3114 3064 3182 remissionem.
3101 3113 3206 3169 Per
3244 3110 3450 3168 Christ.

2537 3244 2695 3284 SABBA
2703 3245 2792 3285 ΤΟ.

1946 3321 2302 3396 (A.)Ai.terne
2329 3321 2494 3378 Deus.
2524 3320 2593 3376 Et
2639 3329 2785 3376 tuam
2829 3320 3032 3392 iugiter
3073 3333 3300 3377 exorare
3349 3317 3453 3375 cle-

1871 3414 2151 3478 mentiam,
2178 3423 2240 3468 ut
2263 3421 2472 3469 mentes
2502 3421 2735 3478 nostras,
2770 3427 2906 3482 quas
2933 3411 3202 3480 conspicis
3228 3409 3454 3464 terrenis

1872 3504 2159 3560 alfectibus
2180 3503 2532 3574 praegravari,
2572 3501 2983 3569 medicinalibus
3008 3501 3214 3555 tribuas
3233 3499 3454 3568 jejuniis

1871 3595 2182 3668 exonerari,
2231 3603 2292 3648 ut
2344 3609 2446 3663 pro
2491 3593 2781 3662 aﬁlictione
2841 3607 3143 3664 corporum
3179 3589 3455 3662 proveniat

1871 3669 2029 3763 nebis
2058 3684 2226 3744 robur
2249 3681 2574 3738 animarum.
2599 3682 2704 3738 Per
2728 3683 2938 3751 Christ.

2294 3813 2425 3854 DOI.
2458 3814 2520 3852 111
2552 3814 2604 3852 IN
2628 3812 3054 3862 QUADRAGESIIA.

1942 3890 2168 3949 Eterne
2195 3889 2360 3953 Deus.
2392 3890 2460 3944 Et
2514 3898 2566 3945 te
2617 3891 2934 3962 suppliciter
2970 3902 3218 3952 exorare,
3250 3893 3308 3940 ut
3335 3900 3457 3941 cum

1869 3980 2193 4037 abstinentia
2243 3980 2532 4051 corporali,
2588 3996 2744 4036 mens
2788 3995 3005 4052 quoque
3051 3986 3236 4034 nostra
3267 3991 3457 4034 sensus

1869 4074 2104 4130 declinet
2132 4072 2350 4128 illicitos
2374 4091 2393 4127 :
2441 4081 2497 4129 et
2541 4088 2662 4144 quae
2696 4081 2910 4129 terrena
2942 4070 3302 4128 delectatione
3334 4083 3456 4124 car-

1870 4164 2084 4220 nalibus
2106 4164 2279 4234 epulis
2299 4165 2654 4236 abnegamus,
2681 4166 2932 4220 humana:
2957 4162 3252 4218 voluntatis
3271 4159 3454 4230 pravis

1870 4257 2260 4320 intentionibus
2284 4266 2662 4328 amputemus:
2703 4267 2969 4328 quatenus
3017 4257 3082 4310 ad
3110 4265 3295 4311 sancta
3334 4269 3456 4308 san-

1867 4359 2081 4406 ctorum
2125 4349 2354 4406 ﬁdeliter
2399 4351 2794 4420 salubriterque
2839 4351 3098 4420 capienda
3131 4346 3457 4416 competenti

1863 4441 2069 4512 jejunio
2090 4441 2365 4497 valeamus
2386 4442 2582 4512 aptari.
2608 4439 2782 4498 Tanto
2802 4440 2958 4496 nobis
2982 4439 3118 4496 certi
3141 4437 3457 4508 propensius

1862 4529 2066 4602 jugiter
2096 4531 2366 4598 adfutura,
2392 4543 2596 4603 quanto
2637 4532 2897 4589 fuerimus
2919 4545 3112 4604 eorum
3159 4527 3456 4606 institutio-

1874 4619 2032 4701 nibus
2058 4621 2340 4705 gratiores.
2366 4620 2470 4675 Per
2501 4620 2704 4678 Christ.

2539 4749 2696 4791 ΈΕΙῙΙΑ
2721 4749 2782 4789 11.

1945 4822 2058 4894 (Αο)
2082 4822 2498 4890 ἐΕιειιιιθυθιιε.
2526 4824 2591 4879 Et
2615 4822 2963 4880 clementiam
2991 4830 3140 4888 tuam
3159 4836 3284 4881 cum
3308 4820 3454 4876 omni

1874 4897 2276 4984 supplicatione.
2301 4914 2532 4985 precari,
2562 4923 2621 4969 ut
2644 4929 2741 4985 per
2765 4914 2904 4970 hanc
2915 4913 3244 4984 jejuniorum
3266 4910 3456 4966 obser-

1873 5007 2142 5063 vationem
2172 5016 2380 5062 crescat
2427 5017 2624 5063 nostra:
2670 5006 2972 5080 devotionis
3017 5003 3277 5074 aﬁ'ectus:
3324 5019 3457 5073 qua-

1878 5107 2056 5163 tenus,
2087 5109 2139 5154 te
2186 5100 2503 5166 auxiliante,
2543 5111 2598 5154 et
2646 5099 2716 5154 ab
2769 5097 3022 5153 humanis
3049 5103 3458 5165 sempenretra-

1877 5192 2071 5245 hamur
2093 5191 2428 5254 excessibus,
2461 5200 2516 5247 et
2551 5191 2770 5250 monitis
2797 5189 3063 5245 inhzerere
3086 5187 3380 5251 valeamus,
3406 5194 3459 5240 te

1876 5281 2161 5353 largiente,
2191 5282 2520 5348 crelestibus.
2558 5281 2662 5336 Per
2691 5279 2892 5339 Christ.

2533 5410 2686 5450 FBHM
2725 5411 2806 5450 Ill.

1945 5486 2054 5559 (Α.)
2086 5486 2309 5542 Ᾰῦῑειηιε
2364 5485 2525 5540 Deus.
2581 5485 2682 5552 Qui
2713 5483 3049 5556 peccantium
3095 5497 3200 5536 non
3233 5479 3314 5532 vis
3343 5475 3456 5530 ani-

1872 5596 1988 5635 mas
2037 5580 2237 5650 perire,
2280 5579 2372 5634 sed
2403 5578 2626 5648 culpas:
2673 5586 2728 5632 et
2771 5584 3060 5648 peccantes
3111 5590 3213 5627 non
3245 5583 3456 5636 semper

1869 5673 2125 5729 continuo
2166 5671 2399 5743 judicas,
2452 5672 2547 5728 sed
2598 5671 2664 5728 ad
2715 5668 3088 5744 paenitentiam
3138 5669 3454 5746 provocalos
