  <div class='ocr_page' id='page_1' title='image "/cluster/home/n/w/nwhite01/storage/ocr_20150623/121/hvd.32044015471642/451.png"; bbox 0 0 3954 6342; ppageno 0'>
   <div class='ocr_carea' id='block_1_1' title="bbox 502 296 3783 367">
    <p class='ocr_par' dir='ltr' id='par_1_1' title="bbox 502 296 3783 367">
     <span class='ocr_line' id='line_1_1' title="bbox 502 296 3783 367; baseline 0.001 -13"><span class='ocrx_word' id='word_1_1' title='bbox 502 296 600 367; x_wconf 75' lang='grc'><strong>891</strong></span> <span class='ocrx_word' id='word_1_2' title='bbox 1534 299 1860 357; x_wconf 75' lang='lat' dir='ltr'><strong>CRIMALDI</strong></span> <span class='ocrx_word' id='word_1_3' title='bbox 1900 297 2427 357; x_wconf 81' lang='lat' dir='ltr'><strong>SANGALLENSIS</strong></span> <span class='ocrx_word' id='word_1_4' title='bbox 2465 300 2758 357; x_wconf 72' lang='lat' dir='ltr'><strong>ABBATIS</strong></span> <span class='ocrx_word' id='word_1_5' title='bbox 3685 304 3783 358; x_wconf 60' lang='lat'><strong>89$</strong></span> 
     </span>
    </p>
   </div>
   <div class='ocr_carea' id='block_1_2' title="bbox 500 413 3781 487">
    <p class='ocr_par' dir='ltr' id='par_1_2' title="bbox 500 413 3781 487">
     <span class='ocr_line' id='line_1_2' title="bbox 500 413 3781 487; baseline -0.001 -14"><span class='ocrx_word' id='word_1_6' title='bbox 500 423 818 486; x_wconf 76' lang='lat' dir='ltr'><strong>exspectas:</strong></span> <span class='ocrx_word' id='word_1_7' title='bbox 866 424 1069 484; x_wconf 91' lang='lat' dir='ltr'><strong>averte,</strong></span> <span class='ocrx_word' id='word_1_8' title='bbox 1122 430 1445 486; x_wconf 67' lang='lat' dir='ltr'><strong>quaesumus,</strong></span> <span class='ocrx_word' id='word_1_9' title='bbox 1475 431 1507 471; x_wconf 92' lang='lat' dir='ltr'><strong>a</strong></span> <span class='ocrx_word' id='word_1_10' title='bbox 1555 416 1712 473; x_wconf 90' lang='lat' dir='ltr'><strong>nobis</strong></span> <span class='ocrx_word' id='word_1_11' title='bbox 1759 432 1922 487; x_wconf 83' lang='lat' dir='ltr'><strong>quam</strong></span> <span class='ocrx_word' id='word_1_12' title='bbox 1963 431 2070 471; x_wconf 85' lang='lat' dir='ltr'><strong>me-</strong></span> <span class='ocrx_word' id='word_1_13' title='bbox 2107 421 2150 479; x_wconf 78' lang='grc' dir='ltr'><strong>Λ</strong></span> <span class='ocrx_word' id='word_1_14' title='bbox 2180 413 2360 470; x_wconf 80' lang='lat' dir='ltr'><strong>ducat.</strong></span> <span class='ocrx_word' id='word_1_15' title='bbox 2393 416 2458 469; x_wconf 87' lang='lat' dir='ltr'><strong>Et</strong></span> <span class='ocrx_word' id='word_1_16' title='bbox 2498 423 2559 469; x_wconf 90' lang='lat' dir='ltr'><strong>ut</strong></span> <span class='ocrx_word' id='word_1_17' title='bbox 2605 416 2693 471; x_wconf 91' lang='lat' dir='ltr'><strong>hic</strong></span> <span class='ocrx_word' id='word_1_18' title='bbox 2718 416 3035 472; x_wconf 89' lang='lat' dir='ltr'><strong>devotorum</strong></span> <span class='ocrx_word' id='word_1_19' title='bbox 3083 422 3302 472; x_wconf 92' lang='lat' dir='ltr'><strong>actuum</strong></span> <span class='ocrx_word' id='word_1_20' title='bbox 3328 431 3621 473; x_wconf 80' lang='lat' dir='ltr'><strong>sumamus</strong></span> <span class='ocrx_word' id='word_1_21' title='bbox 3648 432 3781 487; x_wconf 74' lang='lat' dir='ltr'><strong>aug-</strong></span> 
     </span>
    </p>
   </div>
   <div class='ocr_carea' id='block_1_3' title="bbox 501 507 2081 579">
    <p class='ocr_par' dir='ltr' id='par_1_3' title="bbox 501 507 2081 579">
     <span class='ocr_line' id='line_1_3' title="bbox 501 507 2081 579; baseline 0.002 -19"><span class='ocrx_word' id='word_1_22' title='bbox 501 520 687 564; x_wconf 89' lang='lat' dir='ltr'><strong>remur</strong></span> <span class='ocrx_word' id='word_1_23' title='bbox 711 507 872 574; x_wconf 89' lang='lat' dir='ltr'><strong>iram,</strong></span> <span class='ocrx_word' id='word_1_24' title='bbox 916 516 973 563; x_wconf 93' lang='lat' dir='ltr'><strong>et</strong></span> <span class='ocrx_word' id='word_1_25' title='bbox 1000 522 1161 579; x_wconf 91' lang='lat' dir='ltr'><strong>quam</strong></span> <span class='ocrx_word' id='word_1_26' title='bbox 1212 516 1482 577; x_wconf 75' lang='lat' dir='ltr'><strong>optamus,</strong></span> <span class='ocrx_word' id='word_1_27' title='bbox 1533 524 1696 578; x_wconf 86' lang='lat' dir='ltr'><strong>super</strong></span> <span class='ocrx_word' id='word_1_28' title='bbox 1721 523 1823 564; x_wconf 91' lang='lat' dir='ltr'><strong>nos</strong></span> <span class='ocrx_word' id='word_1_29' title='bbox 1867 507 2081 563; x_wconf 86' lang='lat' dir='ltr'><strong>effunde</strong></span> 
     </span>
    </p>
   </div>
   <div class='ocr_carea' id='block_1_4' title="bbox 502 596 2080 671">
    <p class='ocr_par' dir='ltr' id='par_1_4' title="bbox 502 596 2080 671">
     <span class='ocr_line' id='line_1_4' title="bbox 502 596 2080 671; baseline 0.002 -20"><span class='ocrx_word' id='word_1_30' title='bbox 502 596 887 655; x_wconf 89' lang='lat' dir='ltr'><strong>clementiam:</strong></span> <span class='ocrx_word' id='word_1_31' title='bbox 919 608 999 665; x_wconf 91' lang='lat' dir='ltr'><strong>ut,</strong></span> <span class='ocrx_word' id='word_1_32' title='bbox 1042 614 1200 655; x_wconf 89' lang='lat' dir='ltr'><strong>sacro</strong></span> <span class='ocrx_word' id='word_1_33' title='bbox 1226 600 1492 671; x_wconf 85' lang='lat' dir='ltr'><strong>puriﬁcati</strong></span> <span class='ocrx_word' id='word_1_34' title='bbox 1518 599 1744 669; x_wconf 88' lang='lat' dir='ltr'><strong>jejunio,</strong></span> <span class='ocrx_word' id='word_1_35' title='bbox 1785 601 2080 656; x_wconf 73' lang='lat' dir='ltr'><strong>electorum</strong></span> 
     </span>
    </p>
   </div>
   <div class='ocr_carea' id='block_1_5' title="bbox 501 692 1903 766">
    <p class='ocr_par' dir='ltr' id='par_1_5' title="bbox 501 692 1903 766">
     <span class='ocr_line' id='line_1_5' title="bbox 501 692 1903 766; baseline 0.003 -22"><span class='ocrx_word' id='word_1_36' title='bbox 501 699 717 761; x_wconf 87' lang='lat' dir='ltr'><strong>tuorum</strong></span> <span class='ocrx_word' id='word_1_37' title='bbox 745 704 1051 759; x_wconf 86' lang='lat' dir='ltr'><strong>mereamur</strong></span> <span class='ocrx_word' id='word_1_38' title='bbox 1077 692 1271 749; x_wconf 89' lang='lat' dir='ltr'><strong>ascisci</strong></span> <span class='ocrx_word' id='word_1_39' title='bbox 1298 693 1543 764; x_wconf 82' lang='lat' dir='ltr'><strong>collegio.</strong></span> <span class='ocrx_word' id='word_1_40' title='bbox 1571 693 1675 749; x_wconf 89' lang='lat' dir='ltr'><strong>Per</strong></span> <span class='ocrx_word' id='word_1_41' title='bbox 1702 694 1903 766; x_wconf 70' lang='lat' dir='ltr'><strong>Christ,</strong></span> 
     </span>
    </p>
   </div>
   <div class='ocr_carea' id='block_1_6' title="bbox 1157 820 1394 861">
    <p class='ocr_par' dir='ltr' id='par_1_6' title="bbox 1157 820 1394 861">
     <span class='ocr_line' id='line_1_6' title="bbox 1157 820 1394 861; baseline -0.004 0"><span class='ocrx_word' id='word_1_42' title='bbox 1157 820 1315 861; x_wconf 68' lang='lat' dir='ltr'><strong>FERIA</strong></span> <span class='ocrx_word' id='word_1_43' title='bbox 1341 821 1394 860; x_wconf 73' lang='grc' dir='ltr'>ιν</span> 
     </span>
    </p>
   </div>
   <div class='ocr_carea' id='block_1_7' title="bbox 573 890 2081 967">
    <p class='ocr_par' dir='ltr' id='par_1_7' title="bbox 573 890 2081 967">
     <span class='ocr_line' id='line_1_7' title="bbox 573 890 2081 967; baseline -0.002 -15"><span class='ocrx_word' id='word_1_44' title='bbox 573 890 685 966; x_wconf 73' lang='grc' dir='ltr'><strong>(Α.)</strong></span> <span class='ocrx_word' id='word_1_45' title='bbox 715 892 941 951; x_wconf 71' lang='grc' dir='ltr'><strong>Δίιθτηε</strong></span> <span class='ocrx_word' id='word_1_46' title='bbox 973 895 1135 952; x_wconf 88' lang='lat' dir='ltr'><strong>Deus.</strong></span> <span class='ocrx_word' id='word_1_47' title='bbox 1179 896 1459 967; x_wconf 83' lang='lat' dir='ltr'><strong>Tuamque</strong></span> <span class='ocrx_word' id='word_1_48' title='bbox 1498 896 1926 953; x_wconf 86' lang='lat' dir='ltr'><strong>misericordiam</strong></span> <span class='ocrx_word' id='word_1_49' title='bbox 1953 912 2081 967; x_wconf 89' lang='lat' dir='ltr'><strong>sup-</strong></span> 
     </span>
    </p>
   </div>
   <div class='ocr_carea' id='block_1_8' title="bbox 497 980 2081 1056">
    <p class='ocr_par' dir='ltr' id='par_1_8' title="bbox 497 980 2081 1056">
     <span class='ocr_line' id='line_1_8' title="bbox 497 980 2081 1056; baseline 0.003 -21"><span class='ocrx_word' id='word_1_50' title='bbox 497 980 715 1051; x_wconf 79' lang='lat' dir='ltr'><strong>pliciter</strong></span> <span class='ocrx_word' id='word_1_51' title='bbox 733 999 963 1040; x_wconf 89' lang='lat' dir='ltr'><strong>exorare</strong></span> <span class='ocrx_word' id='word_1_52' title='bbox 981 994 1041 1041; x_wconf 93' lang='lat' dir='ltr'><strong>ut</strong></span> <span class='ocrx_word' id='word_1_53' title='bbox 1058 984 1390 1056; x_wconf 87' lang='lat' dir='ltr'><strong>jejuniorum</strong></span> <span class='ocrx_word' id='word_1_54' title='bbox 1412 995 1717 1053; x_wconf 86' lang='lat' dir='ltr'><strong>nostrorum</strong></span> <span class='ocrx_word' id='word_1_55' title='bbox 1737 993 2081 1049; x_wconf 79' lang='lat' dir='ltr'><strong>sacrosancta</strong></span> 
     </span>
    </p>
   </div>
   <div class='ocr_carea' id='block_1_9' title="bbox 504 1072 2085 1146">
    <p class='ocr_par' dir='ltr' id='par_1_9' title="bbox 504 1072 2085 1146">
     <span class='ocr_line' id='line_1_9' title="bbox 504 1072 2085 1146; baseline 0.002 -21"><span class='ocrx_word' id='word_1_56' title='bbox 504 1072 763 1142; x_wconf 81' lang='lat' dir='ltr'><strong>mysteria</strong></span> <span class='ocrx_word' id='word_1_57' title='bbox 811 1083 917 1133; x_wconf 79' lang='lat' dir='ltr'><strong>tua:</strong></span> <span class='ocrx_word' id='word_1_58' title='bbox 968 1076 1077 1131; x_wconf 91' lang='lat' dir='ltr'><strong>sint</strong></span> <span class='ocrx_word' id='word_1_59' title='bbox 1104 1077 1290 1145; x_wconf 85' lang='lat' dir='ltr'><strong>pietati</strong></span> <span class='ocrx_word' id='word_1_60' title='bbox 1324 1092 1536 1146; x_wconf 82' lang='lat' dir='ltr'><strong>semper</strong></span> <span class='ocrx_word' id='word_1_61' title='bbox 1578 1088 1838 1146; x_wconf 86' lang='lat' dir='ltr'><strong>accepta:</strong></span> <span class='ocrx_word' id='word_1_62' title='bbox 1890 1090 2085 1136; x_wconf 78' lang='lat' dir='ltr'><strong>conce—</strong></span> 
     </span>
    </p>
   </div>
   <div class='ocr_carea' id='block_1_10' title="bbox 502 1163 2087 1241">
    <p class='ocr_par' dir='ltr' id='par_1_10' title="bbox 502 1163 2087 1241">
     <span class='ocr_line' id='line_1_10' title="bbox 502 1163 2087 1241; baseline 0.003 -24"><span class='ocrx_word' id='word_1_63' title='bbox 502 1163 709 1235; x_wconf 89' lang='lat' dir='ltr'><strong>dasque</strong></span> <span class='ocrx_word' id='word_1_64' title='bbox 731 1175 793 1221; x_wconf 92' lang='lat' dir='ltr'><strong>ut</strong></span> <span class='ocrx_word' id='word_1_65' title='bbox 819 1180 940 1237; x_wconf 75' lang='lat' dir='ltr'><strong>qua:</strong></span> <span class='ocrx_word' id='word_1_66' title='bbox 965 1165 1242 1241; x_wconf 80' lang='lat' dir='ltr'><strong>[quorum]</strong></span> <span class='ocrx_word' id='word_1_67' title='bbox 1276 1184 1500 1239; x_wconf 88' lang='lat' dir='ltr'><strong>corpora</strong></span> <span class='ocrx_word' id='word_1_68' title='bbox 1531 1170 1866 1224; x_wconf 67' lang='lat' dir='ltr'><strong>abstinentia:</strong></span> <span class='ocrx_word' id='word_1_69' title='bbox 1902 1169 2087 1224; x_wconf 85' lang='lat' dir='ltr'><strong>obser-</strong></span> 
     </span>
    </p>
   </div>
   <div class='ocr_carea' id='block_1_11' title="bbox 502 1253 2086 1329">
    <p class='ocr_par' dir='ltr' id='par_1_11' title="bbox 502 1253 2086 1329">
     <span class='ocr_line' id='line_1_11' title="bbox 502 1253 2086 1329; baseline 0.004 -23"><span class='ocrx_word' id='word_1_70' title='bbox 502 1253 722 1309; x_wconf 85' lang='lat' dir='ltr'><strong>vatione</strong></span> <span class='ocrx_word' id='word_1_71' title='bbox 767 1267 1136 1324; x_wconf 83' lang='lat' dir='ltr'><strong>macerantur,</strong></span> <span class='ocrx_word' id='word_1_72' title='bbox 1199 1268 1411 1315; x_wconf 87' lang='lat' dir='ltr'><strong>mentes</strong></span> <span class='ocrx_word' id='word_1_73' title='bbox 1454 1274 1666 1329; x_wconf 86' lang='lat' dir='ltr'><strong>quoque</strong></span> <span class='ocrx_word' id='word_1_74' title='bbox 1712 1259 2005 1317; x_wconf 79' lang='lat' dir='ltr'><strong>virtutibus</strong></span> <span class='ocrx_word' id='word_1_75' title='bbox 2029 1266 2086 1319; x_wconf 85' lang='lat' dir='ltr'><strong>et</strong></span> 
     </span>
    </p>
   </div>
   <div class='ocr_carea' id='block_1_12' title="bbox 499 1342 1834 1413">
    <p class='ocr_par' dir='ltr' id='par_1_12' title="bbox 499 1342 1834 1413">
     <span class='ocr_line' id='line_1_12' title="bbox 499 1342 1834 1413; baseline 0.003 -16"><span class='ocrx_word' id='word_1_76' title='bbox 499 1342 814 1410; x_wconf 73' lang='lat' dir='ltr'><strong>ccclestibus</strong></span> <span class='ocrx_word' id='word_1_77' title='bbox 840 1347 1105 1407; x_wconf 88' lang='lat' dir='ltr'><strong>institutis</strong></span> <span class='ocrx_word' id='word_1_78' title='bbox 1125 1360 1472 1405; x_wconf 81' lang='lat' dir='ltr'><strong>exornentur.</strong></span> <span class='ocrx_word' id='word_1_79' title='bbox 1504 1349 1608 1409; x_wconf 86' lang='lat' dir='ltr'><strong>Per</strong></span> <span class='ocrx_word' id='word_1_80' title='bbox 1631 1349 1834 1413; x_wconf 79' lang='lat' dir='ltr'><strong>Christ.</strong></span> 
     </span>
    </p>
   </div>
   <div class='ocr_carea' id='block_1_13' title="bbox 618 1476 1417 1516">
    <p class='ocr_par' dir='ltr' id='par_1_13' title="bbox 618 1476 1417 1516">
     <span class='ocr_line' id='line_1_13' title="bbox 618 1476 1417 1516; baseline -0.001 -1"><span class='ocrx_word' id='word_1_81' title='bbox 618 1506 629 1515; x_wconf 91' lang='lat'><strong>.</strong></span> <span class='ocrx_word' id='word_1_82' title='bbox 1183 1476 1339 1516; x_wconf 71' lang='lat' dir='ltr'><strong>FERIA</strong></span> <span class='ocrx_word' id='word_1_83' title='bbox 1367 1476 1417 1514; x_wconf 73' lang='grc' dir='ltr'><strong>ν.</strong></span> 
     </span>
    </p>
   </div>
   <div class='ocr_carea' id='block_1_14' title="bbox 574 1522 2086 1619">
    <p class='ocr_par' dir='ltr' id='par_1_14' title="bbox 574 1522 2086 1619">
     <span class='ocr_line' id='line_1_14' title="bbox 574 1522 2086 1619; baseline 0.003 -18"><span class='ocrx_word' id='word_1_84' title='bbox 574 1548 690 1619; x_wconf 72' lang='grc' dir='ltr'><strong>(Α.)</strong></span> <span class='ocrx_word' id='word_1_85' title='bbox 732 1549 955 1608; x_wconf 69' lang='grc' dir='ltr'><strong>ιἘιειοηθ</strong></span> <span class='ocrx_word' id='word_1_86' title='bbox 990 1551 1151 1607; x_wconf 89' lang='lat' dir='ltr'><strong>Deus.</strong></span> <span class='ocrx_word' id='word_1_87' title='bbox 1208 1552 1276 1607; x_wconf 85' lang='lat' dir='ltr'><strong>Et</strong></span> <span class='ocrx_word' id='word_1_88' title='bbox 1305 1522 1451 1607; x_wconf 73' lang='lat' dir='ltr'><strong>tuam</strong></span> <span class='ocrx_word' id='word_1_89' title='bbox 1484 1552 1803 1605; x_wconf 75' lang='lat' dir='ltr'><strong>immensam</strong></span> <span class='ocrx_word' id='word_1_90' title='bbox 1849 1550 2086 1607; x_wconf 88' lang='lat' dir='ltr'><strong>clemen—</strong></span> 
     </span>
    </p>
   </div>
   <div class='ocr_carea' id='block_1_15' title="bbox 498 1638 2087 1714">
    <p class='ocr_par' dir='ltr' id='par_1_15' title="bbox 498 1638 2087 1714">
     <span class='ocr_line' id='line_1_15' title="bbox 498 1638 2087 1714; baseline 0.005 -22"><span class='ocrx_word' id='word_1_91' title='bbox 498 1638 631 1693; x_wconf 88' lang='lat' dir='ltr'><strong>tiam</strong></span> <span class='ocrx_word' id='word_1_92' title='bbox 650 1642 876 1711; x_wconf 85' lang='lat' dir='ltr'><strong>supplici</strong></span> <span class='ocrx_word' id='word_1_93' title='bbox 904 1652 1030 1700; x_wconf 84' lang='lat' dir='ltr'><strong>voto</strong></span> <span class='ocrx_word' id='word_1_94' title='bbox 1052 1645 1360 1714; x_wconf 89' lang='lat' dir='ltr'><strong>deposcere,</strong></span> <span class='ocrx_word' id='word_1_95' title='bbox 1395 1654 1451 1699; x_wconf 89' lang='lat' dir='ltr'><strong>ut</strong></span> <span class='ocrx_word' id='word_1_96' title='bbox 1483 1660 1580 1699; x_wconf 89' lang='lat' dir='ltr'><strong>nos</strong></span> <span class='ocrx_word' id='word_1_97' title='bbox 1620 1644 1848 1699; x_wconf 80' lang='lat' dir='ltr'><strong>famulos</strong></span> <span class='ocrx_word' id='word_1_98' title='bbox 1890 1655 2012 1700; x_wconf 89' lang='lat' dir='ltr'><strong>tuos</strong></span> <span class='ocrx_word' id='word_1_99' title='bbox 2031 1652 2087 1699; x_wconf 90' lang='lat' dir='ltr'><strong>et</strong></span> 
     </span>
    </p>
   </div>
   <div class='ocr_carea' id='block_1_16' title="bbox 489 1729 2157 1824">
    <p class='ocr_par' dir='ltr' id='par_1_16' title="bbox 489 1729 2157 1824">
     <span class='ocr_line' id='line_1_16' title="bbox 489 1729 2157 1824; baseline 0.004 -41"><span class='ocrx_word' id='word_1_100' title='bbox 489 1729 683 1799; x_wconf 86' lang='lat' dir='ltr'><strong>jejunii</strong></span> <span class='ocrx_word' id='word_1_101' title='bbox 710 1735 1072 1790; x_wconf 87' lang='lat' dir='ltr'><strong>maceratione</strong></span> <span class='ocrx_word' id='word_1_102' title='bbox 1119 1736 1431 1806; x_wconf 78' lang='lat' dir='ltr'><strong>castigatos,</strong></span> <span class='ocrx_word' id='word_1_103' title='bbox 1464 1745 1518 1789; x_wconf 92' lang='lat' dir='ltr'><strong>et</strong></span> <span class='ocrx_word' id='word_1_104' title='bbox 1544 1736 1777 1791; x_wconf 73' lang='lat' dir='ltr'><strong>.cmteris</strong></span> <span class='ocrx_word' id='word_1_105' title='bbox 1812 1736 2076 1792; x_wconf 89' lang='lat' dir='ltr'><strong>bonorum</strong></span> <span class='ocrx_word' id='word_1_106' title='bbox 2113 1765 2157 1824; x_wconf 75' lang='grc' dir='ltr'><strong>Β</strong></span> 
     </span>
    </p>
   </div>
   <div class='ocr_carea' id='block_1_17' title="bbox 494 1824 2078 1893">
    <p class='ocr_par' dir='ltr' id='par_1_17' title="bbox 494 1824 2078 1893">
     <span class='ocr_line' id='line_1_17' title="bbox 494 1824 2078 1893; baseline 0.006 -20"><span class='ocrx_word' id='word_1_107' title='bbox 494 1834 720 1887; x_wconf 88' lang='lat' dir='ltr'><strong>operum</strong></span> <span class='ocrx_word' id='word_1_108' title='bbox 773 1824 1196 1883; x_wconf 89' lang='lat' dir='ltr'><strong>exhibitionibus</strong></span> <span class='ocrx_word' id='word_1_109' title='bbox 1243 1826 1505 1890; x_wconf 90' lang='lat' dir='ltr'><strong>eruditos,</strong></span> <span class='ocrx_word' id='word_1_110' title='bbox 1553 1827 1607 1880; x_wconf 92' lang='lat' dir='ltr'><strong>in</strong></span> <span class='ocrx_word' id='word_1_111' title='bbox 1654 1828 1920 1893; x_wconf 81' lang='lat' dir='ltr'><strong>mandatis</strong></span> <span class='ocrx_word' id='word_1_112' title='bbox 1971 1827 2078 1882; x_wconf 88' lang='lat' dir='ltr'><strong>tuis</strong></span> 
     </span>
    </p>
   </div>
   <div class='ocr_carea' id='block_1_18' title="bbox 493 1908 2077 1989">
    <p class='ocr_par' dir='ltr' id='par_1_18' title="bbox 493 1908 2077 1989">
     <span class='ocr_line' id='line_1_18' title="bbox 493 1908 2077 1989; baseline 0.005 -22"><span class='ocrx_word' id='word_1_113' title='bbox 493 1908 664 1967; x_wconf 83' lang='lat' dir='ltr'><strong>facias</strong></span> <span class='ocrx_word' id='word_1_114' title='bbox 686 1926 1036 1983; x_wconf 87' lang='lat' dir='ltr'><strong>perseverare</strong></span> <span class='ocrx_word' id='word_1_115' title='bbox 1086 1917 1302 1984; x_wconf 65' lang='lat' dir='ltr'><strong>illaesos,</strong></span> <span class='ocrx_word' id='word_1_116' title='bbox 1333 1920 1518 1988; x_wconf 82' lang='lat' dir='ltr'><strong>sicque</strong></span> <span class='ocrx_word' id='word_1_117' title='bbox 1547 1921 1906 1989; x_wconf 72' lang='lat' dir='ltr'><strong>praesentibus</strong></span> <span class='ocrx_word' id='word_1_118' title='bbox 1951 1921 2077 1975; x_wconf 88' lang='lat' dir='ltr'><strong>sub-</strong></span> 
     </span>
    </p>
   </div>
   <div class='ocr_carea' id='block_1_19' title="bbox 493 2002 2075 2090">
    <p class='ocr_par' dir='ltr' id='par_1_19' title="bbox 493 2002 2075 2090">
     <span class='ocr_line' id='line_1_19' title="bbox 493 2002 2075 2090; baseline 0.004 -31"><span class='ocrx_word' id='word_1_119' title='bbox 493 2002 645 2059; x_wconf 82' lang='lat' dir='ltr'><strong>sidiis</strong></span> <span class='ocrx_word' id='word_1_120' title='bbox 682 2007 1042 2078; x_wconf 87' lang='lat' dir='ltr'><strong>consolemur,</strong></span> <span class='ocrx_word' id='word_1_121' title='bbox 1075 2021 1343 2079; x_wconf 81' lang='lat' dir='ltr'><strong>quatenus</strong></span> <span class='ocrx_word' id='word_1_122' title='bbox 1382 2013 1449 2067; x_wconf 90' lang='lat' dir='ltr'><strong>ad</strong></span> <span class='ocrx_word' id='word_1_123' title='bbox 1479 2023 1682 2068; x_wconf 68' lang='lat' dir='ltr'><strong>aeterna</strong></span> <span class='ocrx_word' id='word_1_124' title='bbox 1729 2012 1920 2082; x_wconf 84' lang='lat' dir='ltr'><strong>gaudia</strong></span> <span class='ocrx_word' id='word_1_125' title='bbox 1954 2027 2075 2090; x_wconf 84' lang='lat' dir='ltr'><strong>per-</strong></span> 
     </span>
    </p>
   </div>
   <div class='ocr_carea' id='block_1_20' title="bbox 494 2094 1969 2169">
    <p class='ocr_par' dir='ltr' id='par_1_20' title="bbox 494 2094 1969 2169">
     <span class='ocr_line' id='line_1_20' title="bbox 494 2094 1969 2169; baseline 0.009 -21"><span class='ocrx_word' id='word_1_126' title='bbox 494 2094 704 2169; x_wconf 78' lang='lat' dir='ltr'><strong>tingere</strong></span> <span class='ocrx_word' id='word_1_127' title='bbox 722 2112 1049 2155; x_wconf 88' lang='lat' dir='ltr'><strong>mcreamur.</strong></span> <span class='ocrx_word' id='word_1_128' title='bbox 1074 2101 1180 2156; x_wconf 88' lang='lat' dir='ltr'><strong>Per</strong></span> <span class='ocrx_word' id='word_1_129' title='bbox 1203 2101 1406 2158; x_wconf 86' lang='lat' dir='ltr'><strong>Christ.</strong></span> <span class='ocrx_word' id='word_1_130' title='bbox 1964 2098 1969 2101; x_wconf 59' lang='grc'>’</span> 
     </span>
    </p>
   </div>
   <div class='ocr_carea' id='block_1_21' title="bbox 1136 2225 1453 2267">
    <p class='ocr_par' dir='ltr' id='par_1_21' title="bbox 1136 2225 1453 2267">
     <span class='ocr_line' id='line_1_21' title="bbox 1136 2225 1453 2267; baseline 0.003 -1"><span class='ocrx_word' id='word_1_131' title='bbox 1136 2226 1291 2266; x_wconf 72' lang='lat' dir='ltr'><strong>FERIA</strong></span> <span class='ocrx_word' id='word_1_132' title='bbox 1322 2228 1373 2266; x_wconf 78' lang='lat' dir='ltr'><strong>Vl</strong></span> <span class='ocrx_word' id='word_1_133' title='bbox 1403 2225 1453 2267; x_wconf 73' lang='grc' dir='ltr'><strong>⁸ο</strong></span> 
     </span>
    </p>
   </div>
   <div class='ocr_carea' id='block_1_22' title="bbox 562 2293 2077 2367">
    <p class='ocr_par' dir='ltr' id='par_1_22' title="bbox 562 2293 2077 2367">
     <span class='ocr_line' id='line_1_22' title="bbox 562 2293 2077 2367; baseline 0.007 -20"><span class='ocrx_word' id='word_1_134' title='bbox 562 2293 679 2367; x_wconf 82' lang='grc' dir='ltr'><strong>(Α.)</strong></span> <span class='ocrx_word' id='word_1_135' title='bbox 725 2296 952 2359; x_wconf 55' lang='lat' dir='ltr'><strong>literne</strong></span> <span class='ocrx_word' id='word_1_136' title='bbox 999 2300 1162 2357; x_wconf 90' lang='lat' dir='ltr'><strong>Deus.</strong></span> <span class='ocrx_word' id='word_1_137' title='bbox 1210 2302 1314 2357; x_wconf 89' lang='lat' dir='ltr'><strong>Per</strong></span> <span class='ocrx_word' id='word_1_138' title='bbox 1342 2301 1615 2359; x_wconf 85' lang='lat' dir='ltr'><strong>Christum</strong></span> <span class='ocrx_word' id='word_1_139' title='bbox 1664 2304 1950 2361; x_wconf 87' lang='lat' dir='ltr'><strong>Dominum</strong></span> <span class='ocrx_word' id='word_1_140' title='bbox 1985 2320 2077 2359; x_wconf 91' lang='lat' dir='ltr'><strong>no-</strong></span> 
     </span>
    </p>
   </div>
   <div class='ocr_carea' id='block_1_23' title="bbox 493 2390 2074 2468">
    <p class='ocr_par' dir='ltr' id='par_1_23' title="bbox 493 2390 2074 2468">
     <span class='ocr_line' id='line_1_23' title="bbox 493 2390 2074 2468; baseline 0.003 -25"><span class='ocrx_word' id='word_1_141' title='bbox 493 2396 690 2444; x_wconf 87' lang='lat' dir='ltr'><strong>strum.</strong></span> <span class='ocrx_word' id='word_1_142' title='bbox 749 2390 855 2459; x_wconf 85' lang='lat' dir='ltr'><strong>Qui</strong></span> <span class='ocrx_word' id='word_1_143' title='bbox 907 2394 976 2449; x_wconf 89' lang='lat' dir='ltr'><strong>ad</strong></span> <span class='ocrx_word' id='word_1_144' title='bbox 1010 2393 1393 2449; x_wconf 86' lang='lat' dir='ltr'><strong>insinuandum</strong></span> <span class='ocrx_word' id='word_1_145' title='bbox 1450 2396 1771 2451; x_wconf 84' lang='lat' dir='ltr'><strong>humilitatis</strong></span> <span class='ocrx_word' id='word_1_146' title='bbox 1802 2394 2074 2468; x_wconf 87' lang='lat' dir='ltr'><strong>[humaui-</strong></span> 
     </span>
    </p>
   </div>
   <div class='ocr_carea' id='block_1_24' title="bbox 488 2479 2070 2557">
    <p class='ocr_par' dir='ltr' id='par_1_24' title="bbox 488 2479 2070 2557">
     <span class='ocr_line' id='line_1_24' title="bbox 488 2479 2070 2557; baseline 0.004 -24"><span class='ocrx_word' id='word_1_147' title='bbox 488 2479 645 2553; x_wconf 87' lang='lat' dir='ltr'><strong>tatis]</strong></span> <span class='ocrx_word' id='word_1_148' title='bbox 681 2496 792 2537; x_wconf 67' lang='lat' dir='ltr'><strong>sute</strong></span> <span class='ocrx_word' id='word_1_149' title='bbox 820 2484 1162 2555; x_wconf 84' lang='lat' dir='ltr'><strong>mysterium,</strong></span> <span class='ocrx_word' id='word_1_150' title='bbox 1190 2484 1447 2557; x_wconf 83' lang='lat' dir='ltr'><strong>fatigatus</strong></span> <span class='ocrx_word' id='word_1_151' title='bbox 1494 2486 1695 2541; x_wconf 87' lang='lat' dir='ltr'><strong>resedit</strong></span> <span class='ocrx_word' id='word_1_152' title='bbox 1734 2484 1800 2540; x_wconf 86' lang='lat' dir='ltr'><strong>ad</strong></span> <span class='ocrx_word' id='word_1_153' title='bbox 1829 2495 2070 2556; x_wconf 88' lang='lat' dir='ltr'><strong>puteum.</strong></span> 
     </span>
    </p>
   </div>
   <div class='ocr_carea' id='block_1_25' title="bbox 489 2568 2069 2647">
    <p class='ocr_par' dir='ltr' id='par_1_25' title="bbox 489 2568 2069 2647">
     <span class='ocr_line' id='line_1_25' title="bbox 489 2568 2069 2647; baseline 0.004 -24"><span class='ocrx_word' id='word_1_154' title='bbox 489 2568 645 2637; x_wconf 83' lang='lat' dir='ltr'><strong>Quia</strong></span> <span class='ocrx_word' id='word_1_155' title='bbox 676 2571 900 2629; x_wconf 89' lang='lat' dir='ltr'><strong>muliere</strong></span> <span class='ocrx_word' id='word_1_156' title='bbox 941 2572 1284 2631; x_wconf 89' lang='lat' dir='ltr'><strong>Samaritana</strong></span> <span class='ocrx_word' id='word_1_157' title='bbox 1331 2568 1485 2647; x_wconf 66' lang='lat' dir='ltr'><strong>aqua:</strong></span> <span class='ocrx_word' id='word_1_158' title='bbox 1525 2576 1627 2631; x_wconf 91' lang='lat' dir='ltr'><strong>sibi</strong></span> <span class='ocrx_word' id='word_1_159' title='bbox 1675 2576 1830 2647; x_wconf 89' lang='lat' dir='ltr'><strong>petiit</strong></span> <span class='ocrx_word' id='word_1_160' title='bbox 1868 2575 2069 2647; x_wconf 82' lang='lat' dir='ltr'><strong>porrigi</strong></span> 
     </span>
    </p>
   </div>
   <div class='ocr_carea' id='block_1_26' title="bbox 484 2664 2072 2737">
    <p class='ocr_par' dir='ltr' id='par_1_26' title="bbox 484 2664 2072 2737">
     <span class='ocr_line' id='line_1_26' title="bbox 484 2664 2072 2737; baseline 0.004 -21"><span class='ocrx_word' id='word_1_161' title='bbox 484 2669 693 2730; x_wconf 89' lang='lat' dir='ltr'><strong>potum,</strong></span> <span class='ocrx_word' id='word_1_162' title='bbox 716 2664 809 2735; x_wconf 89' lang='lat' dir='ltr'><strong>qui</strong></span> <span class='ocrx_word' id='word_1_163' title='bbox 846 2665 901 2722; x_wconf 93' lang='lat' dir='ltr'><strong>in</strong></span> <span class='ocrx_word' id='word_1_164' title='bbox 923 2681 988 2725; x_wconf 86' lang='lat' dir='ltr'><strong>ea</strong></span> <span class='ocrx_word' id='word_1_165' title='bbox 1010 2675 1290 2725; x_wconf 83' lang='lat' dir='ltr'><strong>creaverat</strong></span> <span class='ocrx_word' id='word_1_166' title='bbox 1315 2668 1438 2722; x_wconf 87' lang='lat' dir='ltr'><strong>ﬁdei</strong></span> <span class='ocrx_word' id='word_1_167' title='bbox 1467 2669 1708 2723; x_wconf 79' lang='lat' dir='ltr'><strong>donum:</strong></span> <span class='ocrx_word' id='word_1_168' title='bbox 1751 2678 1805 2725; x_wconf 91' lang='lat' dir='ltr'><strong>et</strong></span> <span class='ocrx_word' id='word_1_169' title='bbox 1846 2669 1918 2723; x_wconf 91' lang='lat' dir='ltr'><strong>ita</strong></span> <span class='ocrx_word' id='word_1_170' title='bbox 1955 2668 2072 2737; x_wconf 89' lang='lat' dir='ltr'><strong>ejus</strong></span> 
     </span>
    </p>
   </div>
   <div class='ocr_carea' id='block_1_27' title="bbox 488 2744 2073 2831">
    <p class='ocr_par' dir='ltr' id='par_1_27' title="bbox 488 2744 2073 2831">
     <span class='ocr_line' id='line_1_27' title="bbox 488 2744 2073 2831; baseline 0.004 -23"><span class='ocrx_word' id='word_1_171' title='bbox 488 2753 641 2810; x_wconf 81' lang='lat' dir='ltr'><strong>sitire</strong></span> <span class='ocrx_word' id='word_1_172' title='bbox 659 2755 912 2828; x_wconf 89' lang='lat' dir='ltr'><strong>dignatus</strong></span> <span class='ocrx_word' id='word_1_173' title='bbox 936 2767 1023 2813; x_wconf 89' lang='lat' dir='ltr'><strong>est</strong></span> <span class='ocrx_word' id='word_1_174' title='bbox 1049 2758 1232 2824; x_wconf 89' lang='lat' dir='ltr'><strong>ﬁdem,</strong></span> <span class='ocrx_word' id='word_1_175' title='bbox 1274 2767 1336 2815; x_wconf 90' lang='lat' dir='ltr'><strong>ut</strong></span> <span class='ocrx_word' id='word_1_176' title='bbox 1358 2760 1483 2814; x_wconf 91' lang='lat' dir='ltr'><strong>dum</strong></span> <span class='ocrx_word' id='word_1_177' title='bbox 1511 2762 1578 2814; x_wconf 92' lang='lat' dir='ltr'><strong>ab</strong></span> <span class='ocrx_word' id='word_1_178' title='bbox 1602 2775 1664 2815; x_wconf 91' lang='lat' dir='ltr'><strong>ea</strong></span> <span class='ocrx_word' id='word_1_179' title='bbox 1696 2744 1892 2830; x_wconf 83' lang='lat' dir='ltr'><strong>aquam</strong></span> <span class='ocrx_word' id='word_1_180' title='bbox 1921 2769 2073 2831; x_wconf 87' lang='lat' dir='ltr'><strong>pete-</strong></span> 
     </span>
    </p>
   </div>
   <div class='ocr_carea' id='block_1_28' title="bbox 487 2845 2071 2921">
    <p class='ocr_par' dir='ltr' id='par_1_28' title="bbox 487 2845 2071 2921">
     <span class='ocr_line' id='line_1_28' title="bbox 487 2845 2071 2921; baseline 0.004 -24"><span class='ocrx_word' id='word_1_181' title='bbox 487 2853 593 2908; x_wconf 85' lang='lat' dir='ltr'><strong>ret,</strong></span> <span class='ocrx_word' id='word_1_182' title='bbox 624 2845 679 2900; x_wconf 92' lang='lat' dir='ltr'><strong>in</strong></span> <span class='ocrx_word' id='word_1_183' title='bbox 708 2861 774 2902; x_wconf 90' lang='lat' dir='ltr'><strong>ea</strong></span> <span class='ocrx_word' id='word_1_184' title='bbox 803 2848 983 2919; x_wconf 91' lang='lat' dir='ltr'><strong>ignem</strong></span> <span class='ocrx_word' id='word_1_185' title='bbox 1018 2848 1183 2905; x_wconf 83' lang='lat' dir='ltr'><strong>divini</strong></span> <span class='ocrx_word' id='word_1_186' title='bbox 1234 2850 1435 2907; x_wconf 91' lang='lat' dir='ltr'><strong>amoris</strong></span> <span class='ocrx_word' id='word_1_187' title='bbox 1478 2850 1818 2913; x_wconf 84' lang='lat' dir='ltr'><strong>accenderet.</strong></span> <span class='ocrx_word' id='word_1_188' title='bbox 1872 2848 2071 2921; x_wconf 77' lang='lat' dir='ltr'><strong>implo-</strong></span> 
     </span>
    </p>
   </div>
   <div class='ocr_carea' id='block_1_29' title="bbox 484 2936 2067 3009">
    <p class='ocr_par' dir='ltr' id='par_1_29' title="bbox 484 2936 2067 3009">
     <span class='ocr_line' id='line_1_29' title="bbox 484 2936 2067 3009; baseline 0.006 -23"><span class='ocrx_word' id='word_1_189' title='bbox 484 2948 671 2990; x_wconf 89' lang='lat' dir='ltr'><strong>ramus</strong></span> <span class='ocrx_word' id='word_1_190' title='bbox 697 2936 880 3009; x_wconf 89' lang='lat' dir='ltr'><strong>itaque</strong></span> <span class='ocrx_word' id='word_1_191' title='bbox 907 2947 1055 2995; x_wconf 89' lang='lat' dir='ltr'><strong>tuam</strong></span> <span class='ocrx_word' id='word_1_192' title='bbox 1085 2940 1408 2997; x_wconf 88' lang='lat' dir='ltr'><strong>immensam</strong></span> <span class='ocrx_word' id='word_1_193' title='bbox 1437 2939 1799 3003; x_wconf 87' lang='lat' dir='ltr'><strong>clementiam,</strong></span> <span class='ocrx_word' id='word_1_194' title='bbox 1830 2948 1890 2993; x_wconf 89' lang='lat' dir='ltr'><strong>ut</strong></span> <span class='ocrx_word' id='word_1_195' title='bbox 1935 2954 2067 2995; x_wconf 85' lang='lat' dir='ltr'><strong>con-</strong></span> 
     </span>
    </p>
   </div>
   <div class='ocr_carea' id='block_1_30' title="bbox 487 3029 2071 3099">
    <p class='ocr_par' dir='ltr' id='par_1_30' title="bbox 487 3029 2071 3099">
     <span class='ocr_line' id='line_1_30' title="bbox 487 3029 2071 3099; baseline 0.004 -19"><span class='ocrx_word' id='word_1_196' title='bbox 487 3030 792 3082; x_wconf 90' lang='lat' dir='ltr'><strong>temnentes</strong></span> <span class='ocrx_word' id='word_1_197' title='bbox 842 3030 1182 3085; x_wconf 88' lang='lat' dir='ltr'><strong>tenebrosam</strong></span> <span class='ocrx_word' id='word_1_198' title='bbox 1238 3029 1658 3099; x_wconf 84' lang='lat' dir='ltr'><strong>profunditatem</strong></span> <span class='ocrx_word' id='word_1_199' title='bbox 1705 3031 1987 3099; x_wconf 91' lang='lat' dir='ltr'><strong>vitiorum,</strong></span> <span class='ocrx_word' id='word_1_200' title='bbox 2014 3040 2071 3087; x_wconf 91' lang='lat' dir='ltr'><strong>et</strong></span> 
     </span>
    </p>
   </div>
   <div class='ocr_carea' id='block_1_31' title="bbox 486 3113 2139 3201">
    <p class='ocr_par' dir='ltr' id='par_1_31' title="bbox 486 3113 2139 3201">
     <span class='ocr_line' id='line_1_31' title="bbox 486 3113 2139 3201; baseline 0.003 -32"><span class='ocrx_word' id='word_1_201' title='bbox 486 3113 854 3186; x_wconf 88' lang='lat' dir='ltr'><strong>relinquentes</strong></span> <span class='ocrx_word' id='word_1_202' title='bbox 900 3120 1182 3176; x_wconf 89' lang='lat' dir='ltr'><strong>noxiarum</strong></span> <span class='ocrx_word' id='word_1_203' title='bbox 1226 3121 1475 3193; x_wconf 88' lang='lat' dir='ltr'><strong>hydriam</strong></span> <span class='ocrx_word' id='word_1_204' title='bbox 1520 3121 1907 3201; x_wconf 75' lang='lat' dir='ltr'><strong>cupiditatum,</strong></span> <span class='ocrx_word' id='word_1_205' title='bbox 1925 3133 1981 3179; x_wconf 90' lang='lat' dir='ltr'><strong>et</strong></span> <span class='ocrx_word' id='word_1_206' title='bbox 2013 3132 2067 3179; x_wconf 88' lang='lat' dir='ltr'><strong>te</strong></span> <span class='ocrx_word' id='word_1_207' title='bbox 2095 3113 2139 3174; x_wconf 91' lang='lat' dir='ltr'><strong>C</strong></span> 
     </span>
    </p>
   </div>
   <div class='ocr_carea' id='block_1_32' title="bbox 488 3203 2062 3285">
    <p class='ocr_par' dir='ltr' id='par_1_32' title="bbox 488 3203 2062 3285">
     <span class='ocr_line' id='line_1_32' title="bbox 488 3203 2062 3285; baseline 0.008 -28"><span class='ocrx_word' id='word_1_208' title='bbox 488 3204 580 3277; x_wconf 81' lang='lat' dir='ltr'><strong>qui</strong></span> <span class='ocrx_word' id='word_1_209' title='bbox 610 3203 731 3262; x_wconf 86' lang='lat' dir='ltr'><strong>fons</strong></span> <span class='ocrx_word' id='word_1_210' title='bbox 754 3208 878 3263; x_wconf 81' lang='lat' dir='ltr'><strong>vitae</strong></span> <span class='ocrx_word' id='word_1_211' title='bbox 899 3218 952 3264; x_wconf 89' lang='lat' dir='ltr'><strong>et</strong></span> <span class='ocrx_word' id='word_1_212' title='bbox 975 3211 1128 3282; x_wconf 85' lang='lat' dir='ltr'><strong>origo</strong></span> <span class='ocrx_word' id='word_1_213' title='bbox 1155 3224 1214 3266; x_wconf 92' lang='lat' dir='ltr'><strong>cs</strong></span> <span class='ocrx_word' id='word_1_214' title='bbox 1242 3211 1520 3285; x_wconf 78' lang='lat' dir='ltr'><strong>bonitatis,</strong></span> <span class='ocrx_word' id='word_1_215' title='bbox 1549 3227 1765 3283; x_wconf 88' lang='lat' dir='ltr'><strong>semper</strong></span> <span class='ocrx_word' id='word_1_216' title='bbox 1791 3214 2062 3281; x_wconf 89' lang='lat' dir='ltr'><strong>sitiamus,</strong></span> 
     </span>
    </p>
   </div>
   <div class='ocr_carea' id='block_1_33' title="bbox 485 3294 2069 3377">
    <p class='ocr_par' dir='ltr' id='par_1_33' title="bbox 485 3294 2069 3377">
     <span class='ocr_line' id='line_1_33' title="bbox 485 3294 2069 3377; baseline 0.009 -28"><span class='ocrx_word' id='word_1_217' title='bbox 485 3304 543 3350; x_wconf 91' lang='lat' dir='ltr'><strong>et</strong></span> <span class='ocrx_word' id='word_1_218' title='bbox 564 3294 893 3368; x_wconf 88' lang='lat' dir='ltr'><strong>jejuniornm</strong></span> <span class='ocrx_word' id='word_1_219' title='bbox 936 3311 1247 3359; x_wconf 89' lang='lat' dir='ltr'><strong>nostrorum</strong></span> <span class='ocrx_word' id='word_1_220' title='bbox 1297 3303 1678 3361; x_wconf 89' lang='lat' dir='ltr'><strong>observatione</strong></span> <span class='ocrx_word' id='word_1_221' title='bbox 1704 3305 1804 3362; x_wconf 86' lang='lat' dir='ltr'><strong>tibi</strong></span> <span class='ocrx_word' id='word_1_222' title='bbox 1854 3306 2069 3377; x_wconf 84' lang='lat' dir='ltr'><strong>placea-</strong></span> 
     </span>
    </p>
   </div>
   <div class='ocr_carea' id='block_1_34' title="bbox 483 3390 959 3468">
    <p class='ocr_par' dir='ltr' id='par_1_34' title="bbox 483 3390 959 3468">
     <span class='ocr_line' id='line_1_34' title="bbox 483 3390 959 3468; baseline 0.013 -25"><span class='ocrx_word' id='word_1_223' title='bbox 483 3404 627 3463; x_wconf 75' lang='lat' dir='ltr'><strong>mus.</strong></span> <span class='ocrx_word' id='word_1_224' title='bbox 653 3390 759 3459; x_wconf 88' lang='lat' dir='ltr'><strong>Per</strong></span> <span class='ocrx_word' id='word_1_225' title='bbox 777 3406 959 3468; x_wconf 79' lang='lat' dir='ltr'><strong>quem.</strong></span> 
     </span>
    </p>
   </div>
   <div class='ocr_carea' id='block_1_35' title="bbox 1154 3522 1897 3571">
    <p class='ocr_par' dir='ltr' id='par_1_35' title="bbox 1154 3522 1897 3571">
     <span class='ocr_line' id='line_1_35' title="bbox 1154 3522 1897 3571; baseline 0.012 -9"><span class='ocrx_word' id='word_1_226' title='bbox 1154 3522 1408 3565; x_wconf 68' lang='grc' dir='ltr'><strong>ελιηιιτο.</strong></span> <span class='ocrx_word' id='word_1_227' title='bbox 1892 3562 1897 3571; x_wconf 91' lang='grc'><strong><em>.</em></strong></span> 
     </span>
    </p>
   </div>
   <div class='ocr_carea' id='block_1_36' title="bbox 554 3590 2068 3677">
    <p class='ocr_par' dir='ltr' id='par_1_36' title="bbox 554 3590 2068 3677">
     <span class='ocr_line' id='line_1_36' title="bbox 554 3590 2068 3677; baseline 0.008 -27"><span class='ocrx_word' id='word_1_228' title='bbox 554 3590 668 3667; x_wconf 64' lang='grc' dir='ltr'><strong>(Α.)</strong></span> <span class='ocrx_word' id='word_1_229' title='bbox 717 3595 943 3654; x_wconf 70' lang='grc' dir='ltr'>Ᾱίιθτιιθ</span> <span class='ocrx_word' id='word_1_230' title='bbox 992 3599 1153 3655; x_wconf 89' lang='lat' dir='ltr'><strong>Deus.</strong></span> <span class='ocrx_word' id='word_1_231' title='bbox 1202 3600 1303 3668; x_wconf 85' lang='lat' dir='ltr'><strong>Qui</strong></span> <span class='ocrx_word' id='word_1_232' title='bbox 1344 3600 1532 3670; x_wconf 84' lang='lat' dir='ltr'><strong>jejunii</strong></span> <span class='ocrx_word' id='word_1_233' title='bbox 1569 3604 2068 3677; x_wconf 79' lang='lat' dir='ltr'><strong>Quadragesimalis</strong></span> 
     </span>
    </p>
   </div>
   <div class='ocr_carea' id='block_1_37' title="bbox 484 3685 2066 3763">
    <p class='ocr_par' dir='ltr' id='par_1_37' title="bbox 484 3685 2066 3763">
     <span class='ocr_line' id='line_1_37' title="bbox 484 3685 2066 3763; baseline 0.008 -23"><span class='ocrx_word' id='word_1_234' title='bbox 484 3685 913 3745; x_wconf 92' lang='lat' dir='ltr'><strong>observationem</strong></span> <span class='ocrx_word' id='word_1_235' title='bbox 944 3690 996 3745; x_wconf 90' lang='lat' dir='ltr'><strong>in</strong></span> <span class='ocrx_word' id='word_1_236' title='bbox 1024 3689 1206 3763; x_wconf 80' lang='lat' dir='ltr'><strong>Moyse</strong></span> <span class='ocrx_word' id='word_1_237' title='bbox 1254 3702 1308 3747; x_wconf 91' lang='lat' dir='ltr'><strong>et</strong></span> <span class='ocrx_word' id='word_1_238' title='bbox 1333 3693 1442 3746; x_wconf 84' lang='lat' dir='ltr'><strong>Elia</strong></span> <span class='ocrx_word' id='word_1_239' title='bbox 1472 3694 1752 3760; x_wconf 80' lang='lat' dir='ltr'><strong>dedicasti,</strong></span> <span class='ocrx_word' id='word_1_240' title='bbox 1780 3705 1836 3751; x_wconf 89' lang='lat' dir='ltr'><strong>et</strong></span> <span class='ocrx_word' id='word_1_241' title='bbox 1866 3697 1919 3751; x_wconf 91' lang='lat' dir='ltr'><strong>in</strong></span> <span class='ocrx_word' id='word_1_242' title='bbox 1944 3696 2066 3751; x_wconf 88' lang='lat' dir='ltr'><strong>uni-</strong></span> 
     </span>
    </p>
   </div>
   <div class='ocr_carea' id='block_1_38' title="bbox 486 3776 2060 3855">
    <p class='ocr_par' dir='ltr' id='par_1_38' title="bbox 486 3776 2060 3855">
     <span class='ocr_line' id='line_1_38' title="bbox 486 3776 2060 3855; baseline 0.005 -22"><span class='ocrx_word' id='word_1_243' title='bbox 486 3776 668 3846; x_wconf 86' lang='lat' dir='ltr'><strong>genito</strong></span> <span class='ocrx_word' id='word_1_244' title='bbox 692 3777 829 3834; x_wconf 87' lang='lat' dir='ltr'><strong>Filio</strong></span> <span class='ocrx_word' id='word_1_245' title='bbox 878 3788 992 3846; x_wconf 87' lang='lat' dir='ltr'><strong>tuo,</strong></span> <span class='ocrx_word' id='word_1_246' title='bbox 1034 3780 1168 3852; x_wconf 85' lang='lat' dir='ltr'><strong>legis</strong></span> <span class='ocrx_word' id='word_1_247' title='bbox 1201 3790 1258 3837; x_wconf 93' lang='lat' dir='ltr'><strong>et</strong></span> <span class='ocrx_word' id='word_1_248' title='bbox 1284 3784 1685 3855; x_wconf 86' lang='lat' dir='ltr'><strong>prophetarum,</strong></span> <span class='ocrx_word' id='word_1_249' title='bbox 1725 3794 2060 3842; x_wconf 86' lang='lat' dir='ltr'><strong>nostrorum-</strong></span> 
     </span>
    </p>
   </div>
   <div class='ocr_carea' id='block_1_39' title="bbox 484 3869 2065 3947">
    <p class='ocr_par' dir='ltr' id='par_1_39' title="bbox 484 3869 2065 3947">
     <span class='ocr_line' id='line_1_39' title="bbox 484 3869 2065 3947; baseline 0.008 -26"><span class='ocrx_word' id='word_1_250' title='bbox 484 3881 595 3937; x_wconf 87' lang='lat' dir='ltr'><strong>que</strong></span> <span class='ocrx_word' id='word_1_251' title='bbox 612 3869 855 3925; x_wconf 91' lang='lat' dir='ltr'><strong>omnium</strong></span> <span class='ocrx_word' id='word_1_252' title='bbox 879 3870 1108 3927; x_wconf 83' lang='lat' dir='ltr'><strong>Domino</strong></span> <span class='ocrx_word' id='word_1_253' title='bbox 1137 3876 1431 3929; x_wconf 88' lang='lat' dir='ltr'><strong>exornasti.</strong></span> <span class='ocrx_word' id='word_1_254' title='bbox 1461 3875 1630 3930; x_wconf 86' lang='lat' dir='ltr'><strong>Tuam</strong></span> <span class='ocrx_word' id='word_1_255' title='bbox 1662 3877 1823 3947; x_wconf 87' lang='lat' dir='ltr'><strong>igitur</strong></span> <span class='ocrx_word' id='word_1_256' title='bbox 1847 3878 2065 3933; x_wconf 84' lang='lat' dir='ltr'><strong>immen-</strong></span> 
     </span>
    </p>
   </div>
   <div class='ocr_carea' id='block_1_40' title="bbox 485 3959 2069 4037">
    <p class='ocr_par' dir='ltr' id='par_1_40' title="bbox 485 3959 2069 4037">
     <span class='ocr_line' id='line_1_40' title="bbox 485 3959 2069 4037; baseline 0.005 -23"><span class='ocrx_word' id='word_1_257' title='bbox 485 3974 604 4014; x_wconf 87' lang='lat' dir='ltr'><strong>sam</strong></span> <span class='ocrx_word' id='word_1_258' title='bbox 646 3959 941 4020; x_wconf 83' lang='lat' dir='ltr'><strong>bonitatem</strong></span> <span class='ocrx_word' id='word_1_259' title='bbox 981 3963 1249 4034; x_wconf 89' lang='lat' dir='ltr'><strong>supplices</strong></span> <span class='ocrx_word' id='word_1_260' title='bbox 1295 3967 1659 4035; x_wconf 73' lang='lat' dir='ltr'><strong>exposcimus,</strong></span> <span class='ocrx_word' id='word_1_261' title='bbox 1708 3967 1935 4037; x_wconf 84' lang='lat' dir='ltr'><strong>utquod</strong></span> <span class='ocrx_word' id='word_1_262' title='bbox 1977 3966 2069 4022; x_wconf 87' lang='lat' dir='ltr'><strong>ille</strong></span> 
     </span>
    </p>
   </div>
   <div class='ocr_carea' id='block_1_41' title="bbox 479 4046 2069 4123">
    <p class='ocr_par' dir='ltr' id='par_1_41' title="bbox 479 4046 2069 4123">
     <span class='ocr_line' id='line_1_41' title="bbox 479 4046 2069 4123; baseline 0.008 -25"><span class='ocrx_word' id='word_1_263' title='bbox 479 4046 594 4117; x_wconf 84' lang='lat' dir='ltr'><strong>jngi</strong></span> <span class='ocrx_word' id='word_1_264' title='bbox 617 4046 947 4118; x_wconf 89' lang='lat' dir='ltr'><strong>jejuniorum</strong></span> <span class='ocrx_word' id='word_1_265' title='bbox 973 4053 1263 4123; x_wconf 90' lang='lat' dir='ltr'><strong>complevit</strong></span> <span class='ocrx_word' id='word_1_266' title='bbox 1291 4055 1716 4119; x_wconf 86' lang='lat' dir='ltr'><strong>continuatione,</strong></span> <span class='ocrx_word' id='word_1_267' title='bbox 1749 4071 1850 4111; x_wconf 89' lang='lat' dir='ltr'><strong>nos</strong></span> <span class='ocrx_word' id='word_1_268' title='bbox 1895 4057 2069 4111; x_wconf 84' lang='lat' dir='ltr'><strong>adim-</strong></span> 
     </span>
    </p>
   </div>
   <div class='ocr_carea' id='block_1_42' title="bbox 485 4136 2062 4216">
    <p class='ocr_par' dir='ltr' id='par_1_42' title="bbox 485 4136 2062 4216">
     <span class='ocr_line' id='line_1_42' title="bbox 485 4136 2062 4216; baseline 0.01 -28"><span class='ocrx_word' id='word_1_269' title='bbox 485 4136 636 4215; x_wconf 88' lang='lat' dir='ltr'><strong>plere</strong></span> <span class='ocrx_word' id='word_1_270' title='bbox 657 4137 933 4195; x_wconf 86' lang='lat' dir='ltr'><strong>valeamus</strong></span> <span class='ocrx_word' id='word_1_271' title='bbox 956 4140 1099 4196; x_wconf 88' lang='lat' dir='ltr'><strong>illius</strong></span> <span class='ocrx_word' id='word_1_272' title='bbox 1141 4144 1308 4213; x_wconf 81' lang='lat' dir='ltr'><strong>adj-tti</strong></span> <span class='ocrx_word' id='word_1_273' title='bbox 1337 4143 1637 4216; x_wconf 78' lang='lat' dir='ltr'><strong>largissima</strong></span> <span class='ocrx_word' id='word_1_274' title='bbox 1673 4146 2062 4214; x_wconf 81' lang='lat' dir='ltr'><strong>miseratione;</strong></span> 
     </span>
    </p>
   </div>
   <div class='ocr_carea' id='block_1_43' title="bbox 487 4226 2068 4307">
    <p class='ocr_par' dir='ltr' id='par_1_43' title="bbox 487 4226 2068 4307">
     <span class='ocr_line' id='line_1_43' title="bbox 487 4226 2068 4307; baseline 0.008 -28"><span class='ocrx_word' id='word_1_275' title='bbox 487 4235 543 4280; x_wconf 91' lang='lat' dir='ltr'><strong>et</strong></span> <span class='ocrx_word' id='word_1_276' title='bbox 567 4226 921 4297; x_wconf 83' lang='lat' dir='ltr'><strong>adimplentes</strong></span> <span class='ocrx_word' id='word_1_277' title='bbox 942 4245 1005 4284; x_wconf 92' lang='lat' dir='ltr'><strong>ea</strong></span> <span class='ocrx_word' id='word_1_278' title='bbox 1034 4246 1154 4301; x_wconf 78' lang='lat' dir='ltr'><strong>qua:</strong></span> <span class='ocrx_word' id='word_1_279' title='bbox 1179 4233 1457 4304; x_wconf 56' lang='lat' dir='ltr'><strong>praecepit,</strong></span> <span class='ocrx_word' id='word_1_280' title='bbox 1483 4234 1623 4291; x_wconf 83' lang='lat' dir='ltr'><strong>dona</strong></span> <span class='ocrx_word' id='word_1_281' title='bbox 1653 4235 1932 4307; x_wconf 83' lang='lat' dir='ltr'><strong>percipere</strong></span> <span class='ocrx_word' id='word_1_282' title='bbox 1960 4252 2068 4292; x_wconf 88' lang='lat' dir='ltr'><strong>me-</strong></span> 
     </span>
    </p>
   </div>
   <div class='ocr_carea' id='block_1_44' title="bbox 485 4325 1483 4396">
    <p class='ocr_par' dir='ltr' id='par_1_44' title="bbox 485 4325 1483 4396">
     <span class='ocr_line' id='line_1_44' title="bbox 485 4325 1483 4396; baseline 0.007 -22"><span class='ocrx_word' id='word_1_283' title='bbox 485 4334 705 4391; x_wconf 72' lang='lat' dir='ltr'><strong>reamur</strong></span> <span class='ocrx_word' id='word_1_284' title='bbox 732 4336 851 4393; x_wconf 71' lang='lat' dir='ltr'><strong>qua:</strong></span> <span class='ocrx_word' id='word_1_285' title='bbox 875 4325 1141 4395; x_wconf 83' lang='lat' dir='ltr'><strong>promisit.</strong></span> <span class='ocrx_word' id='word_1_286' title='bbox 1172 4325 1276 4380; x_wconf 86' lang='lat' dir='ltr'><strong>Per</strong></span> <span class='ocrx_word' id='word_1_287' title='bbox 1298 4340 1483 4396; x_wconf 90' lang='lat' dir='ltr'><strong>quem.</strong></span> 
     </span>
    </p>
   </div>
   <div class='ocr_carea' id='block_1_45' title="bbox 908 4451 1633 4501">
    <p class='ocr_par' dir='ltr' id='par_1_45' title="bbox 908 4451 1633 4501">
     <span class='ocr_line' id='line_1_45' title="bbox 908 4451 1633 4501; baseline 0.006 -9"><span class='ocrx_word' id='word_1_288' title='bbox 908 4451 1035 4499; x_wconf 67' lang='grc' dir='ltr'><strong>νου.</strong></span> <span class='ocrx_word' id='word_1_289' title='bbox 1063 4451 1117 4492; x_wconf 79' lang='grc' dir='ltr'>ιν</span> <span class='ocrx_word' id='word_1_290' title='bbox 1141 4451 1194 4491; x_wconf 82' lang='lat' dir='ltr'><strong>IN</strong></span> <span class='ocrx_word' id='word_1_291' title='bbox 1229 4452 1633 4501; x_wconf 72' lang='lat' dir='ltr'><strong>QUADRAGESIIIA</strong></span> 
     </span>
    </p>
   </div>
   <div class='ocr_carea' id='block_1_46' title="bbox 555 4542 2061 4616">
    <p class='ocr_par' dir='ltr' id='par_1_46' title="bbox 555 4542 2061 4616">
     <span class='ocr_line' id='line_1_46' title="bbox 555 4542 2061 4616; baseline 0.008 -19"><span class='ocrx_word' id='word_1_292' title='bbox 555 4543 670 4616; x_wconf 82' lang='lat' dir='ltr'><strong>(A.)</strong></span> <span class='ocrx_word' id='word_1_293' title='bbox 705 4542 929 4601; x_wconf 58' lang='lat' dir='ltr'><strong>literne</strong></span> <span class='ocrx_word' id='word_1_294' title='bbox 968 4544 1127 4603; x_wconf 89' lang='lat' dir='ltr'><strong>Deus.</strong></span> <span class='ocrx_word' id='word_1_295' title='bbox 1181 4547 1247 4603; x_wconf 84' lang='lat' dir='ltr'><strong>Et</strong></span> <span class='ocrx_word' id='word_1_296' title='bbox 1279 4559 1330 4605; x_wconf 90' lang='lat' dir='ltr'><strong>te</strong></span> <span class='ocrx_word' id='word_1_297' title='bbox 1359 4549 1669 4608; x_wconf 78' lang='lat' dir='ltr'><strong>Creatorem</strong></span> <span class='ocrx_word' id='word_1_298' title='bbox 1715 4553 1955 4612; x_wconf 90' lang='lat' dir='ltr'><strong>omnium</strong></span> <span class='ocrx_word' id='word_1_299' title='bbox 1995 4553 2061 4609; x_wconf 91' lang='lat' dir='ltr'><strong>de</strong></span> 
     </span>
    </p>
   </div>
   <div class='ocr_carea' id='block_1_47' title="bbox 481 4634 2063 4715">
    <p class='ocr_par' dir='ltr' id='par_1_47' title="bbox 481 4634 2063 4715">
     <span class='ocr_line' id='line_1_47' title="bbox 481 4634 2063 4715; baseline 0.003 -25"><span class='ocrx_word' id='word_1_300' title='bbox 481 4634 773 4715; x_wconf 69' lang='lat' dir='ltr'><strong>praeteritis</strong></span> <span class='ocrx_word' id='word_1_301' title='bbox 798 4635 1064 4692; x_wconf 87' lang='lat' dir='ltr'><strong>fructibus</strong></span> <span class='ocrx_word' id='word_1_302' title='bbox 1092 4636 1420 4715; x_wconf 80' lang='lat' dir='ltr'><strong>gloriﬁcare,</strong></span> <span class='ocrx_word' id='word_1_303' title='bbox 1458 4649 1514 4695; x_wconf 91' lang='lat' dir='ltr'><strong>et</strong></span> <span class='ocrx_word' id='word_1_304' title='bbox 1538 4640 1605 4698; x_wconf 90' lang='lat' dir='ltr'><strong>de</strong></span> <span class='ocrx_word' id='word_1_305' title='bbox 1633 4638 1831 4697; x_wconf 88' lang='lat' dir='ltr'><strong>futuris</strong></span> <span class='ocrx_word' id='word_1_306' title='bbox 1862 4642 2063 4713; x_wconf 78' lang='lat' dir='ltr'><strong>suppli-</strong></span> 
     </span>
    </p>
   </div>
   <div class='ocr_carea' id='block_1_48' title="bbox 483 4725 2066 4800">
    <p class='ocr_par' dir='ltr' id='par_1_48' title="bbox 483 4725 2066 4800">
     <span class='ocr_line' id='line_1_48' title="bbox 483 4725 2066 4800; baseline 0.001 -17"><span class='ocrx_word' id='word_1_307' title='bbox 483 4725 623 4783; x_wconf 86' lang='lat' dir='ltr'><strong>citer</strong></span> <span class='ocrx_word' id='word_1_308' title='bbox 646 4740 892 4792; x_wconf 86' lang='lat' dir='ltr'><strong>exorare,</strong></span> <span class='ocrx_word' id='word_1_309' title='bbox 933 4735 994 4781; x_wconf 93' lang='lat' dir='ltr'><strong>ut</strong></span> <span class='ocrx_word' id='word_1_310' title='bbox 1023 4743 1147 4783; x_wconf 92' lang='lat' dir='ltr'><strong>eum</strong></span> <span class='ocrx_word' id='word_1_311' title='bbox 1180 4729 1248 4783; x_wconf 85' lang='lat' dir='ltr'><strong>de</strong></span> <span class='ocrx_word' id='word_1_312' title='bbox 1290 4728 1560 4800; x_wconf 87' lang='lat' dir='ltr'><strong>perceptis</strong></span> <span class='ocrx_word' id='word_1_313' title='bbox 1606 4743 1715 4783; x_wconf 89' lang='lat' dir='ltr'><strong>non</strong></span> <span class='ocrx_word' id='word_1_314' title='bbox 1757 4730 2066 4798; x_wconf 84' lang='lat' dir='ltr'><strong>invenimur</strong></span> 
     </span>
    </p>
   </div>
   <div class='ocr_carea' id='block_1_49' title="bbox 483 4819 2064 4893">
    <p class='ocr_par' dir='ltr' id='par_1_49' title="bbox 483 4819 2064 4893">
     <span class='ocr_line' id='line_1_49' title="bbox 483 4819 2064 4893; baseline 0.001 -15"><span class='ocrx_word' id='word_1_315' title='bbox 483 4819 710 4891; x_wconf 87' lang='lat' dir='ltr'><strong>ingrati,</strong></span> <span class='ocrx_word' id='word_1_316' title='bbox 748 4820 818 4876; x_wconf 90' lang='lat' dir='ltr'><strong>de</strong></span> <span class='ocrx_word' id='word_1_317' title='bbox 855 4821 1214 4893; x_wconf 87' lang='lat' dir='ltr'><strong>percipiendis</strong></span> <span class='ocrx_word' id='word_1_318' title='bbox 1243 4836 1349 4877; x_wconf 91' lang='lat' dir='ltr'><strong>non</strong></span> <span class='ocrx_word' id='word_1_319' title='bbox 1370 4819 1678 4891; x_wconf 77' lang='lat' dir='ltr'><strong>iudicemur</strong></span> <span class='ocrx_word' id='word_1_320' title='bbox 1703 4820 1936 4893; x_wconf 87' lang='lat' dir='ltr'><strong>indigni;</strong></span> <span class='ocrx_word' id='word_1_321' title='bbox 1969 4824 2064 4880; x_wconf 92' lang='lat' dir='ltr'><strong>sed</strong></span> 
     </span>
    </p>
   </div>
   <div class='ocr_carea' id='block_1_50' title="bbox 482 4909 2062 4983">
    <p class='ocr_par' dir='ltr' id='par_1_50' title="bbox 482 4909 2062 4983">
     <span class='ocr_line' id='line_1_50' title="bbox 482 4909 2062 4983; baseline 0.004 -21"><span class='ocrx_word' id='word_1_322' title='bbox 482 4909 724 4971; x_wconf 80' lang='lat' dir='ltr'><strong>exhibito</strong></span> <span class='ocrx_word' id='word_1_323' title='bbox 753 4909 910 4966; x_wconf 84' lang='lat' dir='ltr'><strong>toties</strong></span> <span class='ocrx_word' id='word_1_324' title='bbox 936 4911 1157 4971; x_wconf 85' lang='lat' dir='ltr'><strong>solemni</strong></span> <span class='ocrx_word' id='word_1_325' title='bbox 1176 4910 1403 4981; x_wconf 85' lang='lat' dir='ltr'><strong>jejunio,</strong></span> <span class='ocrx_word' id='word_1_326' title='bbox 1440 4924 1563 4967; x_wconf 88' lang='lat' dir='ltr'><strong>cum</strong></span> <span class='ocrx_word' id='word_1_327' title='bbox 1591 4911 1845 4967; x_wconf 88' lang='lat' dir='ltr'><strong>subsidiis</strong></span> <span class='ocrx_word' id='word_1_328' title='bbox 1869 4929 2062 4983; x_wconf 91' lang='lat' dir='ltr'><strong>corpo-</strong></span> 
     </span>
    </p>
   </div>
   <div class='ocr_carea' id='block_1_51' title="bbox 484 5000 2065 5074">
    <p class='ocr_par' dir='ltr' id='par_1_51' title="bbox 484 5000 2065 5074">
     <span class='ocr_line' id='line_1_51' title="bbox 484 5000 2065 5074; baseline 0.001 -16"><span class='ocrx_word' id='word_1_329' title='bbox 484 5000 689 5058; x_wconf 86' lang='lat' dir='ltr'><strong>ralibus</strong></span> <span class='ocrx_word' id='word_1_330' title='bbox 714 5000 1015 5072; x_wconf 87' lang='lat' dir='ltr'><strong>profectum</strong></span> <span class='ocrx_word' id='word_1_331' title='bbox 1043 5017 1259 5074; x_wconf 87' lang='lat' dir='ltr'><strong>quoque</strong></span> <span class='ocrx_word' id='word_1_332' title='bbox 1282 5002 1561 5071; x_wconf 86' lang='lat' dir='ltr'><strong>capiamus</strong></span> <span class='ocrx_word' id='word_1_333' title='bbox 1592 5000 1915 5069; x_wconf 81' lang='lat' dir='ltr'><strong>animarum.</strong></span> <span class='ocrx_word' id='word_1_334' title='bbox 1958 5003 2065 5071; x_wconf 82' lang='lat' dir='ltr'><strong>Per</strong></span> 
     </span>
    </p>
   </div>
   <div class='ocr_carea' id='block_1_52' title="bbox 483 5091 687 5161">
    <p class='ocr_par' dir='ltr' id='par_1_52' title="bbox 483 5091 687 5161">
     <span class='ocr_line' id='line_1_52' title="bbox 483 5091 687 5161; baseline 0.02 -15"><span class='ocrx_word' id='word_1_335' title='bbox 483 5091 687 5161; x_wconf 77' lang='lat' dir='ltr'><strong>Christ.</strong></span> 
     </span>
    </p>
   </div>
   <div class='ocr_carea' id='block_1_53' title="bbox 1137 5203 1402 5243">
    <p class='ocr_par' dir='ltr' id='par_1_53' title="bbox 1137 5203 1402 5243">
     <span class='ocr_line' id='line_1_53' title="bbox 1137 5203 1402 5243; baseline -0.004 0"><span class='ocrx_word' id='word_1_336' title='bbox 1137 5203 1293 5243; x_wconf 69' lang='lat' dir='ltr'><strong>FEBIA</strong></span> <span class='ocrx_word' id='word_1_337' title='bbox 1342 5203 1402 5242; x_wconf 83' lang='grc'><strong>11.</strong></span> 
     </span>
    </p>
   </div>
   <div class='ocr_carea' id='block_1_54' title="bbox 553 5277 2063 5353">
    <p class='ocr_par' dir='ltr' id='par_1_54' title="bbox 553 5277 2063 5353">
     <span class='ocr_line' id='line_1_54' title="bbox 553 5277 2063 5353; baseline 0.005 -20"><span class='ocrx_word' id='word_1_338' title='bbox 553 5277 667 5352; x_wconf 78' lang='grc' dir='ltr'><strong>(Α.)</strong></span> <span class='ocrx_word' id='word_1_339' title='bbox 694 5279 916 5336; x_wconf 67' lang='grc' dir='ltr'>ιιΕιθιιιε</span> <span class='ocrx_word' id='word_1_340' title='bbox 942 5280 1102 5336; x_wconf 83' lang='lat' dir='ltr'><strong>Deus.</strong></span> <span class='ocrx_word' id='word_1_341' title='bbox 1147 5281 1214 5336; x_wconf 88' lang='lat' dir='ltr'><strong>Et</strong></span> <span class='ocrx_word' id='word_1_342' title='bbox 1238 5291 1381 5336; x_wconf 84' lang='lat' dir='ltr'><strong>tuam</strong></span> <span class='ocrx_word' id='word_1_343' title='bbox 1417 5282 1729 5353; x_wconf 82' lang='lat' dir='ltr'><strong>suppliciter</strong></span> <span class='ocrx_word' id='word_1_344' title='bbox 1754 5283 2063 5340; x_wconf 88' lang='lat' dir='ltr'><strong>misericor-</strong></span> 
     </span>
    </p>
   </div>
   <div class='ocr_carea' id='block_1_55' title="bbox 483 5368 2067 5446">
    <p class='ocr_par' dir='ltr' id='par_1_55' title="bbox 483 5368 2067 5446">
     <span class='ocr_line' id='line_1_55' title="bbox 483 5368 2067 5446; baseline 0.003 -22"><span class='ocrx_word' id='word_1_345' title='bbox 483 5368 627 5425; x_wconf 88' lang='lat' dir='ltr'><strong>diam</strong></span> <span class='ocrx_word' id='word_1_346' title='bbox 653 5368 942 5439; x_wconf 83' lang='lat' dir='ltr'><strong>implorare</strong></span> <span class='ocrx_word' id='word_1_347' title='bbox 967 5409 981 5434; x_wconf 92' lang='lat'><strong>,</strong></span> <span class='ocrx_word' id='word_1_348' title='bbox 1011 5379 1072 5424; x_wconf 93' lang='lat' dir='ltr'><strong>ut</strong></span> <span class='ocrx_word' id='word_1_349' title='bbox 1097 5372 1412 5429; x_wconf 89' lang='lat' dir='ltr'><strong>exercitatio</strong></span> <span class='ocrx_word' id='word_1_350' title='bbox 1441 5376 1742 5431; x_wconf 85' lang='lat' dir='ltr'><strong>veneranda</strong></span> <span class='ocrx_word' id='word_1_351' title='bbox 1762 5374 1953 5446; x_wconf 87' lang='lat' dir='ltr'><strong>jejunii</strong></span> <span class='ocrx_word' id='word_1_352' title='bbox 1980 5392 2067 5430; x_wconf 89' lang='lat' dir='ltr'><strong>sa-</strong></span> 
     </span>
    </p>
   </div>
   <div class='ocr_carea' id='block_1_56' title="bbox 483 5458 2065 5540">
    <p class='ocr_par' dir='ltr' id='par_1_56' title="bbox 483 5458 2065 5540">
     <span class='ocr_line' id='line_1_56' title="bbox 483 5458 2065 5540; baseline 0.003 -21"><span class='ocrx_word' id='word_1_353' title='bbox 483 5458 697 5526; x_wconf 86' lang='lat' dir='ltr'><strong>lutaris,</strong></span> <span class='ocrx_word' id='word_1_354' title='bbox 723 5475 821 5516; x_wconf 88' lang='lat' dir='ltr'><strong>nos</strong></span> <span class='ocrx_word' id='word_1_355' title='bbox 849 5475 878 5513; x_wconf 92' lang='lat' dir='ltr'><strong>a</strong></span> <span class='ocrx_word' id='word_1_356' title='bbox 904 5470 1246 5530; x_wconf 87' lang='lat' dir='ltr'><strong>peccatorum</strong></span> <span class='ocrx_word' id='word_1_357' title='bbox 1278 5475 1585 5523; x_wconf 90' lang='lat' dir='ltr'><strong>nostrorum</strong></span> <span class='ocrx_word' id='word_1_358' title='bbox 1613 5467 1839 5524; x_wconf 90' lang='lat' dir='ltr'><strong>maculis</strong></span> <span class='ocrx_word' id='word_1_359' title='bbox 1868 5485 2065 5540; x_wconf 84' lang='lat' dir='ltr'><strong>purga-</strong></span> 
     </span>
    </p>
   </div>
   <div class='ocr_carea' id='block_1_57' title="bbox 2187 504 3784 583">
    <p class='ocr_par' dir='ltr' id='par_1_57' title="bbox 2187 504 3784 583">
     <span class='ocr_line' id='line_1_57' title="bbox 2187 504 3784 583; baseline 0.003 -22"><span class='ocrx_word' id='word_1_360' title='bbox 2187 517 2460 571; x_wconf 87' lang='lat' dir='ltr'><strong>mentum,</strong></span> <span class='ocrx_word' id='word_1_361' title='bbox 2503 514 2557 561; x_wconf 91' lang='lat' dir='ltr'><strong>et</strong></span> <span class='ocrx_word' id='word_1_362' title='bbox 2586 504 2694 561; x_wconf 91' lang='lat' dir='ltr'><strong>illic</strong></span> <span class='ocrx_word' id='word_1_363' title='bbox 2733 513 2950 561; x_wconf 71' lang='lat' dir='ltr'><strong>ueterum</strong></span> <span class='ocrx_word' id='word_1_364' title='bbox 3013 504 3367 583; x_wconf 84' lang='lat' dir='ltr'><strong>beatitudinis</strong></span> <span class='ocrx_word' id='word_1_365' title='bbox 3412 506 3784 580; x_wconf 83' lang='lat' dir='ltr'><strong>percipiantus</strong></span> 
     </span>
    </p>
   </div>
   <div class='ocr_carea' id='block_1_58' title="bbox 2187 596 3011 656">
    <p class='ocr_par' dir='ltr' id='par_1_58' title="bbox 2187 596 3011 656">
     <span class='ocr_line' id='line_1_58' title="bbox 2187 596 3011 656; baseline -0.007 0"><span class='ocrx_word' id='word_1_366' title='bbox 2187 598 2627 656; x_wconf 89' lang='lat' dir='ltr'><strong>emolumentum.</strong></span> <span class='ocrx_word' id='word_1_367' title='bbox 2678 596 2783 652; x_wconf 90' lang='lat' dir='ltr'><strong>Per</strong></span> <span class='ocrx_word' id='word_1_368' title='bbox 2806 596 3011 652; x_wconf 89' lang='lat' dir='ltr'><strong>Christ.</strong></span> 
     </span>
    </p>
   </div>
   <div class='ocr_carea' id='block_1_59' title="bbox 2832 731 3117 780">
    <p class='ocr_par' dir='ltr' id='par_1_59' title="bbox 2832 731 3117 780">
     <span class='ocr_line' id='line_1_59' title="bbox 2832 731 3117 780; baseline 0.011 -6"><span class='ocrx_word' id='word_1_369' title='bbox 2832 731 2987 780; x_wconf 57' lang='lat' dir='ltr'><strong>FEB“</strong></span> <span class='ocrx_word' id='word_1_370' title='bbox 3032 732 3117 777; x_wconf 64' lang='grc' dir='ltr'>ιιι,</span> 
     </span>
    </p>
   </div>
   <div class='ocr_carea' id='block_1_60' title="bbox 2257 826 3780 897">
    <p class='ocr_par' dir='ltr' id='par_1_60' title="bbox 2257 826 3780 897">
     <span class='ocr_line' id='line_1_60' title="bbox 2257 826 3780 897; baseline 0 -11"><span class='ocrx_word' id='word_1_371' title='bbox 2257 828 2478 886; x_wconf 64' lang='grc' dir='ltr'>Ᾰεὶιειιιιθ</span> <span class='ocrx_word' id='word_1_372' title='bbox 2523 828 2684 884; x_wconf 88' lang='lat' dir='ltr'><strong>Deus.</strong></span> <span class='ocrx_word' id='word_1_373' title='bbox 2736 826 2843 883; x_wconf 87' lang='lat' dir='ltr'><strong>Per</strong></span> <span class='ocrx_word' id='word_1_374' title='bbox 2873 826 3221 885; x_wconf 88' lang='lat' dir='ltr'><strong>mediatorem</strong></span> <span class='ocrx_word' id='word_1_375' title='bbox 3267 829 3361 886; x_wconf 90' lang='lat' dir='ltr'><strong>Dei</strong></span> <span class='ocrx_word' id='word_1_376' title='bbox 3390 838 3445 886; x_wconf 91' lang='lat' dir='ltr'><strong>et</strong></span> <span class='ocrx_word' id='word_1_377' title='bbox 3471 830 3780 897; x_wconf 81' lang='lat' dir='ltr'><strong>hominum,</strong></span> 
     </span>
    </p>
   </div>
   <div class='ocr_carea' id='block_1_61' title="bbox 2184 921 3783 991">
    <p class='ocr_par' dir='ltr' id='par_1_61' title="bbox 2184 921 3783 991">
     <span class='ocr_line' id='line_1_61' title="bbox 2184 921 3783 991; baseline -0.001 -11"><span class='ocrx_word' id='word_1_378' title='bbox 2184 923 2367 980; x_wconf 72' lang='lat' dir='ltr'><strong>Iesum</strong></span> <span class='ocrx_word' id='word_1_379' title='bbox 2412 922 2687 978; x_wconf 87' lang='lat' dir='ltr'><strong>Christum</strong></span> <span class='ocrx_word' id='word_1_380' title='bbox 2723 921 3009 977; x_wconf 92' lang='lat' dir='ltr'><strong>Dominum</strong></span> <span class='ocrx_word' id='word_1_381' title='bbox 3036 930 3306 989; x_wconf 91' lang='lat' dir='ltr'><strong>nostrum,</strong></span> <span class='ocrx_word' id='word_1_382' title='bbox 3344 922 3470 991; x_wconf 91' lang='lat' dir='ltr'><strong>Qui,</strong></span> <span class='ocrx_word' id='word_1_383' title='bbox 3503 923 3783 978; x_wconf 79' lang='lat' dir='ltr'><strong>mediante</strong></span> 
     </span>
    </p>
   </div>
   <div class='ocr_carea' id='block_1_62' title="bbox 2187 1011 3783 1084">
    <p class='ocr_par' dir='ltr' id='par_1_62' title="bbox 2187 1011 3783 1084">
     <span class='ocr_line' id='line_1_62' title="bbox 2187 1011 3783 1084; baseline -0.001 -14"><span class='ocrx_word' id='word_1_384' title='bbox 2187 1015 2273 1070; x_wconf 89' lang='lat' dir='ltr'><strong>die</strong></span> <span class='ocrx_word' id='word_1_385' title='bbox 2300 1015 2457 1081; x_wconf 83' lang='lat' dir='ltr'><strong>festo,</strong></span> <span class='ocrx_word' id='word_1_386' title='bbox 2489 1013 2734 1070; x_wconf 88' lang='lat' dir='ltr'><strong>ascendit</strong></span> <span class='ocrx_word' id='word_1_387' title='bbox 2760 1013 2815 1067; x_wconf 91' lang='lat' dir='ltr'><strong>in</strong></span> <span class='ocrx_word' id='word_1_388' title='bbox 2840 1011 3095 1082; x_wconf 90' lang='lat' dir='ltr'><strong>templum</strong></span> <span class='ocrx_word' id='word_1_389' title='bbox 3126 1013 3354 1077; x_wconf 90' lang='lat' dir='ltr'><strong>docere,</strong></span> <span class='ocrx_word' id='word_1_390' title='bbox 3390 1015 3483 1084; x_wconf 89' lang='lat' dir='ltr'><strong>qui</strong></span> <span class='ocrx_word' id='word_1_391' title='bbox 3530 1016 3601 1069; x_wconf 87' lang='lat' dir='ltr'><strong>de</strong></span> <span class='ocrx_word' id='word_1_392' title='bbox 3646 1014 3783 1069; x_wconf 63' lang='lat' dir='ltr'><strong>creto</strong></span> 
     </span>
    </p>
   </div>
   <div class='ocr_carea' id='block_1_63' title="bbox 2186 1105 3780 1176">
    <p class='ocr_par' dir='ltr' id='par_1_63' title="bbox 2186 1105 3780 1176">
     <span class='ocr_line' id='line_1_63' title="bbox 2186 1105 3780 1176; baseline 0 -13"><span class='ocrx_word' id='word_1_393' title='bbox 2186 1108 2498 1172; x_wconf 89' lang='lat' dir='ltr'><strong>descendit,</strong></span> <span class='ocrx_word' id='word_1_394' title='bbox 2527 1106 2783 1162; x_wconf 90' lang='lat' dir='ltr'><strong>mundum</strong></span> <span class='ocrx_word' id='word_1_395' title='bbox 2810 1105 2878 1161; x_wconf 89' lang='lat' dir='ltr'><strong>ab</strong></span> <span class='ocrx_word' id='word_1_396' title='bbox 2912 1105 3234 1176; x_wconf 75' lang='lat' dir='ltr'><strong>ignorantiae</strong></span> <span class='ocrx_word' id='word_1_397' title='bbox 3261 1107 3499 1162; x_wconf 79' lang='lat' dir='ltr'><strong>tenebris</strong></span> <span class='ocrx_word' id='word_1_398' title='bbox 3520 1106 3780 1163; x_wconf 85' lang='lat' dir='ltr'><strong>liberare.</strong></span> 
     </span>
    </p>
   </div>
   <div class='ocr_carea' id='block_1_64' title="bbox 2185 1198 3780 1271">
    <p class='ocr_par' dir='ltr' id='par_1_64' title="bbox 2185 1198 3780 1271">
     <span class='ocr_line' id='line_1_64' title="bbox 2185 1198 3780 1271; baseline 0 -17"><span class='ocrx_word' id='word_1_399' title='bbox 2185 1198 2351 1270; x_wconf 90' lang='lat' dir='ltr'><strong>Cujus</strong></span> <span class='ocrx_word' id='word_1_400' title='bbox 2385 1201 2676 1256; x_wconf 83' lang='lat' dir='ltr'><strong>descensus</strong></span> <span class='ocrx_word' id='word_1_401' title='bbox 2708 1215 2879 1271; x_wconf 85' lang='lat' dir='ltr'><strong>genus</strong></span> <span class='ocrx_word' id='word_1_402' title='bbox 2922 1199 3221 1254; x_wconf 90' lang='lat' dir='ltr'><strong>humanum</strong></span> <span class='ocrx_word' id='word_1_403' title='bbox 3260 1199 3509 1254; x_wconf 86' lang='lat' dir='ltr'><strong>doctrina</strong></span> <span class='ocrx_word' id='word_1_404' title='bbox 3550 1199 3780 1255; x_wconf 81' lang='lat' dir='ltr'><strong>salutari</strong></span> 
     </span>
    </p>
   </div>
   <div class='ocr_carea' id='block_1_65' title="bbox 2187 1285 3783 1361">
    <p class='ocr_par' dir='ltr' id='par_1_65' title="bbox 2187 1285 3783 1361">
     <span class='ocr_line' id='line_1_65' title="bbox 2187 1285 3783 1361; baseline 0 -15"><span class='ocrx_word' id='word_1_405' title='bbox 2187 1292 2442 1357; x_wconf 90' lang='lat' dir='ltr'><strong>instituit,</strong></span> <span class='ocrx_word' id='word_1_406' title='bbox 2468 1285 2621 1347; x_wconf 78' lang='lat' dir='ltr'><strong>&#39;mors</strong></span> <span class='ocrx_word' id='word_1_407' title='bbox 2650 1307 2681 1346; x_wconf 90' lang='lat' dir='ltr'><strong>a</strong></span> <span class='ocrx_word' id='word_1_408' title='bbox 2722 1298 2979 1361; x_wconf 89' lang='lat' dir='ltr'><strong>perpetua</strong></span> <span class='ocrx_word' id='word_1_409' title='bbox 3011 1299 3187 1346; x_wconf 86' lang='lat' dir='ltr'><strong>morte</strong></span> <span class='ocrx_word' id='word_1_410' title='bbox 3227 1290 3482 1356; x_wconf 86' lang='lat' dir='ltr'><strong>redemit,</strong></span> <span class='ocrx_word' id='word_1_411' title='bbox 3525 1293 3783 1347; x_wconf 79' lang='lat' dir='ltr'><strong>ascensio</strong></span> 
     </span>
    </p>
   </div>
   <div class='ocr_carea' id='block_1_66' title="bbox 2186 1379 3783 1452">
    <p class='ocr_par' dir='ltr' id='par_1_66' title="bbox 2186 1379 3783 1452">
     <span class='ocr_line' id='line_1_66' title="bbox 2186 1379 3783 1452; baseline -0.001 -16"><span class='ocrx_word' id='word_1_412' title='bbox 2186 1382 2253 1436; x_wconf 91' lang='lat' dir='ltr'><strong>ad</strong></span> <span class='ocrx_word' id='word_1_413' title='bbox 2292 1380 2534 1437; x_wconf 77' lang='lat' dir='ltr'><strong>cmlestia</strong></span> <span class='ocrx_word' id='word_1_414' title='bbox 2568 1395 2731 1452; x_wconf 85' lang='lat' dir='ltr'><strong>regna</strong></span> <span class='ocrx_word' id='word_1_415' title='bbox 2760 1379 3032 1451; x_wconf 87' lang='lat' dir='ltr'><strong>perduxit.</strong></span> <span class='ocrx_word' id='word_1_416' title='bbox 3088 1379 3196 1435; x_wconf 91' lang='lat' dir='ltr'><strong>Per</strong></span> <span class='ocrx_word' id='word_1_417' title='bbox 3236 1396 3397 1451; x_wconf 90' lang='lat' dir='ltr'><strong>quem</strong></span> <span class='ocrx_word' id='word_1_418' title='bbox 3439 1389 3516 1445; x_wconf 89' lang='lat' dir='ltr'><strong>te,</strong></span> <span class='ocrx_word' id='word_1_419' title='bbox 3560 1396 3783 1435; x_wconf 84' lang='lat' dir='ltr'><strong>summe</strong></span> 
     </span>
    </p>
   </div>
   <div class='ocr_carea' id='block_1_67' title="bbox 2186 1468 3783 1541">
    <p class='ocr_par' dir='ltr' id='par_1_67' title="bbox 2186 1468 3783 1541">
     <span class='ocr_line' id='line_1_67' title="bbox 2186 1468 3783 1541; baseline 0.001 -16"><span class='ocrx_word' id='word_1_420' title='bbox 2186 1470 2366 1535; x_wconf 89' lang='lat' dir='ltr'><strong>Pater,</strong></span> <span class='ocrx_word' id='word_1_421' title='bbox 2393 1471 2665 1541; x_wconf 90' lang='lat' dir='ltr'><strong>poscimus</strong></span> <span class='ocrx_word' id='word_1_422' title='bbox 2688 1479 2748 1525; x_wconf 92' lang='lat' dir='ltr'><strong>ut</strong></span> <span class='ocrx_word' id='word_1_423' title='bbox 2780 1468 2896 1540; x_wconf 90' lang='lat' dir='ltr'><strong>ejus</strong></span> <span class='ocrx_word' id='word_1_424' title='bbox 2928 1470 3266 1526; x_wconf 89' lang='lat' dir='ltr'><strong>institutione</strong></span> <span class='ocrx_word' id='word_1_425' title='bbox 3292 1471 3490 1536; x_wconf 89' lang='lat' dir='ltr'><strong>edocti,</strong></span> <span class='ocrx_word' id='word_1_426' title='bbox 3520 1472 3783 1527; x_wconf 81' lang='lat' dir='ltr'><strong>salutaris</strong></span> 
     </span>
    </p>
   </div>
   <div class='ocr_carea' id='block_1_68' title="bbox 2186 1560 3780 1634">
    <p class='ocr_par' dir='ltr' id='par_1_68' title="bbox 2186 1560 3780 1634">
     <span class='ocr_line' id='line_1_68' title="bbox 2186 1560 3780 1634; baseline 0.001 -18"><span class='ocrx_word' id='word_1_427' title='bbox 2186 1562 2534 1634; x_wconf 82' lang='lat' dir='ltr'><strong>parcimoniae</strong></span> <span class='ocrx_word' id='word_1_428' title='bbox 2554 1560 2837 1617; x_wconf 88' lang='lat' dir='ltr'><strong>devotione</strong></span> <span class='ocrx_word' id='word_1_429' title='bbox 2860 1560 3153 1631; x_wconf 90' lang='lat' dir='ltr'><strong>purilicati,</strong></span> <span class='ocrx_word' id='word_1_430' title='bbox 3178 1561 3246 1614; x_wconf 92' lang='lat' dir='ltr'><strong>ad</strong></span> <span class='ocrx_word' id='word_1_431' title='bbox 3269 1568 3358 1616; x_wconf 90' lang='lat' dir='ltr'><strong>tua</strong></span> <span class='ocrx_word' id='word_1_432' title='bbox 3384 1562 3780 1632; x_wconf 73' lang='lat' dir='ltr'><strong>perveniamus</strong></span> 
     </span>
    </p>
   </div>
   <div class='ocr_carea' id='block_1_69' title="bbox 2185 1653 3411 1726">
    <p class='ocr_par' dir='ltr' id='par_1_69' title="bbox 2185 1653 3411 1726">
     <span class='ocr_line' id='line_1_69' title="bbox 2185 1653 3411 1726; baseline -0.001 -15"><span class='ocrx_word' id='word_1_433' title='bbox 2185 1656 2449 1726; x_wconf 86' lang='lat' dir='ltr'><strong>promissa</strong></span> <span class='ocrx_word' id='word_1_434' title='bbox 2476 1655 2674 1713; x_wconf 88' lang='lat' dir='ltr'><strong>securi.</strong></span> <span class='ocrx_word' id='word_1_435' title='bbox 2726 1654 2833 1711; x_wconf 89' lang='lat' dir='ltr'><strong>Per</strong></span> <span class='ocrx_word' id='word_1_436' title='bbox 2859 1669 3017 1726; x_wconf 89' lang='lat' dir='ltr'><strong>quem</strong></span> <span class='ocrx_word' id='word_1_437' title='bbox 3048 1653 3411 1726; x_wconf 84' lang='lat' dir='ltr'><strong>majestatem.</strong></span> 
     </span>
    </p>
   </div>
   <div class='ocr_carea' id='block_1_70' title="bbox 2830 1782 3111 1823">
    <p class='ocr_par' dir='ltr' id='par_1_70' title="bbox 2830 1782 3111 1823">
     <span class='ocr_line' id='line_1_70' title="bbox 2830 1782 3111 1823; baseline -0.004 0"><span class='ocrx_word' id='word_1_438' title='bbox 2830 1782 2989 1823; x_wconf 71' lang='grc' dir='ltr'>ηιιιιι</span> <span class='ocrx_word' id='word_1_439' title='bbox 3037 1782 3111 1823; x_wconf 72' lang='grc' dir='ltr'><strong>ιν.</strong></span> 
     </span>
    </p>
   </div>
   <div class='ocr_carea' id='block_1_71' title="bbox 2252 1872 3775 1944">
    <p class='ocr_par' dir='ltr' id='par_1_71' title="bbox 2252 1872 3775 1944">
     <span class='ocr_line' id='line_1_71' title="bbox 2252 1872 3775 1944; baseline 0.003 -17"><span class='ocrx_word' id='word_1_440' title='bbox 2252 1872 2365 1944; x_wconf 85' lang='grc' dir='ltr'><strong>(Α.)</strong></span> <span class='ocrx_word' id='word_1_441' title='bbox 2393 1873 2620 1930; x_wconf 70' lang='grc' dir='ltr'><strong>Ᾰὲιθι-ηθ</strong></span> <span class='ocrx_word' id='word_1_442' title='bbox 2646 1874 2810 1930; x_wconf 90' lang='lat' dir='ltr'><strong>Deus.</strong></span> <span class='ocrx_word' id='word_1_443' title='bbox 2857 1873 2965 1930; x_wconf 86' lang='lat' dir='ltr'><strong>Per</strong></span> <span class='ocrx_word' id='word_1_444' title='bbox 3009 1873 3288 1930; x_wconf 89' lang='lat' dir='ltr'><strong>Christum</strong></span> <span class='ocrx_word' id='word_1_445' title='bbox 3330 1875 3631 1932; x_wconf 88' lang='lat' dir='ltr'><strong>Dominum</strong></span> <span class='ocrx_word' id='word_1_446' title='bbox 3684 1893 3775 1932; x_wconf 83' lang='lat' dir='ltr'><strong>no-</strong></span> 
     </span>
    </p>
   </div>
   <div class='ocr_carea' id='block_1_72' title="bbox 2179 1964 3774 2039">
    <p class='ocr_par' dir='ltr' id='par_1_72' title="bbox 2179 1964 3774 2039">
     <span class='ocr_line' id='line_1_72' title="bbox 2179 1964 3774 2039; baseline 0.003 -20"><span class='ocrx_word' id='word_1_447' title='bbox 2179 1972 2373 2021; x_wconf 89' lang='lat' dir='ltr'><strong>strum.</strong></span> <span class='ocrx_word' id='word_1_448' title='bbox 2428 1964 2531 2033; x_wconf 94' lang='lat' dir='ltr'><strong>Qui</strong></span> <span class='ocrx_word' id='word_1_449' title='bbox 2568 1964 2961 2020; x_wconf 88' lang='lat' dir='ltr'><strong>illuminatione</strong></span> <span class='ocrx_word' id='word_1_450' title='bbox 2987 1981 3101 2021; x_wconf 65' lang='lat' dir='ltr'><strong>suae</strong></span> <span class='ocrx_word' id='word_1_451' title='bbox 3130 1965 3250 2022; x_wconf 89' lang='lat' dir='ltr'><strong>ﬁdei</strong></span> <span class='ocrx_word' id='word_1_452' title='bbox 3283 1968 3537 2023; x_wconf 88' lang='lat' dir='ltr'><strong>tenebras</strong></span> <span class='ocrx_word' id='word_1_453' title='bbox 3563 1969 3774 2039; x_wconf 75' lang='lat' dir='ltr'><strong>expulit</strong></span> 
     </span>
    </p>
   </div>
   <div class='ocr_carea' id='block_1_73' title="bbox 2177 2056 3770 2127">
    <p class='ocr_par' dir='ltr' id='par_1_73' title="bbox 2177 2056 3770 2127">
     <span class='ocr_line' id='line_1_73' title="bbox 2177 2056 3770 2127; baseline 0.002 -17"><span class='ocrx_word' id='word_1_454' title='bbox 2177 2056 2385 2119; x_wconf 89' lang='lat' dir='ltr'><strong>mundi,</strong></span> <span class='ocrx_word' id='word_1_455' title='bbox 2414 2064 2471 2111; x_wconf 90' lang='lat' dir='ltr'><strong>et</strong></span> <span class='ocrx_word' id='word_1_456' title='bbox 2493 2071 2664 2127; x_wconf 89' lang='lat' dir='ltr'><strong>genus</strong></span> <span class='ocrx_word' id='word_1_457' title='bbox 2693 2056 2989 2111; x_wconf 83' lang='lat' dir='ltr'><strong>humanum</strong></span> <span class='ocrx_word' id='word_1_458' title='bbox 3027 2057 3173 2126; x_wconf 86' lang='lat' dir='ltr'><strong>quod</strong></span> <span class='ocrx_word' id='word_1_459' title='bbox 3196 2057 3385 2127; x_wconf 65' lang='lat' dir='ltr'><strong>prima:</strong></span> <span class='ocrx_word' id='word_1_460' title='bbox 3412 2060 3612 2113; x_wconf 87' lang='lat' dir='ltr'><strong>matris</strong></span> <span class='ocrx_word' id='word_1_461' title='bbox 3659 2068 3770 2114; x_wconf 86' lang='lat' dir='ltr'><strong>ule-</strong></span> 
     </span>
    </p>
   </div>
   <div class='ocr_carea' id='block_1_74' title="bbox 2179 2146 3770 2221">
    <p class='ocr_par' dir='ltr' id='par_1_74' title="bbox 2179 2146 3770 2221">
     <span class='ocr_line' id='line_1_74' title="bbox 2179 2146 3770 2221; baseline 0.001 -19"><span class='ocrx_word' id='word_1_462' title='bbox 2179 2162 2273 2202; x_wconf 90' lang='lat' dir='ltr'><strong>rus</strong></span> <span class='ocrx_word' id='word_1_463' title='bbox 2307 2146 2622 2216; x_wconf 77' lang='lat' dir='ltr'><strong>profuderat</strong></span> <span class='ocrx_word' id='word_1_464' title='bbox 2648 2162 2873 2211; x_wconf 80' lang='lat' dir='ltr'><strong>caecum,</strong></span> <span class='ocrx_word' id='word_1_465' title='bbox 2911 2147 3299 2203; x_wconf 87' lang='lat' dir='ltr'><strong>incarnationis</strong></span> <span class='ocrx_word' id='word_1_466' title='bbox 3348 2164 3460 2203; x_wconf 70' lang='lat' dir='ltr'><strong>sua:</strong></span> <span class='ocrx_word' id='word_1_467' title='bbox 3509 2151 3770 2221; x_wconf 80' lang='lat' dir='ltr'><strong>mysterio</strong></span> 
     </span>
    </p>
   </div>
   <div class='ocr_carea' id='block_1_75' title="bbox 2176 2237 3767 2311">
    <p class='ocr_par' dir='ltr' id='par_1_75' title="bbox 2176 2237 3767 2311">
     <span class='ocr_line' id='line_1_75' title="bbox 2176 2237 3767 2311; baseline 0.002 -16"><span class='ocrx_word' id='word_1_468' title='bbox 2176 2238 2409 2300; x_wconf 82' lang='lat' dir='ltr'><strong>reddidit</strong></span> <span class='ocrx_word' id='word_1_469' title='bbox 2448 2238 2828 2304; x_wconf 90' lang='lat' dir='ltr'><strong>illuminatum,</strong></span> <span class='ocrx_word' id='word_1_470' title='bbox 2858 2237 3093 2308; x_wconf 85' lang='lat' dir='ltr'><strong>fecitque</strong></span> <span class='ocrx_word' id='word_1_471' title='bbox 3121 2238 3260 2295; x_wconf 90' lang='lat' dir='ltr'><strong>ﬁlios</strong></span> <span class='ocrx_word' id='word_1_472' title='bbox 3280 2240 3590 2310; x_wconf 80' lang='lat' dir='ltr'><strong>adaptionis</strong></span> <span class='ocrx_word' id='word_1_473' title='bbox 3615 2282 3634 2305; x_wconf 94' lang='lat'><strong>,</strong></span> <span class='ocrx_word' id='word_1_474' title='bbox 3678 2242 3767 2311; x_wconf 79' lang='lat' dir='ltr'><strong>qui</strong></span> 
     </span>
    </p>
   </div>
   <div class='ocr_carea' id='block_1_76' title="bbox 2176 2327 3765 2402">
    <p class='ocr_par' dir='ltr' id='par_1_76' title="bbox 2176 2327 3765 2402">
     <span class='ocr_line' id='line_1_76' title="bbox 2176 2327 3765 2402; baseline 0.003 -19"><span class='ocrx_word' id='word_1_475' title='bbox 2176 2330 2502 2384; x_wconf 89' lang='lat' dir='ltr'><strong>tenebantur</strong></span> <span class='ocrx_word' id='word_1_476' title='bbox 2538 2328 2767 2384; x_wconf 87' lang='lat' dir='ltr'><strong>vinculis</strong></span> <span class='ocrx_word' id='word_1_477' title='bbox 2802 2327 2964 2397; x_wconf 59' lang='lat' dir='ltr'><strong>justas</strong></span> <span class='ocrx_word' id='word_1_478' title='bbox 2999 2329 3388 2385; x_wconf 85' lang='lat' dir='ltr'><strong>damnationis.</strong></span> <span class='ocrx_word' id='word_1_479' title='bbox 3431 2331 3543 2387; x_wconf 88' lang='lat' dir='ltr'><strong>Per</strong></span> <span class='ocrx_word' id='word_1_480' title='bbox 3588 2333 3765 2402; x_wconf 80' lang='lat' dir='ltr'><strong>ipsum</strong></span> 
     </span>
    </p>
   </div>
   <div class='ocr_carea' id='block_1_77' title="bbox 2175 2418 3764 2489">
    <p class='ocr_par' dir='ltr' id='par_1_77' title="bbox 2175 2418 3764 2489">
     <span class='ocr_line' id='line_1_77' title="bbox 2175 2418 3764 2489; baseline 0.002 -14"><span class='ocrx_word' id='word_1_481' title='bbox 2175 2428 2229 2475; x_wconf 86' lang='lat' dir='ltr'><strong>te</strong></span> <span class='ocrx_word' id='word_1_482' title='bbox 2259 2420 2525 2489; x_wconf 88' lang='lat' dir='ltr'><strong>petimus,</strong></span> <span class='ocrx_word' id='word_1_483' title='bbox 2555 2428 2617 2475; x_wconf 93' lang='lat' dir='ltr'><strong>ut</strong></span> <span class='ocrx_word' id='word_1_484' title='bbox 2642 2419 2777 2476; x_wconf 90' lang='lat' dir='ltr'><strong>tales</strong></span> <span class='ocrx_word' id='word_1_485' title='bbox 2818 2420 2873 2475; x_wconf 91' lang='lat' dir='ltr'><strong>in</strong></span> <span class='ocrx_word' id='word_1_486' title='bbox 2915 2418 3031 2489; x_wconf 89' lang='lat' dir='ltr'><strong>ejus</strong></span> <span class='ocrx_word' id='word_1_487' title='bbox 3069 2419 3412 2475; x_wconf 89' lang='lat' dir='ltr'><strong>inveniamur</strong></span> <span class='ocrx_word' id='word_1_488' title='bbox 3453 2419 3764 2489; x_wconf 84' lang='lat' dir='ltr'><strong>justissima</strong></span> 
     </span>
    </p>
   </div>
   <div class='ocr_carea' id='block_1_78' title="bbox 2172 2510 3767 2582">
    <p class='ocr_par' dir='ltr' id='par_1_78' title="bbox 2172 2510 3767 2582">
     <span class='ocr_line' id='line_1_78' title="bbox 2172 2510 3767 2582; baseline 0.003 -16"><span class='ocrx_word' id='word_1_489' title='bbox 2172 2512 2593 2579; x_wconf 80' lang='lat' dir='ltr'><strong>examinatione,</strong></span> <span class='ocrx_word' id='word_1_490' title='bbox 2623 2512 2809 2582; x_wconf 88' lang='lat' dir='ltr'><strong>quales</strong></span> <span class='ocrx_word' id='word_1_491' title='bbox 2837 2510 2964 2571; x_wconf 84' lang='lat' dir='ltr'><strong>facti</strong></span> <span class='ocrx_word' id='word_1_492' title='bbox 2988 2527 3174 2568; x_wconf 90' lang='lat' dir='ltr'><strong>sumus</strong></span> <span class='ocrx_word' id='word_1_493' title='bbox 3193 2512 3246 2566; x_wconf 90' lang='lat' dir='ltr'><strong>in</strong></span> <span class='ocrx_word' id='word_1_494' title='bbox 3271 2512 3474 2568; x_wconf 88' lang='lat' dir='ltr'><strong>lavacri</strong></span> <span class='ocrx_word' id='word_1_495' title='bbox 3507 2514 3767 2570; x_wconf 84' lang='lat' dir='ltr'><strong>salutaris</strong></span> 
     </span>
    </p>
   </div>
   <div class='ocr_carea' id='block_1_79' title="bbox 2173 2599 3762 2674">
    <p class='ocr_par' dir='ltr' id='par_1_79' title="bbox 2173 2599 3762 2674">
     <span class='ocr_line' id='line_1_79' title="bbox 2173 2599 3762 2674; baseline 0.001 -18"><span class='ocrx_word' id='word_1_496' title='bbox 2173 2599 2482 2658; x_wconf 75' lang='lat' dir='ltr'><strong>felicissima</strong></span> <span class='ocrx_word' id='word_1_497' title='bbox 2508 2602 2918 2674; x_wconf 85' lang='lat' dir='ltr'><strong>regeneratione</strong></span> <span class='ocrx_word' id='word_1_498' title='bbox 2948 2620 2963 2656; x_wconf 89' lang='lat'><strong>:</strong></span> <span class='ocrx_word' id='word_1_499' title='bbox 2992 2610 3053 2656; x_wconf 93' lang='grc' dir='ltr'><strong>ιιι</strong></span> <span class='ocrx_word' id='word_1_500' title='bbox 3079 2601 3197 2672; x_wconf 92' lang='lat' dir='ltr'><strong>ejus</strong></span> <span class='ocrx_word' id='word_1_501' title='bbox 3228 2602 3626 2658; x_wconf 87' lang='lat' dir='ltr'><strong>incarnationis</strong></span> <span class='ocrx_word' id='word_1_502' title='bbox 3652 2620 3762 2658; x_wconf 87' lang='lat' dir='ltr'><strong>me-</strong></span> 
     </span>
    </p>
   </div>
   <div class='ocr_carea' id='block_1_80' title="bbox 2174 2691 3759 2761">
    <p class='ocr_par' dir='ltr' id='par_1_80' title="bbox 2174 2691 3759 2761">
     <span class='ocr_line' id='line_1_80' title="bbox 2174 2691 3759 2761; baseline 0 -13"><span class='ocrx_word' id='word_1_503' title='bbox 2174 2693 2439 2749; x_wconf 91' lang='lat' dir='ltr'><strong>dicamine</strong></span> <span class='ocrx_word' id='word_1_504' title='bbox 2468 2692 2659 2747; x_wconf 89' lang='lat' dir='ltr'><strong>imbuti</strong></span> <span class='ocrx_word' id='word_1_505' title='bbox 2688 2732 2704 2757; x_wconf 92' lang='lat'><strong>,</strong></span> <span class='ocrx_word' id='word_1_506' title='bbox 2737 2691 3066 2749; x_wconf 90' lang='lat' dir='ltr'><strong>sacrosancti</strong></span> <span class='ocrx_word' id='word_1_507' title='bbox 3095 2693 3298 2749; x_wconf 87' lang='lat' dir='ltr'><strong>lavacri</strong></span> <span class='ocrx_word' id='word_1_508' title='bbox 3337 2692 3616 2749; x_wconf 87' lang='lat' dir='ltr'><strong>ablutione</strong></span> <span class='ocrx_word' id='word_1_509' title='bbox 3645 2694 3759 2761; x_wconf 84' lang='lat' dir='ltr'><strong>loti,</strong></span> 
     </span>
    </p>
   </div>
   <div class='ocr_carea' id='block_1_81' title="bbox 2171 2784 3761 2858">
    <p class='ocr_par' dir='ltr' id='par_1_81' title="bbox 2171 2784 3761 2858">
     <span class='ocr_line' id='line_1_81' title="bbox 2171 2784 3761 2858; baseline -0.001 -17"><span class='ocrx_word' id='word_1_510' title='bbox 2171 2786 2518 2857; x_wconf 73' lang='lat' dir='ltr'><strong>parcimonize</strong></span> <span class='ocrx_word' id='word_1_511' title='bbox 2570 2785 2856 2841; x_wconf 88' lang='lat' dir='ltr'><strong>devotione</strong></span> <span class='ocrx_word' id='word_1_512' title='bbox 2921 2785 3143 2851; x_wconf 89' lang='lat' dir='ltr'><strong>ornati,</strong></span> <span class='ocrx_word' id='word_1_513' title='bbox 3198 2784 3266 2840; x_wconf 88' lang='lat' dir='ltr'><strong>ad</strong></span> <span class='ocrx_word' id='word_1_514' title='bbox 3313 2793 3518 2840; x_wconf 68' lang='lat' dir='ltr'><strong>aeterna</strong></span> <span class='ocrx_word' id='word_1_515' title='bbox 3568 2787 3761 2858; x_wconf 81' lang='lat' dir='ltr'><strong>gaudia</strong></span> 
     </span>
    </p>
   </div>
   <div class='ocr_carea' id='block_1_82' title="bbox 2171 2871 3541 2945">
    <p class='ocr_par' dir='ltr' id='par_1_82' title="bbox 2171 2871 3541 2945">
     <span class='ocr_line' id='line_1_82' title="bbox 2171 2871 3541 2945; baseline -0.002 -15"><span class='ocrx_word' id='word_1_516' title='bbox 2171 2874 2551 2945; x_wconf 88' lang='lat' dir='ltr'><strong>perveniamus</strong></span> <span class='ocrx_word' id='word_1_517' title='bbox 2598 2871 2769 2929; x_wconf 64' lang='lat' dir='ltr'><strong>illaesi.</strong></span> <span class='ocrx_word' id='word_1_518' title='bbox 2804 2871 2931 2927; x_wconf 67' lang='lat' dir='ltr'><strong>vPer</strong></span> <span class='ocrx_word' id='word_1_519' title='bbox 2963 2887 3126 2942; x_wconf 89' lang='lat' dir='ltr'><strong>quem</strong></span> <span class='ocrx_word' id='word_1_520' title='bbox 3176 2872 3541 2943; x_wconf 88' lang='lat' dir='ltr'><strong>majestatem.</strong></span> 
     </span>
    </p>
   </div>
   <div class='ocr_carea' id='block_1_83' title="bbox 2830 2998 3089 3046">
    <p class='ocr_par' dir='ltr' id='par_1_83' title="bbox 2830 2998 3089 3046">
     <span class='ocr_line' id='line_1_83' title="bbox 2830 2998 3089 3046; baseline -0.012 -5"><span class='ocrx_word' id='word_1_521' title='bbox 2830 2999 2988 3046; x_wconf 72' lang='lat' dir='ltr'><strong>FEMA</strong></span> <span class='ocrx_word' id='word_1_522' title='bbox 3035 2998 3089 3039; x_wconf 67' lang='grc' dir='ltr'><strong>Υ.</strong></span> 
     </span>
    </p>
   </div>
   <div class='ocr_carea' id='block_1_84' title="bbox 2245 3092 3760 3166">
    <p class='ocr_par' dir='ltr' id='par_1_84' title="bbox 2245 3092 3760 3166">
     <span class='ocr_line' id='line_1_84' title="bbox 2245 3092 3760 3166; baseline 0.002 -19"><span class='ocrx_word' id='word_1_523' title='bbox 2245 3092 2358 3166; x_wconf 82' lang='grc' dir='ltr'><strong>(Α.)</strong></span> <span class='ocrx_word' id='word_1_524' title='bbox 2396 3093 2621 3150; x_wconf 68' lang='grc' dir='ltr'><strong>Ᾱῑιθηιθ</strong></span> <span class='ocrx_word' id='word_1_525' title='bbox 2642 3094 2805 3150; x_wconf 90' lang='lat' dir='ltr'><strong>Deus.</strong></span> <span class='ocrx_word' id='word_1_526' title='bbox 2842 3092 3008 3162; x_wconf 89' lang='lat' dir='ltr'><strong>Cujus</strong></span> <span class='ocrx_word' id='word_1_527' title='bbox 3032 3092 3244 3148; x_wconf 90' lang='lat' dir='ltr'><strong>bonitas</strong></span> <span class='ocrx_word' id='word_1_528' title='bbox 3272 3092 3549 3148; x_wconf 88' lang='lat' dir='ltr'><strong>hominem</strong></span> <span class='ocrx_word' id='word_1_529' title='bbox 3573 3092 3760 3150; x_wconf 84' lang='lat' dir='ltr'><strong>condi-</strong></span> 
     </span>
    </p>
   </div>
   <div class='ocr_carea' id='block_1_85' title="bbox 2170 3185 3761 3257">
    <p class='ocr_par' dir='ltr' id='par_1_85' title="bbox 2170 3185 3761 3257">
     <span class='ocr_line' id='line_1_85' title="bbox 2170 3185 3761 3257; baseline 0 -16"><span class='ocrx_word' id='word_1_530' title='bbox 2170 3185 2269 3253; x_wconf 90' lang='lat' dir='ltr'><strong>dit,</strong></span> <span class='ocrx_word' id='word_1_531' title='bbox 2313 3186 2525 3257; x_wconf 91' lang='lat' dir='ltr'><strong>justitia</strong></span> <span class='ocrx_word' id='word_1_532' title='bbox 2580 3186 2896 3252; x_wconf 89' lang='lat' dir='ltr'><strong>damnavit,</strong></span> <span class='ocrx_word' id='word_1_533' title='bbox 2947 3185 3321 3241; x_wconf 87' lang='lat' dir='ltr'><strong>misericordia</strong></span> <span class='ocrx_word' id='word_1_534' title='bbox 3369 3186 3620 3241; x_wconf 86' lang='lat' dir='ltr'><strong>redemit.</strong></span> <span class='ocrx_word' id='word_1_535' title='bbox 3686 3185 3761 3243; x_wconf 75' lang='lat' dir='ltr'><strong>Te</strong></span> 
     </span>
    </p>
   </div>
   <div class='ocr_carea' id='block_1_86' title="bbox 2169 3274 3755 3345">
    <p class='ocr_par' dir='ltr' id='par_1_86' title="bbox 2169 3274 3755 3345">
     <span class='ocr_line' id='line_1_86' title="bbox 2169 3274 3755 3345; baseline -0.001 -14"><span class='ocrx_word' id='word_1_536' title='bbox 2169 3276 2446 3333; x_wconf 85' lang='lat' dir='ltr'><strong>humiliter</strong></span> <span class='ocrx_word' id='word_1_537' title='bbox 2469 3290 2777 3343; x_wconf 88' lang='lat' dir='ltr'><strong>exoramus,</strong></span> <span class='ocrx_word' id='word_1_538' title='bbox 2806 3284 2866 3329; x_wconf 85' lang='lat' dir='ltr'><strong>ut</strong></span> <span class='ocrx_word' id='word_1_539' title='bbox 2893 3275 3033 3332; x_wconf 89' lang='lat' dir='ltr'><strong>sicut</strong></span> <span class='ocrx_word' id='word_1_540' title='bbox 3061 3290 3160 3345; x_wconf 83' lang='lat' dir='ltr'><strong>per</strong></span> <span class='ocrx_word' id='word_1_541' title='bbox 3188 3274 3406 3330; x_wconf 88' lang='lat' dir='ltr'><strong>illicitos</strong></span> <span class='ocrx_word' id='word_1_542' title='bbox 3430 3276 3705 3345; x_wconf 86' lang='lat' dir='ltr'><strong>appetitus</strong></span> <span class='ocrx_word' id='word_1_543' title='bbox 3725 3291 3755 3336; x_wconf 84' lang='lat' dir='ltr'><strong>a</strong></span> 
     </span>
    </p>
   </div>
   <div class='ocr_carea' id='block_1_87' title="bbox 2168 3365 3754 3439">
    <p class='ocr_par' dir='ltr' id='par_1_87' title="bbox 2168 3365 3754 3439">
     <span class='ocr_line' id='line_1_87' title="bbox 2168 3365 3754 3439; baseline -0.003 -14"><span class='ocrx_word' id='word_1_544' title='bbox 2168 3368 2328 3425; x_wconf 87' lang='lat' dir='ltr'><strong>beata</strong></span> <span class='ocrx_word' id='word_1_545' title='bbox 2357 3367 2574 3439; x_wconf 83' lang='lat' dir='ltr'><strong>regione</strong></span> <span class='ocrx_word' id='word_1_546' title='bbox 2597 3367 2915 3432; x_wconf 83' lang='lat' dir='ltr'><strong>decidimus,</strong></span> <span class='ocrx_word' id='word_1_547' title='bbox 2941 3365 3020 3422; x_wconf 90' lang='lat' dir='ltr'><strong>sic</strong></span> <span class='ocrx_word' id='word_1_548' title='bbox 3040 3365 3110 3421; x_wconf 91' lang='lat' dir='ltr'><strong>ad</strong></span> <span class='ocrx_word' id='word_1_549' title='bbox 3128 3374 3383 3422; x_wconf 68' lang='lat' dir='ltr'><strong>aeternam</strong></span> <span class='ocrx_word' id='word_1_550' title='bbox 3406 3367 3637 3435; x_wconf 88' lang='lat' dir='ltr'><strong>patriam</strong></span> <span class='ocrx_word' id='word_1_551' title='bbox 3660 3380 3754 3435; x_wconf 81' lang='lat' dir='ltr'><strong>per</strong></span> 
     </span>
    </p>
   </div>
   <div class='ocr_carea' id='block_1_88' title="bbox 2168 3457 3753 3528">
    <p class='ocr_par' dir='ltr' id='par_1_88' title="bbox 2168 3457 3753 3528">
     <span class='ocr_line' id='line_1_88' title="bbox 2168 3457 3753 3528; baseline -0.003 -13"><span class='ocrx_word' id='word_1_552' title='bbox 2168 3458 2549 3526; x_wconf 77' lang='lat' dir='ltr'><strong>abstinentiam</strong></span> <span class='ocrx_word' id='word_1_553' title='bbox 2573 3459 2858 3522; x_wconf 85' lang='lat' dir='ltr'><strong>redeamus</strong></span> <span class='ocrx_word' id='word_1_554' title='bbox 2886 3476 2900 3512; x_wconf 92' lang='lat'>:</span> <span class='ocrx_word' id='word_1_555' title='bbox 2933 3457 3121 3528; x_wconf 90' lang='lat' dir='ltr'><strong>sicque</strong></span> <span class='ocrx_word' id='word_1_556' title='bbox 3140 3458 3451 3513; x_wconf 86' lang='lat' dir='ltr'><strong>moderetur</strong></span> <span class='ocrx_word' id='word_1_557' title='bbox 3473 3465 3565 3512; x_wconf 88' lang='lat' dir='ltr'><strong>tua</strong></span> <span class='ocrx_word' id='word_1_558' title='bbox 3593 3457 3753 3512; x_wconf 86' lang='lat' dir='ltr'><strong>mise-</strong></span> 
     </span>
    </p>
   </div>
   <div class='ocr_carea' id='block_1_89' title="bbox 2170 3547 3751 3619">
    <p class='ocr_par' dir='ltr' id='par_1_89' title="bbox 2170 3547 3751 3619">
     <span class='ocr_line' id='line_1_89' title="bbox 2170 3547 3751 3619; baseline -0.001 -15"><span class='ocrx_word' id='word_1_559' title='bbox 2170 3550 2393 3607; x_wconf 80' lang='lat' dir='ltr'><strong>ratione.</strong></span> <span class='ocrx_word' id='word_1_560' title='bbox 2421 3558 2606 3605; x_wconf 87' lang='lat' dir='ltr'><strong>nostra</strong></span> <span class='ocrx_word' id='word_1_561' title='bbox 2656 3548 2943 3619; x_wconf 68' lang='lat' dir='ltr'><strong>fragilitas,</strong></span> <span class='ocrx_word' id='word_1_562' title='bbox 2974 3556 3036 3602; x_wconf 92' lang='grc' dir='ltr'><strong>ιιι</strong></span> <span class='ocrx_word' id='word_1_563' title='bbox 3058 3556 3116 3604; x_wconf 90' lang='lat' dir='ltr'><strong>et</strong></span> <span class='ocrx_word' id='word_1_564' title='bbox 3141 3548 3472 3603; x_wconf 88' lang='lat' dir='ltr'><strong>transitoriis</strong></span> <span class='ocrx_word' id='word_1_565' title='bbox 3498 3547 3751 3604; x_wconf 62' lang='lat' dir='ltr'><strong>subsidiis</strong></span> 
     </span>
    </p>
   </div>
   <div class='ocr_carea' id='block_1_90' title="bbox 2167 3639 3750 3709">
    <p class='ocr_par' dir='ltr' id='par_1_90' title="bbox 2167 3639 3750 3709">
     <span class='ocr_line' id='line_1_90' title="bbox 2167 3639 3750 3709; baseline -0.003 -12"><span class='ocrx_word' id='word_1_566' title='bbox 2167 3649 2359 3699; x_wconf 85' lang='lat' dir='ltr'><strong>nostra</strong></span> <span class='ocrx_word' id='word_1_567' title='bbox 2378 3649 2714 3701; x_wconf 82' lang='lat' dir='ltr'><strong>sustentetur</strong></span> <span class='ocrx_word' id='word_1_568' title='bbox 2747 3639 3049 3695; x_wconf 86' lang='lat' dir='ltr'><strong>mortalitas</strong></span> <span class='ocrx_word' id='word_1_569' title='bbox 3070 3680 3086 3705; x_wconf 91' lang='lat'><strong>,</strong></span> <span class='ocrx_word' id='word_1_570' title='bbox 3110 3647 3163 3696; x_wconf 89' lang='lat' dir='ltr'><strong>et</strong></span> <span class='ocrx_word' id='word_1_571' title='bbox 3188 3654 3285 3709; x_wconf 88' lang='lat' dir='ltr'><strong>per</strong></span> <span class='ocrx_word' id='word_1_572' title='bbox 3317 3639 3586 3694; x_wconf 88' lang='lat' dir='ltr'><strong>bonorum</strong></span> <span class='ocrx_word' id='word_1_573' title='bbox 3625 3652 3750 3707; x_wconf 76' lang='lat' dir='ltr'><strong>ope-</strong></span> 
     </span>
    </p>
   </div>
   <div class='ocr_carea' id='block_1_91' title="bbox 2169 3724 3748 3796">
    <p class='ocr_par' dir='ltr' id='par_1_91' title="bbox 2169 3724 3748 3796">
     <span class='ocr_line' id='line_1_91' title="bbox 2169 3724 3748 3796; baseline -0.003 -11"><span class='ocrx_word' id='word_1_574' title='bbox 2169 3746 2288 3785; x_wconf 92' lang='lat' dir='ltr'><strong>rum</strong></span> <span class='ocrx_word' id='word_1_575' title='bbox 2315 3731 2649 3787; x_wconf 90' lang='lat' dir='ltr'><strong>incrementa</strong></span> <span class='ocrx_word' id='word_1_576' title='bbox 2672 3731 2831 3786; x_wconf 89' lang='lat' dir='ltr'><strong>beata</strong></span> <span class='ocrx_word' id='word_1_577' title='bbox 2857 3727 3177 3796; x_wconf 79' lang='lat' dir='ltr'><strong>acquiratur.</strong></span> <span class='ocrx_word' id='word_1_578' title='bbox 3202 3726 3607 3786; x_wconf 81' lang='lat' dir='ltr'><strong>immortalitas.</strong></span> <span class='ocrx_word' id='word_1_579' title='bbox 3647 3724 3748 3781; x_wconf 81' lang='lat' dir='ltr'><strong>Per</strong></span> 
     </span>
    </p>
   </div>
   <div class='ocr_carea' id='block_1_92' title="bbox 2168 3819 2469 3891">
    <p class='ocr_par' dir='ltr' id='par_1_92' title="bbox 2168 3819 2469 3891">
     <span class='ocr_line' id='line_1_92' title="bbox 2168 3819 2469 3891; baseline 0.007 -16"><span class='ocrx_word' id='word_1_580' title='bbox 2168 3819 2469 3891; x_wconf 73' lang='lat' dir='ltr'><strong>Christum.</strong></span> 
     </span>
    </p>
   </div>
   <div class='ocr_carea' id='block_1_93' title="bbox 2805 3903 3114 3946">
    <p class='ocr_par' dir='ltr' id='par_1_93' title="bbox 2805 3903 3114 3946">
     <span class='ocr_line' id='line_1_93' title="bbox 2805 3903 3114 3946; baseline -0.016 0"><span class='ocrx_word' id='word_1_581' title='bbox 2805 3904 2965 3946; x_wconf 73' lang='lat' dir='ltr'><strong>FERIA</strong></span> <span class='ocrx_word' id='word_1_582' title='bbox 3035 3903 3114 3942; x_wconf 70' lang='lat' dir='ltr'><strong>VI.</strong></span> 
     </span>
    </p>
   </div>
   <div class='ocr_carea' id='block_1_94' title="bbox 2238 3999 3743 4061">
    <p class='ocr_par' dir='ltr' id='par_1_94' title="bbox 2238 3999 3743 4061">
     <span class='ocr_line' id='line_1_94' title="bbox 2238 3999 3743 4061; baseline -0.006 -1"><span class='ocrx_word' id='word_1_583' title='bbox 2238 4002 2464 4060; x_wconf 61' lang='lat' dir='ltr'><strong>[literne</strong></span> <span class='ocrx_word' id='word_1_584' title='bbox 2496 4003 2658 4061; x_wconf 89' lang='lat' dir='ltr'><strong>Deus.</strong></span> <span class='ocrx_word' id='word_1_585' title='bbox 2719 4002 2826 4059; x_wconf 88' lang='lat' dir='ltr'><strong>Per</strong></span> <span class='ocrx_word' id='word_1_586' title='bbox 2861 4003 3138 4058; x_wconf 89' lang='lat' dir='ltr'><strong>Christum</strong></span> <span class='ocrx_word' id='word_1_587' title='bbox 3165 3999 3456 4056; x_wconf 86' lang='lat' dir='ltr'><strong>Dominum</strong></span> <span class='ocrx_word' id='word_1_588' title='bbox 3486 4007 3743 4053; x_wconf 86' lang='lat' dir='ltr'><strong>nostrum.</strong></span> 
     </span>
    </p>
   </div>
   <div class='ocr_carea' id='block_1_95' title="bbox 2168 4090 3748 4162">
    <p class='ocr_par' dir='ltr' id='par_1_95' title="bbox 2168 4090 3748 4162">
     <span class='ocr_line' id='line_1_95' title="bbox 2168 4090 3748 4162; baseline -0.004 -12"><span class='ocrx_word' id='word_1_589' title='bbox 2168 4093 2269 4162; x_wconf 89' lang='lat' dir='ltr'><strong>Qui</strong></span> <span class='ocrx_word' id='word_1_590' title='bbox 2299 4104 2383 4151; x_wconf 89' lang='lat' dir='ltr'><strong>est</strong></span> <span class='ocrx_word' id='word_1_591' title='bbox 2412 4094 2554 4150; x_wconf 90' lang='lat' dir='ltr'><strong>Deus</strong></span> <span class='ocrx_word' id='word_1_592' title='bbox 2592 4102 2848 4159; x_wconf 82' lang='lat' dir='ltr'><strong>aeternus,</strong></span> <span class='ocrx_word' id='word_1_593' title='bbox 2877 4093 2966 4147; x_wconf 91' lang='lat' dir='ltr'><strong>lux</strong></span> <span class='ocrx_word' id='word_1_594' title='bbox 2997 4091 3336 4157; x_wconf 90' lang='lat' dir='ltr'><strong>indeﬁciens,</strong></span> <span class='ocrx_word' id='word_1_595' title='bbox 3368 4090 3591 4146; x_wconf 84' lang='lat' dir='ltr'><strong>claritas</strong></span> <span class='ocrx_word' id='word_1_596' title='bbox 3612 4104 3748 4145; x_wconf 87' lang='lat' dir='ltr'><strong>sem—</strong></span> 
     </span>
    </p>
   </div>
   <div class='ocr_carea' id='block_1_96' title="bbox 2167 4183 3746 4259">
    <p class='ocr_par' dir='ltr' id='par_1_96' title="bbox 2167 4183 3746 4259">
     <span class='ocr_line' id='line_1_96' title="bbox 2167 4183 3746 4259; baseline -0.004 -17"><span class='ocrx_word' id='word_1_597' title='bbox 2167 4187 2399 4259; x_wconf 81' lang='lat' dir='ltr'><strong>piterna.</strong></span> <span class='ocrx_word' id='word_1_598' title='bbox 2449 4186 2547 4255; x_wconf 90' lang='lat' dir='ltr'><strong>Qui</strong></span> <span class='ocrx_word' id='word_1_599' title='bbox 2573 4187 2659 4243; x_wconf 90' lang='lat' dir='ltr'><strong>hic</strong></span> <span class='ocrx_word' id='word_1_600' title='bbox 2686 4202 2944 4257; x_wconf 88' lang='lat' dir='ltr'><strong>sequaces</strong></span> <span class='ocrx_word' id='word_1_601' title='bbox 2973 4191 3099 4241; x_wconf 87' lang='lat' dir='ltr'><strong>suos</strong></span> <span class='ocrx_word' id='word_1_602' title='bbox 3130 4185 3184 4239; x_wconf 90' lang='lat' dir='ltr'><strong>in</strong></span> <span class='ocrx_word' id='word_1_603' title='bbox 3210 4183 3330 4240; x_wconf 90' lang='lat' dir='ltr'><strong>luce</strong></span> <span class='ocrx_word' id='word_1_604' title='bbox 3359 4184 3617 4254; x_wconf 67' lang='lat' dir='ltr'><strong>praecepit</strong></span> <span class='ocrx_word' id='word_1_605' title='bbox 3636 4198 3746 4236; x_wconf 86' lang='lat' dir='ltr'><strong>am-</strong></span> 
     </span>
    </p>
   </div>
   <div class='ocr_carea' id='block_1_97' title="bbox 2166 4275 3747 4353">
    <p class='ocr_par' dir='ltr' id='par_1_97' title="bbox 2166 4275 3747 4353">
     <span class='ocr_line' id='line_1_97' title="bbox 2166 4275 3747 4353; baseline -0.005 -17"><span class='ocrx_word' id='word_1_606' title='bbox 2166 4279 2353 4337; x_wconf 87' lang='lat' dir='ltr'><strong>bulare</strong></span> <span class='ocrx_word' id='word_1_607' title='bbox 2372 4321 2388 4347; x_wconf 81' lang='lat'><strong>,</strong></span> <span class='ocrx_word' id='word_1_608' title='bbox 2416 4290 2476 4334; x_wconf 92' lang='lat' dir='ltr'><strong>ut</strong></span> <span class='ocrx_word' id='word_1_609' title='bbox 2504 4280 2676 4336; x_wconf 90' lang='lat' dir='ltr'><strong>noctis</strong></span> <span class='ocrx_word' id='word_1_610' title='bbox 2699 4288 2913 4335; x_wconf 69' lang='lat' dir='ltr'><strong>mternae</strong></span> <span class='ocrx_word' id='word_1_611' title='bbox 2945 4276 3162 4349; x_wconf 76' lang='lat' dir='ltr'><strong>valeant</strong></span> <span class='ocrx_word' id='word_1_612' title='bbox 3181 4276 3491 4353; x_wconf 73' lang='lat' dir='ltr'><strong>caliginem</strong></span> <span class='ocrx_word' id='word_1_613' title='bbox 3524 4275 3747 4331; x_wconf 81' lang='lat' dir='ltr'><strong>evadere</strong></span> 
     </span>
    </p>
   </div>
   <div class='ocr_carea' id='block_1_98' title="bbox 2165 4365 3745 4442">
    <p class='ocr_par' dir='ltr' id='par_1_98' title="bbox 2165 4365 3745 4442">
     <span class='ocr_line' id='line_1_98' title="bbox 2165 4365 3745 4442; baseline -0.004 -18"><span class='ocrx_word' id='word_1_614' title='bbox 2165 4377 2221 4424; x_wconf 91' lang='lat' dir='ltr'><strong>et</strong></span> <span class='ocrx_word' id='word_1_615' title='bbox 2247 4370 2313 4425; x_wconf 85' lang='lat' dir='ltr'><strong>ad</strong></span> <span class='ocrx_word' id='word_1_616' title='bbox 2340 4369 2474 4425; x_wconf 89' lang='lat' dir='ltr'><strong>lucis</strong></span> <span class='ocrx_word' id='word_1_617' title='bbox 2500 4370 2730 4442; x_wconf 85' lang='lat' dir='ltr'><strong>patriam</strong></span> <span class='ocrx_word' id='word_1_618' title='bbox 2761 4368 2991 4427; x_wconf 70' lang='lat' dir='ltr'><strong>feliciter</strong></span> <span class='ocrx_word' id='word_1_619' title='bbox 3011 4367 3317 4438; x_wconf 83' lang='lat' dir='ltr'><strong>pervenire.</strong></span> <span class='ocrx_word' id='word_1_620' title='bbox 3367 4366 3471 4434; x_wconf 89' lang='lat' dir='ltr'><strong>Qui</strong></span> <span class='ocrx_word' id='word_1_621' title='bbox 3511 4380 3610 4436; x_wconf 91' lang='lat' dir='ltr'><strong>per</strong></span> <span class='ocrx_word' id='word_1_622' title='bbox 3643 4365 3745 4419; x_wconf 82' lang='lat' dir='ltr'><strong>hu-</strong></span> 
     </span>
    </p>
   </div>
   <div class='ocr_carea' id='block_1_99' title="bbox 2094 4455 3750 4533">
    <p class='ocr_par' dir='ltr' id='par_1_99' title="bbox 2094 4455 3750 4533">
     <span class='ocr_line' id='line_1_99' title="bbox 2094 4455 3750 4533; baseline -0.002 -21"><span class='ocrx_word' id='word_1_623' title='bbox 2094 4472 2144 4533; x_wconf 78' lang='grc' dir='ltr'>ι)</span> <span class='ocrx_word' id='word_1_624' title='bbox 2170 4458 2453 4515; x_wconf 89' lang='lat' dir='ltr'><strong>militatem</strong></span> <span class='ocrx_word' id='word_1_625' title='bbox 2481 4467 2768 4529; x_wconf 75' lang='lat' dir='ltr'><strong>assumpta:</strong></span> <span class='ocrx_word' id='word_1_626' title='bbox 2790 4458 3144 4514; x_wconf 88' lang='lat' dir='ltr'><strong>humanitatis</strong></span> <span class='ocrx_word' id='word_1_627' title='bbox 3165 4458 3432 4512; x_wconf 86' lang='lat' dir='ltr'><strong>Lazarum</strong></span> <span class='ocrx_word' id='word_1_628' title='bbox 3463 4455 3629 4521; x_wconf 81' lang='lat' dir='ltr'><strong>ﬁevit,</strong></span> <span class='ocrx_word' id='word_1_629' title='bbox 3655 4468 3750 4525; x_wconf 84' lang='lat' dir='ltr'><strong>per</strong></span> 
     </span>
    </p>
   </div>
   <div class='ocr_carea' id='block_1_100' title="bbox 2167 4544 3753 4619">
    <p class='ocr_par' dir='ltr' id='par_1_100' title="bbox 2167 4544 3753 4619">
     <span class='ocr_line' id='line_1_100' title="bbox 2167 4544 3753 4619; baseline -0.002 -18"><span class='ocrx_word' id='word_1_630' title='bbox 2167 4546 2465 4605; x_wconf 87' lang='lat' dir='ltr'><strong>divinitatis</strong></span> <span class='ocrx_word' id='word_1_631' title='bbox 2505 4547 2970 4619; x_wconf 59' lang='lat' dir='ltr'><strong>potentiamvitar.</strong></span> <span class='ocrx_word' id='word_1_632' title='bbox 3016 4546 3281 4617; x_wconf 67' lang='lat' dir='ltr'><strong>reddidit.</strong></span> <span class='ocrx_word' id='word_1_633' title='bbox 3325 4545 3619 4615; x_wconf 70' lang='lat' dir='ltr'><strong>Genusque</strong></span> <span class='ocrx_word' id='word_1_634' title='bbox 3655 4544 3753 4599; x_wconf 86' lang='lat' dir='ltr'><strong>bu-</strong></span> 
     </span>
    </p>
   </div>
   <div class='ocr_carea' id='block_1_101' title="bbox 2168 4633 3761 4709">
    <p class='ocr_par' dir='ltr' id='par_1_101' title="bbox 2168 4633 3761 4709">
     <span class='ocr_line' id='line_1_101' title="bbox 2168 4633 3761 4709; baseline -0.002 -18"><span class='ocrx_word' id='word_1_635' title='bbox 2168 4653 2409 4709; x_wconf 80' lang='lat' dir='ltr'><strong>manum,</strong></span> <span class='ocrx_word' id='word_1_636' title='bbox 2439 4636 2739 4709; x_wconf 87' lang='lat' dir='ltr'><strong>quadriﬁda</strong></span> <span class='ocrx_word' id='word_1_637' title='bbox 2783 4645 3128 4708; x_wconf 89' lang='lat' dir='ltr'><strong>peccatorum</strong></span> <span class='ocrx_word' id='word_1_638' title='bbox 3177 4634 3318 4695; x_wconf 80' lang='lat' dir='ltr'><strong>mole</strong></span> <span class='ocrx_word' id='word_1_639' title='bbox 3359 4636 3641 4700; x_wconf 90' lang='lat' dir='ltr'><strong>obrutum,</strong></span> <span class='ocrx_word' id='word_1_640' title='bbox 3684 4633 3761 4701; x_wconf 72' lang='lat' dir='ltr'><strong>ad</strong></span> 
     </span>
    </p>
   </div>
   <div class='ocr_carea' id='block_1_102' title="bbox 2168 4725 3752 4798">
    <p class='ocr_par' dir='ltr' id='par_1_102' title="bbox 2168 4725 3752 4798">
     <span class='ocr_line' id='line_1_102' title="bbox 2168 4725 3752 4798; baseline 0.001 -20"><span class='ocrx_word' id='word_1_641' title='bbox 2168 4726 2333 4781; x_wconf 89' lang='lat' dir='ltr'><strong>vitam</strong></span> <span class='ocrx_word' id='word_1_642' title='bbox 2363 4726 2593 4781; x_wconf 87' lang='lat' dir='ltr'><strong>reduxit.</strong></span> <span class='ocrx_word' id='word_1_643' title='bbox 2652 4726 2758 4783; x_wconf 90' lang='lat' dir='ltr'><strong>Per</strong></span> <span class='ocrx_word' id='word_1_644' title='bbox 2790 4741 2951 4798; x_wconf 92' lang='lat' dir='ltr'><strong>quem</strong></span> <span class='ocrx_word' id='word_1_645' title='bbox 2997 4726 3231 4798; x_wconf 89' lang='lat' dir='ltr'><strong>petimus</strong></span> <span class='ocrx_word' id='word_1_646' title='bbox 3262 4725 3458 4797; x_wconf 90' lang='lat' dir='ltr'><strong>jejunii</strong></span> <span class='ocrx_word' id='word_1_647' title='bbox 3499 4726 3752 4782; x_wconf 56' lang='lat' dir='ltr'><strong>observa.</strong></span> 
     </span>
    </p>
   </div>
   <div class='ocr_carea' id='block_1_103' title="bbox 2166 4817 3747 4887">
    <p class='ocr_par' dir='ltr' id='par_1_103' title="bbox 2166 4817 3747 4887">
     <span class='ocr_line' id='line_1_103' title="bbox 2166 4817 3747 4887; baseline 0 -15"><span class='ocrx_word' id='word_1_648' title='bbox 2166 4818 2313 4872; x_wconf 89' lang='lat' dir='ltr'><strong>tione</strong></span> <span class='ocrx_word' id='word_1_649' title='bbox 2337 4831 2367 4871; x_wconf 89' lang='lat' dir='ltr'><strong>a</strong></span> <span class='ocrx_word' id='word_1_650' title='bbox 2386 4826 2731 4887; x_wconf 85' lang='lat' dir='ltr'><strong>peccatorum</strong></span> <span class='ocrx_word' id='word_1_651' title='bbox 2757 4826 3063 4874; x_wconf 90' lang='lat' dir='ltr'><strong>nostrorum</strong></span> <span class='ocrx_word' id='word_1_652' title='bbox 3087 4817 3313 4873; x_wconf 90' lang='lat' dir='ltr'><strong>nexibus</strong></span> <span class='ocrx_word' id='word_1_653' title='bbox 3342 4817 3497 4882; x_wconf 87' lang='lat' dir='ltr'><strong>solvi,</strong></span> <span class='ocrx_word' id='word_1_654' title='bbox 3524 4826 3747 4873; x_wconf 63' lang='lat' dir='ltr'><strong>teter-na</strong></span> 
     </span>
    </p>
   </div>
   <div class='ocr_carea' id='block_1_104' title="bbox 2169 4906 3754 4977">
    <p class='ocr_par' dir='ltr' id='par_1_104' title="bbox 2169 4906 3754 4977">
     <span class='ocr_line' id='line_1_104' title="bbox 2169 4906 3754 4977; baseline -0.001 -13"><span class='ocrx_word' id='word_1_655' title='bbox 2169 4909 2295 4964; x_wconf 66' lang='lat' dir='ltr'><strong>vitae</strong></span> <span class='ocrx_word' id='word_1_656' title='bbox 2322 4906 2565 4971; x_wconf 83' lang='lat' dir='ltr'><strong>felicitati</strong></span> <span class='ocrx_word' id='word_1_657' title='bbox 2588 4909 2759 4975; x_wconf 88' lang='lat' dir='ltr'><strong>reddi,</strong></span> <span class='ocrx_word' id='word_1_658' title='bbox 2790 4909 2917 4977; x_wconf 83' lang='lat' dir='ltr'><strong>etin</strong></span> <span class='ocrx_word' id='word_1_659' title='bbox 2947 4917 3257 4963; x_wconf 85' lang='lat' dir='ltr'><strong>sanctorum</strong></span> <span class='ocrx_word' id='word_1_660' title='bbox 3285 4907 3522 4964; x_wconf 64' lang='lat' dir='ltr'><strong>cratibus</strong></span> <span class='ocrx_word' id='word_1_661' title='bbox 3544 4922 3754 4965; x_wconf 82' lang='lat' dir='ltr'><strong>connu-</strong></span> 
     </span>
    </p>
   </div>
   <div class='ocr_carea' id='block_1_105' title="bbox 2173 5000 2391 5067">
    <p class='ocr_par' dir='ltr' id='par_1_105' title="bbox 2173 5000 2391 5067">
     <span class='ocr_line' id='line_1_105' title="bbox 2173 5000 2391 5067; baseline 0.014 -14"><span class='ocrx_word' id='word_1_662' title='bbox 2173 5000 2391 5067; x_wconf 76' lang='lat' dir='ltr'><strong>mereri.</strong></span> 
     </span>
    </p>
   </div>
   <div class='ocr_carea' id='block_1_106' title="bbox 2836 5087 3092 5129">
    <p class='ocr_par' dir='ltr' id='par_1_106' title="bbox 2836 5087 3092 5129">
     <span class='ocr_line' id='line_1_106' title="bbox 2836 5087 3092 5129; baseline 0 -1"><span class='ocrx_word' id='word_1_663' title='bbox 2836 5087 3092 5129; x_wconf 72' lang='lat' dir='ltr'><strong>SABBA&#39;I&#39;O-</strong></span> 
     </span>
    </p>
   </div>
   <div class='ocr_carea' id='block_1_107' title="bbox 2241 5183 3755 5257">
    <p class='ocr_par' dir='ltr' id='par_1_107' title="bbox 2241 5183 3755 5257">
     <span class='ocr_line' id='line_1_107' title="bbox 2241 5183 3755 5257; baseline 0.002 -20"><span class='ocrx_word' id='word_1_664' title='bbox 2241 5183 2604 5257; x_wconf 65' lang='lat' dir='ltr'><strong>(A.)1Eterne</strong></span> <span class='ocrx_word' id='word_1_665' title='bbox 2636 5186 2797 5243; x_wconf 87' lang='lat' dir='ltr'><strong>Deus.</strong></span> <span class='ocrx_word' id='word_1_666' title='bbox 2850 5184 3231 5243; x_wconf 71' lang='lat' dir='ltr'><strong>Misericordia:</strong></span> <span class='ocrx_word' id='word_1_667' title='bbox 3275 5185 3454 5254; x_wconf 88' lang='lat' dir='ltr'><strong>dator,</strong></span> <span class='ocrx_word' id='word_1_668' title='bbox 3486 5195 3544 5241; x_wconf 89' lang='lat' dir='ltr'><strong>et</strong></span> <span class='ocrx_word' id='word_1_669' title='bbox 3588 5185 3755 5241; x_wconf 88' lang='lat' dir='ltr'><strong>totius</strong></span> 
     </span>
    </p>
   </div>
   <div class='ocr_carea' id='block_1_108' title="bbox 2169 5278 3751 5350">
    <p class='ocr_par' dir='ltr' id='par_1_108' title="bbox 2169 5278 3751 5350">
     <span class='ocr_line' id='line_1_108' title="bbox 2169 5278 3751 5350; baseline 0.003 -19"><span class='ocrx_word' id='word_1_670' title='bbox 2169 5287 2360 5333; x_wconf 88' lang='lat' dir='ltr'><strong>auctor</strong></span> <span class='ocrx_word' id='word_1_671' title='bbox 2386 5278 2662 5341; x_wconf 83' lang='lat' dir='ltr'><strong>bonitatis.</strong></span> <span class='ocrx_word' id='word_1_672' title='bbox 2705 5279 2805 5347; x_wconf 88' lang='lat' dir='ltr'><strong>Qui</strong></span> <span class='ocrx_word' id='word_1_673' title='bbox 2836 5278 3082 5350; x_wconf 89' lang='lat' dir='ltr'><strong>jejuniis,</strong></span> <span class='ocrx_word' id='word_1_674' title='bbox 3130 5279 3473 5336; x_wconf 89' lang='lat' dir='ltr'><strong>orationibus</strong></span> <span class='ocrx_word' id='word_1_675' title='bbox 3513 5286 3571 5335; x_wconf 86' lang='lat' dir='ltr'><strong>et</strong></span> <span class='ocrx_word' id='word_1_676' title='bbox 3608 5279 3751 5335; x_wconf 78' lang='lat' dir='ltr'><strong>eice-</strong></span> 
     </span>
    </p>
   </div>
   <div class='ocr_carea' id='block_1_109' title="bbox 2170 5369 3750 5443">
    <p class='ocr_par' dir='ltr' id='par_1_109' title="bbox 2170 5369 3750 5443">
     <span class='ocr_line' id='line_1_109' title="bbox 2170 5369 3750 5443; baseline -0.001 -16"><span class='ocrx_word' id='word_1_677' title='bbox 2170 5373 2410 5442; x_wconf 88' lang='lat' dir='ltr'><strong>mosynis</strong></span> <span class='ocrx_word' id='word_1_678' title='bbox 2475 5379 2817 5443; x_wconf 84' lang='lat' dir='ltr'><strong>peccatorum</strong></span> <span class='ocrx_word' id='word_1_679' title='bbox 2885 5369 3123 5428; x_wconf 89' lang='lat' dir='ltr'><strong>remedia</strong></span> <span class='ocrx_word' id='word_1_680' title='bbox 3191 5379 3247 5427; x_wconf 89' lang='lat' dir='ltr'><strong>et</strong></span> <span class='ocrx_word' id='word_1_681' title='bbox 3301 5371 3568 5427; x_wconf 88' lang='lat' dir='ltr'><strong>virtutum</strong></span> <span class='ocrx_word' id='word_1_682' title='bbox 3637 5384 3750 5426; x_wconf 82' lang='lat' dir='ltr'><strong>om-</strong></span> 
     </span>
    </p>
   </div>
   <div class='ocr_carea' id='block_1_110' title="bbox 2170 5460 3749 5531">
    <p class='ocr_par' dir='ltr' id='par_1_110' title="bbox 2170 5460 3749 5531">
     <span class='ocr_line' id='line_1_110' title="bbox 2170 5460 3749 5531; baseline -0.001 -14"><span class='ocrx_word' id='word_1_683' title='bbox 2170 5462 2319 5517; x_wconf 87' lang='lat' dir='ltr'><strong>nium</strong></span> <span class='ocrx_word' id='word_1_684' title='bbox 2366 5462 2558 5517; x_wconf 89' lang='lat' dir='ltr'><strong>tribuis</strong></span> <span class='ocrx_word' id='word_1_685' title='bbox 2592 5462 2947 5529; x_wconf 78' lang='lat' dir='ltr'><strong>incrementa.</strong></span> <span class='ocrx_word' id='word_1_686' title='bbox 3004 5461 3081 5515; x_wconf 90' lang='lat' dir='ltr'><strong>Te</strong></span> <span class='ocrx_word' id='word_1_687' title='bbox 3104 5460 3295 5516; x_wconf 90' lang='lat' dir='ltr'><strong>humili</strong></span> <span class='ocrx_word' id='word_1_688' title='bbox 3317 5461 3609 5517; x_wconf 88' lang='lat' dir='ltr'><strong>devotione</strong></span> <span class='ocrx_word' id='word_1_689' title='bbox 3628 5473 3749 5531; x_wconf 81' lang='lat' dir='ltr'><strong>pre-</strong></span> 
     </span>
    </p>
   </div>
   <div class='ocr_carea' id='block_1_111' title="bbox 485 5550 3751 5632">
    <p class='ocr_par' dir='ltr' id='par_1_111' title="bbox 485 5550 3751 5632">
     <span class='ocr_line' id='line_1_111' title="bbox 485 5550 3751 5632; baseline -0.002 -13"><span class='ocrx_word' id='word_1_690' title='bbox 485 5563 570 5619; x_wconf 79' lang='lat' dir='ltr'><strong>los</strong></span> <span class='ocrx_word' id='word_1_691' title='bbox 590 5551 805 5621; x_wconf 61' lang='lat' dir='ltr'><strong>reddat.</strong></span> <span class='ocrx_word' id='word_1_692' title='bbox 828 5563 884 5608; x_wconf 77' lang='lat' dir='ltr'><strong>el</strong></span> <span class='ocrx_word' id='word_1_693' title='bbox 903 5553 968 5608; x_wconf 77' lang='lat' dir='ltr'><strong>ad</strong></span> <span class='ocrx_word' id='word_1_694' title='bbox 994 5570 1347 5627; x_wconf 78' lang='lat' dir='ltr'><strong>supernorum</strong></span> <span class='ocrx_word' id='word_1_695' title='bbox 1377 5560 1573 5618; x_wconf 87' lang='lat' dir='ltr'><strong>civium</strong></span> <span class='ocrx_word' id='word_1_696' title='bbox 1608 5562 1921 5619; x_wconf 87' lang='lat' dir='ltr'><strong>societatem</strong></span> <span class='ocrx_word' id='word_1_697' title='bbox 1943 5577 2064 5632; x_wconf 87' lang='lat' dir='ltr'><strong>pcr-</strong></span> <span class='ocrx_word' id='word_1_698' title='bbox 2087 5577 2109 5608; x_wconf 73' lang='grc' dir='ltr'><strong>ι</strong></span> <span class='ocrx_word' id='word_1_699' title='bbox 2167 5574 2386 5627; x_wconf 82' lang='lat' dir='ltr'><strong>camur,</strong></span> <span class='ocrx_word' id='word_1_700' title='bbox 2426 5571 2486 5614; x_wconf 90' lang='lat' dir='ltr'><strong>ut</strong></span> <span class='ocrx_word' id='word_1_701' title='bbox 2509 5558 2603 5629; x_wconf 87' lang='lat' dir='ltr'><strong>qui</strong></span> <span class='ocrx_word' id='word_1_702' title='bbox 2628 5558 2696 5624; x_wconf 77' lang='lat' dir='ltr'><strong>ad</strong></span> <span class='ocrx_word' id='word_1_703' title='bbox 2722 5557 2836 5615; x_wconf 65' lang='lat' dir='ltr'><strong>haec</strong></span> <span class='ocrx_word' id='word_1_704' title='bbox 2862 5556 3066 5627; x_wconf 81' lang='lat' dir='ltr'><strong>agenda</strong></span> <span class='ocrx_word' id='word_1_705' title='bbox 3095 5554 3514 5612; x_wconf 86' lang='lat' dir='ltr'><strong>saluberrimam</strong></span> <span class='ocrx_word' id='word_1_706' title='bbox 3556 5550 3751 5617; x_wconf 59' lang='lat' dir='ltr'><strong>(tulisti</strong></span> 
     </span>
    </p>
   </div>
   <div class='ocr_carea' id='block_1_112' title="bbox 558 5680 1381 5763">
    <p class='ocr_par' dir='ltr' id='par_1_112' title="bbox 558 5680 1381 5763">
     <span class='ocr_line' id='line_1_112' title="bbox 558 5680 1381 5763; baseline 0.015 -28"><span class='ocrx_word' id='word_1_707' title='bbox 558 5696 582 5725; x_wconf 73' lang='grc' dir='ltr'><strong>ι</strong></span> <span class='ocrx_word' id='word_1_708' title='bbox 620 5680 833 5752; x_wconf 82' lang='lat' dir='ltr'><strong>Ambr.,</strong></span> <span class='ocrx_word' id='word_1_709' title='bbox 858 5682 1010 5753; x_wconf 72' lang='lat' dir='ltr'><strong>Dom.</strong></span> <span class='ocrx_word' id='word_1_710' title='bbox 1040 5703 1077 5744; x_wconf 88' lang='grc' dir='ltr'><strong>ιι</strong></span> <span class='ocrx_word' id='word_1_711' title='bbox 1110 5688 1381 5763; x_wconf 76' lang='lat' dir='ltr'><strong>Quadrag.</strong></span> 
     </span>
    </p>
   </div>
  </div>
