3954 6342
169 397 266 445 δ’]ἓ)

978 384 1177 439 LIBER
1218 382 1856 466 SACRAMENTOBUM.
1894 416 1965 425 —
2001 384 2322 440 PREFAT.
2361 383 2588 452 ANTIO.

3316 387 3419 443 89l

179 503 496 564 doctrinam,
537 499 603 555 ad
643 499 954 570 complenda
981 498 1305 576 indefessam
1337 501 1541 554 tribuas
1571 495 1747 552 eﬂica—
1773 498 1820 557 Α
1851 499 1980 553 Ante
2019 499 2298 552 missarum
2342 498 2614 559 solemnia,
2660 499 2797 550 inter
2836 497 3213 566 benedictione:
3246 514 3422 574 ramo-

181 597 349 658 ciam;
386 602 443 647 ut
470 591 782 647 obedienter
810 601 897 645 tua
926 599 1282 660 exsequentes
1326 595 1618 660 prmcepta,
1668 585 1747 642 fe-

183 687 354 776 liciter
383 693 470 739 tua
495 682 772 754 capiamus
796 682 1082 751 promissa.
1129 681 1231 749 Per
1261 679 1557 734 Christum.

464 809 717 851 DOIINICA
746 811 780 849 γ
805 809 858 848 ιιι
900 807 1147 848 Ρλεειοιιε
1195 807 1380 854 ΒΟῌΙΝΙ
1416 803 1464 846 ⁸ο

249 907 358 978 (Α.)
388 906 614 963 ,λΕιθι-ιιο
641 905 801 960 Deus.
860 902 1197 975 Majestatem
1244 911 1389 958 tuam
1434 900 1750 974 propensius

183 1001 526 1072 implorantes
558 1005 650 1063 nt,
691 1003 896 1066 quanto
923 994 1094 1065 magis
1123 995 1240 1050 dies
1267 993 1555 1049 salutiferae
1601 990 1750 1047 festi-

181 1087 358 1156 vitatis
386 1083 614 1154 accedit,
644 1092 794 1139 tanto
821 1083 1046 1138 devotus
1065 1082 1131 1136 ad
1155 1080 1270 1150 ejus
1297 1081 1454 1151 digne
1473 1080 1750 1136 celebran-

181 1179 302 1234 dum
350 1177 696 1248 proficiamus
745 1175 998 1247 paschale
1042 1174 1376 1247 mysterium.
1433 1172 1541 1229 Per
1594 1170 1750 1226 Chri-

181 1277 336 1342 stum.

822 1371 976 1410 FER“
1043 1370 1103 1409 ll.

245 1442 358 1517 (0.)
405 1444 631 1512 Eterne
654 1444 816 1502 Deus.
874 1444 950 1500 Te
977 1444 1288 1514 suppliciter
1328 1451 1638 1507 exorantes,
1691 1450 1750 1496 ut

179 1538 253 1610 sic
285 1546 470 1599 nostra
493 1535 898 1598 sanctificentur
917 1535 1142 1606 jejunia,
1170 1551 1276 1605 quo
1302 1547 1618 1590 cunetorum
1657 1547 1752 1587 no-

180 1631 259 1685 bis
298 1641 643 1702 peccatorum
693 1629 972 1699 proveniat
1029 1627 1391 1698 indulgentia;
1453 1633 1747 1696 quatenus,

180 1705 637 1790 appropinquante
684 1718 944 1788 unigeniti
988 1718 1104 1772 Filii
1152 1719 1225 1772 tui
1271 1717 1543 1788 passione,
1586 1715 1752 1771 bono-

2564 583 2698 620 rum.

1918 660 1947 702 ιι
1973 658 2209 730 Equum
2259 667 2316 714 et
2362 658 2616 714 salutare.
2642 658 2734 724 Te,
2764 657 3012 725 Domine,
3043 659 3184 714 inter
3227 669 3423 724 caetera

1848 748 2176 806 mirabilium
2209 757 2420 805 tuorum
2447 756 2712 818 pratcepta
2739 747 2959 804 laudare
2987 758 3043 805 et
3080 751 3421 817 benedicere,

1849 842 1941 912 qui
1970 841 2224 908 Lamech,
2257 855 2438 896 semen
2482 841 2708 912 justum,
2753 842 2946 897 dedisti
2994 841 3126 908 Noe,
3159 843 3245 898 cui
3280 858 3427 899 reve-

1849 932 1970 987 lasti
2000 947 2100 1002 per
2129 932 2376 1002 spiritum
2406 946 2575 1001 aquas
2601 931 2785 986 diluvii
2818 931 3025 988 llutnras
3073 949 3420 1004 cognoscere.

1849 1023 2012 1093 Cujus
2041 1038 2221 1078 arcam
2255 1023 2322 1079 ad
2367 1030 2605 1078 nostram
2637 1023 2864 1078 salutem
2907 1031 3133 1078 testatur
3157 1022 3424 1088 Ecclesia,

1849 1114 1916 1169 de
1964 1129 2068 1183 qua
2117 1113 2314 1168 emissa
2365 1112 2612 1166 columba
2663 1112 2874 1180 volans,
2929 1114 3202 1184 spiritales
3245 1113 3427 1170 soliva:

1851 1204 2184 1268 fructuosum
2217 1203 2582 1262 ramusculum
2613 1204 2814 1272 retulit,
2860 1221 3020 1276 quam
3070 1205 3134 1260 ad
3167 1221 3223 1260 se
3254 1221 3425 1260 rever-

1851 1302 2052 1350 tentem
2100 1294 2214 1351 Noe
2259 1295 2496 1366 gaudens
2548 1297 2804 1366 suscepit.
2835 1297 2910 1352 De
2940 1296 3097 1366 cujus
3144 1298 3280 1352 rami
3328 1314 3428 1352 un-

1849 1387 2028 1442 ctione
2055 1385 2223 1441 .Iacob
2248 1387 2472 1449 electus,
2506 1385 2718 1441 titulum
2749 1388 2943 1452 erexit,
2989 1387 3218 1442 Domino
3243 1397 3424 1440 votum

1849 1477 2016 1541 vovit,
2044 1486 2097 1530 et
2125 1477 2300 1545 oleum
2328 1478 2557 1548 desuper
2578 1477 2714 1532 fudit
2744 1477 2894 1550 [llazc
2936 1486 3020 1533 est
3068 1477 3425 1533 indicio.rami

1851 1567 1994 1624 illius
2027 1566 2322 1639 manantis]
2369 1571 2640 1622 manantis
2670 1558 2919 1623 decmlis
2975 1568 3185 1640 gratim,
3231 1583 3326 1622 sua
3376 1576 3431 1621 ct

1851 1659 2029 1731 populi
2056 1675 2183 1714 vasa
2206 1659 2481 1729 replentis,
2508 1659 2634 1715 Haec
2653 1667 2739 1714 est
2767 1659 2960 1730 gratia,
2985 1674 3104 1730 quae
3131 1669 3185 1713 et
3210 1658 3426 1712 viduam

1850 1751 2126 1814 benedixit
2154 1753 2207 1808 in
2234 1751 2384 1820 oleo;
2428 1752 2543 1806 haec
2573 1758 2658 1806 est
2683 1751 2880 1806 indicio
2906 1751 3041 1805 rami
3089 1749 3232 1804 illius
3273 1747 3431 1818 plan-

179 1824 293 1911 tum
328 1825 556 1911 938?an
593 1809 688 1863 “bl
717 1808 1023 1880 placeamus
1067 1807 1415 1879 exh'bmone'
1462 1804 1567 1860 Per
1597 1819 1744 1859 cum-
1782 1839 1825 1898 Β
1857 1843 1949 1896 tati
1996 1857 2152 1898 secus
2200 1843 2455 1897 decursus
2497 1857 2782 1911 aquarum,
2808 1841 2959 1910 cujus
2991 1841 3174 1895 folium
3206 1855 3312 1894 non
3340 1838 3433 1893 de-

181 1901 293 1956 dcm
323 1899 625 1956 Christum.

817 2023 970 2062 FERIA
1037 2022 1118 2061 111.

247 2102 472 2158 Ᾰέιθτηθ
511 2101 672 2156 Deus.
723 2099 788 2154 Et
820 2108 871 2154 te
901 2083 1114 2153 devotis
1135 2097 1406 2160 mentibus
1430 2095 1751 2166 supplicare,

180 2205 234 2249 ut
262 2211 357 2251 nos
384 2195 614 2272 interius
637 2183 983 2262 exteriusque
1016 2199 1307 2270 restaures,
1343 2197 1398 2243 et
1425 2187 1753 2260 pereimonia

181 2288 397 2344 salutari
457 2269 513 2342 ad
541 2294 884 2357 peccatorum
937 2284 1186 2352 sordibus
1240 2266 1455 2352 purges.
1511 2279 1575 2334 Et
1620 2293 1756 2348 quos

181 2377 511 2454 illecebrosis
553 2375 996 2446 delectationibus
1025 2389 1130 2450 non
1154 2373 1236 2427 vis
1265 2371 1556 2442 impedire,
1592 2369 1754 2440 spiri-

182 2470 395 2524 tualium
425 2469 687 2523 virtutum
717 2467 887 2524 facias
915 2467 1099 2539 vigore
1124 2465 1319 2519 muniri
1349 2483 1360 2518 :
1394 2473 1448 2518 et
1475 2463 1553 2518 sic
1587 2463 1638 2516 in
1669 2475 1755 2516 rc-

179 2562 276 2618 bus
305 2562 635 2617 transitoriis
669 2560 870 2625 foveas,
913 2568 972 2615 ut
1003 2558 1279 2630 perpetuis
1318 2556 1582 2625 inhaerere
1626 2567 1757 2616 con-

181 2653 355 2709 cedas.
418 2653 528 2708 Per
568 2651 864 2709 Christum.
1243 2637 1247 2642 ’

830 2781 987 2823 FERIA
1040 2781 1115 2821 IV.

245 2856 475 2915 Eterne
516 2859 680 2920 Deus.
732 2858 799 2917 Et
829 2866 880 2913 te
907 2855 1133 2929 supplici
1176 2855 1458 2911 devotione
1509 2867 1757 2918 exorare,

179 2957 238 3014 ut
263 2966 357 3020 per
385 2950 591 3019 jejunia
636 2966 758 3020 quae
800 2949 971 3004 sacris
1012 2947 1270 3003 institutis
1314 2945 1679 3014 exsequimur,
1727 2931 1758 2996 a

182 3039 386 3096 cunctis
419 3039 660 3094 realibus
685 3037 965 3093 emundari
1007 3052 1310 3092 mereamur
1337 3051 1350 3088 :
1384 3044 1638 3104 tuamque
1664 3049 1758 3087 va-

181 3132 382 3190 leamus
417 3133 697 3204 percipere
746 3131 1206 3202 propitiationem,
1253 3130 1343 3200 qui
1393 3143 1759 3198 praeparamur

1853 1933 1991 1999 ﬂuit,
2027 1949 2125 2003 per
2151 1934 2294 2004 quod
2324 1933 2564 2003 quotidie
2611 1948 2708 2002 per
2755 1933 3032 1988 lavacrum
3092 1929 3432 2001 baptismatis

1853 2025 2094 2079 Ecclesia
2151 2031 2485 2094 procreatur,
2543 2030 2598 2078 et
2651 2030 2832 2077 nostra
2886 2022 3133 2077 delentur
3185 2027 3428 2090 peccata.

1854 2117 1979 2172 Haec
2011 2123 2094 2171 est
2119 2124 2231 2181 tua,
2263 2115 2508 2180 Domine,
2545 2115 2804 2184 plantatio
2828 2115 2969 2170 bona
3004 2113 3179 2176 valde,
3203 2119 3257 2166 et
3295 2119 3350 2165 tu
3374 2126 3433 2165 es

1854 2210 1964 2264 vita
1993 2217 2046 2264 et
2089 2208 2416 2263 resurrectio
2462 2215 2820 2272 mortuarum,
2873 2206 2965 2276 qui
3011 2204 3431 2275 quatriduanum

1855 2299 2119 2354 Lazarum
2163 2297 2498 2354 resuscitasti
2526 2313 2556 2352 a
2597 2297 2842 2352 mortuis.
2873 2297 3167 2366 Propterea
3195 2302 3250 2348 et
3281 2294 3434 2348 turba

1855 2405 1976 2445 cum
2009 2390 2174 2444 ramis
2208 2389 2510 2460 palmarum
2537 2387 2762 2442 obvians
2811 2386 2929 2451 tibi,
2971 2385 3280 2440 clamabat:
3329 2381 3437 2436 llo-

1855 2498 2045 2544 sanna,
2089 2480 2384 2534 benedictus
2419 2479 2506 2549 qui
2551 2477 2682 2530 venit
2723 2477 2777 2532 in
2825 2461 3032 2530 nomine
3081 2463 3294 2528 Domini
3345 2487 3436 2525 rex

1857 2569 2047 2624 Israel.
2077 2569 2415 2638 Quapropter
2449 2579 2778 2635 qumsumus,
2810 2563 3056 2629 Domine,
3091 2561 3433 2617 clementiam

1859 2670 2007 2714 tuam
2037 2669 2096 2714 ut
2143 2675 2240 2713 nos
2269 2657 2496 2712 famulos
2525 2665 2662 2721 tuos,
2705 2655 2796 2724 qui
2825 2653 2984 2722 hujus
3017 2653 3098 2707 rei
3127 2652 3356 2723 gratiam
3384 2659 3439 2706 et

1859 2750 2018 2806 fidem
2047 2749 2294 2804 veritatis
2321 2748 2674 2818 percepimus,
2717 2761 2875 2802 eruas
2904 2746 2970 2800 de
2995 2761 3089 2801 ore
3122 2743 3340 2809 inferni,
3385 2753 3440 2799 et

1860 2841 2186 2911 adjutorium
2223 2840 2378 2894 nobis
2406 2839 2592 2910 gratiae
2634 2847 2736 2894 tuae
2767 2838 3004 2893 tribuere
3053 2836 3324 2905 digneris,
3382 2843 3441 2889 ut

1853 2932 1999 3002 juste
2031 2941 2084 2985 et
2116 2932 2200 3000 pie
2230 2940 2522 3000 sancteque
2552 2930 2808 2991 viventes,
2856 2944 2978 2983 cum
3016 2927 3202 2982 electis
3229 2935 3282 2980 et
3311 2941 3438 2980 san-

1862 3023 1964 3101 ctis
1991 3023 2095 3077 tuis
2127 3020 2295 3075 facias
2324 3021 2522 3075 habere
2551 3019 2902 3075 consortium.
2934 3018 3036 3073 Per
3061 3017 3332 3072 eumdem.

2271 3181 2274 3188 .
2357 3150 2608 3192 DOIINICA
2645 3150 2698 3191 ΙΝ
2737 3148 2946 3189 ΡΑιιιιε.

182 3227 246 3280 ad
286 3191 666 3283 celebrandam
697 3191 957 3298 unigeniti
993 3223 1116 3279 Filii
1160 3223 1234 3278 tui
1279 3222 1609 3293 passionem.
1657 3221 1760 3275 Per
1787 3191 1831 3253 C
1933 3229 2157 3286 λΕιειοηρ
2201 3230 2363 3285 Deus,
2397 3229 2500 3283 per
2526 3228 2800 3284 Christum
2841 3226 3125 3282 Dominum
3174 3231 3438 3279 nostrum,

181 3329 337 3385 quem
377 3316 738 3389 majestatem.

842 3443 1000 3485 FEBIA
1043 3443 1096 3482 ν.

249 3540 476 3598 Ᾱῖιεηιο
500 3544 658 3599 Deus.
691 3541 793 3610 Qui
829 3543 906 3597 sic
940 3556 1038 3596 nos
1070 3539 1262 3595 tribuis
1293 3537 1634 3594 solemnitate
1666 3535 1760 3591 tibi

193 3633 410 3699 leferre,
439 3621 723 3705 jejunium,
752 3645 812 3689 ut
851 3634 1194 3705 indulgentize
1224 3640 1328 3687 tuae
1354 3646 1633 3701 speremus
1664 3645 1764 3683 nos

183 3725 461 3794 percipere
487 3724 807 3780 subsidium.
846 3723 936 3778 Sic
963 3738 1062 3777 nos
1091 3722 1314 3776 instruis
1341 3721 1407 3774 ad
1442 3717 1762 3773 celebranda

179 3815 450 3884 paschalia
483 3814 640 3878 festa,
664 3825 721 3869 ut
746 3829 845 3884 per
872 3815 989 3869 lucc
1017 3814 1362 3886 acquiramus
1394 3811 1587 3882 gaudia
1616 3825 1762 3865 sem-

177 3908 413 3976 piterna.
451 3906 555 3964 Per
583 3907 880 3964 Christum.

830 4035 986 4075 FERIA
1022 4036 1098 4075 Vl.

253 4133 368 4207 (ϐ.)
393 4134 620 4192 IEteme
647 4135 807 4191 Deus.
832 4132 996 4203 Cujus
1027 4149 1128 4190 nos
1155 4121 1522 4190 misericordia
1553 4146 1763 4203 prmve-

195 4227 278 4291 ait,
311 4235 372 4284 ut
403 4229 541 4284 bene
561 4243 814 4302 agamus;
857 4227 1222 4298 subsequitur,
1269 4241 1338 4282 ne
1392 4225 1593 4281 frustra
1640 4239 1766 4296 aga-

198 4335 336 4386 mus;
371 4320 618 4376 accendit
643 4319 1021 4398 intentionem,
1048 4334 1152 4388 qua
1177 4318 1241 4372 ad
1265 4319 1407 4372 bona
1447 4332 1611 4389 opera
1637 4330 1766 4386 per-

188 4413 389 4480 agenda
435 4413 876 4477 inardescamus;
911 4411 1100 4465 tribuit
1144 4409 1460 4473 eﬂieaciam,
1493 4423 1600 4478 qua
1651 4407 1766 4463 haec

189 4500 252 4554 ad
282 4501 580 4571 perfectum
616 4496 912 4570 perducere
957 4499 1252 4554 valeamus.
1299 4498 1467 4552 Tuam
1503 4511 1632 4566 ergo
1659 4496 1767 4550 cle-

193 4591 443 4646 mentiam
469 4589 754 4646 indefessis
777 4589 1002 4664 vocibus
1022 4589 1390 4666 obsecramus,
1416 4594 1476 4640 ut
1511 4601 1610 4640 nos
1629 4585 1768 4656 jeju-

209 4679 259 4734 aii
298 4682 534 4738 victimis
580 4696 610 4735 a
651 4680 890 4751 peccatis
927 4679 1230 4744 mundatos,
1282 4679 1349 4734 ad
1391 4677 1767 4734 celebrandam

209 4772 444 4843 inigeniti
468 4772 590 4828 Filii
621 4773 697 4826 tui
722 4771 935 4826 Domini
960 4772 1131 4835 nostri
1150 4770 1454 4843 passionem
1484 4769 1654 4826 facias
1675 4767 1768 4826 dc-

199 4872 357 4920 votos.
392 4863 500 4919 Per
529 4878 688 4934 quem
734 4860 1091 4933 majestatem.

843 4985 1102 5026 ΒΔΒΒΔΤΟ.

259 5081 374 5156 (ϐ.)
413 5082 640 5140 z’Eterne
685 5085 847 5140 Deus.
877 5083 1042 5155 Cujus
1071 5099 1171 5140 nos
1199 5084 1331 5140 fides
1374 5087 1597 5152 excitat,
1647 5100 1772 5158 spes

205 5172 368 5254 Frigit,
398 5175 632 5231 Charitas
652 5175 866 5246 jungit;
920 5173 1073 5242 cujus
1113 5175 1390 5230 miseratio
1422 5175 1651 5248 gratuita
1681 5193 1773 5248 pu-

210 5262 387 5331 gilicat,
419 5279 554 5334 quos
599 5264 942 5322 conscientiae
990 5272 1174 5320 reatus
1226 5275 1461 5321 accusat.
1494 5267 1570 5335 Te
1611 5267 1772 5340 igitur

203 5365 314 5436 cum
341 5357 558 5411 interno
579 5357 757 5428 rugitu
781 5357 1152 5427 deprecamur,
1173 5365 1231 5412 ut
1249 5359 1482 5414 carnalis
1507 5359 1772 5414 alimonirc

203 5443 556 5504 refrenatione
613 5449 901 5520 castigati,
962 5448 1029 5504 ad
1085 5449 1462 5506 celebrandum
1519 5451 1772 5521 paschale

204 5541 510 5606 mysterium
559 5540 898 5596 inveniamur
937 5540 1134 5596 idonei.
1195 5541 1298 5596 Per
1339 5543 1634 5598 Christum.
1667 5543 1773 5597 Per

202 5640 376 5695 quem.

273 5813 297 5841 ⁸
336 5806 544 5873 Ambr.,
579 5808 710 5878 [cria
742 5827 796 5865 ll.

1795 4545 1844 4604 D

1864 3320 1968 3392 Per
1998 3337 2157 3391 quem
2196 3321 2349 3396 nobis
2375 3319 2703 3392 indulgentia
2744 3317 2992 3390 largitur,
3032 3324 3088 3371 et
3133 3330 3240 3385 pax
3283 3327 3442 3368 omne

1863 3413 2115 3468 saeculum
2159 3413 2504 3482 pratdicatur,
2555 3409 2787 3466 traditur
2837 3407 3047 3462 cunctis
3098 3403 3444 3461 credentibus

1864 3503 2167 3572 disciplina,
2197 3510 2257 3556 ut
2290 3501 2656 3566 sanctiﬁcatos
2684 3514 2784 3555 nos
2812 3499 2982 3569 possit
3026 3498 3142 3552 dies
3185 3503 3443 3550 venturus

1864 3595 2136 3664 excipere.
2171 3593 2238 3648 Et
2273 3593 2393 3648 ideo
2421 3607 2543 3650 cum
2572 3607 2696 3661 ang.

2527 3715 2685 3754 FEMA
2718 3714 2780 3754 11.

1935 3794 2047 3867 (Α.)
2079 3793 2304 3849 ,λΕιειιιθ
2340 3793 2502 3847 Deus.
2547 3791 2651 3846 Per
2693 3788 2968 3845 Christum
3016 3786 3308 3842 Dominum
3350 3799 3448 3839 no-

1865 3897 2060 3944 strum.
2099 3885 2268 3955 Cujus
2301 3900 2399 3940 nos
2443 3883 2754 3940 humanitas
2783 3881 3005 3952 colligit,
3033 3878 3312 3935 humilitas
3335 3878 3447 3933 eri-

1855 3981 1959 4052 .git,
1992 3979 2208 4034 traditio
2245 3977 2494 4042 absolvit,
2537 3990 2698 4046 pmna
2726 3973 2964 4040 redimit,
2993 3986 3131 4027 crux
3162 3969 3448 4033 salvifieat,

1853 4071 2086 4140 sanguis
2111 4067 2394 4132 emaculat,
2425 4083 2552 4123 caro
2575 4066 2806 4137 saginat.
2828 4064 2936 4120 Per
2958 4077 3117 4135 quem
3141 4069 3213 4128 te,
3240 4075 3452 4117 summe

1857 4161 2047 4226 Pater,
2083 4175 2205 4215 cum
2244 4157 2574 4230 jejuniorum
2603 4156 2862 4227 obsequio
2907 4156 3257 4211 obsecramus
3286 4161 3346 4206 ut
3382 4151 3449 4204 ad

1864 4252 1983 4322 ejus
2025 4250 2406 4307 celebrandam
2457 4248 2766 4320 passionem
2824 4245 3127 4319 puriﬁcatis
3177 4241 3452 4300 mentibus

1866 4343 2208 4399 accedamus.
2238 4339 2342 4395 Per
2365 4355 2549 4412 quem.

2515 4468 2672 4507 FEBIA
2707 4467 2789 4506 111.

1943 4543 2057 4614 (Λ.)
2110 4542 2340 4597 jEterne
2379 4543 2538 4596 Deus.
2589 4543 2693 4596 Per
2727 4542 3000 4595 Christum
3049 4537 3334 4594 Dominum
3362 4551 3454 4591 no-

1871 4642 2065 4688 strum.
2121 4633 2287 4703 Cujus
2318 4630 2610 4686 salutiferae
2641 4630 2908 4700 passionis
2953 4637 3009 4684 et
3061 4627 3306 4701 gloriosae
3361 4640 3452 4681 re-

1871 4721 2227 4778 surrectionis
2250 4723 2366 4777 dies
2391 4722 2825 4792 appropinquare
2849 4729 3162 4786 noscuntur,
3181 4720 3232 4774 in
3258 4718 3454 4790 quibus

1872 4823 1926 4869 et
1952 4813 2159 4884 antiqui
2211 4813 2384 4869 hostis
2413 4811 2668 4882 superbia
2718 4811 3100 4883 triumphatur,
3154 4820 3208 4864 et
3257 4817 3456 4862 nostra:

1870 4904 2260 4974 redemptionis
2291 4902 2598 4959 celebratur
2625 4901 2963 4973 mysterium.
2998 4899 3152 4956 Unde
3185 4897 3455 4969 poscimus

1875 5002 2023 5048 tuam
2053 4993 2376 5047 immensam
2399 4990 2742 5046 clementiam
2768 4998 2829 5044 ut
2849 4989 2989 5045 sicut
3015 4988 3068 5042 in
3104 5003 3169 5042 eo
3192 4987 3307 5042 solo
3328 5001 3456 5041 cou-

1875 5087 2020 5142 sistit
2059 5087 2225 5143 totius
2256 5095 2456 5142 nostrae
2489 5084 2803 5140 salvationis
2848 5098 3076 5150 summa,
3106 5083 3178 5137 ita
3210 5098 3307 5153 per
3333 5097 3462 5149 eum.

1875 5178 1972 5233 tibi
2003 5178 2074 5233 sit
2091 5175 2420 5249 jejuniorum
2451 5185 2506 5230 et
2538 5187 2756 5232 actuum
2781 5184 3088 5232 nostrorum
3132 5189 3346 5245 semper
3375 5171 3460 5231 vi-.

1875 5268 2043 5324 ctima
2069 5276 2244 5339 grata.
2287 5267 2392 5325 Per
2412 5283 2592 5338 quem.

2535 5395 2691 5434 FERIA
2731 5395 2803 5434 ιν.

1948 5472 2061 5542 (Α.)
2102 5471 2326 5527 Ᾱίιρινιιρ
2361 5471 2522 5527 Deus.
2561 5472 2664 5527 Per
2703 5471 2976 5527 Christum
3029 5471 3311 5527 Dominum
3359 5484 3457 5524 no-

1881 5571 2075 5617 strum.
2109 5564 2210 5630 Qui
2243 5565 2500 5618 innocens
2549 5579 2649 5634 pro
2690 5564 2868 5634 impiis
2895 5563 3063 5618 voluit
3102 5562 3235 5632 pati,
3282 5569 3334 5613 ct
3364 5574 3464 5628 pro.

1883 5655 2162 5711 sceleratis
2193 5655 2430 5710 indebite
2478 5655 2844 5712 condemnari.
2889 5653 3052 5726 Cujus
3085 5669 3230 5708 mors
3267 5648 3464 5710 delicta

1956 5838 1982 5876 ι)
2009 5835 2150 5891 Ordo
2173 5836 2356 5904 Rom,
2385 5852 2506 5906 pag.
2541 5835 2626 5889 45.
