3954 6342
546 330 648 390 895

1565 330 1892 391 GRIMALDI
1932 327 2450 389 SANGALLENSIS
2488 330 2786 388 ABBATIS

3693 337 3792 396 896

546 449 730 494 nostra
759 439 1005 507 detorsit,
1032 449 1087 497 et
1127 441 1455 503 resurrectio
1485 441 1638 497 nobis
1667 443 2105 513 justilicationem
2136 445 2182 502 A
2211 443 2438 498 mortuis
2478 445 2792 500 resurrexit.
2834 445 2884 502 Ο
2926 454 3158 514 noctem,
3201 462 3321 518 qua:
3354 448 3520 505 tinem
3554 453 3797 507 tenebris

545 531 808 586 exhibuit.
837 530 942 586 Per
961 546 1117 601 quem
1150 539 1293 587 tuam
1330 531 1582 601 pietatem
1629 533 1895 603 supplices
1922 549 2110 588 exora-

547 633 666 674 mus
695 629 754 675 ut
786 620 865 675 sic
902 635 1001 675 nos
1030 620 1186 676 hodie
1224 636 1252 674 a
1279 621 1517 690 peccatis
1541 624 1832 688 emacules,
1883 632 1941 678 ut
1990 638 2111 678 cras

546 707 871 765 venerabilis
915 710 1092 769 carnis
1137 710 1375 779 dapibus
1412 713 1604 778 saties;
1659 715 1816 772 hodie
1865 722 2110 784 acceptes

546 796 934 858 confessionem
965 808 1270 860 nostrorum
1323 803 1712 870 peccaminum,
1745 812 1798 858 et
1843 819 1966 858 cras
2015 805 2111 857 tri-

544 883 679 939 buas
729 885 1088 957 Spiritualium
1138 876 1467 948 incrementa
1494 892 1754 948 donorum
1789 909 1802 947 :
1834 895 1992 949 hodie
2028 894 2111 964 je-

539 971 811 1040 juniorum
841 985 1147 1034 nostrorum
1177 989 1299 1035 vota
1346 981 1627 1052 suscipias,
1672 991 1726 1038 et
1765 998 1887 1038 cras
1916 998 2015 1038 nos
2043 984 2109 1038 ad

544 1063 922 1120 sacratissime
945 1069 1122 1124 carnis
1142 1070 1444 1126 convivium
1472 1072 1800 1129 introducas.
1825 1071 1928 1128 Per
1949 1088 2108 1143 quem

544 1152 896 1223 majestatem.

951 1263 1106 1304 ηιιιΑ
1135 1264 1170 1304 ν
1200 1265 1251 1304 IN
1287 1265 1454 1308 COENA
1492 1267 1697 1308 DOMlNl.

610 1331 836 1391 IEterne
863 1337 1024 1394 Deus.
1075 1339 1180 1394 Per
1214 1341 1484 1396 Christum
1517 1343 1795 1398 Dominum
1841 1354 2104 1400 nostrum.

541 1423 710 1489 Quem
736 1425 789 1479 in
817 1426 918 1482 hac
947 1438 1103 1484 nocte
1131 1429 1272 1490 inter
1300 1447 1482 1490 sacras
1507 1433 1691 1509 epulas
1720 1434 2104 1504 increpantem,

542 1509 694 1568 mens
717 1514 817 1568 sibi
848 1518 1065 1583 conscia
1117 1520 1390 1584 traditoris
1433 1521 1578 1576 ferre
1624 1539 1730 1586 non
1772 1533 1965 1592 potuit.
2000 1524 2105 1578 Sed

541 1601 904 1668 apostolorum
953 1604 1140 1670 relicto
1171 1609 1442 1674 consortio
1493 1611 1768 1680 sanguinis
1812 1613 2042 1682 pretium
2074 1627 2104 1667 a

539 1689 736 1746 Judaeis
764 1695 989 1763 accepit,
1020 1705 1078 1750 ut
1116 1697 1277 1751 vitam
1326 1700 1572 1777 perderet
1620 1717 1780 1776 quam
1835 1702 2100 1763 distraxit.

538 1778 781 1836 Ctenavit
835 1783 998 1855 igitur
1043 1787 1202 1842 hodie
1254 1789 1494 1858 proditor
1542 1781 1767 1845 mortem
1817 1807 2000 1857 suam,
2049 1801 2176 1862 etB

537 1873 776 1928 cruentis
801 1877 1048 1933 manibus
1073 1894 1266 1948 panem
1305 1881 1371 1934 de
1413 1897 1571 1938 manu
1602 1881 1894 1940 Salvatoris
1921 1885 2098 1946 exitu-

536 1974 629 2016 rus
655 1965 881 2033 accepit,
912 1975 970 2028 ut
993 1970 1290 2038 saginatum
1312 1971 1431 2025 cibo
1459 1971 1630 2039 major
1652 1988 1806 2042 poena
1836 1974 2101 2036 constrin-

536 2058 704 2117 geret,
735 2068 894 2121 quem
925 2071 1025 2111 nec
1061 2060 1253 2123 sacrati
1298 2061 1399 2117 cibi
1430 2061 1642 2115 collatio
1677 2063 1744 2115 ab
1782 2063 1983 2117 scelere
2021 2078 2103 2123 re-

533 2152 773 2200 vocaret.
805 2141 1013 2209 Patitur
1039 2147 1220 2218 itaque
1266 2150 1522 2221 Dominus
1563 2161 1744 2212 noster
1769 2151 1922 2219 Jesus
1947 2153 2101 2208 Chri-

532 2236 650 2284 stus
689 2229 860 2287 Filius
903 2242 1048 2303 tuus,
1079 2225 1200 2304 cum
1227 2239 1379 2294 hoste
1407 2242 1751 2309 novissimum
1782 2245 2101 2316 participare

530 2319 854 2386 convivium,
883 2337 914 2376 a
941 2339 1046 2392 quo
1070 2340 1128 2380 se
1163 2337 1390 2381 noverat
1432 2331 1685 2384 continuo
1730 2346 1847 2387 esse
1893 2333 2102 2387 traden-

529 2405 676 2475 dum,
708 2419 768 2464 ut
794 2415 1098 2484 exemplum
1138 2418 1456 2475 innocentia:
1504 2422 1702 2476 mundo
1751 2423 2096 2502 relinqueret,

524 2505 580 2552 et
627 2501 936 2568 passionem
967 2520 1117 2559 suam
1148 2523 1244 2577 pro
1269 2509 1446 2563 saeculi
1478 2511 1841 2580 redemptione
1885 2513 2095 2586 supple-

527 2595 629 2642 ret.
656 2587 838 2646 Pascit
865 2592 1026 2663 igitur
1059 2596 1206 2650 mitis
1246 2597 1386 2652 Deus
1415 2599 1672 2664 immitem
1710 2599 1898 2654 Jutlant
1931 2609 1984 2655 et
2012 2618 2097 2655 su-

522 2675 686 2733 stinet
729 2679 848 2748 pius
875 2683 1147 2739 crudelem
1180 2687 1480 2748 convivam.
1515 2688 1615 2754 Qui
1661 2690 1854 2748 merito
1903 2690 2094 2765 laqueo

485 2805 488 2808 .
521 2781 620 2822 suo
653 2771 924 2840 periturus
949 2783 1084 2844 erat,
1117 2777 1258 2856 quod
1285 2779 1349 2832 de
1373 2781 1610 2861 magistri
1641 2783 1898 2860 sanguine
1942 2785 2090 2854 cogi-

519 2865 682 2912 tarat.
711 2859 756 2916 0
779 2861 1066 2928 Dominum
1103 2883 1200 2946 per
1243 2870 1422 2930 omnia
1468 2859 1789 2944 patientem!
1824 2874 1866 2928 Ο
1893 2890 2089 2944 agnum

519 2947 660 3003 inter
689 2965 814 3007 suas
843 2955 1028 3023 epulas
1050 2958 1263 3012 mitem!
1297 2959 1484 3016 Cibum
1513 2961 1626 3030 ejus
1672 2962 1837 3018 Judas
1891 2966 1943 3018 in
1996 2981 2090 3019 ore

517 3036 746 3108 ferebat,
777 3051 833 3098 et
857 3047 1051 3115 quibus
1076 3064 1199 3104 eum
1246 3053 1898 3123 traderet,’persecutores
1926 3055 2086 3113 advo-

2209 530 2380 602 ponit,
2408 540 2464 585 et
2494 541 2708 588 :eternre
2734 533 2868 590 lucis
2899 534 3039 589 viam
3062 536 3289 606 pandit!
3332 536 3378 593 Ο
3400 548 3644 605 noctem,
3676 556 3794 610 qua:

2212 619 2392 674 videre
2421 623 2638 688 meruit,
2667 631 2720 679 et
2750 625 2894 679 vinci
2924 625 3217 693 diabolum,
3244 637 3294 684 et
3327 643 3616 708 resurgere
3640 628 3792 690 Chri-

2210 718 2351 764 stum
2377 714 2388 766 !
2419 712 2463 767 Ο
2492 723 2725 780 noctem,
2773 715 2826 771 in
2853 732 2956 786 qua
3006 725 3207 771 tartara
3260 719 3586 788 spoliantur,
3616 721 3797 775 sancti

2210 802 2276 855 ab
2304 802 2490 858 inferis
2509 804 2824 872 liberantur,
2852 807 3086 862 caelestis
3105 810 3293 878 patria:
3314 811 3491 865 aditus
3511 812 3791 880 aperitur!

2159 951 2166 958 ,
2209 887 2254 944 0
2283 901 2518 957 noctem,
2546 893 2598 947 in
2628 909 2737 963 qua
2789 895 2845 949 in
2897 897 3219 966 baptismate
3261 899 3584 954 delictorum
3634 901 3792 954 turba

2208 978 2509 1046 perimitur,
2535 981 2630 1036 filii
2675 981 2810 1038 lucis
2845 984 3107 1039 oriuntur.
3148 985 3292 1051 Quos
3322 987 3570 1057 exemplo
3602 989 3794 1042 Domi-

2209 1067 2344 1122 nicas
2391 1072 2582 1125 matris
2622 1071 2824 1138 Mariae,
2853 1075 2969 1129 sine
3014 1077 3358 1145 corruptione
3385 1085 3575 1131 sancta
3616 1086 3794 1131 mater

2208 1157 2447 1214 Ecclesia
2475 1163 2728 1233 concipit,
2759 1165 2877 1220 sine
2903 1165 3088 1222 dolore
3113 1167 3274 1245 parit,
3323 1177 3378 1224 et
3418 1184 3540 1226 cum
3586 1168 3793 1242 gaudio

2208 1253 2276 1307 ad
2305 1253 2527 1310 meliora
2553 1258 2820 1328 provehit.
2849 1259 2916 1314 Et
2941 1261 3082 1315 ideo.

2752 1367 2910 1436 Infra
2945 1371 3217 1425 actionem.

2277 1451 2389 1524 (ϐ.)
2417 1453 2904 1524 Communicantes,
2927 1470 2980 1515 et
3000 1471 3211 1516 noctem
3240 1465 3674 1519 sacratissimam
3703 1481 3793 1519 ce»

2206 1541 2496 1611 lebrantes,
2527 1550 2938 1606 resurrectionis
2966 1552 3173 1608 Domini
3207 1555 3376 1609 nostri
3404 1555 3533 1610 Jesu
3577 1556 3795 1614 Christi

2205 1635 2495 1689 secundum
2523 1652 2765 1708 carnem,
2797 1639 2890 1694 sed
2926 1650 2980 1696 et
3020 1643 3334 1698 memor-iam
3364 1655 3696 1701 venerantes
3738 1649 3788 1700 in

2206 1726 2395 1795 primis
2439 1728 2683 1804 gloriosa:
2736 1748 2949 1804 semper
2989 1735 3211 1806 virginis
3254 1738 3453 1802 Mariae,
3497 1741 3788 1810 genitricis

2203 1814 2442 1882 ejusdem
2471 1819 2566 1872 Dei
2607 1829 2662 1875 et
2686 1821 2897 1878 Domini
2923 1826 3094 1881 nostri
3137 1825 3262 1883 Jesu
3299 1827 3532 1896 Christi;
3585 1832 3689 1885 sed
3738 1841 3788 1886 et

2205 1903 2485 1958 beatorum
2523 1909 2905 1977 apostolorum.

2274 1994 2386 2068 (ϐ.)
2414 1998 2561 2055 Hanc
2599 1999 2762 2071 igitur
2785 2003 3108 2060 oblationem
3131 2008 3402 2064 servitutis
3435 2017 3669 2074 nostrae,
3692 2012 3785 2065 sed

2202 2097 2257 2142 et
2278 2099 2484 2145 cunctae
2512 2091 2723 2149 familia:
2750 2104 2872 2161 tuae,
2898 2111 3057 2167 quam
3090 2099 3184 2154 tibi
3224 2100 3498 2157 offerimus
3543 2117 3652 2172 pro
3701 2102 3784 2156 his

2201 2195 2412 2250 quoque
2467 2199 2602 2254 quos
2647 2200 2966 2257 regenerare
3019 2190 3264 2260 dignatus
3297 2207 3378 2258 es,
3427 2209 3494 2249 ex
3537 2209 3684 2262 aqua
3733 2203 3784 2248 et

2203 2270 2401 2340 Spiritu
2454 2283 2659 2338 sancto,
2717 2276 2956 2332 tribuens
3001 2280 3081 2332 eis
3133 2281 3505 2338 remissionem
3537 2284 3784 2344 omnium

2201 2367 2573 2429 peccatorum;
2605 2380 2930 2434 quaesumus,
2958 2365 3198 2435 Domine,
3234 2378 3292 2424 ut
3317 2370 3456 2441 plac.

2649 2489 2703 2528 IN
2732 2489 2818 2528 ωε
2847 2491 3047 2532 SANCTO
3075 2493 3307 2535 PASCHE.

2268 2556 2636 2632 (0.)1Equum
2657 2573 2711 2619 et
2736 2565 2989 2622 salutare.
3009 2568 3084 2622 Te
3104 2570 3338 2640 quidem,
3356 2573 3605 2638 Domine,
3627 2577 3784 2634 omni

2199 2658 2458 2718 tempore,
2488 2653 2583 2708 sed
2612 2653 2666 2718 in
2693 2654 2797 2711 hoc
2830 2658 3166 2732 potissimum
3194 2661 3304 2730 die,
3331 2673 3386 2716 ut
3407 2681 3594 2734 supra.

2904 2759 3044 2822 Αιίᾰ.

2262 2852 2488 2911 Ᾰειθτηθ
2506 2856 2668 2913 Deus.
2696 2857 2763 2914 Et
2787 2867 2837 2914 te
2874 2862 3020 2916 omni
3047 2863 3262 2932 quidem
3288 2871 3552 2937 tempore,
3584 2871 3686 2924 sed
3721 2871 3784 2931 in.

2191 2943 2293 3000 hac
2321 2949 2590 3019 prmcipue‘
2631 2951 2717 3006 die
2760 2951 3008 3021 laudare,
3027 2955 3343 3015 benedicere
3369 2969 3427 3016 et
3449 2962 3772 3031 praedicare,

2191 3048 2298 3102 quo
2348 3035 2556 3093 Pascha
2603 3049 2848 3096 nostrum
2879 3043 3183 3102 immolatus
3234 3056 3317 3104 est
3357 3049 3627 3106 Christus.
3669 3051 3774 3110 Per

518 3128 696 3184 cabat.
727 3130 832 3187 Sed
873 3135 1040 3192 Filius
1067 3149 1190 3195 tuus
1218 3143 1680 3200 Dominus’noster
1701 3154 1953 3216 tanquam
1993 3147 2082 3218 pia
2113 3148 2156 3209 C
2190 3138 2351 3218 quea}
2372 3126 2718 3218 autem"!
2749 3131 2915 3186 Vitam
2946 3133 3038 3188 ﬁlii
3067 3135 3203 3192 lueis
3225 3139 3494 3204 οτίωηιπν
3522 3141 3772 3198 “deum”

517 3222 718 3292 hostia,
753 3236 808 3282 et
836 3229 1102 3286 immorali
1124 3249 1182 3289 se
1218 3236 1313 3290 tibi
1357 3251 1455 3306 pro
1485 3238 1640 3294 nobis
1664 3241 1931 3308 patienter
1960 3255 2083 3311 pro-

517 3316 684 3384 misit,
716 3327 773 3375 et
815 3333 1096 3390 peccatum
1143 3331 1286 3398 quod
1332 3332 1560 3388 mundus
1588 3335 1950 3403 commiserat,
2000 3352 2083 3392 re.

513 3403 734 3478 laxavit.
766 3409 872 3468 Per
905 3429 1063 3483 quem
1094 3417 1449 3486 majestatem.

1071 3507 1226 3578 Infra
1267 3513 1540 3568 actionem.

579 3591 1071 3666 Communicantes,
1093 3608 1145 3654 et
1176 3601 1316 3657 diem
1357 3606 1775 3663 sacratissimum
1805 3607 2081 3673 celebran-

512 3689 614 3748 tes,
641 3700 747 3755 quo
775 3686 1035 3744 Dominus
1055 3699 1240 3747 noster
1265 3692 1423 3750 Jesus
1447 3695 1692 3754 Christus
1714 3706 1799 3755 est
1827 3699 2076 3768 traditus,

509 3774 606 3831 sed
632 3783 688 3831 et
714 3781 1030 3837 memoriam
1055 3795 1394 3853 venerantes,
1430 3796 1535 3843 etc.

578 3861 732 3925 Hanc
771 3868 936 3938 igitur
980 3873 1302 3936 oblationem
1331 3879 1605 3935 servitutis
1634 3888 1857 3954 nostrae,
1884 3883 1981 3941 sed
2019 3891 2080 3942 et

507 3963 719 4040 cuncta
735 3956 950 4018 familiar.
978 3971 1100 4030 tuae,
1130 3982 1287 4035 quam
1313 3969 1407 4023 tibi
1434 3969 1731 4040 offerimus,
1761 3975 1831 4031 ob
1851 3977 1994 4031 diem
2019 3975 2077 4032 in

506 4057 614 4136 ulla
636 4037 895 4106 Dominus
921 4061 1107 4121 noster
1133 4054 1288 4112 lesus
1311 4057 1557 4116 Christus
1585 4037 1806 4120 tradidit
1841 4065 2077 4136 discipu-

504 4129 572 4188 lis
621 4135 741 4199 suis
784 4141 1026 4209 corporis
1073 4153 1129 4199 et
1173 4149 1448 4218 sanguinis
1503 4153 1586 4207 sui
1635 4155 1892 4226 mysteria
1936 4129 2077 4211 cele-

504 4222 708 4317 branda
740 4243 754 4279 :
795 4243 1118 4306 quaesumus,
1155 4235 1396 4302 Domine,
1426 4250 1486 4295 ut
1512 4222 1751 4312 placatus
1783 4245 2038 4317 accipias.

569 4312 670 4382 Qui
699 4318 872 4387 pridie
908 4338 1068 4397 quam
1095 4341 1191 4396 pro
1216 4338 1400 4384 nostra
1443 4333 1682 4400 omnium
1728 4312 2074 4407 salute—pate-

502 4411 671 4472 retur,
724 4408 826 4464 hoc
870 4420 972 4478 est,
1006 4415 1191 4490 hodie,
1231 4419 1436 4498 accepit
1463 4435 1653 4489 panem
1681 4422 1735 4478 iu
1766 4434 1981 4484 sanctas
2008 4443 2073 4484 ac

499 4497 840 4572 venerabiles,
870 4518 1068 4577 manus,
1087 4521 1232 4576 suas.

1026 4611 1260 4666 sarrano
1305 4617 1527 4664 saxoro.

563 4676 945 4769 (0.).1Equum
993 4697 1051 4757 et,
1095 4691 1348 4750 salutare.
1409 4696 1484 4752 Te
1531 4699 1771 4768 quidem,
1818 4701 2064 4769 Domine,

493 4768 926 4851 omnitempore,
960 4779 1052 4833 sed
1087 4779 1142 4834 in
1194 4782 1294 4840 hac
1327 4787 1665 4854 potissimum
1687 4797 1848 4853 nocte
1871 4768 2068 4860 gloria?

493 4855 605 4911 sius
633 4863 947 4931 prmdicare,
977 4883 1098 4924 cum
1146 4874 1345 4942 pascha
1374 4885 1628 4942 nostrum
1651 4877 1956 4935 immolatus
1983 4889 2067 4938 est

492 4944 771 5018 Christus;
818 4955 930 5025 ipse
958 4961 1098 5015 enim
1151 4979 1311 5028 verus
1347 4974 1431 5022 est
1474 4983 1666 5037 agnus,
1701 4969 1794 5037 qui
1843 4971 2066 5032 abstulit

491 5046 709 5106 peccata
750 5046 954 5100 mundi.
987 5048 1087 5126 Qui
1134 5060 1362 5106 mortem
1396 5064 1637 5109 nostram
1666 5057 1943 5115 moriendo
1970 5060 2064 5116 de.-

490 5127 688 5191 struxit
717 5139 772 5186 et
797 5134 962 5199 vitam
989 5141 1316 5212 resurgendo
1343 5144 1630 5215 reparavit.
1661 5145 1730 5216 Et
1768 5147 1920 5215 ideo.

1192 5227 1334 5282 Alia.

559 5305 782 5366 literne
807 5313 968 5368 Deus.
1001 5315 1066 5370 Et
1095 5324 1146 5371 te
1179 5320 1326 5373 omni
1348 5321 1562 5391 quidem
1593 5332 1852 5398 tempore,
1879 5328 1975 5384 sed
2003 5328 2058 5385 in

489 5399 592 5467 hac
611 5403 949 5470 potissimum
976 5419 1133 5465 nocte
1155 5411 1435 5483 gloriosius
1458 5419 1760 5478 collaudare
1779 5433 1834 5480 et
1863 5426 2059 5497 przedi-

489 5507 634 5559 care,
663 5507 761 5563 per
794 5496 1066 5560 Christum
1092 5505 1373 5564 Dominum
1408 5524 1670 5578 nostrum.
1711 5516 1811 5588 Qui
1857 5496 2058 5575 infero-

490 5597 608 5650 rum
639 5583 870 5641 claustra
897 5590 1253 5673 disrumpens,
1279 5599 1516 5658 victoria:
1551 5620 1662 5660 sua:
1686 5606 1830 5661 clara
1862 5608 2055 5664 vexilla

487 5682 736 5752 suscepit,
791 5697 869 5757 et,
899 5692 1220 5766 triumphato
1262 5697 1472 5758 diabolo
1520 5701 1594 5774 [f.
1627 5694 1956 5786 add.__vietor
2001 5704 2055 5778 a]

2190 3214 2339 3284 regni
2363 3216 2601 3273 cmlestis
2631 3219 2770 3274 atria
2799 3233 3135 3292 reserantur,
3159 3235 3216 3282 et
3253 3229 3398 3284 beati
3445 3229 3564 3300 lege
3611 3247 3765 3287 eom-

2190 3304 2398 3371 mercii,
2425 3305 2621 3364 divinis
2665 3310 2898 3367 humana
2931 3323 3222 3372 mutantur.
3268 3317 3403 3388 Quia
3455 3333 3764 3378 nostrorum

2185 3396 2423 3451 omnium
2451 3414 2598 3456 mors
2618 3416 2779 3458 cruce
2807 3403 3010 3461 Christi
3055 3419 3332 3480 perempta
3369 3420 3478 3479 est,
3501 3422 3561 3468 et
3590 3415 3645 3468 in
3676 3430 3762 3469 re-

2186 3488 2521 3545 surrectione
2555 3491 2671 3563 ejus
2711 3495 2950 3552 omnium
2978 3497 3090 3553 vita
3119 3503 3439 3558 resurrexit.
3485 3503 3660 3571 Quem
3708 3506 3760 3560 in

2183 3580 2522 3650 susceptione
2552 3584 2893 3642 mortalitatis
2942 3587 3112 3644 Deum
3157 3590 3456 3660 majestatis
3506 3597 3756 3666 agnosci:

2181 3683 2321 3736 mus,
2345 3679 2401 3726 et
2442 3670 2495 3726 in
2525 3673 2822 3732 divinitatis
2851 3677 3016 3749 gloria
3043 3679 3210 3736 Deum
3236 3691 3292 3736 et
3320 3683 3598 3740 hominem
3631 3701 3758 3744 con:

2179 3759 2414 3829 utemur.
2462 3761 2566 3830 Qui
2605 3774 2832 3829 mortem
2880 3777 3121 3829 nostram
3157 3773 3440 3830 moriendo
3465 3775 3750 3842 destruxit,

2178 3859 2234 3916 et
2267 3852 2434 3908 vitam
2460 3856 2787 3932 resurgendo
2811 3860 3102 3929 reparavit.
3130 3862 3199 3918 Et
3226 3863 3347 3920 ideo
3375 3881 3500 3921 cum
3523 3881 3650 3938 ang.

2721 3968 2875 4040 Infra
2909 3974 3187 4035 actionem.

2249 4056 2367 4135 (6.)
2388 4057 2876 4127 communicantes,
2909 4071 2964 4117 et
2992 4063 3135 4118 diem
3159 4065 3592 4134 sacratissimum
3612 4071 3752 4124 cele-

2177 4148 2398 4204 brantes
2427 4150 2840 4221 resurrectionis
2872 4150 3085 4207 Domini
3114 4153 3209 4208 Dei
3250 4156 3422 4216 nostri
3453 4157 3748 4212 secundum

2176 4253 2416 4307 carnem,
2441 4240 2540 4297 sed
2566 4249 2622 4297 et
2642 4241 2960 4298 memoriam
2987 4253 3328 4314 venerantes.
3370 4246 3523 4304 Hanc
3564 4249 3746 4320 igitur,

2177 4339 2234 4384 ut
2258 4347 2440 4402 supra.
3737 4356 3744 4361 ‘

2837 4440 2995 4480 FERIA
3024 4441 3084 4480 11.

2093 4496 2149 4562 D
2240 4532 2317 4598 Te
2343 4533 2559 4607 quidem
2585 4535 2732 4590 omni
2763 4542 3032 4608 tempore,
3051 4547 3106 4594 ut
3129 4557 3308 4612 supra.

2881 4649 3024 4706 Alia.

2239 4734 2604 4808 (A.)1Eterne
2632 4736 2793 4799 Deus.
2837 4739 2906 4804 Et
2951 4750 3003 4796 te
3049 4743 3361 4814 suppliciter
3387 4761 3638 4814 exorare,
3683 4761 3743 4805 ut

2169 4825 2415 4882 fidelibus
2438 4828 2543 4883 tuis
2567 4827 2870 4898 dignanter,
2893 4839 3023 4900 etc.,
3044 4843 3101 4887 ut
3119 4850 3298 4906 supra.
3325 4835 3577 4907 Sequenti
3602 4839 3740 4894 Sub.

2167 4918 2290 4980 bata
2304 4919 2440 4974 inter
2466 4919 2706 4974 Ambros.

2512 5044 2668 5085 FERIA
2702 5046 2763 5085 Ill
2795 5050 2862 5087 AD
2889 5049 3128 5092 SANCTUI
3156 5054 3386 5096 ΡΑυιωι.

2234 5121 2345 5194 (Α.)
2381 5121 2606 5185 Ᾱζιθτηε
2629 5123 2793 5180 Deus.
2843 5125 2948 5183 Per
2989 5129 3257 5186 Christum
3309 5133 3599 5200 Dominum
3643 5154 3737 5193 no-

2157 5220 2353 5268 strum.
2387 5213 2490 5281 Qui
2517 5213 2788 5272 oblatione
2807 5217 2890 5280 sui
2911 5222 3172 5296 corporis,
3194 5233 3325 5290 etc.,
3346 5235 3402 5280 ut
3420 5244 3538 5299 sap.
3561 5230 3661 5300 fer.
3693 5228 3734 5283 γ

2162 5312 2297 5363 mter
2318 5304 2503 5367 Ambr.
3748 5375 3756 5392 ,

2543 5437 2698 5481 FER“
2730 5438 2782 5479 IV
2809 5440 2878 5482 AD
2901 5440 2947 5482 S.
2978 5443 3338 5487 LAUBENJIUI.
3749 5395 3755 5428 ὗ

2230 5528 2600 5600 (6.).A5terne
2639 5533 2802 5590 Deus.
2850 5535 2919 5590 Et
2959 5537 3215 5607 pietatem
3271 5550 3414 5596 tuam
3451 5533 3750 5600 indefessis

2159 5619 2407 5690 precibus
2433 5621 2746 5691 implorare,
2780 5632 2840 5679 ut
2873 5624 2965 5696 qui
3005 5629 3280 5696 paschalis
3309 5629 3615 5687 festivitatis
3640 5649 3722 5687 so.-

2159 5709 2354 5766 lemnia
2383 5710 2626 5782 colimus,
2661 5713 2716 5772 in
2756 5720 2846 5772 tua
2871 5728 3084 5791 semper
3124 5719 3543 5780 sanctificatione
3572 5724 3724 5778 τίτθη
