  <div class='ocr_page' id='page_1' title='image "/cluster/home/n/w/nwhite01/storage/ocr_20150623/121/hvd.32044015471642/454.png"; bbox 0 0 3954 6342; ppageno 0'>
   <div class='ocr_carea' id='block_1_1' title="bbox 112 379 202 446">
    <p class='ocr_par' dir='ltr' id='par_1_1' title="bbox 112 379 202 446">
     <span class='ocr_line' id='line_1_1' title="bbox 112 379 202 446; baseline -0.056 1"><span class='ocrx_word' id='word_1_1' title='bbox 112 379 202 446; x_wconf 71' lang='lat'><strong>891</strong></span> 
     </span>
    </p>
   </div>
   <div class='ocr_carea' id='block_1_2' title="bbox 119 474 1768 566">
    <p class='ocr_par' dir='ltr' id='par_1_2' title="bbox 119 474 1768 566">
     <span class='ocr_line' id='line_1_2' title="bbox 119 474 1768 566; baseline -0.023 -9"><span class='ocrx_word' id='word_1_2' title='bbox 119 492 249 557; x_wconf 77' lang='lat' dir='ltr'><strong>inus.</strong></span> <span class='ocrx_word' id='word_1_3' title='bbox 287 495 404 565; x_wconf 89' lang='lat' dir='ltr'><strong>Quo</strong></span> <span class='ocrx_word' id='word_1_4' title='bbox 427 507 530 566; x_wconf 85' lang='lat' dir='ltr'><strong>per</strong></span> <span class='ocrx_word' id='word_1_5' title='bbox 561 484 870 561; x_wconf 72' lang='lat' dir='ltr'><strong>temporalis</strong></span> <span class='ocrx_word' id='word_1_6' title='bbox 900 481 1024 537; x_wconf 80' lang='lat' dir='ltr'><strong>festi</strong></span> <span class='ocrx_word' id='word_1_7' title='bbox 1052 474 1514 536; x_wconf 75' lang='lat' dir='ltr'><strong>observationem,</strong></span> <span class='ocrx_word' id='word_1_8' title='bbox 1560 482 1686 566; x_wconf 47' lang='lat' dir='ltr'><strong>per:</strong></span> <span class='ocrx_word' id='word_1_9' title='bbox 1716 475 1768 534; x_wconf 77' lang='grc' dir='ltr'><strong>Α</strong></span> 
     </span>
    </p>
   </div>
   <div class='ocr_carea' id='block_1_3' title="bbox 89 555 1694 649">
    <p class='ocr_par' dir='ltr' id='par_1_3' title="bbox 89 555 1694 649">
     <span class='ocr_line' id='line_1_3' title="bbox 89 555 1694 649; baseline -0.024 1"><span class='ocrx_word' id='word_1_10' title='bbox 89 580 299 649; x_wconf 70' lang='grc' dir='ltr'><strong>’νεηίιτθ</strong></span> <span class='ocrx_word' id='word_1_11' title='bbox 324 555 631 643; x_wconf 63' lang='lat' dir='ltr'><strong>mereamur</strong></span> <span class='ocrx_word' id='word_1_12' title='bbox 662 580 731 635; x_wconf 88' lang='lat' dir='ltr'><strong>ad</strong></span> <span class='ocrx_word' id='word_1_13' title='bbox 771 586 1100 635; x_wconf 67' lang='lat' dir='ltr'><strong>aeternorum</strong></span> <span class='ocrx_word' id='word_1_14' title='bbox 1150 566 1470 642; x_wconf 74' lang='lat' dir='ltr'><strong>gaudiorum</strong></span> <span class='ocrx_word' id='word_1_15' title='bbox 1519 555 1694 617; x_wconf 81' lang='lat' dir='ltr'><strong>conti—</strong></span> 
     </span>
    </p>
   </div>
   <div class='ocr_carea' id='block_1_4' title="bbox 122 671 1418 741">
    <p class='ocr_par' dir='ltr' id='par_1_4' title="bbox 122 671 1418 741">
     <span class='ocr_line' id='line_1_4' title="bbox 122 671 1418 741; baseline -0.034 1"><span class='ocrx_word' id='word_1_16' title='bbox 122 680 442 741; x_wconf 80' lang='lat' dir='ltr'><strong>nuationem.</strong></span> <span class='ocrx_word' id='word_1_17' title='bbox 479 672 583 729; x_wconf 88' lang='lat' dir='ltr'><strong>Per</strong></span> <span class='ocrx_word' id='word_1_18' title='bbox 610 671 911 729; x_wconf 80' lang='lat' dir='ltr'><strong>Christum.</strong></span> <span class='ocrx_word' id='word_1_19' title='bbox 1050 689 1056 694; x_wconf 86' lang='lat'><strong>~</strong></span> <span class='ocrx_word' id='word_1_20' title='bbox 1414 681 1418 685; x_wconf 91' lang='grc'><strong><em>-</em></strong></span> 
     </span>
    </p>
   </div>
   <div class='ocr_carea' id='block_1_5' title="bbox 512 781 1284 845">
    <p class='ocr_par' dir='ltr' id='par_1_5' title="bbox 512 781 1284 845">
     <span class='ocr_line' id='line_1_5' title="bbox 512 781 1284 845; baseline -0.021 0"><span class='ocrx_word' id='word_1_21' title='bbox 512 794 668 845; x_wconf 68' lang='lat' dir='ltr'><strong>rents</strong></span> <span class='ocrx_word' id='word_1_22' title='bbox 702 802 734 840; x_wconf 90' lang='lat' dir='ltr'><strong>v</strong></span> <span class='ocrx_word' id='word_1_23' title='bbox 760 790 828 839; x_wconf 69' lang='lat' dir='ltr'><strong>an</strong></span> <span class='ocrx_word' id='word_1_24' title='bbox 854 796 931 839; x_wconf 89' lang='lat' dir='ltr'><strong>ss.</strong></span> <span class='ocrx_word' id='word_1_25' title='bbox 964 781 1284 836; x_wconf 64' lang='lat' dir='ltr'><strong>aros&#39;roms.</strong></span> 
     </span>
    </p>
   </div>
   <div class='ocr_carea' id='block_1_6' title="bbox 188 867 1692 947">
    <p class='ocr_par' dir='ltr' id='par_1_6' title="bbox 188 867 1692 947">
     <span class='ocr_line' id='line_1_6' title="bbox 188 867 1692 947; baseline -0.023 -1"><span class='ocrx_word' id='word_1_26' title='bbox 188 879 404 947; x_wconf 64' lang='lat' dir='ltr'><strong>Eterne</strong></span> <span class='ocrx_word' id='word_1_27' title='bbox 436 880 601 938; x_wconf 88' lang='lat' dir='ltr'><strong>Deus.</strong></span> <span class='ocrx_word' id='word_1_28' title='bbox 646 869 750 933; x_wconf 81' lang='lat' dir='ltr'><strong>Per</strong></span> <span class='ocrx_word' id='word_1_29' title='bbox 788 873 1064 932; x_wconf 91' lang='lat' dir='ltr'><strong>Christum</strong></span> <span class='ocrx_word' id='word_1_30' title='bbox 1095 867 1380 925; x_wconf 90' lang='lat' dir='ltr'><strong>Dominum</strong></span> <span class='ocrx_word' id='word_1_31' title='bbox 1422 868 1692 917; x_wconf 86' lang='lat' dir='ltr'><strong>nostrum.</strong></span> 
     </span>
    </p>
   </div>
   <div class='ocr_carea' id='block_1_7' title="bbox 123 954 1694 1050">
    <p class='ocr_par' dir='ltr' id='par_1_7' title="bbox 123 954 1694 1050">
     <span class='ocr_line' id='line_1_7' title="bbox 123 954 1694 1050; baseline -0.021 -13"><span class='ocrx_word' id='word_1_32' title='bbox 123 981 217 1050; x_wconf 90' lang='lat' dir='ltr'><strong>Qui</strong></span> <span class='ocrx_word' id='word_1_33' title='bbox 238 992 335 1035; x_wconf 89' lang='lat' dir='ltr'><strong>nos</strong></span> <span class='ocrx_word' id='word_1_34' title='bbox 362 990 460 1047; x_wconf 91' lang='lat' dir='ltr'><strong>per</strong></span> <span class='ocrx_word' id='word_1_35' title='bbox 496 967 752 1044; x_wconf 84' lang='lat' dir='ltr'><strong>paschale</strong></span> <span class='ocrx_word' id='word_1_36' title='bbox 782 963 1099 1039; x_wconf 83' lang='lat' dir='ltr'><strong>mysterium</strong></span> <span class='ocrx_word' id='word_1_37' title='bbox 1125 956 1343 1015; x_wconf 77' lang='lat' dir='ltr'><strong>edocuit</strong></span> <span class='ocrx_word' id='word_1_38' title='bbox 1366 954 1694 1050; x_wconf 68' lang='lat' dir='ltr'><strong>vetustatem</strong></span> 
     </span>
    </p>
   </div>
   <div class='ocr_carea' id='block_1_8' title="bbox 124 1038 1695 1136">
    <p class='ocr_par' dir='ltr' id='par_1_8' title="bbox 124 1038 1695 1136">
     <span class='ocr_line' id='line_1_8' title="bbox 124 1038 1695 1136; baseline -0.022 -9"><span class='ocrx_word' id='word_1_39' title='bbox 124 1038 239 1126; x_wconf 70' lang='lat' dir='ltr'><strong>vitae</strong></span> <span class='ocrx_word' id='word_1_40' title='bbox 262 1038 589 1136; x_wconf 73' lang='lat' dir='ltr'><strong>relinquere,</strong></span> <span class='ocrx_word' id='word_1_41' title='bbox 618 1061 674 1117; x_wconf 82' lang='lat' dir='ltr'><strong>et</strong></span> <span class='ocrx_word' id='word_1_42' title='bbox 714 1054 767 1115; x_wconf 91' lang='lat' dir='ltr'><strong>in</strong></span> <span class='ocrx_word' id='word_1_43' title='bbox 793 1038 1029 1113; x_wconf 84' lang='lat' dir='ltr'><strong>novitate</strong></span> <span class='ocrx_word' id='word_1_44' title='bbox 1058 1049 1281 1123; x_wconf 86' lang='lat' dir='ltr'><strong>spiritus</strong></span> <span class='ocrx_word' id='word_1_45' title='bbox 1317 1042 1616 1101; x_wconf 90' lang='lat' dir='ltr'><strong>ambulare.</strong></span> <span class='ocrx_word' id='word_1_46' title='bbox 1648 1038 1695 1094; x_wconf 82' lang='lat' dir='ltr'><strong>A</strong></span> 
     </span>
    </p>
   </div>
   <div class='ocr_carea' id='block_1_9' title="bbox 123 1142 1697 1235">
    <p class='ocr_par' dir='ltr' id='par_1_9' title="bbox 123 1142 1697 1235">
     <span class='ocr_line' id='line_1_9' title="bbox 123 1142 1697 1235; baseline -0.02 -15"><span class='ocrx_word' id='word_1_47' title='bbox 123 1179 223 1235; x_wconf 87' lang='lat' dir='ltr'><strong>quo</strong></span> <span class='ocrx_word' id='word_1_48' title='bbox 243 1166 517 1234; x_wconf 66' lang='lat' dir='ltr'><strong>perpetuae</strong></span> <span class='ocrx_word' id='word_1_49' title='bbox 544 1154 737 1214; x_wconf 87' lang='lat' dir='ltr'><strong>mortis</strong></span> <span class='ocrx_word' id='word_1_50' title='bbox 760 1156 1048 1235; x_wconf 74' lang='lat' dir='ltr'><strong>superatur</strong></span> <span class='ocrx_word' id='word_1_51' title='bbox 1076 1142 1370 1205; x_wconf 82' lang='lat' dir='ltr'><strong>acerbitas,</strong></span> <span class='ocrx_word' id='word_1_52' title='bbox 1394 1145 1453 1195; x_wconf 91' lang='lat' dir='ltr'><strong>et</strong></span> <span class='ocrx_word' id='word_1_53' title='bbox 1478 1142 1697 1193; x_wconf 54' lang='lat' dir='ltr'><strong>aeterna</strong></span> 
     </span>
    </p>
   </div>
   <div class='ocr_carea' id='block_1_10' title="bbox 125 1231 1497 1313">
    <p class='ocr_par' dir='ltr' id='par_1_10' title="bbox 125 1231 1497 1313">
     <span class='ocr_line' id='line_1_10' title="bbox 125 1231 1497 1313; baseline -0.02 -1"><span class='ocrx_word' id='word_1_54' title='bbox 125 1231 517 1312; x_wconf 38' lang='lat' dir='ltr'><strong>vitae-ﬁdelibus</strong></span> <span class='ocrx_word' id='word_1_55' title='bbox 543 1234 800 1302; x_wconf 83' lang='lat' dir='ltr'><strong>tribuitur</strong></span> <span class='ocrx_word' id='word_1_56' title='bbox 838 1231 1142 1313; x_wconf 76' lang='lat' dir='ltr'><strong>integritas.</strong></span> <span class='ocrx_word' id='word_1_57' title='bbox 1183 1231 1290 1308; x_wconf 75' lang='lat' dir='ltr'><strong>Per</strong></span> <span class='ocrx_word' id='word_1_58' title='bbox 1316 1244 1497 1303; x_wconf 88' lang='lat' dir='ltr'><strong>quem.</strong></span> 
     </span>
    </p>
   </div>
   <div class='ocr_carea' id='block_1_11' title="bbox 554 1362 1246 1417">
    <p class='ocr_par' dir='ltr' id='par_1_11' title="bbox 554 1362 1246 1417">
     <span class='ocr_line' id='line_1_11' title="bbox 554 1362 1246 1417; baseline -0.023 0"><span class='ocrx_word' id='word_1_59' title='bbox 554 1375 712 1417; x_wconf 71' lang='lat' dir='ltr'><strong>I&#39;EIIIA</strong></span> <span class='ocrx_word' id='word_1_60' title='bbox 743 1373 798 1413; x_wconf 73' lang='lat' dir='ltr'><strong>VI</strong></span> <span class='ocrx_word' id='word_1_61' title='bbox 825 1371 895 1411; x_wconf 76' lang='grc' dir='ltr'><strong>Αι)</strong></span> <span class='ocrx_word' id='word_1_62' title='bbox 931 1370 977 1411; x_wconf 76' lang='grc'><strong>8.</strong></span> <span class='ocrx_word' id='word_1_63' title='bbox 1007 1362 1246 1408; x_wconf 75' lang='grc' dir='ltr'><strong>ωευιι.</strong></span> 
     </span>
    </p>
   </div>
   <div class='ocr_carea' id='block_1_12' title="bbox 190 1433 1697 1531">
    <p class='ocr_par' dir='ltr' id='par_1_12' title="bbox 190 1433 1697 1531">
     <span class='ocr_line' id='line_1_12' title="bbox 190 1433 1697 1531; baseline -0.021 -17"><span class='ocrx_word' id='word_1_64' title='bbox 190 1450 297 1531; x_wconf 76' lang='grc' dir='ltr'><strong>(Α.)</strong></span> <span class='ocrx_word' id='word_1_65' title='bbox 325 1455 557 1511; x_wconf 61' lang='lat' dir='ltr'><strong>literne</strong></span> <span class='ocrx_word' id='word_1_66' title='bbox 610 1452 772 1506; x_wconf 87' lang='lat' dir='ltr'><strong>Deus.</strong></span> <span class='ocrx_word' id='word_1_67' title='bbox 816 1446 923 1503; x_wconf 90' lang='lat' dir='ltr'><strong>Per</strong></span> <span class='ocrx_word' id='word_1_68' title='bbox 952 1442 1227 1501; x_wconf 85' lang='lat' dir='ltr'><strong>Christum</strong></span> <span class='ocrx_word' id='word_1_69' title='bbox 1258 1433 1545 1493; x_wconf 84' lang='lat' dir='ltr'><strong>Dominum</strong></span> <span class='ocrx_word' id='word_1_70' title='bbox 1596 1436 1697 1531; x_wconf 77' lang='lat' dir='ltr'><strong>no-</strong></span> 
     </span>
    </p>
   </div>
   <div class='ocr_carea' id='block_1_13' title="bbox 127 1524 1701 1616">
    <p class='ocr_par' dir='ltr' id='par_1_13' title="bbox 127 1524 1701 1616">
     <span class='ocr_line' id='line_1_13' title="bbox 127 1524 1701 1616; baseline -0.022 -8"><span class='ocrx_word' id='word_1_71' title='bbox 127 1524 304 1608; x_wconf 75' lang='lat' dir='ltr'><strong>strum.</strong></span> <span class='ocrx_word' id='word_1_72' title='bbox 327 1549 433 1616; x_wconf 86' lang='lat' dir='ltr'><strong>Qui</strong></span> <span class='ocrx_word' id='word_1_73' title='bbox 465 1544 759 1602; x_wconf 85' lang='lat' dir='ltr'><strong>secundum</strong></span> <span class='ocrx_word' id='word_1_74' title='bbox 786 1533 1163 1611; x_wconf 83' lang='lat' dir='ltr'><strong>promissionis</strong></span> <span class='ocrx_word' id='word_1_75' title='bbox 1188 1544 1299 1588; x_wconf 71' lang='lat' dir='ltr'><strong>sua:</strong></span> <span class='ocrx_word' id='word_1_76' title='bbox 1346 1524 1701 1583; x_wconf 81' lang='lat' dir='ltr'><strong>incommuta-</strong></span> 
     </span>
    </p>
   </div>
   <div class='ocr_carea' id='block_1_14' title="bbox 128 1622 1212 1707">
    <p class='ocr_par' dir='ltr' id='par_1_14' title="bbox 128 1622 1212 1707">
     <span class='ocr_line' id='line_1_14' title="bbox 128 1622 1212 1707; baseline -0.021 -9"><span class='ocrx_word' id='word_1_77' title='bbox 128 1635 300 1707; x_wconf 84' lang='lat' dir='ltr'><strong>bilem,</strong></span> <span class='ocrx_word' id='word_1_78' title='bbox 327 1652 460 1704; x_wconf 87' lang='lat' dir='ltr'><strong>etc.,</strong></span> <span class='ocrx_word' id='word_1_79' title='bbox 485 1645 543 1691; x_wconf 75' lang='lat' dir='ltr'><strong>ut</strong></span> <span class='ocrx_word' id='word_1_80' title='bbox 569 1634 739 1691; x_wconf 78' lang='lat' dir='ltr'><strong>videre</strong></span> <span class='ocrx_word' id='word_1_81' title='bbox 762 1640 837 1687; x_wconf 75' lang='lat' dir='ltr'><strong>est</strong></span> <span class='ocrx_word' id='word_1_82' title='bbox 863 1630 1001 1684; x_wconf 78' lang='lat' dir='ltr'><strong>inter</strong></span> <span class='ocrx_word' id='word_1_83' title='bbox 1030 1622 1212 1679; x_wconf 82' lang='lat' dir='ltr'><strong>Ambr.</strong></span> 
     </span>
    </p>
   </div>
   <div class='ocr_carea' id='block_1_15' title="bbox 553 1757 1260 1810">
    <p class='ocr_par' dir='ltr' id='par_1_15' title="bbox 553 1757 1260 1810">
     <span class='ocr_line' id='line_1_15' title="bbox 553 1757 1260 1810; baseline -0.018 0"><span class='ocrx_word' id='word_1_84' title='bbox 553 1760 790 1810; x_wconf 69' lang='grc' dir='ltr'><strong>ελιιιλτο</strong></span> <span class='ocrx_word' id='word_1_85' title='bbox 820 1765 889 1805; x_wconf 76' lang='lat' dir='ltr'><strong>AD</strong></span> <span class='ocrx_word' id='word_1_86' title='bbox 922 1763 972 1805; x_wconf 74' lang='grc' dir='ltr'><strong>Β.</strong></span> <span class='ocrx_word' id='word_1_87' title='bbox 1001 1757 1260 1803; x_wconf 67' lang='lat' dir='ltr'><strong>JOARNEI.</strong></span> 
     </span>
    </p>
   </div>
   <div class='ocr_carea' id='block_1_16' title="bbox 927 325 2529 423">
    <p class='ocr_par' dir='ltr' id='par_1_16' title="bbox 927 325 2529 423">
     <span class='ocr_line' id='line_1_16' title="bbox 927 325 2529 423; baseline -0.018 1"><span class='ocrx_word' id='word_1_88' title='bbox 927 355 1127 423; x_wconf 67' lang='lat' dir='ltr'><strong>Lmen</strong></span> <span class='ocrx_word' id='word_1_89' title='bbox 1162 346 1783 419; x_wconf 63' lang='lat' dir='ltr'><strong>sacnwmronuu</strong></span> <span class='ocrx_word' id='word_1_90' title='bbox 1822 377 1893 388; x_wconf 91' lang='lat'><strong>—</strong></span> <span class='ocrx_word' id='word_1_91' title='bbox 1927 343 2252 403; x_wconf 61' lang='lat' dir='ltr'><strong>rnmrsr.</strong></span> <span class='ocrx_word' id='word_1_92' title='bbox 2293 325 2529 409; x_wconf 72' lang='lat' dir='ltr'><strong>ANTIQ.</strong></span> 
     </span>
    </p>
   </div>
   <div class='ocr_carea' id='block_1_17' title="bbox 2226 273 2259 283">
    <p class='ocr_par' dir='ltr' id='par_1_17' title="bbox 2226 273 2259 283">
     <span class='ocr_line' id='line_1_17' title="bbox 2226 273 2259 283; baseline 0 0"><span class='ocrx_word' id='word_1_93' title='bbox 2226 273 2259 283; x_wconf 62' lang='lat' dir='ltr'><strong>.o</strong></span> 
     </span>
    </p>
   </div>
   <div class='ocr_carea' id='block_1_18' title="bbox 3234 294 3373 391">
    <p class='ocr_par' dir='ltr' id='par_1_18' title="bbox 3234 294 3373 391">
     <span class='ocr_line' id='line_1_18' title="bbox 3234 294 3373 391; baseline -0.007 0"><span class='ocrx_word' id='word_1_94' title='bbox 3234 294 3239 303; x_wconf 75' lang='grc'><strong>’</strong></span> <span class='ocrx_word' id='word_1_95' title='bbox 3268 318 3373 391; x_wconf 69' lang='lat' dir='ltr'><strong>stis</strong></span> 
     </span>
    </p>
   </div>
   <div class='ocr_carea' id='block_1_19' title="bbox 2246 443 2910 510">
    <p class='ocr_par' dir='ltr' id='par_1_19' title="bbox 2246 443 2910 510">
     <span class='ocr_line' id='line_1_19' title="bbox 2246 443 2910 510; baseline -0.015 0"><span class='ocrx_word' id='word_1_96' title='bbox 2246 468 2403 510; x_wconf 78' lang='lat' dir='ltr'><strong>mm</strong></span> <span class='ocrx_word' id='word_1_97' title='bbox 2444 465 2504 507; x_wconf 84' lang='lat' dir='ltr'><strong>nt</strong></span> <span class='ocrx_word' id='word_1_98' title='bbox 2543 443 2910 505; x_wconf 65' lang='lat' dir='ltr'><strong>noctrtosiiu.</strong></span> 
     </span>
    </p>
   </div>
   <div class='ocr_carea' id='block_1_20' title="bbox 1866 537 3407 633">
    <p class='ocr_par' dir='ltr' id='par_1_20' title="bbox 1866 537 3407 633">
     <span class='ocr_line' id='line_1_20' title="bbox 1866 537 3407 633; baseline -0.01 -10"><span class='ocrx_word' id='word_1_99' title='bbox 1866 567 2094 623; x_wconf 60' lang='lat' dir='ltr'><strong>[Eterne</strong></span> <span class='ocrx_word' id='word_1_100' title='bbox 2139 565 2300 621; x_wconf 85' lang='lat' dir='ltr'><strong>Deus.</strong></span> <span class='ocrx_word' id='word_1_101' title='bbox 2350 561 2419 618; x_wconf 85' lang='lat' dir='ltr'><strong>Et</strong></span> <span class='ocrx_word' id='word_1_102' title='bbox 2475 559 2819 631; x_wconf 71' lang='lat' dir='ltr'><strong>maiestatem</strong></span> <span class='ocrx_word' id='word_1_103' title='bbox 2864 562 3011 610; x_wconf 88' lang='lat' dir='ltr'><strong>tuam</strong></span> <span class='ocrx_word' id='word_1_104' title='bbox 3057 537 3407 633; x_wconf 57' lang='lat' dir='ltr'><strong>supplicier</strong></span> 
     </span>
    </p>
   </div>
   <div class='ocr_carea' id='block_1_21' title="bbox 1795 653 3374 731">
    <p class='ocr_par' dir='ltr' id='par_1_21' title="bbox 1795 653 3374 731">
     <span class='ocr_line' id='line_1_21' title="bbox 1795 653 3374 731; baseline -0.009 -9"><span class='ocrx_word' id='word_1_105' title='bbox 1795 679 2045 731; x_wconf 78' lang='lat' dir='ltr'><strong>exorare,</strong></span> <span class='ocrx_word' id='word_1_106' title='bbox 2072 673 2129 718; x_wconf 89' lang='lat' dir='ltr'><strong>ut</strong></span> <span class='ocrx_word' id='word_1_107' title='bbox 2158 678 2266 718; x_wconf 91' lang='lat' dir='ltr'><strong>non</strong></span> <span class='ocrx_word' id='word_1_108' title='bbox 2293 677 2394 718; x_wconf 92' lang='lat' dir='ltr'><strong>nos</strong></span> <span class='ocrx_word' id='word_1_109' title='bbox 2421 670 2622 716; x_wconf 77' lang='lat' dir='ltr'><strong>nostrae</strong></span> <span class='ocrx_word' id='word_1_110' title='bbox 2647 656 2890 721; x_wconf 69' lang='lat' dir='ltr'><strong>malitim,</strong></span> <span class='ocrx_word' id='word_1_111' title='bbox 2916 654 3012 712; x_wconf 91' lang='lat' dir='ltr'><strong>sed</strong></span> <span class='ocrx_word' id='word_1_112' title='bbox 3027 653 3374 727; x_wconf 70' lang='lat' dir='ltr'><strong>indulgentiae</strong></span> 
     </span>
    </p>
   </div>
   <div class='ocr_carea' id='block_1_22' title="bbox 1797 743 3378 827">
    <p class='ocr_par' dir='ltr' id='par_1_22' title="bbox 1797 743 3378 827">
     <span class='ocr_line' id='line_1_22' title="bbox 1797 743 3378 827; baseline -0.01 -13"><span class='ocrx_word' id='word_1_113' title='bbox 1797 744 1902 814; x_wconf 73' lang='lat' dir='ltr'><strong>tua:</strong></span> <span class='ocrx_word' id='word_1_114' title='bbox 1948 752 2242 827; x_wconf 69' lang='lat' dir='ltr'><strong>praeveniat</strong></span> <span class='ocrx_word' id='word_1_115' title='bbox 2292 750 2506 822; x_wconf 83' lang='lat' dir='ltr'><strong>semper</strong></span> <span class='ocrx_word' id='word_1_116' title='bbox 2558 748 2784 806; x_wconf 87' lang='lat' dir='ltr'><strong>ali‘ectus</strong></span> <span class='ocrx_word' id='word_1_117' title='bbox 2813 764 2827 803; x_wconf 91' lang='lat'><strong>:</strong></span> <span class='ocrx_word' id='word_1_118' title='bbox 2856 746 2949 818; x_wconf 90' lang='lat' dir='ltr'><strong>qui</strong></span> <span class='ocrx_word' id='word_1_119' title='bbox 2989 760 3090 802; x_wconf 91' lang='lat' dir='ltr'><strong>nos</strong></span> <span class='ocrx_word' id='word_1_120' title='bbox 3127 759 3160 800; x_wconf 88' lang='lat' dir='ltr'><strong>a</strong></span> <span class='ocrx_word' id='word_1_121' title='bbox 3198 743 3378 801; x_wconf 86' lang='lat' dir='ltr'><strong>noxiis</strong></span> 
     </span>
    </p>
   </div>
   <div class='ocr_carea' id='block_1_23' title="bbox 1796 832 3380 919">
    <p class='ocr_par' dir='ltr' id='par_1_23' title="bbox 1796 832 3380 919">
     <span class='ocr_line' id='line_1_23' title="bbox 1796 832 3380 919; baseline -0.01 -15"><span class='ocrx_word' id='word_1_122' title='bbox 1796 836 2164 919; x_wconf 80' lang='lat' dir='ltr'><strong>voluptatibus</strong></span> <span class='ocrx_word' id='word_1_123' title='bbox 2215 844 2586 901; x_wconf 87' lang='lat' dir='ltr'><strong>indesinenter</strong></span> <span class='ocrx_word' id='word_1_124' title='bbox 2611 834 2895 911; x_wconf 65' lang='lat' dir='ltr'><strong>expediat,</strong></span> <span class='ocrx_word' id='word_1_125' title='bbox 2926 841 2982 892; x_wconf 90' lang='lat' dir='ltr'><strong>et</strong></span> <span class='ocrx_word' id='word_1_126' title='bbox 3008 851 3039 891; x_wconf 90' lang='lat' dir='ltr'><strong>a</strong></span> <span class='ocrx_word' id='word_1_127' title='bbox 3085 832 3380 891; x_wconf 80' lang='lat' dir='ltr'><strong>mundanis</strong></span> 
     </span>
    </p>
   </div>
   <div class='ocr_carea' id='block_1_24' title="bbox 1797 924 3043 1013">
    <p class='ocr_par' dir='ltr' id='par_1_24' title="bbox 1797 924 3043 1013">
     <span class='ocr_line' id='line_1_24' title="bbox 1797 924 3043 1013; baseline -0.013 -13"><span class='ocrx_word' id='word_1_128' title='bbox 1797 942 2041 1001; x_wconf 89' lang='lat' dir='ltr'><strong>cladibus</strong></span> <span class='ocrx_word' id='word_1_129' title='bbox 2070 940 2358 1013; x_wconf 72' lang='lat' dir='ltr'><strong>dignanter</strong></span> <span class='ocrx_word' id='word_1_130' title='bbox 2382 933 2595 1006; x_wconf 84' lang='lat' dir='ltr'><strong>eripiat.</strong></span> <span class='ocrx_word' id='word_1_131' title='bbox 2620 925 2726 989; x_wconf 75' lang='lat' dir='ltr'><strong>Per</strong></span> <span class='ocrx_word' id='word_1_132' title='bbox 2748 924 3043 988; x_wconf 78' lang='lat' dir='ltr'><strong>Christum.</strong></span> 
     </span>
    </p>
   </div>
   <div class='ocr_carea' id='block_1_25' title="bbox 2260 1058 2919 1106">
    <p class='ocr_par' dir='ltr' id='par_1_25' title="bbox 2260 1058 2919 1106">
     <span class='ocr_line' id='line_1_25' title="bbox 2260 1058 2919 1106; baseline -0.012 0"><span class='ocrx_word' id='word_1_133' title='bbox 2260 1064 2421 1106; x_wconf 65' lang='lat' dir='ltr'><strong>FEB“</strong></span> <span class='ocrx_word' id='word_1_134' title='bbox 2460 1062 2515 1103; x_wconf 75' lang='lat' dir='ltr'><strong>IV</strong></span> <span class='ocrx_word' id='word_1_135' title='bbox 2554 1058 2919 1103; x_wconf 70' lang='lat' dir='ltr'><strong>ROGA&#39;I&#39;IONUI.</strong></span> 
     </span>
    </p>
   </div>
   <div class='ocr_carea' id='block_1_26' title="bbox 1869 1151 3372 1238">
    <p class='ocr_par' dir='ltr' id='par_1_26' title="bbox 1869 1151 3372 1238">
     <span class='ocr_line' id='line_1_26' title="bbox 1869 1151 3372 1238; baseline -0.009 -17"><span class='ocrx_word' id='word_1_136' title='bbox 1869 1163 2025 1238; x_wconf 69' lang='grc' dir='ltr'><strong>(ηε.)</strong></span> <span class='ocrx_word' id='word_1_137' title='bbox 2052 1162 2125 1220; x_wconf 87' lang='lat' dir='ltr'><strong>Ut</strong></span> <span class='ocrx_word' id='word_1_138' title='bbox 2147 1162 2273 1233; x_wconf 82' lang='lat' dir='ltr'><strong>quia</strong></span> <span class='ocrx_word' id='word_1_139' title='bbox 2300 1161 2484 1215; x_wconf 81' lang='lat' dir='ltr'><strong>tuiest</strong></span> <span class='ocrx_word' id='word_1_140' title='bbox 2506 1156 2710 1229; x_wconf 91' lang='lat' dir='ltr'><strong>operis,</strong></span> <span class='ocrx_word' id='word_1_141' title='bbox 2738 1155 2787 1212; x_wconf 90' lang='lat' dir='ltr'><strong>si</strong></span> <span class='ocrx_word' id='word_1_142' title='bbox 2817 1154 2962 1226; x_wconf 92' lang='lat' dir='ltr'><strong>quod</strong></span> <span class='ocrx_word' id='word_1_143' title='bbox 2986 1153 3082 1209; x_wconf 86' lang='lat' dir='ltr'><strong>tibi</strong></span> <span class='ocrx_word' id='word_1_144' title='bbox 3114 1151 3372 1225; x_wconf 89' lang='lat' dir='ltr'><strong>placitum</strong></span> 
     </span>
    </p>
   </div>
   <div class='ocr_carea' id='block_1_27' title="bbox 1798 1242 3384 1326">
    <p class='ocr_par' dir='ltr' id='par_1_27' title="bbox 1798 1242 3384 1326">
     <span class='ocr_line' id='line_1_27' title="bbox 1798 1242 3384 1326; baseline -0.01 -14"><span class='ocrx_word' id='word_1_145' title='bbox 1798 1265 1903 1322; x_wconf 86' lang='lat' dir='ltr'><strong>est,</strong></span> <span class='ocrx_word' id='word_1_146' title='bbox 1935 1262 2030 1310; x_wconf 90' lang='lat' dir='ltr'><strong>aut</strong></span> <span class='ocrx_word' id='word_1_147' title='bbox 2074 1253 2374 1326; x_wconf 88' lang='lat' dir='ltr'><strong>cogitemus</strong></span> <span class='ocrx_word' id='word_1_148' title='bbox 2400 1256 2494 1304; x_wconf 87' lang='lat' dir='ltr'><strong>aut</strong></span> <span class='ocrx_word' id='word_1_149' title='bbox 2519 1260 2763 1318; x_wconf 77' lang='lat' dir='ltr'><strong>agamus,</strong></span> <span class='ocrx_word' id='word_1_150' title='bbox 2800 1253 2859 1300; x_wconf 91' lang='lat' dir='ltr'><strong>tu</strong></span> <span class='ocrx_word' id='word_1_151' title='bbox 2901 1242 3058 1300; x_wconf 88' lang='lat' dir='ltr'><strong>nobis</strong></span> <span class='ocrx_word' id='word_1_152' title='bbox 3083 1256 3299 1313; x_wconf 87' lang='lat' dir='ltr'><strong>semper</strong></span> <span class='ocrx_word' id='word_1_153' title='bbox 3324 1250 3384 1297; x_wconf 87' lang='lat' dir='ltr'><strong>et</strong></span> 
     </span>
    </p>
   </div>
   <div class='ocr_carea' id='block_1_28' title="bbox 1799 1332 3386 1416">
    <p class='ocr_par' dir='ltr' id='par_1_28' title="bbox 1799 1332 3386 1416">
     <span class='ocr_line' id='line_1_28' title="bbox 1799 1332 3386 1416; baseline -0.009 -14"><span class='ocrx_word' id='word_1_154' title='bbox 1799 1344 2131 1416; x_wconf 77' lang='lat' dir='ltr'><strong>intelligendi</strong></span> <span class='ocrx_word' id='word_1_155' title='bbox 2166 1357 2288 1416; x_wconf 72' lang='lat' dir='ltr'><strong>qua:</strong></span> <span class='ocrx_word' id='word_1_156' title='bbox 2331 1347 2481 1399; x_wconf 88' lang='lat' dir='ltr'><strong>recta</strong></span> <span class='ocrx_word' id='word_1_157' title='bbox 2532 1345 2677 1405; x_wconf 85' lang='lat' dir='ltr'><strong>sunt,</strong></span> <span class='ocrx_word' id='word_1_158' title='bbox 2730 1344 2787 1394; x_wconf 92' lang='lat' dir='ltr'><strong>et</strong></span> <span class='ocrx_word' id='word_1_159' title='bbox 2813 1333 3146 1405; x_wconf 76' lang='lat' dir='ltr'><strong>exsequendi</strong></span> <span class='ocrx_word' id='word_1_160' title='bbox 3178 1332 3386 1390; x_wconf 81' lang='lat' dir='ltr'><strong>tribuas</strong></span> 
     </span>
    </p>
   </div>
   <div class='ocr_carea' id='block_1_29' title="bbox 1800 1435 2137 1494">
    <p class='ocr_par' dir='ltr' id='par_1_29' title="bbox 1800 1435 2137 1494">
     <span class='ocr_line' id='line_1_29' title="bbox 1800 1435 2137 1494; baseline -0.006 -2"><span class='ocrx_word' id='word_1_161' title='bbox 1800 1435 2137 1494; x_wconf 76' lang='lat' dir='ltr'><strong>facultatem.</strong></span> 
     </span>
    </p>
   </div>
   <div class='ocr_carea' id='block_1_30' title="bbox 2247 1546 2926 1597">
    <p class='ocr_par' dir='ltr' id='par_1_30' title="bbox 2247 1546 2926 1597">
     <span class='ocr_line' id='line_1_30' title="bbox 2247 1546 2926 1597; baseline -0.01 0"><span class='ocrx_word' id='word_1_162' title='bbox 2247 1557 2300 1597; x_wconf 77' lang='lat' dir='ltr'><strong>IN</strong></span> <span class='ocrx_word' id='word_1_163' title='bbox 2333 1554 2537 1596; x_wconf 74' lang='lat' dir='ltr'><strong>VICILIA</strong></span> <span class='ocrx_word' id='word_1_164' title='bbox 2571 1546 2926 1593; x_wconf 74' lang='lat' dir='ltr'><strong>ASCENSIONIS.</strong></span> 
     </span>
    </p>
   </div>
   <div class='ocr_carea' id='block_1_31' title="bbox 1874 1620 3387 1732">
    <p class='ocr_par' dir='ltr' id='par_1_31' title="bbox 1874 1620 3387 1732">
     <span class='ocr_line' id='line_1_31' title="bbox 1874 1620 3387 1732; baseline -0.009 -19"><span class='ocrx_word' id='word_1_165' title='bbox 1874 1656 1990 1732; x_wconf 81' lang='grc' dir='ltr'><strong>(Α.)</strong></span> <span class='ocrx_word' id='word_1_166' title='bbox 2036 1653 2266 1711; x_wconf 70' lang='grc' dir='ltr'><strong>Ᾱῖιῑθηιε</strong></span> <span class='ocrx_word' id='word_1_167' title='bbox 2290 1652 2449 1709; x_wconf 78' lang='lat' dir='ltr'><strong>Deus.</strong></span> <span class='ocrx_word' id='word_1_168' title='bbox 2485 1651 2552 1706; x_wconf 86' lang='lat' dir='ltr'><strong>Et</strong></span> <span class='ocrx_word' id='word_1_169' title='bbox 2578 1648 2635 1705; x_wconf 90' lang='lat' dir='ltr'><strong>in</strong></span> <span class='ocrx_word' id='word_1_170' title='bbox 2663 1649 2769 1705; x_wconf 83' lang='lat' dir='ltr'><strong>hac</strong></span> <span class='ocrx_word' id='word_1_171' title='bbox 2817 1645 3091 1719; x_wconf 70' lang='lat' dir='ltr'><strong>prmeipue</strong></span> <span class='ocrx_word' id='word_1_172' title='bbox 3139 1643 3250 1712; x_wconf 87' lang='lat' dir='ltr'><strong>die,</strong></span> <span class='ocrx_word' id='word_1_173' title='bbox 3274 1620 3387 1716; x_wconf 56' lang='lat' dir='ltr'><strong>qua</strong></span> 
     </span>
    </p>
   </div>
   <div class='ocr_carea' id='block_1_32' title="bbox 1805 1736 3388 1807">
    <p class='ocr_par' dir='ltr' id='par_1_32' title="bbox 1805 1736 3388 1807">
     <span class='ocr_line' id='line_1_32' title="bbox 1805 1736 3388 1807; baseline -0.01 0"><span class='ocrx_word' id='word_1_174' title='bbox 1805 1748 1966 1807; x_wconf 76' lang='lat' dir='ltr'><strong>Iesus</strong></span> <span class='ocrx_word' id='word_1_175' title='bbox 2006 1747 2256 1805; x_wconf 79' lang='lat' dir='ltr'><strong>Christus</strong></span> <span class='ocrx_word' id='word_1_176' title='bbox 2302 1744 2472 1801; x_wconf 83' lang='lat' dir='ltr'><strong>Filius</strong></span> <span class='ocrx_word' id='word_1_177' title='bbox 2501 1752 2624 1799; x_wconf 82' lang='lat' dir='ltr'><strong>tuus</strong></span> <span class='ocrx_word' id='word_1_178' title='bbox 2670 1739 2932 1798; x_wconf 86' lang='lat' dir='ltr'><strong>Dominus</strong></span> <span class='ocrx_word' id='word_1_179' title='bbox 2974 1745 3190 1804; x_wconf 88' lang='lat' dir='ltr'><strong>noster,</strong></span> <span class='ocrx_word' id='word_1_180' title='bbox 3217 1736 3388 1793; x_wconf 83' lang='lat' dir='ltr'><strong>divini</strong></span> 
     </span>
    </p>
   </div>
   <div class='ocr_carea' id='block_1_33' title="bbox 190 1830 1741 1924">
    <p class='ocr_par' dir='ltr' id='par_1_33' title="bbox 190 1831 1741 1924">
     <span class='ocr_line' id='line_1_33' title="bbox 190 1831 1741 1924; baseline -0.016 -19"><span class='ocrx_word' id='word_1_181' title='bbox 190 1847 560 1924; x_wconf 60' lang='lat' dir='ltr'><strong>(A.)1Eterne</strong></span> <span class='ocrx_word' id='word_1_182' title='bbox 605 1846 765 1902; x_wconf 90' lang='lat' dir='ltr'><strong>Deus.</strong></span> <span class='ocrx_word' id='word_1_183' title='bbox 822 1842 929 1899; x_wconf 89' lang='lat' dir='ltr'><strong>Per</strong></span> <span class='ocrx_word' id='word_1_184' title='bbox 958 1838 1233 1896; x_wconf 88' lang='lat' dir='ltr'><strong>Christum</strong></span> <span class='ocrx_word' id='word_1_185' title='bbox 1276 1831 1560 1890; x_wconf 90' lang='lat' dir='ltr'><strong>Dominum</strong></span> <span class='ocrx_word' id='word_1_186' title='bbox 1604 1840 1741 1924; x_wconf 59' lang='lat' dir='ltr'><strong>rio-1</strong></span> 
     </span>
    </p>
   </div>
   <div class='ocr_carea' id='block_1_34' title="bbox 1835 1830 3493 1924">
    <p class='ocr_par' dir='ltr' id='par_1_34' title="bbox 1835 1830 3493 1908">
     <span class='ocr_line' id='line_1_34' title="bbox 1835 1830 3493 1908; baseline -0.004 -17"><span class='ocrx_word' id='word_1_187' title='bbox 1835 1845 2183 1897; x_wconf 74' lang='lat' dir='ltr'><strong>,onsummato</strong></span> <span class='ocrx_word' id='word_1_188' title='bbox 2231 1837 2338 1894; x_wconf 89' lang='lat' dir='ltr'><strong>line</strong></span> <span class='ocrx_word' id='word_1_189' title='bbox 2390 1833 2668 1908; x_wconf 81' lang='lat' dir='ltr'><strong>mysterii,</strong></span> <span class='ocrx_word' id='word_1_190' title='bbox 2721 1830 3096 1905; x_wconf 87' lang='lat' dir='ltr'><strong>dispositionis</strong></span> <span class='ocrx_word' id='word_1_191' title='bbox 3149 1830 3390 1901; x_wconf 70' lang='lat' dir='ltr'><strong>antiqua!</strong></span> <span class='ocrx_word' id='word_1_192' title='bbox 3488 1892 3493 1897; x_wconf 33' lang='grc' dir='ltr'><strong>η</strong></span> 
     </span>
    </p>
   </div>
   <div class='ocr_carea' id='block_1_35' title="bbox 127 1915 1702 2008">
    <p class='ocr_par' dir='ltr' id='par_1_35' title="bbox 127 1915 1702 2008">
     <span class='ocr_line' id='line_1_35' title="bbox 127 1915 1702 2008; baseline -0.017 -10"><span class='ocrx_word' id='word_1_193' title='bbox 127 1915 306 1998; x_wconf 74' lang='lat' dir='ltr'><strong>struat.</strong></span> <span class='ocrx_word' id='word_1_194' title='bbox 353 1938 466 1996; x_wconf 88' lang='lat' dir='ltr'><strong>Per</strong></span> <span class='ocrx_word' id='word_1_195' title='bbox 505 1950 668 2008; x_wconf 89' lang='lat' dir='ltr'><strong>quem</strong></span> <span class='ocrx_word' id='word_1_196' title='bbox 716 1932 987 2004; x_wconf 88' lang='lat' dir='ltr'><strong>supplices</strong></span> <span class='ocrx_word' id='word_1_197' title='bbox 1035 1925 1410 1998; x_wconf 81' lang='lat' dir='ltr'><strong>exposcimus,</strong></span> <span class='ocrx_word' id='word_1_198' title='bbox 1449 1930 1510 1977; x_wconf 93' lang='lat' dir='ltr'><strong>ut</strong></span> <span class='ocrx_word' id='word_1_199' title='bbox 1549 1915 1702 1988; x_wconf 78' lang='lat' dir='ltr'><strong>cujus</strong></span> 
     </span>
    </p>
   </div>
   <div class='ocr_carea' id='block_1_36' title="bbox 128 2013 1442 2097">
    <p class='ocr_par' dir='ltr' id='par_1_36' title="bbox 128 2013 1442 2097">
     <span class='ocr_line' id='line_1_36' title="bbox 128 2013 1442 2097; baseline -0.017 -7"><span class='ocrx_word' id='word_1_200' title='bbox 128 2030 373 2096; x_wconf 75' lang='lat' dir='ltr'><strong>muneris,</strong></span> <span class='ocrx_word' id='word_1_201' title='bbox 400 2037 539 2096; x_wconf 67' lang='grc' dir='ltr'><strong>εις.)</strong></span> <span class='ocrx_word' id='word_1_202' title='bbox 562 2035 619 2082; x_wconf 75' lang='lat' dir='ltr'><strong>ut</strong></span> <span class='ocrx_word' id='word_1_203' title='bbox 642 2040 802 2097; x_wconf 74' lang='lat' dir='ltr'><strong>supra</strong></span> <span class='ocrx_word' id='word_1_204' title='bbox 828 2021 959 2094; x_wconf 78' lang='lat' dir='ltr'><strong>feria</strong></span> <span class='ocrx_word' id='word_1_205' title='bbox 992 2036 1069 2086; x_wconf 85' lang='lat' dir='ltr'><strong>vt,</strong></span> <span class='ocrx_word' id='word_1_206' title='bbox 1100 2017 1235 2072; x_wconf 79' lang='lat' dir='ltr'><strong>inter</strong></span> <span class='ocrx_word' id='word_1_207' title='bbox 1263 2013 1442 2068; x_wconf 84' lang='lat' dir='ltr'><strong>Ambr.</strong></span> 
     </span>
    </p>
   </div>
   <div class='ocr_carea' id='block_1_37' title="bbox 420 2140 1388 2197">
    <p class='ocr_par' dir='ltr' id='par_1_37' title="bbox 420 2140 1388 2197">
     <span class='ocr_line' id='line_1_37' title="bbox 420 2140 1388 2197; baseline -0.018 -2"><span class='ocrx_word' id='word_1_208' title='bbox 420 2153 682 2197; x_wconf 72' lang='lat' dir='ltr'><strong>DOIIINICA</strong></span> <span class='ocrx_word' id='word_1_209' title='bbox 715 2149 848 2191; x_wconf 66' lang='grc' dir='ltr'><strong>νοεῖ</strong></span> <span class='ocrx_word' id='word_1_210' title='bbox 876 2144 1126 2189; x_wconf 62' lang='lat' dir='ltr'><strong>OCTAVA“</strong></span> <span class='ocrx_word' id='word_1_211' title='bbox 1154 2140 1388 2183; x_wconf 66' lang='lat' dir='ltr'><strong>PASCBE.</strong></span> 
     </span>
    </p>
   </div>
   <div class='ocr_carea' id='block_1_38' title="bbox 193 2219 1706 2306">
    <p class='ocr_par' dir='ltr' id='par_1_38' title="bbox 193 2219 1706 2306">
     <span class='ocr_line' id='line_1_38' title="bbox 193 2219 1706 2306; baseline -0.016 -16"><span class='ocrx_word' id='word_1_212' title='bbox 193 2232 301 2306; x_wconf 75' lang='grc' dir='ltr'><strong>(Α.)</strong></span> <span class='ocrx_word' id='word_1_213' title='bbox 339 2230 574 2287; x_wconf 72' lang='grc' dir='ltr'><strong>ᾹΞιθι-ηθ</strong></span> <span class='ocrx_word' id='word_1_214' title='bbox 620 2230 783 2285; x_wconf 86' lang='lat' dir='ltr'><strong>Deus.</strong></span> <span class='ocrx_word' id='word_1_215' title='bbox 831 2222 1158 2294; x_wconf 87' lang='lat' dir='ltr'><strong>Suppliciter</strong></span> <span class='ocrx_word' id='word_1_216' title='bbox 1193 2219 1576 2278; x_wconf 86' lang='lat' dir='ltr'><strong>obsecrantes,</strong></span> <span class='ocrx_word' id='word_1_217' title='bbox 1635 2221 1706 2267; x_wconf 90' lang='lat' dir='ltr'><strong>ne</strong></span> 
     </span>
    </p>
   </div>
   <div class='ocr_carea' id='block_1_39' title="bbox 129 2307 1702 2384">
    <p class='ocr_par' dir='ltr' id='par_1_39' title="bbox 129 2307 1702 2384">
     <span class='ocr_line' id='line_1_39' title="bbox 129 2307 1702 2384; baseline -0.015 0"><span class='ocrx_word' id='word_1_218' title='bbox 129 2343 220 2384; x_wconf 88' lang='lat' dir='ltr'><strong>nos</strong></span> <span class='ocrx_word' id='word_1_219' title='bbox 245 2326 309 2383; x_wconf 87' lang='lat' dir='ltr'><strong>ad</strong></span> <span class='ocrx_word' id='word_1_220' title='bbox 336 2324 492 2382; x_wconf 83' lang='lat' dir='ltr'><strong>illum</strong></span> <span class='ocrx_word' id='word_1_221' title='bbox 523 2325 670 2381; x_wconf 89' lang='lat' dir='ltr'><strong>sinas</strong></span> <span class='ocrx_word' id='word_1_222' title='bbox 694 2320 874 2377; x_wconf 90' lang='lat' dir='ltr'><strong>redire</strong></span> <span class='ocrx_word' id='word_1_223' title='bbox 902 2325 1105 2381; x_wconf 87' lang='lat' dir='ltr'><strong>actum,</strong></span> <span class='ocrx_word' id='word_1_224' title='bbox 1132 2321 1266 2370; x_wconf 90' lang='lat' dir='ltr'><strong>etc..</strong></span> <span class='ocrx_word' id='word_1_225' title='bbox 1313 2320 1370 2366; x_wconf 80' lang='lat' dir='ltr'><strong>ut</strong></span> <span class='ocrx_word' id='word_1_226' title='bbox 1413 2307 1587 2365; x_wconf 76' lang='lat' dir='ltr'><strong>videre</strong></span> <span class='ocrx_word' id='word_1_227' title='bbox 1628 2316 1702 2362; x_wconf 80' lang='lat' dir='ltr'><strong>est</strong></span> 
     </span>
    </p>
   </div>
   <div class='ocr_carea' id='block_1_40' title="bbox 128 2419 454 2477">
    <p class='ocr_par' dir='ltr' id='par_1_40' title="bbox 128 2419 454 2477">
     <span class='ocr_line' id='line_1_40' title="bbox 128 2419 454 2477; baseline -0.012 -1"><span class='ocrx_word' id='word_1_228' title='bbox 128 2423 254 2477; x_wconf 82' lang='lat' dir='ltr'><strong>inter</strong></span> <span class='ocrx_word' id='word_1_229' title='bbox 269 2419 454 2477; x_wconf 57' lang='lat' dir='ltr'><strong>dmbr.</strong></span> 
     </span>
    </p>
   </div>
   <div class='ocr_carea' id='block_1_41' title="bbox 651 2508 1291 2564">
    <p class='ocr_par' dir='ltr' id='par_1_41' title="bbox 651 2508 1291 2564">
     <span class='ocr_line' id='line_1_41' title="bbox 651 2508 1291 2564; baseline -0.019 -1"><span class='ocrx_word' id='word_1_230' title='bbox 651 2523 705 2564; x_wconf 72' lang='lat' dir='ltr'><strong>IN</strong></span> <span class='ocrx_word' id='word_1_231' title='bbox 750 2519 946 2561; x_wconf 70' lang='grc' dir='ltr'><strong>νΑεεηΑ</strong></span> <span class='ocrx_word' id='word_1_232' title='bbox 983 2515 1178 2556; x_wconf 72' lang='grc' dir='ltr'><strong>ΑΝΝΟΤ.</strong></span> <span class='ocrx_word' id='word_1_233' title='bbox 1277 2508 1291 2520; x_wconf 78' lang='grc'><strong><em>⁸</em></strong></span> 
     </span>
    </p>
   </div>
   <div class='ocr_carea' id='block_1_42' title="bbox 193 2584 1705 2657">
    <p class='ocr_par' dir='ltr' id='par_1_42' title="bbox 193 2584 1705 2657">
     <span class='ocr_line' id='line_1_42' title="bbox 193 2584 1705 2657; baseline -0.016 0"><span class='ocrx_word' id='word_1_234' title='bbox 193 2601 416 2657; x_wconf 68' lang='lat' dir='ltr'><strong>Etet-ne</strong></span> <span class='ocrx_word' id='word_1_235' title='bbox 446 2598 611 2655; x_wconf 90' lang='lat' dir='ltr'><strong>Deus.</strong></span> <span class='ocrx_word' id='word_1_236' title='bbox 663 2595 767 2651; x_wconf 82' lang='lat' dir='ltr'><strong>Per</strong></span> <span class='ocrx_word' id='word_1_237' title='bbox 814 2592 1089 2650; x_wconf 88' lang='lat' dir='ltr'><strong>Christum</strong></span> <span class='ocrx_word' id='word_1_238' title='bbox 1119 2584 1407 2642; x_wconf 91' lang='lat' dir='ltr'><strong>Dominum</strong></span> <span class='ocrx_word' id='word_1_239' title='bbox 1438 2589 1705 2638; x_wconf 90' lang='lat' dir='ltr'><strong>nostrum.</strong></span> 
     </span>
    </p>
   </div>
   <div class='ocr_carea' id='block_1_43' title="bbox 131 2671 1710 2763">
    <p class='ocr_par' dir='ltr' id='par_1_43' title="bbox 131 2671 1710 2763">
     <span class='ocr_line' id='line_1_43' title="bbox 131 2671 1710 2763; baseline -0.017 -12"><span class='ocrx_word' id='word_1_240' title='bbox 131 2693 194 2751; x_wconf 81' lang='lat' dir='ltr'><strong>Et</strong></span> <span class='ocrx_word' id='word_1_241' title='bbox 230 2689 621 2763; x_wconf 85' lang='lat' dir='ltr'><strong>redemptionis</strong></span> <span class='ocrx_word' id='word_1_242' title='bbox 669 2696 867 2743; x_wconf 74' lang='lat' dir='ltr'><strong>nostra:</strong></span> <span class='ocrx_word' id='word_1_243' title='bbox 896 2672 1033 2762; x_wconf 59' lang='lat' dir='ltr'><strong>festa</strong></span> <span class='ocrx_word' id='word_1_244' title='bbox 1081 2678 1342 2742; x_wconf 90' lang='lat' dir='ltr'><strong>recolere,-</strong></span> <span class='ocrx_word' id='word_1_245' title='bbox 1387 2674 1583 2744; x_wconf 89' lang='lat' dir='ltr'><strong>quihus</strong></span> <span class='ocrx_word' id='word_1_246' title='bbox 1612 2671 1710 2726; x_wconf 84' lang='lat' dir='ltr'><strong>hu-</strong></span> 
     </span>
    </p>
   </div>
   <div class='ocr_carea' id='block_1_44' title="bbox 133 2764 1708 2844">
    <p class='ocr_par' dir='ltr' id='par_1_44' title="bbox 133 2764 1708 2844">
     <span class='ocr_line' id='line_1_44' title="bbox 133 2764 1708 2844; baseline -0.018 -2"><span class='ocrx_word' id='word_1_247' title='bbox 133 2798 338 2840; x_wconf 79' lang='lat' dir='ltr'><strong>manam</strong></span> <span class='ocrx_word' id='word_1_248' title='bbox 363 2779 731 2839; x_wconf 83' lang='lat' dir='ltr'><strong>substantiam</strong></span> <span class='ocrx_word' id='word_1_249' title='bbox 762 2773 990 2832; x_wconf 85' lang='lat' dir='ltr'><strong>vinculis</strong></span> <span class='ocrx_word' id='word_1_250' title='bbox 1024 2764 1483 2843; x_wconf 65' lang='lat' dir='ltr'><strong>praevaricationis</strong></span> <span class='ocrx_word' id='word_1_251' title='bbox 1523 2769 1708 2844; x_wconf 84' lang='lat' dir='ltr'><strong>exuta,</strong></span> 
     </span>
    </p>
   </div>
   <div class='ocr_carea' id='block_1_45' title="bbox 134 2851 1714 2947">
    <p class='ocr_par' dir='ltr' id='par_1_45' title="bbox 134 2851 1714 2947">
     <span class='ocr_line' id='line_1_45' title="bbox 134 2851 1714 2947; baseline -0.018 -14"><span class='ocrx_word' id='word_1_252' title='bbox 134 2890 274 2947; x_wconf 83' lang='lat' dir='ltr'><strong>spem</strong></span> <span class='ocrx_word' id='word_1_253' title='bbox 308 2870 729 2930; x_wconf 85' lang='lat' dir='ltr'><strong>resurrectionis</strong></span> <span class='ocrx_word' id='word_1_254' title='bbox 753 2883 851 2940; x_wconf 88' lang='lat' dir='ltr'><strong>per</strong></span> <span class='ocrx_word' id='word_1_255' title='bbox 891 2870 1207 2923; x_wconf 90' lang='lat' dir='ltr'><strong>renovatam</strong></span> <span class='ocrx_word' id='word_1_256' title='bbox 1235 2855 1460 2929; x_wconf 74' lang='lat' dir='ltr'><strong>originis</strong></span> <span class='ocrx_word' id='word_1_257' title='bbox 1484 2851 1714 2923; x_wconf 82' lang='lat' dir='ltr'><strong>dignita-</strong></span> 
     </span>
    </p>
   </div>
   <div class='ocr_carea' id='block_1_46' title="bbox 136 2961 845 3035">
    <p class='ocr_par' dir='ltr' id='par_1_46' title="bbox 136 2961 845 3035">
     <span class='ocr_line' id='line_1_46' title="bbox 136 2961 845 3035; baseline -0.011 -14"><span class='ocrx_word' id='word_1_258' title='bbox 136 2976 238 3024; x_wconf 86' lang='lat' dir='ltr'><strong>tem</strong></span> <span class='ocrx_word' id='word_1_259' title='bbox 259 2963 576 3035; x_wconf 85' lang='lat' dir='ltr'><strong>assumpsit.</strong></span> <span class='ocrx_word' id='word_1_260' title='bbox 608 2961 677 3017; x_wconf 88' lang='lat' dir='ltr'><strong>Et</strong></span> <span class='ocrx_word' id='word_1_261' title='bbox 702 2961 845 3016; x_wconf 83' lang='lat' dir='ltr'><strong>ideo.</strong></span> 
     </span>
    </p>
   </div>
   <div class='ocr_carea' id='block_1_47' title="bbox 411 3075 1463 3145">
    <p class='ocr_par' dir='ltr' id='par_1_47' title="bbox 411 3075 1463 3145">
     <span class='ocr_line' id='line_1_47' title="bbox 411 3075 1463 3145; baseline -0.014 -12"><span class='ocrx_word' id='word_1_262' title='bbox 411 3080 670 3132; x_wconf 68' lang='lat' dir='ltr'><strong>mimica</strong></span> <span class='ocrx_word' id='word_1_263' title='bbox 708 3086 724 3126; x_wconf 86' lang='grc' dir='ltr'>ι</span> <span class='ocrx_word' id='word_1_264' title='bbox 762 3077 896 3125; x_wconf 75' lang='lat' dir='ltr'><strong>ros&#39;l&#39;</strong></span> <span class='ocrx_word' id='word_1_265' title='bbox 922 3076 1169 3123; x_wconf 67' lang='lat' dir='ltr'><strong>eorum</strong></span> <span class='ocrx_word' id='word_1_266' title='bbox 1196 3075 1428 3120; x_wconf 61' lang='lat' dir='ltr'><strong>pascua.</strong></span> <span class='ocrx_word' id='word_1_267' title='bbox 1460 3140 1463 3145; x_wconf 8' lang='grc' dir='ltr'><strong>ἢ</strong></span> 
     </span>
    </p>
   </div>
   <div class='ocr_carea' id='block_1_48' title="bbox 1807 1921 3394 2001">
    <p class='ocr_par' dir='ltr' id='par_1_48' title="bbox 1807 1921 3394 2001">
     <span class='ocr_line' id='line_1_48' title="bbox 1807 1921 3394 2001; baseline -0.009 -12"><span class='ocrx_word' id='word_1_268' title='bbox 1807 1947 2005 1989; x_wconf 90' lang='lat' dir='ltr'><strong>munus</strong></span> <span class='ocrx_word' id='word_1_269' title='bbox 2032 1929 2288 2001; x_wconf 80' lang='lat' dir='ltr'><strong>explevit,</strong></span> <span class='ocrx_word' id='word_1_270' title='bbox 2321 1935 2383 1984; x_wconf 89' lang='lat' dir='ltr'><strong>ut</strong></span> <span class='ocrx_word' id='word_1_271' title='bbox 2417 1937 2474 1984; x_wconf 92' lang='lat' dir='ltr'><strong>et</strong></span> <span class='ocrx_word' id='word_1_272' title='bbox 2504 1924 2777 1983; x_wconf 89' lang='lat' dir='ltr'><strong>diabolum</strong></span> <span class='ocrx_word' id='word_1_273' title='bbox 2804 1923 3043 1980; x_wconf 78' lang='lat' dir='ltr'><strong>cmiestis</strong></span> <span class='ocrx_word' id='word_1_274' title='bbox 3068 1923 3252 1994; x_wconf 88' lang='lat' dir='ltr'><strong>operis</strong></span> <span class='ocrx_word' id='word_1_275' title='bbox 3287 1921 3394 1976; x_wconf 55' lang='lat' dir='ltr'><strong>ini.</strong></span> 
     </span>
    </p>
   </div>
   <div class='ocr_carea' id='block_1_49' title="bbox 1806 2013 3395 2091">
    <p class='ocr_par' dir='ltr' id='par_1_49' title="bbox 1806 2013 3395 2091">
     <span class='ocr_line' id='line_1_49' title="bbox 1806 2013 3395 2091; baseline -0.006 -13"><span class='ocrx_word' id='word_1_276' title='bbox 1806 2022 2009 2079; x_wconf 89' lang='lat' dir='ltr'><strong>micum</strong></span> <span class='ocrx_word' id='word_1_277' title='bbox 2032 2035 2129 2091; x_wconf 90' lang='lat' dir='ltr'><strong>per</strong></span> <span class='ocrx_word' id='word_1_278' title='bbox 2148 2020 2419 2076; x_wconf 87' lang='lat' dir='ltr'><strong>hominem</strong></span> <span class='ocrx_word' id='word_1_279' title='bbox 2436 2032 2597 2088; x_wconf 89' lang='lat' dir='ltr'><strong>quem</strong></span> <span class='ocrx_word' id='word_1_280' title='bbox 2618 2014 2933 2087; x_wconf 86' lang='lat' dir='ltr'><strong>subjugarat</strong></span> <span class='ocrx_word' id='word_1_281' title='bbox 2952 2013 3194 2080; x_wconf 90' lang='lat' dir='ltr'><strong>elideret,</strong></span> <span class='ocrx_word' id='word_1_282' title='bbox 3216 2021 3271 2068; x_wconf 93' lang='lat' dir='ltr'><strong>et</strong></span> <span class='ocrx_word' id='word_1_283' title='bbox 3291 2013 3395 2068; x_wconf 50' lang='lat' dir='ltr'><strong>hui</strong></span> 
     </span>
    </p>
   </div>
   <div class='ocr_carea' id='block_1_50' title="bbox 1807 2102 3395 2179">
    <p class='ocr_par' dir='ltr' id='par_1_50' title="bbox 1807 2102 3395 2179">
     <span class='ocr_line' id='line_1_50' title="bbox 1807 2102 3395 2179; baseline -0.007 -10"><span class='ocrx_word' id='word_1_284' title='bbox 1807 2127 2026 2169; x_wconf 87' lang='lat' dir='ltr'><strong>manam</strong></span> <span class='ocrx_word' id='word_1_285' title='bbox 2045 2111 2406 2168; x_wconf 85' lang='lat' dir='ltr'><strong>substantiam</strong></span> <span class='ocrx_word' id='word_1_286' title='bbox 2440 2108 2509 2165; x_wconf 91' lang='lat' dir='ltr'><strong>ad</strong></span> <span class='ocrx_word' id='word_1_287' title='bbox 2532 2120 2765 2179; x_wconf 88' lang='lat' dir='ltr'><strong>superna</strong></span> <span class='ocrx_word' id='word_1_288' title='bbox 2794 2106 2936 2163; x_wconf 86' lang='lat' dir='ltr'><strong>dona</strong></span> <span class='ocrx_word' id='word_1_289' title='bbox 2964 2104 3269 2163; x_wconf 87' lang='lat' dir='ltr'><strong>reduceret.</strong></span> <span class='ocrx_word' id='word_1_290' title='bbox 3287 2102 3395 2160; x_wconf 87' lang='lat' dir='ltr'><strong>Per</strong></span> 
     </span>
    </p>
   </div>
   <div class='ocr_carea' id='block_1_51' title="bbox 1807 2204 2357 2278">
    <p class='ocr_par' dir='ltr' id='par_1_51' title="bbox 1807 2204 2357 2278">
     <span class='ocr_line' id='line_1_51' title="bbox 1807 2204 2357 2278; baseline -0.009 -17"><span class='ocrx_word' id='word_1_291' title='bbox 1807 2219 1970 2278; x_wconf 86' lang='lat' dir='ltr'><strong>quem</strong></span> <span class='ocrx_word' id='word_1_292' title='bbox 1996 2204 2357 2276; x_wconf 73' lang='lat' dir='ltr'><strong>maiestatem.</strong></span> 
     </span>
    </p>
   </div>
   <div class='ocr_carea' id='block_1_52' title="bbox 2206 2321 2991 2371">
    <p class='ocr_par' dir='ltr' id='par_1_52' title="bbox 2206 2321 2991 2371">
     <span class='ocr_line' id='line_1_52' title="bbox 2206 2321 2991 2371; baseline -0.009 0"><span class='ocrx_word' id='word_1_293' title='bbox 2206 2331 2258 2371; x_wconf 73' lang='lat' dir='ltr'><strong>IN</strong></span> <span class='ocrx_word' id='word_1_294' title='bbox 2287 2325 2375 2371; x_wconf 71' lang='lat' dir='ltr'><strong>DIE</strong></span> <span class='ocrx_word' id='word_1_295' title='bbox 2405 2325 2611 2369; x_wconf 58' lang='grc' dir='ltr'><strong>δικοτο</strong></span> <span class='ocrx_word' id='word_1_296' title='bbox 2634 2321 2991 2368; x_wconf 60' lang='grc' dir='ltr'><strong>εεοεαειοειει</strong></span> 
     </span>
    </p>
   </div>
   <div class='ocr_carea' id='block_1_53' title="bbox 1867 2412 3394 2505">
    <p class='ocr_par' dir='ltr' id='par_1_53' title="bbox 1867 2412 3394 2505">
     <span class='ocr_line' id='line_1_53' title="bbox 1867 2412 3394 2505; baseline -0.009 -16"><span class='ocrx_word' id='word_1_297' title='bbox 1867 2412 1997 2505; x_wconf 77' lang='grc' dir='ltr'><strong>⁹(ϐ.)</strong></span> <span class='ocrx_word' id='word_1_298' title='bbox 2025 2429 2255 2487; x_wconf 67' lang='grc' dir='ltr'><strong>ιλΕιθιυιιθ</strong></span> <span class='ocrx_word' id='word_1_299' title='bbox 2300 2427 2463 2483; x_wconf 86' lang='lat' dir='ltr'><strong>Deus.</strong></span> <span class='ocrx_word' id='word_1_300' title='bbox 2503 2425 2609 2481; x_wconf 88' lang='lat' dir='ltr'><strong>Per</strong></span> <span class='ocrx_word' id='word_1_301' title='bbox 2645 2423 2922 2481; x_wconf 88' lang='lat' dir='ltr'><strong>Christum</strong></span> <span class='ocrx_word' id='word_1_302' title='bbox 2976 2420 3266 2478; x_wconf 89' lang='lat' dir='ltr'><strong>Dominum</strong></span> <span class='ocrx_word' id='word_1_303' title='bbox 3296 2435 3394 2476; x_wconf 82' lang='lat' dir='ltr'><strong>no—</strong></span> 
     </span>
    </p>
   </div>
   <div class='ocr_carea' id='block_1_54' title="bbox 1811 2511 3392 2591">
    <p class='ocr_par' dir='ltr' id='par_1_54' title="bbox 1811 2511 3392 2591">
     <span class='ocr_line' id='line_1_54' title="bbox 1811 2511 3392 2591; baseline -0.008 -13"><span class='ocrx_word' id='word_1_304' title='bbox 1811 2523 2006 2579; x_wconf 86' lang='lat' dir='ltr'><strong>strum.</strong></span> <span class='ocrx_word' id='word_1_305' title='bbox 2035 2520 2137 2589; x_wconf 86' lang='lat' dir='ltr'><strong>Qui</strong></span> <span class='ocrx_word' id='word_1_306' title='bbox 2162 2526 2284 2591; x_wconf 85' lang='lat' dir='ltr'><strong>post</strong></span> <span class='ocrx_word' id='word_1_307' title='bbox 2304 2516 2754 2573; x_wconf 89' lang='lat' dir='ltr'><strong>resurrectionem</strong></span> <span class='ocrx_word' id='word_1_308' title='bbox 2779 2525 2932 2569; x_wconf 84' lang='lat' dir='ltr'><strong>suam</strong></span> <span class='ocrx_word' id='word_1_309' title='bbox 2959 2512 3211 2567; x_wconf 88' lang='lat' dir='ltr'><strong>omnibus</strong></span> <span class='ocrx_word' id='word_1_310' title='bbox 3231 2511 3392 2567; x_wconf 88' lang='lat' dir='ltr'><strong>disci-</strong></span> 
     </span>
    </p>
   </div>
   <div class='ocr_carea' id='block_1_55' title="bbox 1809 2599 3389 2685">
    <p class='ocr_par' dir='ltr' id='par_1_55' title="bbox 1809 2599 3389 2685">
     <span class='ocr_line' id='line_1_55' title="bbox 1809 2599 3389 2685; baseline -0.009 -17"><span class='ocrx_word' id='word_1_311' title='bbox 1809 2611 1950 2685; x_wconf 90' lang='lat' dir='ltr'><strong>pulis</strong></span> <span class='ocrx_word' id='word_1_312' title='bbox 1980 2612 2094 2667; x_wconf 89' lang='lat' dir='ltr'><strong>suis</strong></span> <span class='ocrx_word' id='word_1_313' title='bbox 2140 2607 2459 2665; x_wconf 81' lang='lat' dir='ltr'><strong>manifestus</strong></span> <span class='ocrx_word' id='word_1_314' title='bbox 2480 2603 2735 2676; x_wconf 81' lang='lat' dir='ltr'><strong>apparuit</strong></span> <span class='ocrx_word' id='word_1_315' title='bbox 2775 2611 2831 2657; x_wconf 89' lang='lat' dir='ltr'><strong>et</strong></span> <span class='ocrx_word' id='word_1_316' title='bbox 2864 2601 2995 2673; x_wconf 89' lang='lat' dir='ltr'><strong>ipsis</strong></span> <span class='ocrx_word' id='word_1_317' title='bbox 3036 2599 3389 2657; x_wconf 82' lang='lat' dir='ltr'><strong>cernentibus</strong></span> 
     </span>
    </p>
   </div>
   <div class='ocr_carea' id='block_1_56' title="bbox 1811 2689 3396 2762">
    <p class='ocr_par' dir='ltr' id='par_1_56' title="bbox 1811 2689 3396 2762">
     <span class='ocr_line' id='line_1_56' title="bbox 1811 2689 3396 2762; baseline -0.009 -5"><span class='ocrx_word' id='word_1_318' title='bbox 1811 2711 1899 2757; x_wconf 89' lang='lat' dir='ltr'><strong>est</strong></span> <span class='ocrx_word' id='word_1_319' title='bbox 1954 2702 2196 2756; x_wconf 87' lang='lat' dir='ltr'><strong>elevatus</strong></span> <span class='ocrx_word' id='word_1_320' title='bbox 2254 2698 2309 2754; x_wconf 92' lang='lat' dir='ltr'><strong>in</strong></span> <span class='ocrx_word' id='word_1_321' title='bbox 2358 2696 2578 2762; x_wconf 83' lang='lat' dir='ltr'><strong>cceium,</strong></span> <span class='ocrx_word' id='word_1_322' title='bbox 2609 2703 2669 2749; x_wconf 93' lang='lat' dir='ltr'><strong>ut</strong></span> <span class='ocrx_word' id='word_1_323' title='bbox 2695 2708 2794 2749; x_wconf 93' lang='lat' dir='ltr'><strong>nos</strong></span> <span class='ocrx_word' id='word_1_324' title='bbox 2820 2691 3123 2748; x_wconf 84' lang='lat' dir='ltr'><strong>divinitatis</strong></span> <span class='ocrx_word' id='word_1_325' title='bbox 3157 2705 3268 2747; x_wconf 68' lang='lat' dir='ltr'><strong>sua:</strong></span> <span class='ocrx_word' id='word_1_326' title='bbox 3300 2689 3396 2745; x_wconf 66' lang='lat' dir='ltr'><strong>tri:</strong></span> 
     </span>
    </p>
   </div>
   <div class='ocr_carea' id='block_1_57' title="bbox 1813 2789 2755 2865">
    <p class='ocr_par' dir='ltr' id='par_1_57' title="bbox 1813 2789 2755 2865">
     <span class='ocr_line' id='line_1_57' title="bbox 1813 2789 2755 2865; baseline -0.011 -13"><span class='ocrx_word' id='word_1_327' title='bbox 1813 2795 2005 2852; x_wconf 86' lang='lat' dir='ltr'><strong>bueret</strong></span> <span class='ocrx_word' id='word_1_328' title='bbox 2024 2810 2146 2851; x_wconf 90' lang='lat' dir='ltr'><strong>esse</strong></span> <span class='ocrx_word' id='word_1_329' title='bbox 2177 2792 2486 2865; x_wconf 84' lang='lat' dir='ltr'><strong>participes.</strong></span> <span class='ocrx_word' id='word_1_330' title='bbox 2512 2790 2582 2844; x_wconf 88' lang='lat' dir='ltr'><strong>Et</strong></span> <span class='ocrx_word' id='word_1_331' title='bbox 2614 2789 2755 2844; x_wconf 86' lang='lat' dir='ltr'><strong>ideo.-</strong></span> 
     </span>
    </p>
   </div>
   <div class='ocr_carea' id='block_1_58' title="bbox 2008 2893 2852 2972">
    <p class='ocr_par' dir='ltr' id='par_1_58' title="bbox 2008 2893 2852 2972">
     <span class='ocr_line' id='line_1_58' title="bbox 2008 2893 2852 2972; baseline -0.007 -13"><span class='ocrx_word' id='word_1_332' title='bbox 2008 2896 2011 2899; x_wconf 53' lang='grc'><em>’</em></span> <span class='ocrx_word' id='word_1_333' title='bbox 2370 2893 2529 2972; x_wconf 80' lang='lat' dir='ltr'><strong>Infra</strong></span> <span class='ocrx_word' id='word_1_334' title='bbox 2571 2900 2852 2954; x_wconf 81' lang='lat' dir='ltr'><strong>actionem.</strong></span> 
     </span>
    </p>
   </div>
   <div class='ocr_carea' id='block_1_59' title="bbox 1887 3007 3393 3092">
    <p class='ocr_par' dir='ltr' id='par_1_59' title="bbox 1887 3007 3393 3092">
     <span class='ocr_line' id='line_1_59' title="bbox 1887 3007 3393 3092; baseline -0.007 -19"><span class='ocrx_word' id='word_1_335' title='bbox 1887 3016 2002 3092; x_wconf 76' lang='lat'><strong>(0.)</strong></span> <span class='ocrx_word' id='word_1_336' title='bbox 2047 3016 2527 3075; x_wconf 89' lang='lat' dir='ltr'><strong>Communicantes</strong></span> <span class='ocrx_word' id='word_1_337' title='bbox 2552 3021 2609 3069; x_wconf 88' lang='lat' dir='ltr'><strong>et</strong></span> <span class='ocrx_word' id='word_1_338' title='bbox 2630 3013 2772 3069; x_wconf 90' lang='lat' dir='ltr'><strong>diem</strong></span> <span class='ocrx_word' id='word_1_339' title='bbox 2802 3010 3227 3068; x_wconf 86' lang='lat' dir='ltr'><strong>sacratissimum</strong></span> <span class='ocrx_word' id='word_1_340' title='bbox 3249 3007 3393 3064; x_wconf 87' lang='lat' dir='ltr'><strong>cele-</strong></span> 
     </span>
    </p>
   </div>
   <div class='ocr_carea' id='block_1_60' title="bbox 1816 3102 3399 3182">
    <p class='ocr_par' dir='ltr' id='par_1_60' title="bbox 1816 3102 3399 3182">
     <span class='ocr_line' id='line_1_60' title="bbox 1816 3102 3399 3182; baseline -0.009 -13"><span class='ocrx_word' id='word_1_341' title='bbox 1816 3113 2061 3178; x_wconf 78' lang='lat' dir='ltr'><strong>brantes,</strong></span> <span class='ocrx_word' id='word_1_342' title='bbox 2083 3126 2191 3182; x_wconf 90' lang='lat' dir='ltr'><strong>quo</strong></span> <span class='ocrx_word' id='word_1_343' title='bbox 2214 3108 2476 3166; x_wconf 88' lang='lat' dir='ltr'><strong>Dominus</strong></span> <span class='ocrx_word' id='word_1_344' title='bbox 2515 3114 2704 3162; x_wconf 86' lang='lat' dir='ltr'><strong>noster</strong></span> <span class='ocrx_word' id='word_1_345' title='bbox 2732 3103 3041 3176; x_wconf 87' lang='lat' dir='ltr'><strong>uuigenitus</strong></span> <span class='ocrx_word' id='word_1_346' title='bbox 3082 3102 3252 3158; x_wconf 82' lang='lat' dir='ltr'><strong>Filius</strong></span> <span class='ocrx_word' id='word_1_347' title='bbox 3275 3111 3399 3156; x_wconf 83' lang='lat' dir='ltr'><strong>tuus</strong></span> 
     </span>
    </p>
   </div>
   <div class='ocr_carea' id='block_1_61' title="bbox 211 3172 3409 3278">
    <p class='ocr_par' dir='ltr' id='par_1_61' title="bbox 211 3172 3409 3278">
     <span class='ocr_line' id='line_1_61' title="bbox 211 3172 3409 3278; baseline -0.011 3"><span class='ocrx_word' id='word_1_348' title='bbox 211 3188 322 3263; x_wconf 63' lang='grc' dir='ltr'><strong>(θ’)</strong></span> <span class='ocrx_word' id='word_1_349' title='bbox 355 3188 587 3245; x_wconf 55' lang='lat' dir='ltr'><strong>Emme</strong></span> <span class='ocrx_word' id='word_1_350' title='bbox 629 3186 790 3241; x_wconf 66' lang='lat' dir='ltr'><strong>Deus&#39;</strong></span> <span class='ocrx_word' id='word_1_351' title='bbox 839 3182 907 3237; x_wconf 50' lang='lat' dir='ltr'><strong>Et</strong></span> <span class='ocrx_word' id='word_1_352' title='bbox 951 3182 1271 3278; x_wconf 64' lang='lat' dir='ltr'><strong>immef&#39;sam</strong></span> <span class='ocrx_word' id='word_1_353' title='bbox 1317 3172 1578 3278; x_wconf 37' lang='lat' dir='ltr'><strong>minitans</strong></span> <span class='ocrx_word' id='word_1_354' title='bbox 1607 3180 1713 3278; x_wconf 37' lang='lat' dir='ltr'><strong>ium</strong></span> <span class='ocrx_word' id='word_1_355' title='bbox 1741 3216 1787 3278; x_wconf 73' lang='grc' dir='ltr'>ο</span> <span class='ocrx_word' id='word_1_356' title='bbox 1822 3172 2177 3269; x_wconf 31' lang='lat' dir='ltr'><strong>unitam&#39;si-hi</strong></span> <span class='ocrx_word' id='word_1_357' title='bbox 2198 3200 2507 3273; x_wconf 79' lang='lat' dir='ltr'><strong>fragilitatis</strong></span> <span class='ocrx_word' id='word_1_358' title='bbox 2529 3208 2728 3255; x_wconf 61' lang='lat' dir='ltr'><strong>nostra)</strong></span> <span class='ocrx_word' id='word_1_359' title='bbox 2762 3172 3119 3252; x_wconf 79' lang='lat' dir='ltr'><strong>substantiam</strong></span> <span class='ocrx_word' id='word_1_360' title='bbox 3147 3196 3200 3250; x_wconf 92' lang='lat' dir='ltr'><strong>in</strong></span> <span class='ocrx_word' id='word_1_361' title='bbox 3223 3193 3409 3266; x_wconf 67' lang='lat' dir='ltr'><strong>gloriae</strong></span> 
     </span>
    </p>
   </div>
   <div class='ocr_carea' id='block_1_62' title="bbox 138 3268 1713 3353">
    <p class='ocr_par' dir='ltr' id='par_1_62' title="bbox 138 3268 1713 3353">
     <span class='ocr_line' id='line_1_62' title="bbox 138 3268 1713 3353; baseline -0.011 -15"><span class='ocrx_word' id='word_1_362' title='bbox 138 3281 382 3353; x_wconf 81' lang='lat' dir='ltr'><strong>pietatem</strong></span> <span class='ocrx_word' id='word_1_363' title='bbox 413 3278 689 3336; x_wconf 88' lang='lat' dir='ltr'><strong>humiliter</strong></span> <span class='ocrx_word' id='word_1_364' title='bbox 723 3290 972 3341; x_wconf 81' lang='lat' dir='ltr'><strong>exorare,</strong></span> <span class='ocrx_word' id='word_1_365' title='bbox 1017 3278 1078 3327; x_wconf 88' lang='lat' dir='ltr'><strong>ut</strong></span> <span class='ocrx_word' id='word_1_366' title='bbox 1116 3268 1478 3343; x_wconf 88' lang='lat' dir='ltr'><strong>ignorantiam</strong></span> <span class='ocrx_word' id='word_1_367' title='bbox 1513 3275 1713 3350; x_wconf 66' lang='lat' dir='ltr'><strong>nostrae</strong></span> 
     </span>
    </p>
   </div>
   <div class='ocr_carea' id='block_1_63' title="bbox 139 3343 1718 3432">
    <p class='ocr_par' dir='ltr' id='par_1_63' title="bbox 139 3343 1718 3432">
     <span class='ocr_line' id='line_1_63' title="bbox 139 3343 1718 3432; baseline -0.01 -5"><span class='ocrx_word' id='word_1_368' title='bbox 139 3370 478 3427; x_wconf 84' lang='lat' dir='ltr'><strong>mortalitatis</strong></span> <span class='ocrx_word' id='word_1_369' title='bbox 500 3368 804 3432; x_wconf 72' lang='lat' dir='ltr'><strong>attendens,</strong></span> <span class='ocrx_word' id='word_1_370' title='bbox 832 3380 898 3421; x_wconf 81' lang='lat' dir='ltr'><strong>ex</strong></span> <span class='ocrx_word' id='word_1_371' title='bbox 926 3374 1015 3419; x_wconf 91' lang='lat' dir='ltr'><strong>tua</strong></span> <span class='ocrx_word' id='word_1_372' title='bbox 1045 3348 1405 3432; x_wconf 78' lang='lat' dir='ltr'><strong>inspiratihne</strong></span> <span class='ocrx_word' id='word_1_373' title='bbox 1427 3374 1526 3415; x_wconf 92' lang='lat' dir='ltr'><strong>nos</strong></span> <span class='ocrx_word' id='word_1_374' title='bbox 1549 3343 1718 3413; x_wconf 83' lang='lat' dir='ltr'><strong>facias</strong></span> 
     </span>
    </p>
   </div>
   <div class='ocr_carea' id='block_1_64' title="bbox 139 3449 1718 3533">
    <p class='ocr_par' dir='ltr' id='par_1_64' title="bbox 139 3449 1718 3533">
     <span class='ocr_line' id='line_1_64' title="bbox 139 3449 1718 3533; baseline -0.01 -14"><span class='ocrx_word' id='word_1_375' title='bbox 139 3462 405 3533; x_wconf 87' lang='lat' dir='ltr'><strong>postulare</strong></span> <span class='ocrx_word' id='word_1_376' title='bbox 426 3460 569 3532; x_wconf 84' lang='lat' dir='ltr'><strong>quod</strong></span> <span class='ocrx_word' id='word_1_377' title='bbox 597 3468 804 3515; x_wconf 89' lang='lat' dir='ltr'><strong>rectum</strong></span> <span class='ocrx_word' id='word_1_378' title='bbox 829 3468 931 3522; x_wconf 88' lang='lat' dir='ltr'><strong>est,</strong></span> <span class='ocrx_word' id='word_1_379' title='bbox 962 3465 1018 3511; x_wconf 90' lang='lat' dir='ltr'><strong>et</strong></span> <span class='ocrx_word' id='word_1_380' title='bbox 1059 3464 1150 3511; x_wconf 89' lang='lat' dir='ltr'><strong>tua</strong></span> <span class='ocrx_word' id='word_1_381' title='bbox 1190 3450 1476 3509; x_wconf 88' lang='lat' dir='ltr'><strong>clementia</strong></span> <span class='ocrx_word' id='word_1_382' title='bbox 1511 3449 1718 3505; x_wconf 85' lang='lat' dir='ltr'><strong>tribuas</strong></span> 
     </span>
    </p>
   </div>
   <div class='ocr_carea' id='block_1_65' title="bbox 141 3540 1715 3627">
    <p class='ocr_par' dir='ltr' id='par_1_65' title="bbox 141 3540 1715 3627">
     <span class='ocr_line' id='line_1_65' title="bbox 141 3540 1715 3627; baseline -0.012 -16"><span class='ocrx_word' id='word_1_383' title='bbox 141 3556 429 3627; x_wconf 86' lang='lat' dir='ltr'><strong>impetrare</strong></span> <span class='ocrx_word' id='word_1_384' title='bbox 453 3551 595 3624; x_wconf 85' lang='lat' dir='ltr'><strong>quod</strong></span> <span class='ocrx_word' id='word_1_385' title='bbox 626 3549 918 3622; x_wconf 84' lang='lat' dir='ltr'><strong>poscimus.</strong></span> <span class='ocrx_word' id='word_1_386' title='bbox 951 3546 1053 3601; x_wconf 84' lang='lat' dir='ltr'><strong>Per</strong></span> <span class='ocrx_word' id='word_1_387' title='bbox 1077 3544 1374 3601; x_wconf 86' lang='lat' dir='ltr'><strong>Christum.</strong></span> <span class='ocrx_word' id='word_1_388' title='bbox 1400 3540 1506 3597; x_wconf 89' lang='lat' dir='ltr'><strong>Per</strong></span> <span class='ocrx_word' id='word_1_389' title='bbox 1532 3554 1715 3612; x_wconf 89' lang='lat' dir='ltr'><strong>quem.</strong></span> 
     </span>
    </p>
   </div>
   <div class='ocr_carea' id='block_1_66' title="bbox 410 3662 1441 3722">
    <p class='ocr_par' dir='ltr' id='par_1_66' title="bbox 410 3662 1441 3722">
     <span class='ocr_line' id='line_1_66' title="bbox 410 3662 1441 3722; baseline -0.015 0"><span class='ocrx_word' id='word_1_390' title='bbox 410 3670 663 3722; x_wconf 62' lang='grc' dir='ltr'><strong>υοκικιάλ</strong></span> <span class='ocrx_word' id='word_1_391' title='bbox 695 3672 734 3717; x_wconf 83' lang='lat' dir='ltr'><strong>ti</strong></span> <span class='ocrx_word' id='word_1_392' title='bbox 773 3676 900 3716; x_wconf 75' lang='lat' dir='ltr'><strong>rosr</strong></span> <span class='ocrx_word' id='word_1_393' title='bbox 932 3671 1178 3715; x_wconf 70' lang='lat' dir='ltr'><strong>ocnvut</strong></span> <span class='ocrx_word' id='word_1_394' title='bbox 1208 3662 1441 3710; x_wconf 53' lang='lat' dir='ltr'><strong>priscum.</strong></span> 
     </span>
    </p>
   </div>
   <div class='ocr_carea' id='block_1_67' title="bbox 204 3750 1749 3836">
    <p class='ocr_par' dir='ltr' id='par_1_67' title="bbox 204 3750 1749 3836">
     <span class='ocr_line' id='line_1_67' title="bbox 204 3750 1749 3836; baseline -0.014 0"><span class='ocrx_word' id='word_1_395' title='bbox 204 3779 435 3836; x_wconf 66' lang='lat' dir='ltr'><strong>Eterne</strong></span> <span class='ocrx_word' id='word_1_396' title='bbox 472 3776 634 3831; x_wconf 87' lang='lat' dir='ltr'><strong>Deus.</strong></span> <span class='ocrx_word' id='word_1_397' title='bbox 670 3772 776 3827; x_wconf 91' lang='lat' dir='ltr'><strong>Per</strong></span> <span class='ocrx_word' id='word_1_398' title='bbox 820 3770 1095 3826; x_wconf 86' lang='lat' dir='ltr'><strong>Christum</strong></span> <span class='ocrx_word' id='word_1_399' title='bbox 1141 3761 1425 3821; x_wconf 88' lang='lat' dir='ltr'><strong>Dominum</strong></span> <span class='ocrx_word' id='word_1_400' title='bbox 1454 3750 1749 3818; x_wconf 46' lang='lat' dir='ltr'><strong>nostrumf</strong></span> 
     </span>
    </p>
   </div>
   <div class='ocr_carea' id='block_1_68' title="bbox 139 3854 1726 3940">
    <p class='ocr_par' dir='ltr' id='par_1_68' title="bbox 139 3854 1726 3940">
     <span class='ocr_line' id='line_1_68' title="bbox 139 3854 1726 3940; baseline -0.014 -13"><span class='ocrx_word' id='word_1_401' title='bbox 139 3871 239 3940; x_wconf 89' lang='lat' dir='ltr'><strong>Qui</strong></span> <span class='ocrx_word' id='word_1_402' title='bbox 267 3870 337 3925; x_wconf 89' lang='lat' dir='ltr'><strong>de</strong></span> <span class='ocrx_word' id='word_1_403' title='bbox 377 3866 597 3937; x_wconf 78' lang='lat' dir='ltr'><strong>Virgine</strong></span> <span class='ocrx_word' id='word_1_404' title='bbox 648 3862 799 3920; x_wconf 90' lang='lat' dir='ltr'><strong>nasci</strong></span> <span class='ocrx_word' id='word_1_405' title='bbox 854 3862 1130 3932; x_wconf 85' lang='lat' dir='ltr'><strong>dignatus,</strong></span> <span class='ocrx_word' id='word_1_406' title='bbox 1176 3871 1272 3926; x_wconf 89' lang='lat' dir='ltr'><strong>per</strong></span> <span class='ocrx_word' id='word_1_407' title='bbox 1313 3854 1621 3926; x_wconf 85' lang='lat' dir='ltr'><strong>passionem</strong></span> <span class='ocrx_word' id='word_1_408' title='bbox 1670 3856 1726 3906; x_wconf 87' lang='lat' dir='ltr'><strong>et</strong></span> 
     </span>
    </p>
   </div>
   <div class='ocr_carea' id='block_1_69' title="bbox 140 3946 1725 4028">
    <p class='ocr_par' dir='ltr' id='par_1_69' title="bbox 140 3946 1725 4028">
     <span class='ocr_line' id='line_1_69' title="bbox 140 3946 1725 4028; baseline -0.013 -12"><span class='ocrx_word' id='word_1_409' title='bbox 140 3967 370 4016; x_wconf 79' lang='lat' dir='ltr'><strong>mortem</strong></span> <span class='ocrx_word' id='word_1_410' title='bbox 395 3972 425 4011; x_wconf 90' lang='lat' dir='ltr'><strong>a</strong></span> <span class='ocrx_word' id='word_1_411' title='bbox 453 3962 711 4028; x_wconf 80' lang='lat' dir='ltr'><strong>perpetua</strong></span> <span class='ocrx_word' id='word_1_412' title='bbox 738 3968 839 4010; x_wconf 91' lang='lat' dir='ltr'><strong>nos</strong></span> <span class='ocrx_word' id='word_1_413' title='bbox 860 3960 1035 4008; x_wconf 73' lang='lat' dir='ltr'><strong>marte</strong></span> <span class='ocrx_word' id='word_1_414' title='bbox 1067 3946 1333 4011; x_wconf 82' lang='lat' dir='ltr'><strong>liberavit,</strong></span> <span class='ocrx_word' id='word_1_415' title='bbox 1363 3955 1419 4000; x_wconf 90' lang='lat' dir='ltr'><strong>et</strong></span> <span class='ocrx_word' id='word_1_416' title='bbox 1448 3956 1725 4000; x_wconf 89' lang='lat' dir='ltr'><strong>resurrec-</strong></span> 
     </span>
    </p>
   </div>
   <div class='ocr_carea' id='block_1_70' title="bbox 143 4035 1724 4107">
    <p class='ocr_par' dir='ltr' id='par_1_70' title="bbox 143 4035 1724 4107">
     <span class='ocr_line' id='line_1_70' title="bbox 143 4035 1724 4107; baseline -0.011 0"><span class='ocrx_word' id='word_1_417' title='bbox 143 4052 286 4107; x_wconf 85' lang='lat' dir='ltr'><strong>tione</strong></span> <span class='ocrx_word' id='word_1_418' title='bbox 308 4064 409 4106; x_wconf 90' lang='lat' dir='ltr'><strong>sua</strong></span> <span class='ocrx_word' id='word_1_419' title='bbox 448 4058 710 4104; x_wconf 65' lang='lat' dir='ltr'><strong>aeternam</strong></span> <span class='ocrx_word' id='word_1_420' title='bbox 754 4044 910 4101; x_wconf 89' lang='lat' dir='ltr'><strong>nobis</strong></span> <span class='ocrx_word' id='word_1_421' title='bbox 950 4042 1118 4098; x_wconf 87' lang='lat' dir='ltr'><strong>vitam</strong></span> <span class='ocrx_word' id='word_1_422' title='bbox 1145 4037 1391 4096; x_wconf 90' lang='lat' dir='ltr'><strong>contulit.</strong></span> <span class='ocrx_word' id='word_1_423' title='bbox 1420 4035 1527 4092; x_wconf 84' lang='lat' dir='ltr'><strong>Per</strong></span> <span class='ocrx_word' id='word_1_424' title='bbox 1563 4046 1724 4107; x_wconf 89' lang='lat' dir='ltr'><strong>quem</strong></span> 
     </span>
    </p>
   </div>
   <div class='ocr_carea' id='block_1_71' title="bbox 146 4140 504 4215">
    <p class='ocr_par' dir='ltr' id='par_1_71' title="bbox 146 4140 504 4215">
     <span class='ocr_line' id='line_1_71' title="bbox 146 4140 504 4215; baseline -0.017 -16"><span class='ocrx_word' id='word_1_425' title='bbox 146 4140 504 4215; x_wconf 68' lang='lat' dir='ltr'><strong>maiestatem.</strong></span> 
     </span>
    </p>
   </div>
   <div class='ocr_carea' id='block_1_72' title="bbox 750 4228 1117 4283">
    <p class='ocr_par' dir='ltr' id='par_1_72' title="bbox 750 4228 1117 4283">
     <span class='ocr_line' id='line_1_72' title="bbox 750 4228 1117 4283; baseline -0.014 0"><span class='ocrx_word' id='word_1_426' title='bbox 750 4238 1003 4283; x_wconf 69' lang='lat' dir='ltr'><strong>DOMINICA</strong></span> <span class='ocrx_word' id='word_1_427' title='bbox 1033 4228 1117 4279; x_wconf 80' lang='lat' dir='ltr'><strong>tit.</strong></span> 
     </span>
    </p>
   </div>
   <div class='ocr_carea' id='block_1_73' title="bbox 218 4316 1730 4418">
    <p class='ocr_par' dir='ltr' id='par_1_73' title="bbox 218 4316 1730 4418">
     <span class='ocr_line' id='line_1_73' title="bbox 218 4316 1730 4418; baseline -0.011 -19"><span class='ocrx_word' id='word_1_428' title='bbox 218 4339 331 4418; x_wconf 77' lang='grc' dir='ltr'><strong>(Α.)</strong></span> <span class='ocrx_word' id='word_1_429' title='bbox 365 4338 591 4399; x_wconf 68' lang='grc' dir='ltr'><strong>ᾸΕἱεηιθ</strong></span> <span class='ocrx_word' id='word_1_430' title='bbox 619 4340 780 4396; x_wconf 91' lang='lat' dir='ltr'><strong>Deus.</strong></span> <span class='ocrx_word' id='word_1_431' title='bbox 815 4339 882 4394; x_wconf 91' lang='lat' dir='ltr'><strong>Et</strong></span> <span class='ocrx_word' id='word_1_432' title='bbox 922 4338 996 4392; x_wconf 92' lang='lat' dir='ltr'><strong>tui</strong></span> <span class='ocrx_word' id='word_1_433' title='bbox 1036 4328 1460 4393; x_wconf 84' lang='lat' dir='ltr'><strong>misericordiam</strong></span> <span class='ocrx_word' id='word_1_434' title='bbox 1486 4316 1730 4386; x_wconf 83' lang='lat' dir='ltr'><strong>muneris</strong></span> 
     </span>
    </p>
   </div>
   <div class='ocr_carea' id='block_1_74' title="bbox 150 4422 1730 4510">
    <p class='ocr_par' dir='ltr' id='par_1_74' title="bbox 150 4422 1730 4510">
     <span class='ocr_line' id='line_1_74' title="bbox 150 4422 1730 4510; baseline -0.014 -14"><span class='ocrx_word' id='word_1_435' title='bbox 150 4438 442 4510; x_wconf 88' lang='lat' dir='ltr'><strong>postulare,</strong></span> <span class='ocrx_word' id='word_1_436' title='bbox 467 4435 527 4491; x_wconf 85' lang='lat' dir='ltr'><strong>ut</strong></span> <span class='ocrx_word' id='word_1_437' title='bbox 566 4438 808 4504; x_wconf 82' lang='lat' dir='ltr'><strong>tempora</strong></span> <span class='ocrx_word' id='word_1_438' title='bbox 857 4422 1052 4501; x_wconf 84' lang='lat' dir='ltr'><strong>quibus</strong></span> <span class='ocrx_word' id='word_1_439' title='bbox 1104 4433 1224 4499; x_wconf 86' lang='lat' dir='ltr'><strong>post</strong></span> <span class='ocrx_word' id='word_1_440' title='bbox 1272 4423 1730 4499; x_wconf 80' lang='lat' dir='ltr'><strong>resurrectionem</strong></span> 
     </span>
    </p>
   </div>
   <div class='ocr_carea' id='block_1_75' title="bbox 153 4512 1731 4588">
    <p class='ocr_par' dir='ltr' id='par_1_75' title="bbox 153 4512 1731 4588">
     <span class='ocr_line' id='line_1_75' title="bbox 153 4512 1731 4588; baseline -0.011 0"><span class='ocrx_word' id='word_1_441' title='bbox 153 4548 300 4588; x_wconf 88' lang='lat' dir='ltr'><strong>suam</strong></span> <span class='ocrx_word' id='word_1_442' title='bbox 341 4531 605 4587; x_wconf 92' lang='lat' dir='ltr'><strong>Dominus</strong></span> <span class='ocrx_word' id='word_1_443' title='bbox 632 4535 821 4583; x_wconf 87' lang='lat' dir='ltr'><strong>noster</strong></span> <span class='ocrx_word' id='word_1_444' title='bbox 845 4524 1004 4581; x_wconf 79' lang='lat' dir='ltr'><strong>Iesus</strong></span> <span class='ocrx_word' id='word_1_445' title='bbox 1022 4512 1274 4578; x_wconf 77' lang='lat' dir='ltr'><strong>Christus</strong></span> <span class='ocrx_word' id='word_1_446' title='bbox 1294 4535 1417 4576; x_wconf 91' lang='lat' dir='ltr'><strong>cum</strong></span> <span class='ocrx_word' id='word_1_447' title='bbox 1451 4515 1731 4588; x_wconf 80' lang='lat' dir='ltr'><strong>discipulis</strong></span> 
     </span>
    </p>
   </div>
   <div class='ocr_carea' id='block_1_76' title="bbox 153 4606 1730 4691">
    <p class='ocr_par' dir='ltr' id='par_1_76' title="bbox 153 4606 1730 4691">
     <span class='ocr_line' id='line_1_76' title="bbox 153 4606 1730 4691; baseline -0.012 -13"><span class='ocrx_word' id='word_1_448' title='bbox 153 4627 261 4679; x_wconf 82' lang='lat' dir='ltr'><strong>suis</strong></span> <span class='ocrx_word' id='word_1_449' title='bbox 307 4619 670 4691; x_wconf 89' lang='lat' dir='ltr'><strong>corporaliter</strong></span> <span class='ocrx_word' id='word_1_450' title='bbox 720 4614 1008 4681; x_wconf 88' lang='lat' dir='ltr'><strong>habitavit,</strong></span> <span class='ocrx_word' id='word_1_451' title='bbox 1032 4613 1113 4668; x_wconf 90' lang='lat' dir='ltr'><strong>sic</strong></span> <span class='ocrx_word' id='word_1_452' title='bbox 1138 4614 1254 4682; x_wconf 85' lang='lat' dir='ltr'><strong>ipso</strong></span> <span class='ocrx_word' id='word_1_453' title='bbox 1303 4608 1602 4681; x_wconf 89' lang='lat' dir='ltr'><strong>opitulante</strong></span> <span class='ocrx_word' id='word_1_454' title='bbox 1641 4606 1730 4677; x_wconf 83' lang='lat' dir='ltr'><strong>p‘ia</strong></span> 
     </span>
    </p>
   </div>
   <div class='ocr_carea' id='block_1_77' title="bbox 157 4699 1738 4780">
    <p class='ocr_par' dir='ltr' id='par_1_77' title="bbox 157 4699 1738 4780">
     <span class='ocr_line' id='line_1_77' title="bbox 157 4699 1738 4780; baseline -0.01 -11"><span class='ocrx_word' id='word_1_455' title='bbox 157 4715 436 4770; x_wconf 88' lang='lat' dir='ltr'><strong>devotione</strong></span> <span class='ocrx_word' id='word_1_456' title='bbox 475 4720 793 4776; x_wconf 88' lang='lat' dir='ltr'><strong>tractemus,</strong></span> <span class='ocrx_word' id='word_1_457' title='bbox 817 4716 1090 4780; x_wconf 87' lang='lat' dir='ltr'><strong>quatenus</strong></span> <span class='ocrx_word' id='word_1_458' title='bbox 1113 4706 1167 4760; x_wconf 88' lang='lat' dir='ltr'><strong>in</strong></span> <span class='ocrx_word' id='word_1_459' title='bbox 1196 4705 1282 4760; x_wconf 89' lang='lat' dir='ltr'><strong>his</strong></span> <span class='ocrx_word' id='word_1_460' title='bbox 1310 4702 1551 4759; x_wconf 90' lang='lat' dir='ltr'><strong>omnium</strong></span> <span class='ocrx_word' id='word_1_461' title='bbox 1581 4699 1738 4754; x_wconf 86' lang='lat' dir='ltr'><strong>vitio-</strong></span> 
     </span>
    </p>
   </div>
   <div class='ocr_carea' id='block_1_78' title="bbox 156 4792 1669 4862">
    <p class='ocr_par' dir='ltr' id='par_1_78' title="bbox 156 4792 1669 4862">
     <span class='ocr_line' id='line_1_78' title="bbox 156 4792 1669 4862; baseline -0.01 -3"><span class='ocrx_word' id='word_1_462' title='bbox 156 4820 270 4862; x_wconf 88' lang='lat' dir='ltr'><strong>rum</strong></span> <span class='ocrx_word' id='word_1_463' title='bbox 307 4804 559 4862; x_wconf 85' lang='lat' dir='ltr'><strong>sordibus</strong></span> <span class='ocrx_word' id='word_1_464' title='bbox 589 4815 894 4858; x_wconf 89' lang='lat' dir='ltr'><strong>careamus.</strong></span> <span class='ocrx_word' id='word_1_465' title='bbox 926 4797 1031 4854; x_wconf 84' lang='lat' dir='ltr'><strong>Per</strong></span> <span class='ocrx_word' id='word_1_466' title='bbox 1056 4797 1323 4853; x_wconf 88' lang='lat' dir='ltr'><strong>eumdem.</strong></span> <span class='ocrx_word' id='word_1_467' title='bbox 1353 4792 1459 4848; x_wconf 89' lang='lat' dir='ltr'><strong>Per</strong></span> <span class='ocrx_word' id='word_1_468' title='bbox 1485 4806 1669 4862; x_wconf 89' lang='lat' dir='ltr'><strong>quem.</strong></span> 
     </span>
    </p>
   </div>
   <div class='ocr_carea' id='block_1_79' title="bbox 764 4923 1129 4969">
    <p class='ocr_par' dir='ltr' id='par_1_79' title="bbox 764 4923 1129 4969">
     <span class='ocr_line' id='line_1_79' title="bbox 764 4923 1129 4969; baseline -0.016 0"><span class='ocrx_word' id='word_1_469' title='bbox 764 4925 1017 4969; x_wconf 69' lang='lat' dir='ltr'><strong>DOIIINICA</strong></span> <span class='ocrx_word' id='word_1_470' title='bbox 1054 4923 1129 4965; x_wconf 75' lang='lat' dir='ltr'><strong>IV.</strong></span> 
     </span>
    </p>
   </div>
   <div class='ocr_carea' id='block_1_80' title="bbox 228 4997 1741 5109">
    <p class='ocr_par' dir='ltr' id='par_1_80' title="bbox 228 4997 1741 5109">
     <span class='ocr_line' id='line_1_80' title="bbox 228 4997 1741 5109; baseline -0.008 -26"><span class='ocrx_word' id='word_1_471' title='bbox 228 5026 340 5104; x_wconf 79' lang='grc' dir='ltr'><strong>(Α.)</strong></span> <span class='ocrx_word' id='word_1_472' title='bbox 369 5020 600 5086; x_wconf 66' lang='grc' dir='ltr'><strong>,Ειρνηε</strong></span> <span class='ocrx_word' id='word_1_473' title='bbox 618 5024 786 5084; x_wconf 81' lang='lat' dir='ltr'><strong>Deus.</strong></span> <span class='ocrx_word' id='word_1_474' title='bbox 815 5024 883 5081; x_wconf 80' lang='lat' dir='ltr'><strong>Et</strong></span> <span class='ocrx_word' id='word_1_475' title='bbox 910 5022 1250 5109; x_wconf 82' lang='lat' dir='ltr'><strong>majestatem</strong></span> <span class='ocrx_word' id='word_1_476' title='bbox 1273 5022 1422 5074; x_wconf 79' lang='lat' dir='ltr'><strong>tuam‘</strong></span> <span class='ocrx_word' id='word_1_477' title='bbox 1452 4997 1741 5072; x_wconf 70' lang='lat' dir='ltr'><strong>indefessis</strong></span> 
     </span>
    </p>
   </div>
   <div class='ocr_carea' id='block_1_81' title="bbox 162 5106 1606 5190">
    <p class='ocr_par' dir='ltr' id='par_1_81' title="bbox 162 5106 1606 5190">
     <span class='ocr_line' id='line_1_81' title="bbox 162 5106 1606 5190; baseline -0.01 -13"><span class='ocrx_word' id='word_1_478' title='bbox 162 5122 431 5189; x_wconf 81' lang='lat' dir='ltr'><strong>precibus,</strong></span> <span class='ocrx_word' id='word_1_479' title='bbox 453 5129 584 5189; x_wconf 86' lang='lat' dir='ltr'><strong>etc.,</strong></span> <span class='ocrx_word' id='word_1_480' title='bbox 614 5130 671 5175; x_wconf 77' lang='lat' dir='ltr'><strong>ut</strong></span> <span class='ocrx_word' id='word_1_481' title='bbox 699 5125 817 5190; x_wconf 81' lang='lat' dir='ltr'><strong>su&#39;p.</strong></span> <span class='ocrx_word' id='word_1_482' title='bbox 850 5106 1131 5172; x_wconf 76' lang='lat' dir='ltr'><strong>Dominica</strong></span> <span class='ocrx_word' id='word_1_483' title='bbox 1172 5108 1232 5168; x_wconf 84' lang='lat' dir='ltr'><strong>V.</strong></span> <span class='ocrx_word' id='word_1_484' title='bbox 1264 5113 1401 5167; x_wconf 80' lang='lat' dir='ltr'><strong>inter</strong></span> <span class='ocrx_word' id='word_1_485' title='bbox 1425 5106 1606 5165; x_wconf 81' lang='lat' dir='ltr'><strong>Ambr.</strong></span> 
     </span>
    </p>
   </div>
   <div class='ocr_carea' id='block_1_82' title="bbox 622 5240 1282 5291">
    <p class='ocr_par' dir='ltr' id='par_1_82' title="bbox 622 5240 1282 5291">
     <span class='ocr_line' id='line_1_82' title="bbox 622 5240 1282 5291; baseline -0.017 0"><span class='ocrx_word' id='word_1_486' title='bbox 622 5250 781 5291; x_wconf 70' lang='grc' dir='ltr'><strong>ΙΈΒΙΛ</strong></span> <span class='ocrx_word' id='word_1_487' title='bbox 834 5247 873 5287; x_wconf 88' lang='lat' dir='ltr'><strong>II</strong></span> <span class='ocrx_word' id='word_1_488' title='bbox 914 5240 1282 5287; x_wconf 69' lang='lat' dir='ltr'><strong>ROCA&#39;I&#39;IONUI.</strong></span> 
     </span>
    </p>
   </div>
   <div class='ocr_carea' id='block_1_83' title="bbox 234 5331 1748 5424">
    <p class='ocr_par' dir='ltr' id='par_1_83' title="bbox 234 5331 1748 5424">
     <span class='ocr_line' id='line_1_83' title="bbox 234 5331 1748 5424; baseline -0.015 -16"><span class='ocrx_word' id='word_1_489' title='bbox 234 5350 388 5424; x_wconf 62' lang='lat'><strong>(£13.)</strong></span> <span class='ocrx_word' id='word_1_490' title='bbox 411 5348 641 5406; x_wconf 67' lang='lat' dir='ltr'><strong>IEterne</strong></span> <span class='ocrx_word' id='word_1_491' title='bbox 685 5347 848 5401; x_wconf 85' lang='lat' dir='ltr'><strong>Deus.</strong></span> <span class='ocrx_word' id='word_1_492' title='bbox 876 5342 944 5398; x_wconf 88' lang='lat' dir='ltr'><strong>Et</strong></span> <span class='ocrx_word' id='word_1_493' title='bbox 973 5350 1024 5397; x_wconf 93' lang='lat' dir='ltr'><strong>te</strong></span> <span class='ocrx_word' id='word_1_494' title='bbox 1051 5346 1332 5395; x_wconf 89' lang='lat' dir='ltr'><strong>auctorem</strong></span> <span class='ocrx_word' id='word_1_495' title='bbox 1358 5342 1415 5391; x_wconf 90' lang='lat' dir='ltr'><strong>et</strong></span> <span class='ocrx_word' id='word_1_496' title='bbox 1437 5331 1748 5389; x_wconf 52' lang='lat' dir='ltr'><strong>sanctiﬁcat--</strong></span> 
     </span>
    </p>
   </div>
   <div class='ocr_carea' id='block_1_84' title="bbox 172 5424 1745 5513">
    <p class='ocr_par' dir='ltr' id='par_1_84' title="bbox 172 5424 1745 5513">
     <span class='ocr_line' id='line_1_84' title="bbox 172 5424 1745 5513; baseline -0.014 -15"><span class='ocrx_word' id='word_1_497' title='bbox 172 5450 336 5497; x_wconf 90' lang='lat' dir='ltr'><strong>torem</strong></span> <span class='ocrx_word' id='word_1_498' title='bbox 360 5439 552 5513; x_wconf 73' lang='lat' dir='ltr'><strong>ieiunii</strong></span> <span class='ocrx_word' id='word_1_499' title='bbox 585 5435 910 5499; x_wconf 87' lang='lat' dir='ltr'><strong>coiiaudare,</strong></span> <span class='ocrx_word' id='word_1_500' title='bbox 942 5447 1041 5504; x_wconf 89' lang='lat' dir='ltr'><strong>per</strong></span> <span class='ocrx_word' id='word_1_501' title='bbox 1060 5428 1204 5501; x_wconf 86' lang='lat' dir='ltr'><strong>quod</strong></span> <span class='ocrx_word' id='word_1_502' title='bbox 1239 5442 1339 5484; x_wconf 84' lang='lat' dir='ltr'><strong>nos</strong></span> <span class='ocrx_word' id='word_1_503' title='bbox 1364 5424 1563 5480; x_wconf 79' lang='lat' dir='ltr'><strong>liberas</strong></span> <span class='ocrx_word' id='word_1_504' title='bbox 1595 5439 1626 5477; x_wconf 91' lang='lat' dir='ltr'><strong>a</strong></span> <span class='ocrx_word' id='word_1_505' title='bbox 1649 5439 1745 5478; x_wconf 92' lang='lat' dir='ltr'><strong>no-</strong></span> 
     </span>
    </p>
   </div>
   <div class='ocr_carea' id='block_1_85' title="bbox 175 5514 1745 5600">
    <p class='ocr_par' dir='ltr' id='par_1_85' title="bbox 175 5514 1745 5600">
     <span class='ocr_line' id='line_1_85' title="bbox 175 5514 1745 5600; baseline -0.011 -14"><span class='ocrx_word' id='word_1_506' title='bbox 175 5542 404 5599; x_wconf 84' lang='lat' dir='ltr'><strong>strorum</strong></span> <span class='ocrx_word' id='word_1_507' title='bbox 453 5529 651 5587; x_wconf 86' lang='lat' dir='ltr'><strong>debitis</strong></span> <span class='ocrx_word' id='word_1_508' title='bbox 677 5534 1047 5600; x_wconf 86' lang='lat' dir='ltr'><strong>peccatorum.</strong></span> <span class='ocrx_word' id='word_1_509' title='bbox 1080 5522 1219 5592; x_wconf 83' lang='lat' dir='ltr'><strong>Ergo</strong></span> <span class='ocrx_word' id='word_1_510' title='bbox 1253 5514 1745 5589; x_wconf 66' lang='lat' dir='ltr'><strong>suscipejejunan-</strong></span> 
     </span>
    </p>
   </div>
   <div class='ocr_carea' id='block_1_86' title="bbox 178 5607 1748 5697">
    <p class='ocr_par' dir='ltr' id='par_1_86' title="bbox 178 5607 1748 5697">
     <span class='ocr_line' id='line_1_86' title="bbox 178 5607 1748 5697; baseline -0.013 -16"><span class='ocrx_word' id='word_1_511' title='bbox 178 5625 303 5681; x_wconf 83' lang='lat' dir='ltr'><strong>tium</strong></span> <span class='ocrx_word' id='word_1_512' title='bbox 324 5639 540 5697; x_wconf 88' lang='lat' dir='ltr'><strong>preces,</strong></span> <span class='ocrx_word' id='word_1_513' title='bbox 566 5631 729 5692; x_wconf 87' lang='lat' dir='ltr'><strong>atque</strong></span> <span class='ocrx_word' id='word_1_514' title='bbox 758 5627 818 5674; x_wconf 88' lang='lat' dir='ltr'><strong>ut</strong></span> <span class='ocrx_word' id='word_1_515' title='bbox 835 5632 935 5675; x_wconf 88' lang='lat' dir='ltr'><strong>nos</strong></span> <span class='ocrx_word' id='word_1_516' title='bbox 960 5631 994 5672; x_wconf 86' lang='lat' dir='ltr'><strong>a</strong></span> <span class='ocrx_word' id='word_1_517' title='bbox 1018 5613 1178 5671; x_wconf 90' lang='lat' dir='ltr'><strong>malis</strong></span> <span class='ocrx_word' id='word_1_518' title='bbox 1209 5609 1464 5670; x_wconf 89' lang='lat' dir='ltr'><strong>omnibus</strong></span> <span class='ocrx_word' id='word_1_519' title='bbox 1485 5607 1748 5680; x_wconf 89' lang='lat' dir='ltr'><strong>propitia-</strong></span> 
     </span>
    </p>
   </div>
   <div class='ocr_carea' id='block_1_87' title="bbox 180 5699 1751 5790">
    <p class='ocr_par' dir='ltr' id='par_1_87' title="bbox 180 5699 1751 5790">
     <span class='ocr_line' id='line_1_87' title="bbox 180 5699 1751 5790; baseline -0.011 -16"><span class='ocrx_word' id='word_1_520' title='bbox 180 5727 261 5773; x_wconf 82' lang='lat' dir='ltr'><strong>tus</strong></span> <span class='ocrx_word' id='word_1_521' title='bbox 313 5716 532 5790; x_wconf 82' lang='lat' dir='ltr'><strong>eripias,</strong></span> <span class='ocrx_word' id='word_1_522' title='bbox 600 5712 914 5784; x_wconf 82' lang='lat' dir='ltr'><strong>iniquitates</strong></span> <span class='ocrx_word' id='word_1_523' title='bbox 977 5717 1215 5776; x_wconf 54' lang='lat' dir='ltr'><strong>nostras,»</strong></span> <span class='ocrx_word' id='word_1_524' title='bbox 1292 5704 1489 5776; x_wconf 86' lang='lat' dir='ltr'><strong>quibus</strong></span> <span class='ocrx_word' id='word_1_525' title='bbox 1554 5699 1751 5758; x_wconf 88' lang='lat' dir='ltr'><strong>merito</strong></span> 
     </span>
    </p>
   </div>
   <div class='ocr_carea' id='block_1_88' title="bbox 182 5795 1027 5882">
    <p class='ocr_par' dir='ltr' id='par_1_88' title="bbox 182 5795 1027 5882">
     <span class='ocr_line' id='line_1_88' title="bbox 182 5795 1027 5882; baseline -0.005 -22"><span class='ocrx_word' id='word_1_526' title='bbox 182 5795 479 5882; x_wconf 54' lang='lat' dir='ltr'><strong>ami&#39;gimur,</strong></span> <span class='ocrx_word' id='word_1_527' title='bbox 509 5796 755 5879; x_wconf 72' lang='lat' dir='ltr'><strong>piscatus</strong></span> <span class='ocrx_word' id='word_1_528' title='bbox 788 5802 1027 5859; x_wconf 82' lang='lat' dir='ltr'><strong>absolve.</strong></span> 
     </span>
    </p>
   </div>
   <div class='ocr_carea' id='block_1_89' title="bbox 1819 3285 3410 3359">
    <p class='ocr_par' dir='ltr' id='par_1_89' title="bbox 1819 3285 3410 3359">
     <span class='ocr_line' id='line_1_89' title="bbox 1819 3285 3410 3359; baseline -0.008 -7"><span class='ocrx_word' id='word_1_529' title='bbox 1819 3306 1923 3354; x_wconf 72' lang='lat' dir='ltr'><strong>tua:</strong></span> <span class='ocrx_word' id='word_1_530' title='bbox 1962 3297 2185 3352; x_wconf 76' lang='lat' dir='ltr'><strong>dextera</strong></span> <span class='ocrx_word' id='word_1_531' title='bbox 2215 3291 2517 3359; x_wconf 87' lang='lat' dir='ltr'><strong>collocavit,</strong></span> <span class='ocrx_word' id='word_1_532' title='bbox 2550 3290 2646 3347; x_wconf 90' lang='lat' dir='ltr'><strong>sed</strong></span> <span class='ocrx_word' id='word_1_533' title='bbox 2675 3298 2731 3345; x_wconf 91' lang='lat' dir='ltr'><strong>et</strong></span> <span class='ocrx_word' id='word_1_534' title='bbox 2753 3301 2962 3345; x_wconf 88' lang='lat' dir='ltr'><strong>memor</strong></span> <span class='ocrx_word' id='word_1_535' title='bbox 2990 3287 3046 3342; x_wconf 90' lang='lat' dir='ltr'><strong>in</strong></span> <span class='ocrx_word' id='word_1_536' title='bbox 3082 3286 3274 3359; x_wconf 89' lang='lat' dir='ltr'><strong>primis</strong></span> <span class='ocrx_word' id='word_1_537' title='bbox 3297 3285 3410 3358; x_wconf 82' lang='lat' dir='ltr'><strong>glo~</strong></span> 
     </span>
    </p>
   </div>
   <div class='ocr_carea' id='block_1_90' title="bbox 1816 3401 2390 3444">
    <p class='ocr_par' dir='ltr' id='par_1_90' title="bbox 1816 3401 2390 3444">
     <span class='ocr_line' id='line_1_90' title="bbox 1816 3401 2390 3444; baseline 0.002 -2"><span class='ocrx_word' id='word_1_538' title='bbox 1816 3401 1996 3444; x_wconf 66' lang='grc' dir='ltr'><strong>ηοεω.</strong></span> <span class='ocrx_word' id='word_1_539' title='bbox 2386 3436 2390 3443; x_wconf 93' lang='grc'>.</span> 
     </span>
    </p>
   </div>
   <div class='ocr_carea' id='block_1_91' title="bbox 2178 3483 3034 3529">
    <p class='ocr_par' dir='ltr' id='par_1_91' title="bbox 2178 3483 3034 3529">
     <span class='ocr_line' id='line_1_91' title="bbox 2178 3483 3034 3529; baseline -0.008 0"><span class='ocrx_word' id='word_1_540' title='bbox 2178 3488 2433 3529; x_wconf 64' lang='grc' dir='ltr'><strong>ΒΟΗΙΝΙΟΑ</strong></span> <span class='ocrx_word' id='word_1_541' title='bbox 2472 3486 2602 3528; x_wconf 71' lang='grc' dir='ltr'><strong>Ροετ</strong></span> <span class='ocrx_word' id='word_1_542' title='bbox 2653 3483 3034 3525; x_wconf 69' lang='lat' dir='ltr'><strong>ASCENSIONEI.</strong></span> 
     </span>
    </p>
   </div>
   <div class='ocr_carea' id='block_1_92' title="bbox 1889 3580 3407 3645">
    <p class='ocr_par' dir='ltr' id='par_1_92' title="bbox 1889 3580 3407 3645">
     <span class='ocr_line' id='line_1_92' title="bbox 1889 3580 3407 3645; baseline -0.009 0"><span class='ocrx_word' id='word_1_543' title='bbox 1889 3588 2122 3645; x_wconf 64' lang='lat' dir='ltr'><strong>Eterne</strong></span> <span class='ocrx_word' id='word_1_544' title='bbox 2144 3586 2305 3641; x_wconf 86' lang='lat' dir='ltr'><strong>Deus.</strong></span> <span class='ocrx_word' id='word_1_545' title='bbox 2359 3584 2465 3639; x_wconf 81' lang='lat' dir='ltr'><strong>Per</strong></span> <span class='ocrx_word' id='word_1_546' title='bbox 2490 3582 2765 3638; x_wconf 89' lang='lat' dir='ltr'><strong>Christum</strong></span> <span class='ocrx_word' id='word_1_547' title='bbox 2795 3580 3085 3635; x_wconf 89' lang='lat' dir='ltr'><strong>Dominum</strong></span> <span class='ocrx_word' id='word_1_548' title='bbox 3140 3585 3407 3634; x_wconf 83' lang='lat' dir='ltr'><strong>nostrum.</strong></span> 
     </span>
    </p>
   </div>
   <div class='ocr_carea' id='block_1_93' title="bbox 1822 3671 3411 3750">
    <p class='ocr_par' dir='ltr' id='par_1_93' title="bbox 1822 3671 3411 3750">
     <span class='ocr_line' id='line_1_93' title="bbox 1822 3671 3411 3750; baseline -0.007 -16"><span class='ocrx_word' id='word_1_549' title='bbox 1822 3679 1925 3748; x_wconf 89' lang='lat' dir='ltr'><strong>Qui</strong></span> <span class='ocrx_word' id='word_1_550' title='bbox 1960 3678 2144 3750; x_wconf 90' lang='lat' dir='ltr'><strong>generi</strong></span> <span class='ocrx_word' id='word_1_551' title='bbox 2184 3678 2435 3737; x_wconf 87' lang='lat' dir='ltr'><strong>humano</strong></span> <span class='ocrx_word' id='word_1_552' title='bbox 2492 3672 2766 3730; x_wconf 89' lang='lat' dir='ltr'><strong>nascendo</strong></span> <span class='ocrx_word' id='word_1_553' title='bbox 2812 3672 3081 3737; x_wconf 85' lang='lat' dir='ltr'><strong>subvenit,</strong></span> <span class='ocrx_word' id='word_1_554' title='bbox 3111 3686 3234 3727; x_wconf 90' lang='lat' dir='ltr'><strong>cum</strong></span> <span class='ocrx_word' id='word_1_555' title='bbox 3287 3671 3411 3744; x_wconf 66' lang='grc' dir='ltr'><strong>[ιφ.</strong></span> 
     </span>
    </p>
   </div>
   <div class='ocr_carea' id='block_1_94' title="bbox 1825 3763 3414 3844">
    <p class='ocr_par' dir='ltr' id='par_1_94' title="bbox 1825 3763 3414 3844">
     <span class='ocr_line' id='line_1_94' title="bbox 1825 3763 3414 3844; baseline -0.006 -19"><span class='ocrx_word' id='word_1_556' title='bbox 1825 3769 1944 3844; x_wconf 82' lang='lat' dir='ltr'><strong>qui]</strong></span> <span class='ocrx_word' id='word_1_557' title='bbox 1970 3785 2066 3840; x_wconf 91' lang='lat' dir='ltr'><strong>per</strong></span> <span class='ocrx_word' id='word_1_558' title='bbox 2092 3776 2323 3823; x_wconf 89' lang='lat' dir='ltr'><strong>mortem</strong></span> <span class='ocrx_word' id='word_1_559' title='bbox 2354 3765 2624 3837; x_wconf 90' lang='lat' dir='ltr'><strong>passionis</strong></span> <span class='ocrx_word' id='word_1_560' title='bbox 2651 3763 2912 3819; x_wconf 89' lang='lat' dir='ltr'><strong>mundum</strong></span> <span class='ocrx_word' id='word_1_561' title='bbox 2935 3763 3157 3829; x_wconf 70' lang='lat' dir='ltr'><strong>devicit,</strong></span> <span class='ocrx_word' id='word_1_562' title='bbox 3179 3778 3278 3833; x_wconf 90' lang='lat' dir='ltr'><strong>per</strong></span> <span class='ocrx_word' id='word_1_563' title='bbox 3299 3771 3414 3833; x_wconf 77' lang='lat' dir='ltr'><strong>glo-</strong></span> 
     </span>
    </p>
   </div>
   <div class='ocr_carea' id='block_1_95' title="bbox 1826 3852 3414 3931">
    <p class='ocr_par' dir='ltr' id='par_1_95' title="bbox 1826 3852 3414 3931">
     <span class='ocr_line' id='line_1_95' title="bbox 1826 3852 3414 3931; baseline -0.007 -15"><span class='ocrx_word' id='word_1_564' title='bbox 1826 3861 1964 3931; x_wconf 81' lang='lat' dir='ltr'><strong>riam</strong></span> <span class='ocrx_word' id='word_1_565' title='bbox 1988 3857 2402 3914; x_wconf 88' lang='lat' dir='ltr'><strong>resurrectionis</strong></span> <span class='ocrx_word' id='word_1_566' title='bbox 2426 3857 2551 3912; x_wconf 63' lang='lat' dir='ltr'><strong>vita:</strong></span> <span class='ocrx_word' id='word_1_567' title='bbox 2575 3864 2793 3910; x_wconf 60' lang='lat' dir='ltr'><strong>atteram</strong></span> <span class='ocrx_word' id='word_1_568' title='bbox 2818 3854 3025 3909; x_wconf 88' lang='lat' dir='ltr'><strong>aditum</strong></span> <span class='ocrx_word' id='word_1_569' title='bbox 3050 3852 3329 3924; x_wconf 86' lang='lat' dir='ltr'><strong>patefecit,</strong></span> <span class='ocrx_word' id='word_1_570' title='bbox 3357 3861 3414 3906; x_wconf 85' lang='lat' dir='ltr'><strong>et</strong></span> 
     </span>
    </p>
   </div>
   <div class='ocr_carea' id='block_1_96' title="bbox 1824 3944 3410 4024">
    <p class='ocr_par' dir='ltr' id='par_1_96' title="bbox 1824 3944 3410 4024">
     <span class='ocr_line' id='line_1_96' title="bbox 1824 3944 3410 4024; baseline -0.006 -16"><span class='ocrx_word' id='word_1_571' title='bbox 1824 3966 1924 4024; x_wconf 88' lang='lat' dir='ltr'><strong>per</strong></span> <span class='ocrx_word' id='word_1_572' title='bbox 1969 3966 2123 4006; x_wconf 89' lang='lat' dir='ltr'><strong>suam</strong></span> <span class='ocrx_word' id='word_1_573' title='bbox 2148 3948 2521 4004; x_wconf 85' lang='lat' dir='ltr'><strong>ascensionem</strong></span> <span class='ocrx_word' id='word_1_574' title='bbox 2548 3947 2616 4002; x_wconf 89' lang='lat' dir='ltr'><strong>ad</strong></span> <span class='ocrx_word' id='word_1_575' title='bbox 2638 3946 2808 4002; x_wconf 78' lang='lat' dir='ltr'><strong>cmlos</strong></span> <span class='ocrx_word' id='word_1_576' title='bbox 2849 3944 3009 4001; x_wconf 84' lang='lat' dir='ltr'><strong>nobis</strong></span> <span class='ocrx_word' id='word_1_577' title='bbox 3036 3959 3190 4017; x_wconf 87' lang='lat' dir='ltr'><strong>spem</strong></span> <span class='ocrx_word' id='word_1_578' title='bbox 3217 3957 3410 4000; x_wconf 70' lang='lat' dir='ltr'><strong>ascen-</strong></span> 
     </span>
    </p>
   </div>
   <div class='ocr_carea' id='block_1_97' title="bbox 1827 4036 2953 4110">
    <p class='ocr_par' dir='ltr' id='par_1_97' title="bbox 1827 4036 2953 4110">
     <span class='ocr_line' id='line_1_97' title="bbox 1827 4036 2953 4110; baseline -0.007 -12"><span class='ocrx_word' id='word_1_579' title='bbox 1827 4040 1989 4098; x_wconf 83' lang='lat' dir='ltr'><strong>dendi</strong></span> <span class='ocrx_word' id='word_1_580' title='bbox 2014 4038 2256 4097; x_wconf 88' lang='lat' dir='ltr'><strong>donavit.</strong></span> <span class='ocrx_word' id='word_1_581' title='bbox 2277 4038 2382 4095; x_wconf 85' lang='lat' dir='ltr'><strong>Per</strong></span> <span class='ocrx_word' id='word_1_582' title='bbox 2401 4053 2563 4110; x_wconf 91' lang='lat' dir='ltr'><strong>quem</strong></span> <span class='ocrx_word' id='word_1_583' title='bbox 2591 4036 2953 4106; x_wconf 71' lang='lat' dir='ltr'><strong>maiestatem.</strong></span> 
     </span>
    </p>
   </div>
   <div class='ocr_carea' id='block_1_98' title="bbox 2227 4166 2990 4212">
    <p class='ocr_par' dir='ltr' id='par_1_98' title="bbox 2227 4166 2990 4212">
     <span class='ocr_line' id='line_1_98' title="bbox 2227 4166 2990 4212; baseline -0.008 0"><span class='ocrx_word' id='word_1_584' title='bbox 2227 4171 2321 4212; x_wconf 55' lang='lat' dir='ltr'><strong>IN:</strong></span> <span class='ocrx_word' id='word_1_585' title='bbox 2348 4169 2550 4210; x_wconf 70' lang='grc' dir='ltr'><strong>νιϐιιιιι</strong></span> <span class='ocrx_word' id='word_1_586' title='bbox 2597 4166 2990 4210; x_wconf 64' lang='grc' dir='ltr'><strong>Ρετςτεεοετεε.</strong></span> 
     </span>
    </p>
   </div>
   <div class='ocr_carea' id='block_1_99' title="bbox 1902 4262 3423 4345">
    <p class='ocr_par' dir='ltr' id='par_1_99' title="bbox 1902 4262 3423 4345">
     <span class='ocr_line' id='line_1_99' title="bbox 1902 4262 3423 4345; baseline -0.007 -17"><span class='ocrx_word' id='word_1_587' title='bbox 1902 4269 2017 4345; x_wconf 77' lang='grc'><strong>(6.)</strong></span> <span class='ocrx_word' id='word_1_588' title='bbox 2046 4268 2285 4327; x_wconf 57' lang='lat' dir='ltr'><strong>Elerne”</strong></span> <span class='ocrx_word' id='word_1_589' title='bbox 2316 4270 2479 4324; x_wconf 90' lang='lat' dir='ltr'><strong>Deus.</strong></span> <span class='ocrx_word' id='word_1_590' title='bbox 2525 4267 2629 4322; x_wconf 84' lang='lat' dir='ltr'><strong>Per</strong></span> <span class='ocrx_word' id='word_1_591' title='bbox 2674 4262 2949 4323; x_wconf 85' lang='lat' dir='ltr'><strong>Christum</strong></span> <span class='ocrx_word' id='word_1_592' title='bbox 2994 4264 3279 4320; x_wconf 84' lang='lat' dir='ltr'><strong>Domimtm</strong></span> <span class='ocrx_word' id='word_1_593' title='bbox 3326 4273 3423 4319; x_wconf 46' lang='lat' dir='ltr'><strong>ne»</strong></span> 
     </span>
    </p>
   </div>
   <div class='ocr_carea' id='block_1_100' title="bbox 1830 4358 3420 4433">
    <p class='ocr_par' dir='ltr' id='par_1_100' title="bbox 1830 4358 3420 4433">
     <span class='ocr_line' id='line_1_100' title="bbox 1830 4358 3420 4433; baseline -0.008 -10"><span class='ocrx_word' id='word_1_594' title='bbox 1830 4377 2024 4423; x_wconf 91' lang='lat' dir='ltr'><strong>strum.</strong></span> <span class='ocrx_word' id='word_1_595' title='bbox 2057 4363 2157 4433; x_wconf 89' lang='lat' dir='ltr'><strong>Qui</strong></span> <span class='ocrx_word' id='word_1_596' title='bbox 2194 4364 2491 4420; x_wconf 74' lang='lat' dir='ltr'><strong>ascendens</strong></span> <span class='ocrx_word' id='word_1_597' title='bbox 2538 4374 2702 4431; x_wconf 85' lang='lat' dir='ltr'><strong>super</strong></span> <span class='ocrx_word' id='word_1_598' title='bbox 2734 4375 2924 4416; x_wconf 88' lang='lat' dir='ltr'><strong>omnes</strong></span> <span class='ocrx_word' id='word_1_599' title='bbox 2969 4358 3157 4424; x_wconf 73' lang='lat' dir='ltr'><strong>caelos,</strong></span> <span class='ocrx_word' id='word_1_600' title='bbox 3194 4358 3420 4413; x_wconf 86' lang='lat' dir='ltr'><strong>sedens-</strong></span> 
     </span>
    </p>
   </div>
   <div class='ocr_carea' id='block_1_101' title="bbox 1833 4451 3418 4531">
    <p class='ocr_par' dir='ltr' id='par_1_101' title="bbox 1833 4451 3418 4531">
     <span class='ocr_line' id='line_1_101' title="bbox 1833 4451 3418 4531; baseline -0.009 -15"><span class='ocrx_word' id='word_1_601' title='bbox 1833 4468 1937 4531; x_wconf 75' lang='lat' dir='ltr'><strong>qt‘Je</strong></span> <span class='ocrx_word' id='word_1_602' title='bbox 1952 4460 2019 4515; x_wconf 88' lang='lat' dir='ltr'><strong>ad</strong></span> <span class='ocrx_word' id='word_1_603' title='bbox 2045 4460 2324 4514; x_wconf 79' lang='lat' dir='ltr'><strong>dexteram</strong></span> <span class='ocrx_word' id='word_1_604' title='bbox 2346 4455 2856 4525; x_wconf 83' lang='lat' dir='ltr'><strong>tuam,promissum</strong></span> <span class='ocrx_word' id='word_1_605' title='bbox 2887 4451 3144 4521; x_wconf 88' lang='lat' dir='ltr'><strong>Spiritum</strong></span> <span class='ocrx_word' id='word_1_606' title='bbox 3174 4458 3418 4505; x_wconf 88' lang='lat' dir='ltr'><strong>sanctum</strong></span> 
     </span>
    </p>
   </div>
   <div class='ocr_carea' id='block_1_102' title="bbox 1760 4539 3425 4639">
    <p class='ocr_par' dir='ltr' id='par_1_102' title="bbox 1760 4539 3425 4639">
     <span class='ocr_line' id='line_1_102' title="bbox 1760 4539 3425 4639; baseline -0.01 -31"><span class='ocrx_word' id='word_1_607' title='bbox 1760 4581 1810 4639; x_wconf 72' lang='grc' dir='ltr'><strong>ι)</strong></span> <span class='ocrx_word' id='word_1_608' title='bbox 1836 4552 2098 4607; x_wconf 88' lang='lat' dir='ltr'><strong>hodierna</strong></span> <span class='ocrx_word' id='word_1_609' title='bbox 2120 4549 2207 4604; x_wconf 90' lang='lat' dir='ltr'><strong>die</strong></span> <span class='ocrx_word' id='word_1_610' title='bbox 2235 4550 2288 4603; x_wconf 89' lang='lat' dir='ltr'><strong>in</strong></span> <span class='ocrx_word' id='word_1_611' title='bbox 2324 4547 2465 4602; x_wconf 82' lang='lat' dir='ltr'><strong>filios</strong></span> <span class='ocrx_word' id='word_1_612' title='bbox 2494 4543 2799 4615; x_wconf 86' lang='lat' dir='ltr'><strong>adoptionis</strong></span> <span class='ocrx_word' id='word_1_613' title='bbox 2826 4540 3034 4596; x_wconf 86' lang='lat' dir='ltr'><strong>eli‘udit.</strong></span> <span class='ocrx_word' id='word_1_614' title='bbox 3079 4539 3425 4608; x_wconf 65' lang='lat' dir='ltr'><strong>Quapropter</strong></span> 
     </span>
    </p>
   </div>
   <div class='ocr_carea' id='block_1_103' title="bbox 1840 4629 3424 4716">
    <p class='ocr_par' dir='ltr' id='par_1_103' title="bbox 1840 4629 3424 4716">
     <span class='ocr_line' id='line_1_103' title="bbox 1840 4629 3424 4716; baseline -0.012 -16"><span class='ocrx_word' id='word_1_615' title='bbox 1840 4642 2077 4716; x_wconf 88' lang='lat' dir='ltr'><strong>profusis</strong></span> <span class='ocrx_word' id='word_1_616' title='bbox 2127 4641 2338 4714; x_wconf 87' lang='lat' dir='ltr'><strong>gaudiis</strong></span> <span class='ocrx_word' id='word_1_617' title='bbox 2385 4648 2529 4695; x_wconf 88' lang='lat' dir='ltr'><strong>totus</strong></span> <span class='ocrx_word' id='word_1_618' title='bbox 2584 4637 2642 4691; x_wconf 77' lang='lat' dir='ltr'><strong>in</strong></span> <span class='ocrx_word' id='word_1_619' title='bbox 2700 4634 2834 4691; x_wconf 72' lang='lat' dir='ltr'><strong>orbe</strong></span> <span class='ocrx_word' id='word_1_620' title='bbox 2885 4642 3154 4687; x_wconf 87' lang='lat' dir='ltr'><strong>terrarum</strong></span> <span class='ocrx_word' id='word_1_621' title='bbox 3191 4629 3424 4684; x_wconf 89' lang='lat' dir='ltr'><strong>mundus</strong></span> 
     </span>
    </p>
   </div>
   <div class='ocr_carea' id='block_1_104' title="bbox 1840 4721 3423 4802">
    <p class='ocr_par' dir='ltr' id='par_1_104' title="bbox 1840 4721 3423 4802">
     <span class='ocr_line' id='line_1_104' title="bbox 1840 4721 3423 4802; baseline -0.011 -11"><span class='ocrx_word' id='word_1_622' title='bbox 1840 4735 2093 4791; x_wconf 82' lang='lat' dir='ltr'><strong>exsultat.</strong></span> <span class='ocrx_word' id='word_1_623' title='bbox 2127 4733 2233 4787; x_wconf 89' lang='lat' dir='ltr'><strong>Sed</strong></span> <span class='ocrx_word' id='word_1_624' title='bbox 2252 4738 2309 4787; x_wconf 79' lang='lat' dir='ltr'><strong>et</strong></span> <span class='ocrx_word' id='word_1_625' title='bbox 2327 4738 2573 4802; x_wconf 75' lang='lat' dir='ltr'><strong>superna:</strong></span> <span class='ocrx_word' id='word_1_626' title='bbox 2600 4727 2828 4782; x_wconf 82' lang='lat' dir='ltr'><strong>virtutes</strong></span> <span class='ocrx_word' id='word_1_627' title='bbox 2849 4728 3016 4795; x_wconf 81' lang='lat' dir='ltr'><strong>atque</strong></span> <span class='ocrx_word' id='word_1_628' title='bbox 3040 4721 3299 4795; x_wconf 67' lang='lat' dir='ltr'><strong>angelicae</strong></span> <span class='ocrx_word' id='word_1_629' title='bbox 3325 4726 3423 4790; x_wconf 74' lang='lat' dir='ltr'><strong>p‘o-</strong></span> 
     </span>
    </p>
   </div>
   <div class='ocr_carea' id='block_1_105' title="bbox 1842 4814 3431 4898">
    <p class='ocr_par' dir='ltr' id='par_1_105' title="bbox 1842 4814 3431 4898">
     <span class='ocr_line' id='line_1_105' title="bbox 1842 4814 3431 4898; baseline -0.01 -15"><span class='ocrx_word' id='word_1_630' title='bbox 1842 4836 2084 4892; x_wconf 82' lang='lat' dir='ltr'><strong>testates,</strong></span> <span class='ocrx_word' id='word_1_631' title='bbox 2116 4826 2376 4898; x_wconf 86' lang='lat' dir='ltr'><strong>hymnum</strong></span> <span class='ocrx_word' id='word_1_632' title='bbox 2432 4822 2616 4893; x_wconf 61' lang='lat' dir='ltr'><strong>gloriae</strong></span> <span class='ocrx_word' id='word_1_633' title='bbox 2656 4830 2759 4875; x_wconf 74' lang='lat' dir='ltr'><strong>tum</strong></span> <span class='ocrx_word' id='word_1_634' title='bbox 2796 4820 3111 4885; x_wconf 87' lang='lat' dir='ltr'><strong>concinunt,</strong></span> <span class='ocrx_word' id='word_1_635' title='bbox 3146 4816 3269 4872; x_wconf 84' lang='lat' dir='ltr'><strong>sine</strong></span> <span class='ocrx_word' id='word_1_636' title='bbox 3319 4814 3431 4869; x_wconf 84' lang='lat' dir='ltr'><strong>liue‘</strong></span> 
     </span>
    </p>
   </div>
   <div class='ocr_carea' id='block_1_106' title="bbox 1842 4914 2542 4981">
    <p class='ocr_par' dir='ltr' id='par_1_106' title="bbox 1842 4914 2542 4981">
     <span class='ocr_line' id='line_1_106' title="bbox 1842 4914 2542 4981; baseline -0.009 -8"><span class='ocrx_word' id='word_1_637' title='bbox 1842 4918 2083 4973; x_wconf 88' lang='lat' dir='ltr'><strong>dicentes</strong></span> <span class='ocrx_word' id='word_1_638' title='bbox 2099 4918 2126 4970; x_wconf 74' lang='grc' dir='ltr'><strong><em>ιὲ</em></strong></span> <span class='ocrx_word' id='word_1_639' title='bbox 2152 4914 2401 4981; x_wconf 76' lang='lat' dir='ltr'><strong>Sanctus,</strong></span> <span class='ocrx_word' id='word_1_640' title='bbox 2435 4922 2542 4968; x_wconf 90' lang='lat' dir='ltr'><strong>etc.</strong></span> 
     </span>
    </p>
   </div>
   <div class='ocr_carea' id='block_1_107' title="bbox 2560 5025 2701 5079">
    <p class='ocr_par' dir='ltr' id='par_1_107' title="bbox 2560 5025 2701 5079">
     <span class='ocr_line' id='line_1_107' title="bbox 2560 5025 2701 5079; baseline 0 0"><span class='ocrx_word' id='word_1_641' title='bbox 2560 5025 2701 5079; x_wconf 76' lang='lat' dir='ltr'><strong>Alia.</strong></span> 
     </span>
    </p>
   </div>
   <div class='ocr_carea' id='block_1_108' title="bbox 1914 5120 3433 5213">
    <p class='ocr_par' dir='ltr' id='par_1_108' title="bbox 1914 5120 3433 5213">
     <span class='ocr_line' id='line_1_108' title="bbox 1914 5120 3433 5213; baseline -0.011 -9"><span class='ocrx_word' id='word_1_642' title='bbox 1914 5146 2141 5204; x_wconf 71' lang='lat' dir='ltr'><strong>.Eterne</strong></span> <span class='ocrx_word' id='word_1_643' title='bbox 2190 5145 2354 5211; x_wconf 78' lang='lat' dir='ltr'><strong>Deus.</strong></span> <span class='ocrx_word' id='word_1_644' title='bbox 2385 5142 2515 5213; x_wconf 58' lang='lat' dir='ltr'><strong>Qui,»</strong></span> <span class='ocrx_word' id='word_1_645' title='bbox 2557 5145 2962 5198; x_wconf 86' lang='lat' dir='ltr'><strong>sacramentum</strong></span> <span class='ocrx_word' id='word_1_646' title='bbox 2988 5120 3254 5192; x_wconf 79' lang='lat' dir='ltr'><strong>Paschale</strong></span> <span class='ocrx_word' id='word_1_647' title='bbox 3300 5147 3433 5191; x_wconf 86' lang='lat' dir='ltr'><strong>con-</strong></span> 
     </span>
    </p>
   </div>
   <div class='ocr_carea' id='block_1_109' title="bbox 1845 5225 3433 5310">
    <p class='ocr_par' dir='ltr' id='par_1_109' title="bbox 1845 5225 3433 5310">
     <span class='ocr_line' id='line_1_109' title="bbox 1845 5225 3433 5310; baseline -0.01 -13"><span class='ocrx_word' id='word_1_648' title='bbox 1845 5255 2158 5307; x_wconf 87' lang='lat' dir='ltr'><strong>summans,</strong></span> <span class='ocrx_word' id='word_1_649' title='bbox 2184 5238 2382 5310; x_wconf 90' lang='lat' dir='ltr'><strong>quibus</strong></span> <span class='ocrx_word' id='word_1_650' title='bbox 2400 5250 2496 5308; x_wconf 90' lang='lat' dir='ltr'><strong>per</strong></span> <span class='ocrx_word' id='word_1_651' title='bbox 2516 5232 2787 5306; x_wconf 86' lang='lat' dir='ltr'><strong>Unigeniti</strong></span> <span class='ocrx_word' id='word_1_652' title='bbox 2820 5230 2897 5285; x_wconf 89' lang='lat' dir='ltr'><strong>tui</strong></span> <span class='ocrx_word' id='word_1_653' title='bbox 2927 5227 3266 5285; x_wconf 82' lang='lat' dir='ltr'><strong>consortium</strong></span> <span class='ocrx_word' id='word_1_654' title='bbox 3292 5225 3433 5282; x_wconf 86' lang='lat' dir='ltr'><strong>lilios</strong></span> 
     </span>
    </p>
   </div>
   <div class='ocr_carea' id='block_1_110' title="bbox 1846 5317 3430 5404">
    <p class='ocr_par' dir='ltr' id='par_1_110' title="bbox 1846 5317 3430 5404">
     <span class='ocr_line' id='line_1_110' title="bbox 1846 5317 3430 5404; baseline -0.011 -15"><span class='ocrx_word' id='word_1_655' title='bbox 1846 5332 2151 5404; x_wconf 89' lang='lat' dir='ltr'><strong>adoptionis</strong></span> <span class='ocrx_word' id='word_1_656' title='bbox 2175 5346 2295 5387; x_wconf 89' lang='lat' dir='ltr'><strong>esse</strong></span> <span class='ocrx_word' id='word_1_657' title='bbox 2335 5327 2601 5393; x_wconf 64' lang='lat' dir='ltr'><strong>tribuisti,</strong></span> <span class='ocrx_word' id='word_1_658' title='bbox 2621 5340 2720 5397; x_wconf 89' lang='lat' dir='ltr'><strong>per</strong></span> <span class='ocrx_word' id='word_1_659' title='bbox 2757 5322 3017 5394; x_wconf 85' lang='lat' dir='ltr'><strong>Spiritum</strong></span> <span class='ocrx_word' id='word_1_660' title='bbox 3040 5327 3291 5376; x_wconf 88' lang='lat' dir='ltr'><strong>sanctum</strong></span> <span class='ocrx_word' id='word_1_661' title='bbox 3318 5317 3367 5373; x_wconf 85' lang='lat' dir='ltr'><strong>la</strong></span> <span class='ocrx_word' id='word_1_662' title='bbox 3378 5334 3430 5371; x_wconf 88' lang='lat' dir='ltr'><strong>r-</strong></span> 
     </span>
    </p>
   </div>
   <div class='ocr_carea' id='block_1_111' title="bbox 1846 5408 3412 5495">
    <p class='ocr_par' dir='ltr' id='par_1_111' title="bbox 1846 5408 3412 5495">
     <span class='ocr_line' id='line_1_111' title="bbox 1846 5408 3412 5495; baseline -0.011 -16"><span class='ocrx_word' id='word_1_663' title='bbox 1846 5424 1979 5495; x_wconf 81' lang='lat' dir='ltr'><strong>giris</strong></span> <span class='ocrx_word' id='word_1_664' title='bbox 2028 5423 2166 5477; x_wconf 84' lang='lat' dir='ltr'><strong>dona</strong></span> <span class='ocrx_word' id='word_1_665' title='bbox 2195 5419 2511 5492; x_wconf 87' lang='lat' dir='ltr'><strong>gratiarum.</strong></span> <span class='ocrx_word' id='word_1_666' title='bbox 2543 5416 2610 5471; x_wconf 85' lang='lat' dir='ltr'><strong>Et</strong></span> <span class='ocrx_word' id='word_1_667' title='bbox 2658 5414 2740 5471; x_wconf 89' lang='lat' dir='ltr'><strong>sui</strong></span> <span class='ocrx_word' id='word_1_668' title='bbox 2787 5412 3161 5470; x_wconf 66' lang='lat' dir='ltr'><strong>cohzeredibus</strong></span> <span class='ocrx_word' id='word_1_669' title='bbox 3208 5408 3412 5465; x_wconf 81' lang='lat' dir='ltr'><strong>Redem</strong></span> 
     </span>
    </p>
   </div>
   <div class='ocr_carea' id='block_1_112' title="bbox 1850 5498 3418 5589">
    <p class='ocr_par' dir='ltr' id='par_1_112' title="bbox 1850 5498 3418 5589">
     <span class='ocr_line' id='line_1_112' title="bbox 1850 5498 3418 5589; baseline -0.013 -17"><span class='ocrx_word' id='word_1_670' title='bbox 1850 5506 2025 5589; x_wconf 87' lang='lat' dir='ltr'><strong>ptoris</strong></span> <span class='ocrx_word' id='word_1_671' title='bbox 2036 5514 2150 5585; x_wconf 85' lang='lat' dir='ltr'><strong>jam</strong></span> <span class='ocrx_word' id='word_1_672' title='bbox 2163 5528 2308 5568; x_wconf 89' lang='lat' dir='ltr'><strong>nunc</strong></span> <span class='ocrx_word' id='word_1_673' title='bbox 2324 5524 2569 5581; x_wconf 66' lang='lat' dir='ltr'><strong>supernae</strong></span> <span class='ocrx_word' id='word_1_674' title='bbox 2582 5506 2775 5580; x_wconf 86' lang='lat' dir='ltr'><strong>pignus</strong></span> <span class='ocrx_word' id='word_1_675' title='bbox 2794 5502 3128 5561; x_wconf 58' lang='lat' dir='ltr'><strong>hatreditatis</strong></span> <span class='ocrx_word' id='word_1_676' title='bbox 3144 5498 3418 5571; x_wconf 77' lang='lat' dir='ltr'><strong>impendis</strong></span> 
     </span>
    </p>
   </div>
   <div class='ocr_carea' id='block_1_113' title="bbox 1854 5598 3440 5665">
    <p class='ocr_par' dir='ltr' id='par_1_113' title="bbox 1854 5598 3440 5665">
     <span class='ocr_line' id='line_1_113' title="bbox 1854 5598 3440 5665; baseline -0.013 0"><span class='ocrx_word' id='word_1_677' title='bbox 1854 5618 1916 5665; x_wconf 89' lang='lat' dir='ltr'><strong>ut</strong></span> <span class='ocrx_word' id='word_1_678' title='bbox 1946 5618 2097 5664; x_wconf 85' lang='lat' dir='ltr'><strong>tanto</strong></span> <span class='ocrx_word' id='word_1_679' title='bbox 2127 5621 2186 5663; x_wconf 88' lang='lat' dir='ltr'><strong>se</strong></span> <span class='ocrx_word' id='word_1_680' title='bbox 2214 5606 2416 5661; x_wconf 89' lang='lat' dir='ltr'><strong>certius</strong></span> <span class='ocrx_word' id='word_1_681' title='bbox 2441 5603 2509 5659; x_wconf 87' lang='lat' dir='ltr'><strong>ad</strong></span> <span class='ocrx_word' id='word_1_682' title='bbox 2539 5616 2663 5658; x_wconf 90' lang='lat' dir='ltr'><strong>eum</strong></span> <span class='ocrx_word' id='word_1_683' title='bbox 2694 5598 2970 5657; x_wconf 90' lang='lat' dir='ltr'><strong>conlidant</strong></span> <span class='ocrx_word' id='word_1_684' title='bbox 3011 5611 3132 5654; x_wconf 89' lang='lat' dir='ltr'><strong>esse</strong></span> <span class='ocrx_word' id='word_1_685' title='bbox 3156 5601 3440 5655; x_wconf 89' lang='lat' dir='ltr'><strong>venturos,-</strong></span> 
     </span>
    </p>
   </div>
   <div class='ocr_carea' id='block_1_114' title="bbox 1854 5678 3440 5771">
    <p class='ocr_par' dir='ltr' id='par_1_114' title="bbox 1854 5678 3440 5771">
     <span class='ocr_line' id='line_1_114' title="bbox 1854 5678 3440 5771; baseline -0.014 -16"><span class='ocrx_word' id='word_1_686' title='bbox 1854 5706 2059 5771; x_wconf 88' lang='lat' dir='ltr'><strong>quanto</strong></span> <span class='ocrx_word' id='word_1_687' title='bbox 2083 5713 2143 5754; x_wconf 91' lang='lat' dir='ltr'><strong>se</strong></span> <span class='ocrx_word' id='word_1_688' title='bbox 2172 5697 2349 5753; x_wconf 87' lang='lat' dir='ltr'><strong>sciunt</strong></span> <span class='ocrx_word' id='word_1_689' title='bbox 2378 5694 2447 5751; x_wconf 91' lang='lat' dir='ltr'><strong>ab</strong></span> <span class='ocrx_word' id='word_1_690' title='bbox 2469 5708 2535 5749; x_wconf 89' lang='lat' dir='ltr'><strong>eo</strong></span> <span class='ocrx_word' id='word_1_691' title='bbox 2557 5692 2889 5771; x_wconf 86' lang='lat' dir='ltr'><strong>redemptos,</strong></span> <span class='ocrx_word' id='word_1_692' title='bbox 2915 5697 2971 5744; x_wconf 86' lang='lat' dir='ltr'><strong>et</strong></span> <span class='ocrx_word' id='word_1_693' title='bbox 2998 5686 3240 5757; x_wconf 84' lang='lat' dir='ltr'><strong>ejusdem</strong></span> <span class='ocrx_word' id='word_1_694' title='bbox 3260 5678 3440 5740; x_wconf 73' lang='lat' dir='ltr'><strong>sancti-</strong></span> 
     </span>
    </p>
   </div>
   <div class='ocr_carea' id='block_1_115' title="bbox 1857 5770 2900 5863">
    <p class='ocr_par' dir='ltr' id='par_1_115' title="bbox 1857 5770 2900 5863">
     <span class='ocr_line' id='line_1_115' title="bbox 1857 5770 2900 5863; baseline -0.014 -16"><span class='ocrx_word' id='word_1_695' title='bbox 1857 5770 2090 5863; x_wconf 83' lang='lat' dir='ltr'><strong>Spiritus</strong></span> <span class='ocrx_word' id='word_1_696' title='bbox 2119 5787 2386 5845; x_wconf 82' lang='lat' dir='ltr'><strong>inlusione</strong></span> <span class='ocrx_word' id='word_1_697' title='bbox 2412 5787 2630 5843; x_wconf 85' lang='lat' dir='ltr'><strong>ditatos.</strong></span> <span class='ocrx_word' id='word_1_698' title='bbox 2663 5770 2729 5837; x_wconf 81' lang='lat' dir='ltr'><strong>Et</strong></span> <span class='ocrx_word' id='word_1_699' title='bbox 2754 5781 2900 5849; x_wconf 57' lang='lat' dir='ltr'><strong>ideo.</strong></span> 
     </span>
    </p>
   </div>
  </div>
