3954 6342
522 325 628 384 899

1049 476 1055 483 ο
1073 438 1230 509 Infra
1264 439 1545 495 actionem.

593 530 709 606 (6.)
733 529 1230 597 Communicautes,
1260 538 1318 586 et
1345 530 1487 586 diem
1517 537 1942 588 sacratissimum
1967 530 2108 588 Peu-

520 632 758 681 tecostes
790 622 1202 692 praevenientes,
1245 638 1353 692 quo
1379 621 1616 694 Spiritus
1638 632 1861 679 sanctus
1887 633 2109 696 aposto-

520 714 603 772 los
631 714 949 786 plebemque
975 713 1312 770 credentium
1342 717 1631 786 praesentia
1673 732 1785 771 suae
1811 717 2109 787 majestatis

520 806 779 876 implevit.
813 805 920 859 Sed
946 813 1001 860 et
1019 820 1245 861 memor.
1271 804 1605 878 Haneigitur
1633 806 1967 861 oblationum
1995 807 2110 861 ser-‘-

517 892 704 949 vitutis
733 903 949 955 nostrae,
977 893 1071 949 sed
1103 901 1158 949 et
1178 903 1390 950 cuncta:
1418 894 1637 950 familia:
1666 902 1791 961 tunc,
1818 910 1980 965 quam
2012 895 2105 949 tibi

516 983 795 1039 offerimus
818 999 915 1054 pro
934 984 1018 1039 his
1046 999 1282 1056 quoque,
1311 992 1448 1055 quos
1504 986 1829 1054 regenerare
1854 986 2105 1056 dignatus

516 1092 576 1133 es
597 1092 662 1132 ex
694 1086 834 1146 aqua
865 1084 919 1130 et
948 1076 1153 1147 Spiritu
1198 1087 1408 1145 sancto,
1440 1079 1688 1134 tribuens
1718 1078 1799 1133 cis
1823 1077 2104 1132 remissio-‘-

517 1182 642 1223 nem
676 1168 918 1223 omnium
957 1175 1325 1239 peccatorum,
1371 1181 1703 1240 quresumus',
1758 1170 2007 1235 Domine,
2046 1179 2104 1225 ut

513 1259 760 1330 placatus
781 1260 1038 1329 accipias.

885 1389 938 1428 IN
975 1380 1061 1428 nte
1102 1380 1307 1431 sacro
1342 1380 1738 1431 pentecosrns.
2028 1422 2035 1425 μ

584 1462 696 1536 (6.)
728 1463 829 1531 Qui
882 1466 1185 1521 ascendens
1232 1481 1395 1537 super
1426 1481 1617 1523 omnes
1661 1467 1850 1535 caelos;
1879 1470 2014 1535 et‘c.,
2045 1476 2104 1522 at

514 1572 697 1629 supra.

620 1634 651 1663 θ
1070 1644 1230 1716 Infra
1263 1648 1544 1702 actionem.

583 1736 699 1810 (ϐ.)
723 1738 1219 1804 Communicantes,
1248 1747 1303 1792 et
1330 1740 1474 1795 diem
1506 1739 1937 1795 sacratissimum
1964 1738 2102 1797 Pen-

514 1836 747 1887 tecostes
774 1832 1133 1898 celebrantes,
1164 1846 1273 1902 quo
1321 1831 1557 1902 Spiritus
1581 1831 1803 1889 sanctus
1836 1832 2096 1904 apostolis
2132 1813 2177 1873 Β

511 1920 808 1979 innumeris
830 1925 1027 1996 linguis
1047 1926 1320 1996 apparuit.
1351 1926 1461 1983 Sed
1490 1935 1546 1983 et
1567 1942 1794 1984 memor.
1823 1927 1976 1985 Hanc
2000 1929 2122 2000 igi-,

513 2020 600 2069 tur
625 2015 974 2081 oblationem,
1007 2025 1064 2072 ut
1092 2032 1273 2087 supra;

1169 2145 1329 2187 PERIA
1368 2144 1430 2187 ιι.

581 2216 695 2291 (G.)
748 2220 972 2277 .Eterne
1016 2221 1177 2277 Deus.
1213 2222 1318 2276 Per
1364 2222 1640 2278 Christum
1683 2218 1971 2280 Dominum
2000 2218 2098 2279 no-

508 2316 702 2365 strum.
741 2311 843 2379 Qui
895 2312 1219 2382 promissum
1271 2310 1534 2382 Spiritum
1574 2314 1904 2383 paraeletum
1935 2330 2098 2386 super

508 2401 803 2473 discipulos
833 2404 1006 2459 misit.
1032 2403 1132 2472 Qui
1156 2405 1208 2457 in
1241 2404 1510 2476 principio
1539 2407 1812 2461 nascentis
1838 2405 2096 2462 Ecclesia:

506 2491 718 2547 eunetis
774 2493 1024 2563 gentibus
1088 2490 1393 2549 imbuendis
1437 2501 1490 2549 et
1537 2493 1754 2550 deitatis
1810 2496 2096 2551 scientiam

506 2582 739 2650 inderet,
796 2592 850 2639 et
888 2584 1193 2654 linguarum
1246 2584 1616 2643 diversitatem
1674 2584 1731 2639 in
1774 2585 1934 2640 unius
1968 2584 2094 2640 fidei

506 2675 849 2731 confessione
899 2678 1153 2732 sociaret.
1195 2677 1302 2732 Per
1345 2692 1506 2748 quem
1549 2668 1695 2732 tualn
1754 2678 2093 2748 majestatem

505 2764 774 2834 supplices
812 2782 1124 2832 exoramus,
1149 2775 1206 2820 ut
1226 2768 1381 2838 cujus
1411 2767 1754 2823 celebramus
1774 2768 2088 2834 adventum,

504 2856 622 2925 ejus
667 2858 999 2915 multimoda:
1062 2844 1250 2931 gratia:
1311 2862 1593 2932 capiamus
1662 2862 1935 2919 effectum.
1987 2861 2093 2917 Per

505 2960 687 3018 quem.

554 3056 557 3057 ν
1145 3044 1301 3098 rsum
1364 3056 1448 3100 tu:

575 3111 804 3190 literne
830 3135 994 3191 Deus.
1040 3136 1144 3190 Per
1191 3136 1462 3193 Christum
1505 3139 1786 3193 Dominum
1816 3126 2083 3193 nostrum.
2115 3150 2161 3220 ρ

507 3224 608 3291 Qui
635 3227 888 3294 promissi
921 3225 1157 3294 Spiritus
1197 3229 1368 3283 sancti
1398 3229 1655 3298 paraeleti
1699 3229 1968 3285 iufusione
2001 3244 2090 3284 re-

502 3313 669 3383 pletvit
694 3298 857 3369 corda
890 3315 1146 3383 fidelium,
1168 3316 1264 3385 'qui
1290 3332 1386 3372 sua
1420 3319 1724 3373 admirabili
1771 3318 2088 3388 operatione

501 3414 558 3460 et
586 3406 667 3460 sui
698 3406 902 3460 amoris
944 3406 995 3460 in
1024 3407 1106 3461 eis
1134 3407 1313 3478 ignem
1345 3409 1684 3471 achnderet,
1716 3416 1772 3462 et
1794 3422 1893 3478 per
1915 3406 2089 3463 diver-

501 3500 717 3555 sitatem
750 3498 1053 3570 linguarum
1088 3510 1275 3570 gentes
1326 3500 1381 3555 in
1414 3501 1618 3556 unitate
1648 3500 1773 3556 lidei
1803 3499 2082 3581 solidaret.

500 3590 665 3664 Cujus
695 3592 836 3647 dono
870 3593 1106 3663 petimus
1148 3602 1203 3647 et
1236 3593 1585 3649 illecebrosas
1615 3610 1643 3648 a
1673 3592 1832 3648 nobis
1869 3586 2084 3647 excludi

498 3683 823 3754 voluptates,
844 3692 903 3740 et
931 3684 1244 3755 spirituales
1260 3684 1313 3739 in
1337 3684 1492 3741 nobis
1511 3683 1720 3740 exstrui
1744 3682 2085 3753 plantarique

496 3774 743 3831 virtutes.
775 3775 881 3831 Per
901 3792 1060 3847 quem
1080 3771 1443 3848 majestatem.

1163 3902 1322 3943 FERIA
1360 3898 1434 3942 IV.

569 3975 798 4034 Eterne
838 3979 1002 4034 Deus.
1036 3979 1143 4034 Per
1170 3980 1448 4035 Christum
1480 3979 1766 4035 Dominum
1810 3970 2076 4035 no’s'trum.‘

494 4064 602 4124 Per
630 4084 789 4138 quem
832 4070 1108 4141 discipulis
1136 4070 1369 4140 Spiritus
1398 4079 1620 4127 s‘anctus
1651 4072 1705 4149 in
1738 4079 1885 4127 terra
1921 4071 2084 4126 datur

494 4162 566 4217 ob
593 4161 933 4217 dilectionem
963 4164 1221 4232 proximi,
1248 4158 1307 4219 et
1329 4165 1394 4220 de
1423 4158 1563 4221 coelo
1601 4164 1837 4220 mittitur
1860 4171 2080 4233 propter

500 4249 845 4305 dilectionem
893 4252 965 4306 tui
998 4269 1012 4307 :
1041 4252 1194 4322 cuius
1236 4253 1435 4309 infusio
1462 4255 1694 4326 petimus
1722 4264 1784 4308 ut
1831 4254 1885 4307 in
1925 4253 2080 4308 nobis

493 4340 683 4397 sordes
705 4350 1050 4413 peccatorum
1076 4353 1288 4410 exurat,
1317 4346 1391 4399 tui
1414 4347 1615 4401 amoris
1641 4346 1818 4418 ignem
1839 4346 2076 4410 nutriat,

489 4436 547 4485 et
599 4446 699 4487 nos
762 4433 830 4490 ad
907 4441 1149 4490 amorem
1206 4432 1567 4492 fraternitatis
1638 4434 1916 4491 accendat.
1973 4434 2079 4489 Per

488 4532 673 4596 Quem.

1155 4632 1311 4675 FERIA
1351 4636 1403 4677 γ.

559 4704 677 4779 (6.)
729 4704 955 4763 Eterne
1009 4706 1170 4764 Deus.
1204 4710 1307 4766 Per
1334 4710 1610 4767 Christdm
1639 4711 1929 4768 Dominum
1977 4718 2076 4767 nd-

489 4796 682 4855 strum.
730 4797 834 4853 Per
880 4814 1041 4868 quem
1080 4801 1339 4870 pietatem
1394 4812 1538 4858 tuam
1588 4804 1903 4873 suppliciter
1941 4804 2076 4874 peti-

489 4890 633 4958 inus,
682 4900 741 4945 ut
771 4890 1008 4961 Spiritus
1057 4902 1278 4949 sanctus
1330 4897 1495 4951 corda
1547 4908 1730 4951 nostra
1779 4896 2075 4952 clementer

488 4986 771 5053 expurget,
835 4991 891 5038 et
942 4983 1025 5038 sui
1077 4984 1299 5039 luminis
1345 4986 1698 5041 irradiatione
1738 4988 2071 5058 perlustret;

490 5067 551 5125 δι
599 5072 651 5125 in
684 5086 751 5128 eo
802 5073 893 5142 qui
923 5074 1217 5145 gratiarum
1241 5074 1466 5144 largitor
1488 5087 1593 5141 est,
1625 5084 1769 5133 recta
1796 5078 2070 5148 sapia'mus

484 5158 542 5242 ξι
578 5164 644 5217 de
694 5161 813 5233 ejus
844 5166 1213 5222 consolatione
1257 5168 1310 5223 in
1347 5177 1665 5239 perpetuum
1715 5173 2066 5244 gaudeamus.

482 5249 589 5308 Per
616 5268 796 5324 quem.

1144 5366 1294 5405 FER“
1332 5362 1407 5407 Vl.

557 5442 786 5511 Eterne
842 5457 1000 5513 Deus.
1052 5459 1117 5514 Et
1166 5463 1505 5533 majestatem
1559 5474 1704 5521 tuam
1759 5465 2075 5539 suppliciter

482 5558 731 5613 exorare,
770 5560 830 5603 ut
856 5549 1090 5619 Spiritus
1120 5556 1427 5623 paraeletus
1455 5556 1522 5611 ad
1549 5571 1648 5612 nos
1669 5558 1871 5623 veniat,
1895 5565 1950 5611 et
1973 5558 2072 5613 no‘s

485 5641 839 5696 inhabitando
874 5641 1128 5714 templum
1174 5662 1285 5701 sua:
1313 5646 1613 5717 majestatis
1644 5646 1860 5704 elﬁciat.
1911 5647 2066 5717 Quod

486 5738 606 5785 eum
662 5733 939 5805 unigenito
984 5733 1118 5791 Filio
1150 5746 1240 5793 tuo
1269 5738 1517 5795 clementi
1551 5746 1816 5809 respectu
1854 5724 2070 5811 semper

1568 326 1900 385 GRIMALDI
1938 328 2457 388 SANGALLENSIS
2492 333 2783 391 ABBATIS

2131 453 2181 511 Α
2209 442 2448 512 digneris
2506 445 2764 511 invisere,
2800 456 2857 501 et
2896 453 3001 501 ture
3042 446 3455 508 inhabitatiouis
3505 452 3723 525 fulgore
3753 460 3801 518 in

2103 4509 2156 4575 D

3710 322 3814 404 suo

2212 544 2529 606 perpetuum
2558 536 2911 607 perlustrare.
2944 536 3047 594 Per
3076 555 3258 611 quem.

2872 656 3131 707 Sanane.

2280 737 2509 794 Ait'erne
2545 734 2707 795 Deus.
2755 741 2825 797 Et
2875 750 3023 798 tuam
3084 746 3541 818 omnipotentiam
3593 750 3808 809 devotis

2209 831 2461 899 precibus
2511 830 2823 901 implorare,
2861 833 3099 891 tttnobis
3123 835 3362 906 Spiritus
3386 841 3463 894 lui
3493 840 3692 896 lumen
3730 842 3807 898 in-

2209 917 2420 983 fundas,
2449 918 2604 988 cujus
2627 924 2727 976 nos
2746 923 3011 993 sapientia
3043 935 3211 991 creat,
3237 928 3463 998 spiritus
3485 941 3736 996 recreat,
3756 943 3808 988 et

2206 1012 2547 1081 providentia
2570 1013 2850 1084 gubernat.
2881 1016 2983 1084 Qui
3007 1033 3128 1073 cum
3147 1034 3176 1073 a
3207 1028 3296 1074 tua
3322 1021 3637 1078 substantia
3663 1025 3807 1081 nullo

2208 1103 2368 1157 modo
2400 1103 2471 1158 su
2494 1104 2759 1171 diversus,
2784 1106 3097 1164 dit’ersitate
3123 1118 3303 1165 tamen
3328 1113 3598 1168 donorum
3633 1116 3809 1186 reple-

2207 1191 2285 1246 vit
2313 1200 2528 1248 tuorum
2555 1194 2720 1250 cerda
2748 1193 3008 1252 ﬁdelium.
3040 1198 3106 1253 Et
3132 1200 3265 1256 ideo.

2667 1305 2733 1359 ῡε
2771 1320 2976 1363 suc-rt
3017 1325 3329 1367 'rmsrrne.

2278 1392 2397 1466 (6.)
2426 1396 2655 1453 Ᾱίιθινὴθ
2696 1397 2859 1454 Deus.
2886 1399 2989 1468 Qui
3019 1417 3141 1457 cum
3166 1404 3440 1475 unigenito
3463 1404 3607 1464 Filio
3634 1414 3739 1466 tuo
3755 1418 3807 1466 et

2207 1486 2408 1558 Spiritu
2440 1501 2630 1546 sancto
2658 1508 2795 1547 unus
2822 1508 2881 1549 es
2906 1493 3064 1558 Deus,
3091 1512 3229 1551 unus
3256 1511 3317 1551 es
3342 1498 3606 1555 Dominus
3650 1517 3669 1554 :
3701 1517 3805 1556 non

2204 1578 2258 1632 in
2286 1580 2444 1635 unius
2466 1578 2839 1653 s'ingularitate
2864 1598 3127 1654 personae,
3153 1587 3246 1641 sed
3274 1585 3327 1642 in
3353 1584 3514 1643 unius
3546 1590 3805 1648 trinitate

2204 1674 2542 1729 substantia.
2576 1660 2731 1742 Quod
2773 1677 2918 1732 enim
2946 1677 3013 1733 de
3044 1670 3215 1750 gloria
3248 1688 3358 1747 tua,
3411 1681 3706 1740 revelante
3731 1696 3803 1750 te,

2203 1764 2498 1830 credimus,
2555 1765 2659 1822 hoc
2687 1766 2753 1823 de
2803 1766 2943 1823 Filio
2972 1776 3084 1835 tuo,
3118 1770 3223 1825 hoc
3251 1771 3318 1826 de
3342 1769 3550 1843 Spiritu
3576 1785 3804 1839 sancto,

2203 1856 2320 1910 sine
2362 1856 2679 1914 dili‘erentiae
2707 1860 3034 1918 discretione
3081 1864 3364 1929 sentimus,
3392 1866 3453 1919 ut
3491 1865 3550 1920 in
3578 1866 3803 1924 confes-

2201 1947 2354 2003 sione
2398 1965 2541 2006 verae
2587 1950 3044 2024 sempiternteque
3073 1955 3310 2020 deitatis,
3341 1964 3399 2012 et
3430 1957 3486 2012 in
3540 1961 3803 2028 personis

2200 2041 2527 2110 proprietas,
2583 2053 2636 2097 et
2686 2043 2738 2097 in
2774 2046 3012 2099 essentia
3062 2045 3262 2112 unitas,
3313 2056 3368 2102 et
3397 2048 3452 2103 in
3502 2049 3802 2120 majestate

2200 2131 2456 2188 adoretur
2507 2135 2810 2205 mqualitas.
2841 2137 3015 2203 Quem
3046 2137 3285 2194 laudant
3310 2139 3484 2211 angeli
3510 2151 3689 2213 atque
3711 2160 3797 2199 ar-

2199 2226 2468 2296 changeli,
2514 2226 2776 2283 cherubin
2835 2244 3051 2300 quoque
3090 2239 3144 2286 et
3195 2233 3471 2303 seraphin,
3522 2235 3621 2304 qui
3692 2246 3797 2293 nou

2199 2325 2416 2371 cessant
2437 2316 2694 2383 clamare,
2726 2334 2831 2373 una
2853 2335 2985 2375 voce
3011 2320 3277 2377 dicentes.

2270 2443 2324 2482 IN
2354 2444 2604 2492 QUATUOR
2633 2442 2920 2487 rsuronun
2950 2448 3351 2492 pnnrscosrau
3386 2436 3625 2496 animo.
3653 2469 3729 2486 —-

2853 2528 3010 2581 renis
3050 2518 3123 2581 iv.

2268 2612 2496 2668 Eterne
2519 2615 2683 2671 Deus.
2715 2614 2852 2683 Quia
2881 2625 3005 2687 post
3030 2618 3150 2674 illos
3169 2618 3367 2675 laetitiae
3397 2612 3538 2687 dies,
3563 2638 3707 2694 quos
3736 2627 3791 2682 il

2197 2704 2401 2760 honore
2447 2706 2657 2761 Domini
2705 2723 2735 2762 a
2778 2716 2955 2764 morte
3010 2713 3364 2783 resurgentis,
3413 2722 3469 2767 et
3513 2714 3569 2769 in
3614 2716 3791 2772 castos

2197 2800 2539 2854 ascendentis
2586 2800 2864 2871 exegimus
2893 2819 2905 2855 :
2944 2800 3229 2873 pestquam
3261 2815 3579 2875 perceptum
3604 2812 3785 2865 sancti

2198 2889 2435 2961 Spiritus
2455 2892 2678 2958 donum,
2706 2895 3013 2950 necessaria
3037 2896 3192 2951 nobis
3210 2896 3417 2968 jejunia
3445 2896 3640 2957 sancta
3665 2917 3791 2972 pro-

2193 2984 2310 3039 visa
2369 2994 2513 3051 sunt,
2550 2997 2609 3041 ut
2662 2998 2796 3057 pura
2846 2980 3260 3049 conversatione
3301 2995 3634 3056 viventibus.
3670 3012 3790 3066 qua

2196 3074 2457 3132 divinitus
2512 3084 2639 3133 sunt
2691 3079 2947 3136 Ecclesiae
2982 3082 3199 3151 collata,
3256 3096 3632 3156 permaneant.
3684 3088 3789 3145 Per

2192 3163 2487 3223 Christum.

2851 3280 3007 3319 FERIA
3044 3281 3119 3320 γι.

2261 3348 2490 3406 JEIerne
2527 3349 2690 3408 Deus.
2728 3348 3066 3423 Majestatem
3095 3362 3238 3413 tuam
3269 3349 3597 3430 propensius
3621 3362 3781 3417 obse-

2191 3449 2429 3509 crantes,
2474 3452 2534 3499 ut
2558 3459 2657 3499 nos
2683 3440 2905 3501 salutari
2932 3450 3256 3518 compendio
3282 3450 3460 3507 bonos
3490 3451 3782 3524 dignanter

2189 3530 2423 3599 elllcias;
2456 3550 2564 3605 quo
2592 3544 2642 3593 te
2674 3537 3043 3609 principaliter
3075 3550 3133 3596 et
3153 3539 3327 3596 solum
3352 3541 3648 3599 credamus
3683 3560 3779 3599 an-

2188 3633 2417 3693 ctorem,
2440 3637 2497 3683 et
2534 3629 2706 3684 solum
2730 3628 3090 3687 Salvatorem.
3115 3632 3284 3700 Quem
3314 3632 3541 3690 laudant
3578 3637 3778 3708 angeli;

2187 3718 2416 3775 adorant
2442 3722 2776 3792 archangeli,
2805 3725 3066 3780 cherubin
3096 3743 3332 3799 quoque,
3355 3736 3464 3785 etc.

2862 3832 3116 3894 sumo.

2259 3907 2372 3996 (ϐ.)
2401 3923 2629 3981 Ᾱῐιρνηθ
2664 3927 2827 3984 Deus.
2859 3928 3123 3985 Pietatem
3174 3939 3319 3988 tuam
3347 3924 3490 3991 vctis
3525 3936 3771 3994 omnibus

2186 4027 2521 4087 expetentes,
2552 4028 2610 4074 ut
2638 4019 2996 4078 humanarum
3040 4041 3219 4082 rerum
3246 4030 3615 4101 prosperitate
3646 4049 3767 4105 per-

2185 4117 2361 4178 cepta.
2430 4112 2662 4167 terrenis
2727 4113 3186 4173 consolationibus
3259 4121 3618 4190 gratulemur.
3665 4124 3772 4183 Nec

2184 4202 2377 4271 gaudia
2400 4197 2644 4273 quaerere
2671 4219 2907 4277 superna
2934 4223 3232 4276 cessemus,“
3268 4213 3363 4268 sed
3384 4214 3651 4288 quidquid
3679 4217 3766 4273 ιε·

2170 4292 2318 4349 .titiaa
2349 4296 2627 4366 temporali
2655 4298 3007 4368 impenditur,
3031 4292 3321 4357 eruditioni
3352 4303 3609 4375 proficiat
3633 4314 3772 4364 scm-

2184 4385 2427 4455 piternaa.
2465 4387 2569 4441 Per
2592 4388 2866 4446 Christum
2898 4391 3187 4448 Dominum
3219 4404 3492 4452 nostrum.

2361 4504 2614 4556 noatxici
2654 4518 2671 4556 ι
2711 4517 2844 4559 ροετ
2891 4516 3143 4561 οετΑνΑι
3191 4490 3592 4565 rearecosrts.

2254 4612 2367 4685 (ϐ.)
2400 4613 2625 4672 Eterne
2666 4617 2825 4674 Deus.
2861 4617 3030 4692 (hijus
3051 4632 3136 4677 est
3175 4618 3359 4692 operis
3389 4624 3535 4694 quod
3563 4602 3769 4682 conditi

2181 4721 2400 4771 sumus;
2430 4710 2691 4775 muneris,
2731 4710 2876 4780 quod
2918 4712 3179 4779 vivimus;
3212 4714 3453 4785 pietatis,
3502 4718 3653 4787 quod
3681 4727 3769 4773 tu

2178 4812 2308 4869 erga
2354 4812 2458 4853 nos
2485 4799 2627 4855 dona
2675 4802 3074 4872 cognoscimus.
3107 4803 3370 4871 Quamvis
3398 4822 3531 4878 ergo
3574 4816 3766 4864 natura

2181 4904 2366 4947 nostra
2411 4895 2620 4963 peccati
2654 4895 2853 4950 vitiata
2899 4897 2971 4952 sit
2997 4897 3240 4963 vulnere,
3271 4915 3300 4952 a
3319 4901 3555 4956 terrenis
3585 4908 3767 4955 tamen

2181 4982 2247 5035 ad
2293 4982 2535 5037 emlestia
2587 4980 2935 5055 provehimur
2985 4994 3077 5041 tuo
3130 4988 3483 5045 inenarrabili
3517 5006 3762 5047 munere.

2180 5070 2283 5126 Per
2306 5071 2583 5128 Christum
2613 5072 2901 5130 Dominum
2934 5087 3200 5133 nostrum.

2355 5178 2611 5219 DOMINICA
2651 5181 2689 5219 ιι
2728 5171 2860 5222 ro‘sr
2898 5182 3148 5223 OCTAVA!
3187 5184 3585 5227 renrecosres.

2249 5253 2363 5326 (Α.)
2398 5254 2625 5313 Ᾱῐιθινηθ
2670 5256 2831 5313 Deus.
2858 5257 2960 5327 Qui
3003 5258 3262 5316 Ecclesiae
3301 5271 3409 5317 tua:
3447 5262 3593 5319 filios
3625 5262 3763 5319 sicut

2177 5360 2283 5401 non
2319 5360 2502 5404 cessas
2541 5350 2780 5415 erudire,
2813 5350 2888 5407 ita
2909 5345 3035 5409 non
3056 5354 3259 5409 desinis
3284 5354 3545 5426 adjuvare
3570 5372 3587 5411 :
3618 5352 3677 5412 ut
3706 5362 3761 5412 et

2176 5437 2484 5505 scientiam,
2519 5448 2569 5494 te
2604 5441 2917 5509 irriserante,‘
2946 5453 3094 5499 recta
3123 5444 3373 5512 faciendi,
3402 5449 3463 5502 et
3493 5446 3761 5518 possibili-

2178 5536 2344 5585 tatem
2369 5530 2588 5600 capiant
2613 5534 2965 5604 exsequendi.
2988 5534 3095 5591 Per
3114 5536 3412 5592 Christum.
3434 5536 3545 5593 Per
3574 5553 3752 5610 quem.

2776 5652 3033 5705 DOMINICA
3072 5663 3155 5704 m.

2246 5738 2470 5795 IEtrrne
2498 5740 2660 5796 Deus.
2704 5739 2867 5810 Cujus
2887 5741 2991 5797 hoc
3024 5738 3310 5799 mirificum
3332 5756 3467 5814 opus
3489 5740 3555 5801 ac
3576 5743 3753 5815 singué
