3954 6342
126 368 215 427 901
806 399 817 406 -
937 358 1141 416 LIBER
1177 352 1821 435 SACRAMENTORUM.
1864 383 1935 392 -—
1970 352 2275 410 PREFAT
2312 354 2543 423 ANTIQ.

127 486 234 539 lare
264 458 588 551 mysterium
616 473 749 546 fuitf,
778 482 839 529 ut
885 472 1084 545 perditi
1132 472 1332 527 dudum
1368 478 1533 540 atque
1559 482 1689 538 pm-
1718 476 1768 536 Α

128 570 298 638 strati,
328 570 396 625 de
421 566 636 639 diabolo
661 573 719 623 et
741 565 935 621 mortis
962 563 1174 630 aculeo,
1205 563 1270 618 ad
1298 563 1441 617 hanc
1467 560 1692 631 gloriam

127 672 439 718 vocaremur
455 696 470 724 ,
486 671 593 727 qua
615 670 759 710 nunc
782 669 951 726 genus
971 653 1202 708 electum
1226 651 1698 720 sacerdotiumque

130 749 320 822 regale;
347 745 575 819 populus
602 742 978 815 acquisitionis
1018 750 1073 798 et
1101 752 1231 813 gens
1257 750 1443 795 sancta
1470 751 1698 794 vocare-

129 858 263 900 mur.
292 841 528 913 Agentes
569 837 733 909 igitur
780 835 1078 891 indefessas
1102 833 1323 906 gratias,
1349 840 1700 900 sanctamque

130 931 548 992 muniﬁcentiam
578 938 724 984 tuam
748 926 1127 999 praedicantes,
1151 923 1425 994 majestati
1454 930 1559 977 tua:
1583 920 1699 977 haec

132 1041 278 1084 sacra
328 1021 620 1080 deferimus
675 1036 690 1075 :
747 1035 867 1090 quae
906 1019 1062 1073 nobis
1113 1018 1228 1088 ipse
1273 1014 1463 1071 salutis
1496 1021 1700 1070 nostrae

130 1124 312 1174 auctor
333 1113 582 1171 Christus
603 1110 855 1167 instituit.
895 1109 1001 1164 Per
1021 1122 1202 1178 quem.

722 1233 976 1275 DOIINICA
1026 1232 1102 1272 IV.

194 1312 418 1369 ,λειω-ηε
442 1312 607 1377 Deus,
643 1308 988 1365 clementiam
1031 1315 1177 1362 tuam
1222 1304 1410 1377 pronis
1432 1301 1701 1358 mentibus

130 1404 490 1465 obsecrantes,
518 1407 577 1454 ut
600 1406 810 1453 mentes
829 1404 1045 1451 nostras
1071 1408 1371 1463 sensusque
1393 1392 1650 1462 disponas
1678 1405 1693 1444 :

132 1494 248 1564 quia
273 1500 401 1548 tune
424 1505 548 1548 esse
568 1498 619 1545 te
638 1489 794 1545 nobis
818 1488 1110 1559 propitium
1134 1486 1359 1542 Domine
1385 1484 1699 1549 sentiemus,

133 1586 174 1642 si
207 1600 238 1640 ι
262 1584 436 1640 noxiis
466 1592 831 1653 temperemur
856 1580 1172 1635 excessibus
1199 1591 1214 1631 :
1247 1584 1373 1633 tunc
1403 1591 1505 1633 nos
1531 1575 1701 1631 bene-

132 1676 243 1731 ﬁcia
266 1685 353 1730 tua
377 1681 691 1745 sumpturos
710 1685 832 1727 esse
855 1669 1197 1735 conﬁdimus,
1216 1667 1263 1723 si
1284 1666 1442 1723 nobis
1462 1665 1701 1721 studium

133 1765 387 1833 veritatis,
418 1782 530 1836 quo
558 1764 674 1820 haec
723 1776 1049 1826 mereamur;
1087 1758 1360 1814 infundas.
1414 1755 1520 1812 Per
1546 1754 1704 1811 Chri-

132 1867 285 1912 stum.
666 1880 669 1881 ν

740 1955 995 1998 ΒΟΙΙΜΟΔ
1031 1954 1082 1994 ν.

151 2072 155 2081 ι
193 2034 421 2090 Eterne
448 2033 608 2088 Deus.
638 2029 705 2086 Et
727 2030 1172 2101 omnipotentiam
1200 2036 1347 2084 tuam
1371 2026 1573 2099 jugiter
1595 2025 1703 2080 im-

130 2130 352 2200 plorare,
404 2135 472 2182 ut
521 2124 680 2180 nobis
726 2132 786 2180 et
810 2122 1096 2195 praesentis
1123 2122 1249 2177 vitae
1295 2119 1616 2183 subsidium;
1648 2127 1705 2175 et

127 2231 332 2277 aeterna:
378 2219 596 2274 tribuas
631 2217 910 2288 praemium
969 2214 1358 2285 sempiternum
1405 2228 1561 2284 :quo
1613 2213 1704 2268 hic

129 2312 399 2371 mutabilia
429 2312 577 2367 bona
608 2310 909 2379 capiamus,
945 2318 1004 2364 ut
1034 2323 1131 2378 per
1160 2308 1276 2363 Itch
1303 2308 1370 2363 ad
1404 2306 1704 2361 incommu-

131 2405 305 2462 tabilia
344 2404 488 2458 dona
509 2401 796 2473 pervenire
828 2398 1126 2454 valeamus.
1155 2396 1246 2452 Sic
1269 2396 1581 2468 temporalis
1613 2396 1704 2451 lue—

129 2499 252 2554 titite
283 2507 530 2567 tempora
575 2498 872 2557 transeant,
907 2500 968 2546 ut
1001 2491 1083 2547 eis
1125 2490 1321 2562 gaudia
1372 2489 1700 2559 sempiterna

128 2589 429 2646 succedant.
455 2586 561 2642 Per
585 2584 788 2641 Christ.
1479 2572 1488 2581 ’

722 2708 978 2749 DOMINICA
1015 2709 1094 2749 VII

190 2786 302 2860 (ϐ.)
332 2786 566 2843 ιΕιθιΊιθ
598 2786 762 2842 Deus.
822 2774 1155 2853 Majestatem
1190 2792 1335 2838 tuam
1388 2780 1704 2851 suppliciter

126 2882 503 2953 deprecantes,
556 2886 618 2934 ut
666 2893 824 2948 opem
875 2888 1022 2933 tuam
1066 2874 1372 2947 petentibus
1416 2874 1704 2945 dignanter

128 2975 421 3044 impendas,
452 2981 506 3028 et
534 2971 969 3029 desiderantibus
994 2970 1259 3042 benignus
1283 2967 1491 3023 tribuas
1516 2965 1705 3038 profu-

129 3074 316 3123 turam.
340 3066 450 3122 Per
479 3065 679 3122 Christ.
700 3109 719 3137 ,.

716 3190 969 3232 DOIIINICA
1005 3189 1101 3231 VII.

194 3269 561 3343 (6.)1Eterne
604 3269 767 3327 Deus.
805 3269 911 3326 Per
956 3269 1232 3326 Christum
1269 3265 1556 3322 Dominum
1599 3279 1702 3320 no-

127 3376 308 3422 strum.
346 3366 545 3423 Verum
569 3374 938 3435 :eternumque
963 3362 1273 3435 pontiﬁcem
1302 3372 1358 3417 et
1384 3360 1556 3416 solum
1585 3359 1702 3415 sine

130 3457 329 3524 peccati
359 3455 569 3511 macula
595 3456 934 3511 sacerdotem
959 3469 973 3508 :
998 3453 1151 3523 cujus
1175 3452 1436 3522 sanguine
1462 3449 1701 3505 ﬁdelium

131 3550 287 3604 corda
328 3548 658 3603 mundantur
682 3565 696 3601 :
721 3548 875 3618 cujus
904 3545 1241 3601 institutione
1261 3543 1583 3613 placationis
1608 3542 1704 3597 tibi

130 3640 353 3707 hostias,
374 3656 482 3695 non
515 3639 687 3695 solum
708 3654 808 3709 pro
836 3639 1045 3694 delictis
1063 3637 1270 3708 populi,
1293 3638 1387 3691 sed
1414 3636 1577 3691 etiam
1606 3650 1705 3705 pro

130 3732 329 3788 nostris
375 3730 763 3786 offensionibus
804 3729 1177 3795 immolemus;
1222 3736 1371 3783 tuam
1419 3735 1705 3797 poscentes

127 3821 493 3887 clementiam,
532 3831 594 3876 ut
618 3835 779 3876 omne
805 3828 1086 3891 peccatum
1120 3819 1263 3889 quod
1308 3818 1492 3874 carnis
1540 3816 1706 3887 fragi-

128 3912 279 3967 litate
320 3911 712 3979 contraximus,
746 3911 865 3983 ipso
910 3924 1124 3965 summo
1145 3924 1246 3981 pro
1279 3908 1436 3965 nobis
1463 3909 1706 3964 antistite

130 4003 546 4072 interveniente,
569 4003 829 4061 solvatur.
855 4002 961 4059 Per
986 4016 1169 4072 quem;

711 4114 964 4168 bonum
998 4125 1121 4166 Vill.

197 4204 423 4261 Eterne
455 4204 618 4259 Deus.
650 4203 720 4258 Et
761 4203 856 4258 tibi
886 4215 1084 4259 vovere
1125 4199 1346 4256 contriti
1379 4197 1706 4255 sacrificium

131 4296 326 4364 cordis,
357 4295 450 4352 tibi
473 4294 646 4351 libare
664 4293 932 4350 humiliati
958 4292 1235 4348 victimam
1262 4280 1518 4362 pectoris,
1547 4304 1578 4343 a
1598 4302 1707 4359 quo

131 4398 284 4441 omne
311 4386 515 4441 bonum
544 4384 826 4451 sumimus,
859 4399 1073 4439 omnem
1095 4379 1706 4455 jucunditatembauri—

135 4491 268 4531 mus.
317 4475 616 4532 Precamur
665 4474 850 4543 itaque
900 4480 959 4528 ut
998 4471 1095 4526 tibi
1146 4467 1475 4525 conscientia
1518 4477 1704 4523 nostra

135 4569 440 4639 famuletur,
473 4578 527 4627 et
554 4579 614 4625 ut
641 4572 695 4624 in
722 4576 776 4623 te
803 4567 869 4624 de
895 4567 981 4622 die
1001 4568 1054 4621 in
1079 4565 1220 4619 diem
1244 4562 1522 4618 meliorata
1545 4561 1706 4632 profi-‘

133 4662 256 4730 ciat,
287 4672 392 4719 tuae
437 4661 625 4735 gratiae
669 4660 991 4715 intemerata
1031 4655 1312 4712 subdatur.
1343 4652 1554 4708 Nostris
1584 4668 1705 4719 nos,

135 4752 456 4823 quaesumus,
479 4752 724 4817 Domine,
746 4763 950 4818 evacua
988 4746 1168 4813 malis,
1197 4745 1409 4814 tuisque
1432 4743 1581 4813 reple
1609 4759 1708 4813 per

134 4847 307 4902 munia
334 4846 511 4903 bonis.
544 4843 619 4899 Ut
649 4849 904 4913 percepta
941 4839 1138 4912 gratia,
1174 4852 1334 4908 quam
1384 4845 1570 4891 nostra
1598 4850 1705 4891 non

137 4937 351 5007 exigunt
385 4935 603 5001 merita,
643 4949 678 4989 a
706 4932 918 4990 cunctis
942 4926 1619 4987 adversitatibus-iiberati
1646 4927 1701 4981 in

138 5027 287 5084 bonis
328 5027 581 5083 omnibus
606 5023 936 5089 conﬁrmati,
967 5021 1223 5095 supernis
1256 5019 1467 5076 civibus
1489 5031 1693 5074 merea-

138 5130 253 5174 mur
268 5118 549 5193 conjungi.
576 5116 682 5174 Per
706 5115 1002 5173 Christum.

722 5242 979 5285 DOIINICA
1019 5243 1099 5283 IX'.‘

203 5321 313 5396 (6.)
342 5322 567 5381 Eterne
592 5321 755 5378 Deus.
793 5321 861 5375 Et
912 5327 1060 5375 tuam
1097 5315 1525 5374 misericordiam
1576 5314 1704 5371 tofis

136 5411 334 5470 nisibus
377 5427 625 5479 exorare,
679 5426 749 5468 ne
775 5426 876 5483 pro
905 5418 1089 5467 nostra
1119 5423 1218 5465 nos
1259 5407 1541 5478 iniquitate
1568 5416 1701 5462 con-

139 5503 369 5576 demnes,
422 5509 519 5565 sed
564 5521 666 5578 pro
712 5515 804 5562 tua
845 5505 1045 5578 pietate
1075 5505 1129 5560 in
1173 5504 1259 5558 via
1306 5511 1454 5558 recta
1487 5516 1703 5572 semper

139 5596 401 5669 disponas.
428 5598 542 5656 Nec
565 5599 708 5654 sicut
739 5612 1014 5653 meremur
1042 5594 1485 5664 delinquentibus
1507 5593 1707 5647 irasca-

140 5687 229 5753 ris,
251 5690 341 5746 sed
371 5689 656 5764 fragilitati
680 5695 883 5745 nostra:
902 5688 1103 5744 invicta
1126 5685 1365 5743 bonitate
1390 5682 1703 5743 subvenias.

139 5763 234 5833 Per
258 5763 545 5843 Christum.
578 5781 682 5836 Per
709 5795 897 5850 quem.-

1731 1826 1781 1887 B

2550 452 2553 453 ί
3275 374 3385 432 902

2408 484 2661 527 DOHINICA
2702 484 2756 525 Χ.

1867 556 2095 613 Ᾰεέιθινηθ
2121 558 2280 615 Deus.
2309 560 2375 616 Et
2397 565 2545 616 tuam
2568 560 2991 619 misericordiam
3024 566 3271 634 exorare,
3303 575 3380 636 ut,

1799 656 1853 703 te
1887 658 2179 716 annuente,
2207 649 2481 708 valeamus
2515 669 2635 724 quae
2658 653 2798 710 mala
2835 663 2964 711 sunt
2989 656 3288 726 declinare,
3314 678 3366 716 et

1798 748 1919 809 quae
1948 740 2087 796 bona
2118 750 2244 797 sunt
2295 750 2689 816 consequenter
2728 747 2967 819 explere.
2997 750 3067 806 Et
3105 752 3231 822 quia
3272 768 3374 806 nos

1801 830 1973 887 fecisti
2025 832 2089 887 ad
2120 844 2209 886 ttta
2256 846 2595 892 sacramenta
2644 841 2937 909 pertinere,
2972 849 3027 896 tu
3078 834 3402 902 clementer.

1802 918 1855 973 in
1887 919 2042 976 nobis
2062 934 2249 975 eorum
2278 937 2472 979 munus
2498 938 2745 995 operare.
2776 927 2881 982 Per
2905 928 3202 987 Christum.

2404 1055 2658 1100 DOIINICL
2695 1058 2775 1100 XI.

1873 1123 1987 1195 (ϐ.)
2018 1125 2246 1184 ιΕιετηθ
2263 1130 2424 1186 Deus.
2452 1132 2521 1187 Et
2544 1134 2639 1190 tibi
2669 1135 2904 1193 debitam
2936 1140 3255 1198 servitutem
3281 1159 3378 1215 per

1802 1217 2044 1287 mysterii
2068 1219 2224 1289 hujus
2250 1220 2615 1291 impletionem
2645 1227 2972 1296 persolvere,
3005 1232 3130 1301 quia
3152 1248 3258 1289 non
3291 1246 3376 1295 $04

1802 1307 1913 1362 lum
1940 1312 2293 1379 peccantibus
2337 1315 2552 1370 veniam
2582 1318 2793 1385 tribuis,
2817 1321 2912 1375 sed
2957 1323 3120 1378 etiam
3155 1326 3376 1395 praemia

1802 1401 2107 1469 petentibus
2146 1403 2461 1474 impartiris.
2509 1406 2577 1462 Et
2605 1409 2747 1479 quod
2778 1412 2985 1482 perpeti
3013 1414 3171 1470 malis
3202 1417 3378 1487 operi;

1802 1492 1903 1548 bus
1931 1509 2327 1563 promeremur,
2359 1499 2642 1571 magniﬁca
2671 1502 2872 1572 pietate
2898 1505 3138 1575 depellis,
3172 1517 3231 1562 ut
3280 1524 3381 1565 nos

1804 1581 1871 1636 ad
1893 1591 1995 1637 tua:
2018 1586 2335 1641 reverentia:
2357 1588 2559 1643 cultum
2590 1598 2645 1646 et
2671 1598 2881 1649 terrore
2903 1609 3085 1668 cogas,
3115 1604 3171 1653 et
3194 1613 3381 1656 amore

1805 1672 2089 1741 perducas.
2116 1672 2221 1730 Per
2243 1675 2540 1734 Christum.

2064 1864 2071 1867 ‘
2399 1806 2652 1851 DOIIINICA
2691 1812 2791 1852 xu.

1880 1876 1992 1952 (6.)
2028 1879 2255 1938 Eterne
2290 1883 2455 1940 Deus.
2488 1886 2653 1957 Cujus
2672 1890 2904 1960 primum
2932 1894 3151 1963 pietatis
3172 1904 3274 1954 ture
3298 1908 3384 1955 est

1808 1970 2089 2039 indicium,
2119 1973 2166 2030 si
2194 1974 2290 2030 tibi
2321 1991 2418 2032 nos
2445 1976 2614 2035 facias
2641 1988 2753 2036 toto
2778 1984 2941 2039 corde
2988 1986 3278 2057 subjectos,
3328 1999 3381 2045 et

1805 2061 2054 2131 spiritum
2077 2064 2234 2120 nobis
2249 2072 2410 2121 tanta:
2430 2068 2731 2128 devotionis
2750 2070 3024 2140 infundas,
3042 2084 3101 2130 ut
3120 2065 3386 2149 propitius

1807 2150 2056 2223 largiaris
2078 2165 2474 2227 consequenter
2496 2160 2779 2216 auxilium.
2809 2161 2915 2219 Per
2941 2163 3237 2223 Christum.

1888 2314 1891 2319 .
2398 2282 2657 2329 DOHINICA
2694 2290 2816 2331 χιιι.

1876 2357 1990 2429 (6.)
2011 2357 2237 2416 Ᾱὲιενηθ
2279 2361 2441 2419 Deus.
2494 2364 2595 2432 Qui
2624 2382 2724 2422 nos
2764 2368 3080 2441 castigando
3105 2388 3297 2441 sanas,
3327 2384 3384 2432 et

1805 2447 2098 2506 refovendo
2142 2452 2410 2525 benignus
2455 2457 2682 2514 erudis:
2718 2459 2848 2513 dum
2876 2463 3048 2533 magis
3073 2464 3154 2522 vis
3206 2469 3387 2525 salvos

1805 2553 1926 2682 epssc
1951 2552 2247 2608 correctos,
2273 2559 2437 2613 quam
2462 2546 2641 2616 perire
2665 2546 2923 2616 dejectos.
2956 2551 3062 2607 Per
3084 2553 3382 2614 Christum.

1850 2646 1910 2682 er
1929 2646 2111 2682 auem.

1850 2646 1910 2685 er
1929 2646 2111 2701 quem.

2392 2742 2645 2785 DOIINICA
2684 2747 2793 2787 XIV.

1877 2816 1990 2890 (ϐ.)
2009 2809 2234 2874 ᾹΞιοι-ιιε
2249 2820 2412 2876 Deus.
2443 2822 2580 2890 Quia
2599 2825 2720 2880 tuin
2742 2836 2924 2883 nostra
2942 2843 3160 2901 semper
3181 2831 3387 2889 faciens

1806 2908 2123 2965 inﬁrmitate
2173 2911 2448 2980 virtutem,
2480 2914 2776 2972 Ecclesiam
2824 2929 2968 2974 tuam
2994 2920 3136 2979 inter
3158 2924 3386 2980 adversa

1807 3012 2057 3056 crescere
2089 3001 2346 3069 tribuisti,
2379 3014 2438 3058 ut
2473 3020 2596 3060 cum
2628 3017 2912 3078 putaretur
2953 3027 3230 3083 oppressa,
3258 3023 3387 3071 tunc

1808 3093 1989 3161 potius
2012 3096 2335 3164 praevaleret
2359 3097 2593 3153 exaltata
2627 3101 2796 3156 :dum
2831 3103 2991 3158 simul
3019 3114 3075 3161 et
3101 3109 3388 3178 experien-

1729 3175 1774 3242 C
1809 3185 1935 3240 tiam
1961 3186 2082 3242 fidei
2113 3188 2351 3245 declarat
2371 3190 2614 3259 aﬁlictio,
2643 3201 2697 3249 et
2712 3195 3155 3254 victoriosissima
3171 3175 3389 3270 semper

1808 3288 2142 3345 perseverat,
2171 3287 2223 3334 te
2248 3279 2559 3349 adjuvantc,
2587 3283 2820 3340 devotio.
2849 3283 2957 3341 Per
2978 3282 3256 3345 Christum
3280 3291 3388 3347 Do-

1809 3380 2015 3423 mutum
2038 3378 2308 3425 nostrum.

2404 3499 2659 3541 DOIINICA
2696 3501 2789 3543 XV.

1877 3572 2106 3628 Eterne
2155 3574 2315 3630 Deus.
2345 3575 2446 3642 Qui
2488 3592 2587 3632 nos
2611 3579 2677 3634 de
2719 3580 2876 3636 donis
2900 3579 3163 3638 bonorum
3191 3592 3390 3655 tempo-

1806 3664 1998 3720 ralium
2022 3666 2090 3720 ad
2111 3669 2513 3737 perceptionem
2542 3671 2796 3740 provehis
2815 3682 3167 3743 aeternorum,
3197 3687 3253 3733 et
3272 3678 3388 3733 htec

1809 3756 2019 3822 tribuis,
2052 3765 2107 3812 ct
2135 3758 2224 3812 illa
2275 3759 2509 3831 largiris,
2545 3771 2605 3817 ut
2631 3770 2688 3817 et
2719 3765 2992 3820 mansuris
3018 3764 3132 3835 jam
3166 3767 3388 3839 incipia-

1806 3865 1929 3907 mus
1961 3851 2148 3919 inseri,
2175 3863 2232 3908 et
2257 3856 2709 3924 praetereuntibus
2731 3874 2839 3913 non
2867 3861 3061 3916 teneri;
3108 3861 3280 3917 Tuum
3305 3872 3392 3919 est

1805 3945 1949 4000 enim
1970 3946 2112 4014 quod
2136 3946 2370 4001 vivimus
2398 3965 2413 4000 :
2440 3947 2566 4016 quia
2593 3947 2719 4004 licet
2743 3950 2955 4019 peccati
2993 3951 3215 4009 vulnere
3237 3962 3391 4009 natu-‘

1806 4050 1866 4089 ra
1892 4042 2076 4090 nostra
2121 4036 2191 4091 sit
2217 4037 2426 4102 vitiata,
2465 4038 2540 4093 tui
2572 4046 2751 4095 tamen
2781 4050 2864 4096 est
2889 4043 3068 4112 operis
3095 4054 3153 4098 ut
3185 4047 3391 4103 terreni

1807 4128 2075 4200 generati,
2096 4128 2166 4183 ad
2193 4127 2433 4185 ctelestia
2461 4145 2829 4187 renascamur.
2863 4133 2966 4189 Per
2996 4132 3202 4191 Christ.

2392 4260 2648 4302 DWINICA
2686 4261 2781 4321 xvt

1878 4332 1995 4407 (0.)
2036 4333 2266 4392 rEterne
2303 4332 2467 4390 Deus.
2512 4334 2615 4391 Per
2643 4334 2915 4392 Christum
2961 4336 3252 4394 Dominum
3294 4355 3390 4396 no-

1808 4435 2003 4481 strum.
2036 4424 2143 4493 Qui
2174 4425 2479 4482 mternitate
2508 4427 2802 4482 sacerdotii
2820 4427 2901 4481 sui
2924 4442 3114 4484 omnes
3141 4429 3245 4483 sibi
3269 4443 3389 4485 sera
3480 4423 3495 4437 ⁸

1737 4537 1784 4597 ι)
1812 4520 2019 4574 vientes
2029 4519 2334 4574 sanctiﬁcat
2353 4519 2682 4575 sacerdotes.
2706 4517 2973 4587 Quoniam
2993 4520 3203 4576 mortali
3226 4525 3395 4579 carnc'

1808 4609 2147 4674 circumdati,
2190 4609 2261 4662 ita
2292 4608 2623 4678 quotidianis
2666 4619 3013 4677 peccatorum
3054 4611 3393 4668 remissioni;

1806 4702 1908 4756 bus
1936 4701 2263 4772 indigemus,
2298 4707 2357 4754 ut
2386 4715 2495 4757 non
2524 4700 2702 4756 solum
2727 4715 2831 4771 pro
2851 4701 3066 4771 populo,
3088 4704 3183 4759 sed
3222 4705 3393 4761 etianr‘

1806 4810 1909 4866 pro
1946 4795 2104 4850 nobis
2146 4794 2390 4865 ejusdem
2426 4804 2481 4851 te
2504 4793 2784 4851 Pontiﬁcis
2806 4795 3027 4866 sanguis
3048 4803 3255 4853 exoret.
3287 4796 3397 4854 Per'

1809 4901 1992 4960 quem.-

2387 4985 2641 5036 ὺουιΝιεΑ
2676 4990 2810 5036 Im.

1880 5070 2110 5129 literne
2138 5073 2300 5129 Deus.
2321 5072 2389 5127 Et
2413 5080 2463 5127 te
2482 5072 2822 5128 incessanter
2848 5070 3084 5140 precari,
3114 5072 3311 5143 utqui,
3338 5072 3396 5129 ιε’

1812 5174 2053 5234 auctore,
2080 5165 2515 5230 subsistimus,te
2534 5164 2908 5236 dispensante,-
2925 5164 3224 5236 dirigamur
3245 5181 3259 5219 :
3278 5173 3393 5221 non‘

1812 5257 2016 5313 nastris
2064 5257 2313 5313 sensibus
2356 5256 2748 5328 relinquemur.
2793 5259 2888 5314 sed
2932 5255 3002 5311 ad
3034 5265 3140 5312 tute
3179 5257 3391 5315 reducti

1810 5358 2028 5423 semper
2056 5351 2328 5407 tramitem
2369 5350 2592 5418 veritas,
2639 5350 2756 5407 baac
2782 5349 3095 5406 studeamus
3127 5356 3392 5407 exercere

1810 5460 1929 5516 qum
1953 5444 2218 5516 praecipis,
2252 5451 2313 5499 ut
2339 5442 2612 5515 possimus
2637 5442 2779 5499 dona
2805 5442 3085 5515 percipere
3115 5457 3236 5514 qua:
3263 5450 3391 5513 pro-‘

1808 5538 2000 5595 mittis.
2035 5536 2139 5593 Per
2160 5536 2365 5594 Christ.

2003 5667 2159 5709 πειιλ
2198 5667 2251 5705 rv
2290 5650 2481 5707 usuer
2534 5665 2750 5709 SIP'Illﬂ
2786 5664 2853 5705 Αι)
2890 5664 2936 5706 s.
2974 5660 3204 5703 uanum.

1876 5744 2107 5823 Etcrnc
2131 5765 2290 5820 Deus.
2337 5762 2438 5831 Qtti
2461 5776 2560 5819 nos
2589 5764 2708 5820 ideo
2745 5761 2989 5819 Collectis
3002 5768 3160 5813 terra:
3190 5753 3384 5812 fruetivi
