3954 6342
501 306 612 370 903

1493 361 1498 368 φ
1536 304 1864 360 GlllMALDl
1908 304 2429 364 SANGALLENSIS
2465 308 2762 366 ABBATIS

3701 321 3801 378 90S

509 424 613 479 bus
638 432 736 491 per
776 417 1160 475 abstinentiam
1204 415 1300 470 tibi
1341 415 1542 487 gratias
1570 431 1734 488 agere
1764 415 2002 481 voluisti,
2033 425 2091 470 ut
2117 426 2162 482 Α
2193 433 2388 487 peras,
2439 437 2546 506 non
2598 433 2913 493 perpetuam
2955 441 3184 484 exerces
3230 430 3296 484 ad
3346 444 3588 501 poenam.
3648 434 3802 492 Iusto

511 531 581 571 ex
629 513 748 585 ipso
776 509 1076 568 devotionis
1121 522 1318 580 genere
1361 523 1711 585 nosceremus
1740 524 1847 563 non
1884 508 2000 563 haec
2029 509 2095 563 ad

511 581 924 661 exuberantiam
959 598 1292 670 corporalem
1323 598 1419 654 sed
1446 599 1514 654 ad
1539 581 1848 669 fragilitatis
1875 606 2092 652 susten-

515 697 770 752 tatiOnem
794 693 1120 764 percepisse.
1145 685 1217 746 Ut
1246 691 1387 761 quod
1411 705 1479 745 ex
1505 690 1590 745 his
1610 681 1825 759 parcius
1849 684 2091 744 sumere-

510 801 655 850 mus,
683 782 952 854 egentium
981 782 1269 851 proliceret
1299 779 1588 858 alimentis.
1627 779 1695 832 Et
1725 787 1786 832 ut
1833 777 2086 832 salutaris

511 867 793 946 castigatio
821 865 1168 928 mortalitatis
1207 862 1552 927 insolentiam
1582 864 1874 940 mitigaret,
1900 878 1954 923 et
1977 865 2094 938 pie-

512 974 598 1020 tas
619 964 890 1035 largitoris
937 978 1036 1018 nos
1059 973 1164 1018 tuae
1194 962 1510 1033 benignitati
1538 960 1946 1016 commendatos
1981 960 2094 1016 eiii-

510 1062 680 1110 ceret.
712 1053 912 1123 Sicque
948 1052 1115 1108 Donis
1144 1059 1425 1107 uteremur
1451 1050 1804 1118 transitoriis,
1832 1059 1893 1105 ut
1924 1050 2099 1106 disce-

509 1159 693 1201 remus
729 1145 940 1199 inhiare
977 1144 1274 1214 perpetuis.
1308 1129 1414 1197 Per
1458 1140 1663 1198 Christ.

576 1257 736 1314 rami
770 1259 823 1312 vi
861 1273 1112 1321 nonnon
1152 1272 1461 1321 TEMPORUM,
1502 1273 1570 1310 an
1599 1253 1673 1311 ss.
1704 1263 2026 1311 arusroms.

577 1351 810 1409 Eterne
854 1351 1017 1408 Deus.
1048 1345 1150 1419 Qui
1197 1353 1345 1423 justo
1380 1350 1580 1421 pioque
1629 1344 2018 1412 moderamine,
2044 1355 2099 1402 et

504 1460 607 1518 pro
632 1445 872 1516 peccatis
905 1443 1112 1514 ﬂagella
1141 1443 1370 1518 irrogas,
1415 1451 1469 1498 et
1495 1450 1617 1513 post
1641 1440 1849 1510 ﬂagella
1882 1437 2096 1494 veniam

505 1516 834 1610 propitiatus
885 1535 1183 1591 condonas.
1229 1516 1297 1589 Et
1337 1533 1689 1605 peceatorum
1724 1531 1889 1584 vitam
1915 1523 2097 1598 patius

505 1614 692 1686 volens
719 1629 882 1699 quam
914 1623 1163 1691 mortem,
1189 1641 1295 1681 non
1319 1641 1413 1680 eos
1444 1625 1512 1678 ad
1543 1623 1823 1678 interitum
1847 1615 2097 1676 condem-

505 1733 626 1784 nas,
658 1717 754 1774 sed
788 1725 849 1772 ut
875 1715 1240 1785 corrigantur,
1293 1713 1585 1769 miseratus
1632 1705 1936 1781 exspectas.
1990 1701 2094 1762 Per

506 1809 709 1867 Christ.

935 1902 1185 1971 stagno
1222 1897 1291 1953 A'o
1326 1913 1372 1953 s.
1415 1911 1652 1952 person.

572 1991 802 2050 Eterne‘
823 1977 987 2047 Deus.
1018 1991 1087 2046 Et
1124 1988 1220 2046 tibi
1259 1989 1600 2046 sanctiﬁca‘re
1636 1983 1902 2058 jejunium
1950 1981 2094 2057 quod

505 2090 606 2139 nos
651 2081 721 2138 ob
767 2081 1178 2136 aediﬁcationem
1222 2081 1526 2134 animarum
1574 2086 1630 2132 et
1680 2076 2093 2147 castigationem

503 2178 793 2248 corporum
837 2175 1059 2229 servare
1087 2173 1337 2228 docuisti.
1372 2171 1505 2240 Quia
1545 2170 1814 2225 restrictis
1852 2169 2094 2238 corpori-

501 2266 605 2322 bus
635 2265 831 2322 anima:
867 2263 1206 2335 saginantur,
1235 2263 1289 2316 in
1312 2277 1420 2332 quo
1445 2263 1607 2317 homo
1635 2270 1821 2317 noster
1841 2259 2094 2332 allligitur

501 2357 762 2422 exterior,
809 2356 1068 2412 dilatatur
1105 2355 1350 2410 interior.
1400 2352 1700 2418 Memento,
1749 2367 2088 2422 quaasumus,

501 2449 752 2514 Domine,
774 2444 1104 2518 jejuniorum
1131 2453 1439 2501 nostrorum
1461 2485 1475 2508 ,
1507 2453 1561 2498 et
1587 2444 2087 2500 misericordiarum

502 2549 740 2605 tuarum,
773 2553 912 2609 quas
937 2537 1312 2608 peccatoribus
1354 2537 1441 2606 pie
1469 2551 1686 2607 semper
1721 2535 2090 2607 jejunantibus‘

503 2630 779 2689 contulisti
807 2648 820 2684 :
853 2640 907 2684 et
936 2636 1130 2700 praesta
1154 2636 1212 2682 ut
1238 2644 1342 2683 non
1366 2628 1540 2683 solum
1565 2644 1594 2681 a
1619 2629 1774 2694 cibis,
1799 2628 1894 2684 sed
1916 2643 1945 2681 a
1966 2643 2092 2698 pec-

503 2724 640 2786 catis
686 2722 937 2779 omnibus
983 2721 1348 2783 abstinentes,
1394 2719 1700 2775 devotionis
1751 2719 1844 2774 tibi
1883 2717 2090 2792 jejunio

502 2815 830 2887 placeamus.
858 2813 964 2870 Per
993 2813 1290 2869 Christum.

1070 2940 1326 2982 DOMINICA
1364 2921 1516 2980 xvm.

573 3017 804 3073 Eterne
845 3017 1010 3072 Deus.
1042 3017 1178 3084 Quia
1215 3020 1338 3072 cum
1370 3016 1530 3070 laude
1560 3023 1745 3070 ucstra
1769 3013 1872 3070 nun
1895 3027 2086 3086 egeas;

505 3119 657 3181 grata
689 3110 785 3164 tibi
821 3118 998 3164 tamen
1025 3117 1108 3163 est
1135 3118 1348 3162 tuorum
1373 3107 1586 3162 devotio
1609 3107 1952 3160 famulorum.
1980 3105 2088 3161 Nec
2116 3144 2161 3204 Ο

504 3209 559 3255 te
587 3207 786 3270 augent
815 3207 998 3252 nostra
1046 3199 1312 3267 praeconia
1333 3239 1346 3263 ,
1379 3197 1473 3252 sed
1498 3197 1654 3252 nobis
1692 3196 1984 3266 proﬁciunt
2021 3196 2088 3251 ad

505 3289 754 3346 salutem.
781 3278 1048 3356 Quoniam
1076 3288 1215 3344 sicut
1239 3289 1439 3344 fontem
1462 3289 1588 3342 vitae
1604 3288 1900 3358 prmterire,
1926 3297 2089 3344 causa“

504 3382 769 3438 moriendi
798 3389 903 3448 est,
935 3381 1014 3436 sic
1042 3380 1232 3436 eodem
1266 3381 1469 3451 jugiter
1498 3380 1800 3436 redundare
1819 3417 1835 3442 ,
1866 3378 2091 3435 aﬂ‘eetus

502 3484 584 3533 est
615 3476 733 3532 sine
760 3475 865 3531 (ine
885 3474 1120 3530 vivendi.
1152 3473 1254 3528 Per
1273 3473 1580 3528 Dominum.

1090 3585 1344 3640 uomitum
1382 3600 1496 3638 xix;

574 3668 688 3752 (ϐ.)
725 3678 952 3734 Etet‘ne
975 3676 1134 3731 Deus.
1187 3674 1292 3729 Per
1329 3673 1604 3729 Christum
1651 3671 1941 3726 Dominum
1984 3687 2085 3726 no-

501 3781 692 3828 strum.
719 3771 822 3840 Qui
849 3770 980 3825 vicit
1008 3766 1282 3824 diabolum
1307 3774 1362 3821 et
1387 3767 1669 3829 mundum,
1703 3764 2086 3834 hominemque

502 3862 754 3932 paradiso
785 3859 1052 3923 restituit,
1083 3867 1139 3913 et.
1161 3858 1287 3912 vitae
1316 3856 1513 3928 januas
1556 3854 1900 3910 credentibus
1935 3862 2086 3924 pate-

503 3950 653 4009 fecit.
681 3951 789 4007 Per
812 3949 1111 4006 Christum.

1097 4069 1347 4113 DOIINICA
1384 4067 1475 4112 XX.

574 4150 689 4225 (ϐ.)
729 4149 952 4206 ΑΞιθτηθ
982 4144 1141 4204 Deus.
1172 4150 1239 4204 Et
1267 4159 1410 4203 tuam
1434 4148 1775 4220 maiestatem
1803 4139 2084 4204 humiliter

501 4241 790 4312 implorare
818 4249 877 4294 ut
903 4237 1058 4294 Jcsus
1081 4237 1328 4294 Christus
1348 4237 1518 4293 Filius
1545 4248 1667 4293 tuus
1694 4239 1953 4294 Dominus
1987 4255 2081 4293 no-

497 4342 612 4389 ster
630 4347 727 4388 sua
757 4346 855 4387 nos
889 4331 1067 4403 gratia
1105 4338 1350 4400 protegat
1393 4339 1449 4384 et
1491 4340 1795 4386 conservet.
1841 4331 1910 4385 Et
1955 4332 2078 4400 quia

425 4415 438 4428 ’
496 4425 613 4480 sine
637 4424 754 4494 ipso
779 4422 914 4477 nihil
943 4430 1092 4478 recte
1116 4420 1358 4477 valemus
1393 4419 1637 4487 ellicere,
1667 4422 1835 4491 ipsius
1857 4437 2079 4477 munere

2201 516 2432 579 utroque
2477 511 2827 590 misericors:
2859 516 2950 585 qui
2998 523 3098 574 nos
3145 533 3207 573 ea
3257 518 3372 592 lege
3419 523 3703 592 disponis,
3749 540 3804 582 ut

2201 596 2504 685 coercendo
2532 593 2586 658 in
2617 597 2882 660 :eternum
2912 609 3092 676 perire
3115 624 3224 664 non
3254 611 3420 678 sinas,
3444 623 3499 669 et
3519 620 3803 685 parcendo

2199 684 2433 764 spatium
2468 698 2676 770 tribuas
2705 699 3030 769 corrigendi.
3061 702 3162 769 Qui
3202 704 3324 760 ideo
3351 684 3800 779 malisiprazsen-

2201 786 2345 863 tibus
2376 803 2475 843 nos
2501 787 2758 860 ﬂagellas,
2792 801 2851 846 ut
2883 795 2951 848 ad
2978 795 3120 849 bona
3146 795 3327 851 futura
3353 801 3644 868 perducas.
3677 802 3802 857 Ideo

2199 877 2356 932 bonis
2381 882 2772 951 temporalibus
2799 886 3097 942 consolaris
3115 929 3129 954 ,
3160 897 3221 942 ut
3245 890 3310 944 de
3334 885 3694 963 sempiternis
3725 896 3801 949 fa-

2201 970 2316 1048 cias
2346 973 2644 1041 certiores;
2678 987 2889 1052 quote,
2919 964 2975 1034 et
3005 981 3056 1035 in
3087 984 3362 1052 prosperis
3381 1025 3396 1049 ,
3424 993 3479 1039 et
3516 987 3568 1041 in
3597 989 3798 1044 adver-

2201 1062 2299 1128 sis,
2329 1064 2414 1132 pia
2440 1080 2656 1136 semper
2679 1067 3020 1126 confessione
3042 1071 3344 1130 laudemus.
3362 1056 3466 1130 Per
3487 1062 3800 1135 Christum.

2201 1152 2307 1210 Per
2336 1170 2517 1226 quem.

2311 1338 2315 1340 _
2768 1288 3020 1331 nonnum
3061 1266 3218 1333 nui.

2273 1361 2503 1419 Eterne
2530 1364 2691 1420 Deus.
2725 1365 2789 1420 Et
2819 1382 2916 1422 nos
2955 1369 3298 1425 clementiam
3341 1381 3489 1428 tuam
3528 1374 3797 1446 supplici;

2200 1462 2287 1528 ter
2316 1471 2580 1522 exorare,
2607 1465 2666 1510 ut
2698 1456 2841 1513 ﬁlius
2887 1469 3011 1514 tuus
3040 1460 3200 1516 Jesus
3242 1462 3491 1520 Christus
3531 1465 3801 1522 Dominus

2199 1554 2417 1614 noster,
2446 1548 2537 1619 qui
2563 1563 2622 1604 se
2660 1564 2830 1618 usque
2862 1549 2916 1604 in
2957 1540 3121 1606 linem
3159 1553 3340 1619 steculi
3377 1555 3507 1624 suis.
3537 1542 3799 1624 promisit

2197 1636 2447 1693 ﬁdelibus
2476 1637 2808 1703 adfuturum,
2835 1648 2891 1694 et
2923 1633 3227 1712 przeseutiaa
3256 1644 3560 1714 corporalis
3590 1656 3800 1716 tum

2198 1728 2298 1782 riis
2323 1742 2430 1782 non
2463 1729 2712 1798 deserat,
2757 1745 2895 1799 quos
2939 1731 3202 1799 redemit,
3250 1742 3305 1789 et
3347 1732 3660 1804 maiestatis
3687 1754 3796 1794 suae

2124 1791 2168 1850 Β
2196 1817 2475 1873 beneﬁciis
2505 1833 2610 1873 non
2637 1791 2930 1890 relinquat.
2955 1819 3059 1876 Per
3079 1791 3260 1891 quem.

2770 1945 3025 1986 DODIINICA
3065 1947 3215 1986 XXIV.

2263 2019 2420 2092 (Μελ)
2446 2020 2551 2076 Per
2567 2018 2843 2077 Christum
2865 2023 3152 2078 Dominum
3186 2034 3452 2081 nostrum.
3479 2026 3591 2083 Per
3628 2043 3792 2101 quem

2193 2120 2440 2167 sanetum
2459 2119 2514 2166 et
2535 2112 2876 2168 benedictum
2903 2128 3097 2169 nomen
3119 2115 3422 2186 majestatis
3446 2129 3557 2174 tuae
3585 2121 3786 2192 ubique

2193 2213 2505 2270 veneratur,
2537 2205 2816 2269 adoratur,
2857 2207 3187 2276 praedicatur
3233 2217 3288 2264 et
3329 2210 3550 2266 colitur.
3578 2212 3685 2280 Qui
3716 2226 3794 2269 est

2192 2295 2345 2366 origo
2371 2294 2584 2362 salutis,
2615 2295 2700 2349 via
2733 2297 2953 2352 virtutis
2975 2338 2990 2364 ,
3033 2307 3090 2353 et
3137 2307 3240 2354 tuae
3267 2301 3591 2372 propitiatio
3626 2304 3795 2374 maje-

2193 2386 2372 2440 statis.

2338 2548 2342 2552 ⁵
2794 2495 3048 2538 ΒΟΠΙΝΙΟΛ
3083 2499 3211 2539 τιν.

2266 2569 2421 2642 (Μδ.)
2462 2569 2687 2627 ,Ειετηθ
2714 2571 2879 2628 Deus.
2910 2574 3079 2646 Cujus
3104 2586 3190 2632 est
3215 2580 3397 2648 operis
3420 2580 3568 2652 quod
3592 2585 3796 2639 conditi

2193 2677 2409 2728 sumus;
2453 2665 2713 2730 muneris,
2742 2666 2885 2735 quod
2920 2667 3184 2735 vivimus;
3230 2673 3481 2741 pietatis,
3511 2677 3662 2744 quod
3707 2686 3793 2730 tua

2191 2768 2321 2822 erga
2360 2769 2459 2808 nos
2505 2755 2643 2810 dona
2676 2759 3070 2826 cognoscimus.
3103 2761 3360 2828 Quamvis
3401 2766 3553 2820 enim
3596 2775 3788 2821 natura

2192 2854 2377 2900 nostra
2409 2848 2610 2916 peccati
2647 2851 2832 2904 vitiata
2859 2852 3196 2917 sitvulnere,
3247 2869 3276 2907 a
3324 2858 3564 2921 terrenis
3609 2866 3790 2914 tamen

2192 2936 2259 2990 ad
2282 2937 2523 2992 cmicstia
2552 2941 2868 2998 provehitur
2894 2951 2984 2996 tuo
3012 2943 3363 3000 inenarrabili
3390 2961 3643 3002 munere.

2764 3072 3018 3112 DOMINICA
3056 3074 3206 3113 XXVI.

2266 3143 2420 3218 (Με.)
2461 3145 2685 3201 ,λΕιθι-ιιθ
2707 3147 2869 3202 Deus.
2901 3149 2968 3202 Et
2993 3151 3089 3205 tibi
3122 3151 3330 3206 debitas
3353 3150 3549 3206 laudes
3580 3155 3672 3222 pio
3699 3155 3785 3207 ho-

2195 3253 2327 3294 nore
2366 3237 2598 3302 deferre,
2649 3248 2705 3293 et
2751 3239 3080 3295 mirabilium
3129 3251 3343 3297 tuorum
3393 3244 3782 3301 inenarrabilis

2192 3330 2461 3399 praeconia
2505 3332 2712 3384 devota:
2741 3332 2938 3386 mentis
2965 3335 3317 3390 veneratione
3356 3336 3671 3407 celebrare;
3706 3349 3780 3393 te-

2194 3432 2299 3486 que
2324 3417 2648 3472 inetl‘abilem
2681 3428 2736 3472 et
2766 3419 3095 3477 invisibilem
3124 3424 3293 3478 Deum
3319 3424 3544 3481 laudare
3565 3468 3580 3493 ,
3621 3426 3782 3482 bene-

2193 3506 2397 3576 dicere,
2424 3507 2671 3562 adorare.

2485 3631 2737 3676 DOtthICA
2775 3638 2806 3676 v
2845 3633 2982 3678 ANTE
3019 3639 3228 3680 mnu:
3270 3631 3482 3682 unum."

2262 3730 2374 3806 (6.)
2411 3732 2639 3789 Aiterne
2688 3735 2848 3790 Deus.
2895 3735 3232 3806 Majestatem
3273 3749 3421 3795 tuam
3467 3743 3782 3813 suppliciter

2189 3826 2542 3897 depreCantes
2567 3836 2644 3892 ut,
2667 3827 2906 3899 expulsis
2927 3825 3134 3900 azymis
3159 3833 3466 3898 vetustatis,
3489 3835 3638 3891 illius
3658 3837 3782 3906 agni

2187 3919 2312 3974 cum
2338 3919 2600 3972 satiemur
2638 3929 2692 3974 et
2723 3919 2946 3988 poculo,
2975 3921 3066 3989 qui
3109 3928 3163 3975 et
3201 3925 3445 3977 nostram
3492 3925 3779 3998 imaginem

2187 4011 2489 4079 reparavit,
2532 4018 2586 4062 et
2629 4025 2784 4064 suam
2807 4009 2964 4065 nobis
2989 4007 3219 4080 gratiam
3261 4014 3602 4084 repromisit,
3629 4015 3786 4073 Jesus

2185 4098 2429 4154 Christus
2457 4098 2714 4154 Dominus
2745 4108 2949 4155 noster.
2979 4099 3083 4155 Per
3113 4115 3296 4170 quem.

2911 4213 3053 4268 Alia.

2220 4402 2224 4406 '
2259 4306 2414 4399 (ΑΒ.)
2445 4304 2549 4381 Per
2573 4325 2850 4381 Christum
2882 4320 3169 4382 Deminu‘m
3202 4315 3469 4383 nostrum.
3499 4329 3668 4400 Cujus
3687 4347 3781 4403 ρει

2187 4420 2349 4474 timus
2375 4419 2534 4489 primi
2554 4420 2816 4472 adventus
2842 4419 3155 4488 mysterium
3181 4419 3253 4472 ita
3279 4417 3451 4474 facias
3478 4438 3580 4476 nos
3601 4424 3775 4494 dignis

493 4515 800 4586 capiamus,
851 4523 912 4569 ut
964 4513 1062 4570 tibi
1110 4526 1326 4584 semper
1370 4511 1587 4584 placere
1635 4512 1928 4584 possimus.
1978 4512 2084 4568 Per
2115 4502 2158 4560 ἰ)
2189 4511 2440 4566 laudibus
2484 4519 2538 4565 et
2583 4508 2770 4564 ofﬁciis
2800 4510 3097 4576 celebrare,
3130 4523 3563 4582 prmseutemque
3609 4517 3775 4570 vitam

493 4621 675 4678 quem.

1080 4712 1333 4754 D‘OIIINICA
1369 4714 1483 4753 XXI.

561 4787 677 4860 (ϐ.)
704 4788 932 4844 Αἰνιετηθ
955 4788 1117 4844 Deus.-
1143 4790 1210 4844 Et
1240 4790 1558 4859 suppliciter
1586 4792 1816 4846 exorare
1834 4810 1855 4855 ,'
1891 4797 1952 4843 ut
2001 4789 2080 4845 sic

489 4898 590 4940 nos
617 4883 772 4938 bonis
801 4882 906 4936 tuis
941 4882 1176 4937 instruas
1199 4883 1571 4952 sempiternis,
1598 4892 1656 4937 ut
1686 4881 2073 4952 temporalibus

488 4991 704 5045 quoque
745 4973 1012 5029 consolari
1052 4974 1310 5043 digneris.
1351 4973 1442 5030 Sic
1467 4975 1827 5044 prazsentibus
1856 4972 2069 5038 refove,

489 5077 548 5123 ut
572 5067 640 5124 ad
666 5067 859 5139 gaudia
886 5079 983 5120 nos
1014 5080 1265 5122 mansura
1306 5067 1591 5139 perducas.
1627 5069 1734 5126 Per
1771 5067 2071 5124 Christum.

1069 5179 1320 5233 no‘mmca
1361 5193 1498 5233 χχιι.

557 5286 784 5343 ,λειω-ηε
810 5282 968 5343 Deus.
997 5283 1098 5355 Qui
1127 5297 1410 5359 propterea
1435 5288 1559 5359 jure
1594 5287 1754 5359 punis
1788 5286 2068 5354 errantes,

485 5387 542 5435 et
567 5378 858 5433 clementer
886 5377 1096 5435 refoves
1123 5378 1436 5450 castigatos,
1468 5387 1528 5433 ut
1560 5379 1661 5434 nos
1688 5394 1718 5432 a
1747 5379 1906 5436 malis
1938 5391 2074 5451 ope-‘

486 5463 637 5526 ribus
664 5454 968 5535 abstrahas‘,
995 5465 1048 5525 et
1069 5472 1134 5524 a'd
1156 5471 1293 5526 bona
1321 5456 1569 5526 facienda
1595 5479 1880 5528 convertas
1905 5490 1917 5526 :
1943 5470 2068 5542 quia

487 5578 589 5616 non
622 5561 703 5617 vis
729 5561 971 5618 invenire
999 5563 1140 5634 quod
1171 5563 1416 5628 damnes,
1448 5563 1541 5618 sed
1573 5563 1692 5619 esse
1717 5557 1898 5633 potius
1924 5553 2073 5634 quod‘

484 5665 730 5710 corones.
756 5652 856 5722 Qui
886 5670 1008 5711 cum
1036 5662 1136 5726 pro
1166 5655 1370 5711 nostris
1393 5656 1604 5711 meritis
1624 5654 1829 5728 jugiter
1853 5666 2066 5713 merea-

483 5748 606 5799 mu‘r
628 5742 812 5817 atlligi,
844 5753 898 5801 tu
933 5753 1112 5802 tamen
1139 5744 1406 5813 judicium
1425 5746 1492 5801 ad
1513 5747 1909 5805 cerrectionem
1933 5757 2067 5804 tem-

2188 4601 2564 4672 ineulpahilem
2589 4601 2806 4667 ducere,
2839 4599 2900 4657 u't
2925 4603 3216 4657 secundum
3259 4601 3538 4662 valeamus
3583 4608 3778 4679 imper—

2189 4688 2361 4748 territi
2388 4692 2719 4762 exspectare.

2468 4802 2721 4863 hostium
2762 4824 2814 4862 ιν
2852 4824 2990 4864 ANTE
3030 4825 3237 4863 suam
3279 4825 3485 4866 ιδοιιιΝι.

2257 4919 2412 4991 (Με.)
2448 4919 2676 4975 Ᾱίιθτηθ
2709 4919 2869 4975 Deus.
2914 4918 3010 4974 Cui
3059 4920 3337 4989 praprium
3380 4931 3466 4977 est
3506 4938 3573 4979 ac
3599 4927 3780 4996 singu.

2185 5011 2297 5065 lare
2339 5013 2483 5081 quod
2525 5011 2699 5065 bonus
2743 5026 2841 5076 es;
2867 5020 2922 5064 et
2948 5010 3091 5064 nulla
3121 5025 3358 5079 unquam
3386 5028 3416 5066 a
3451 5022 3504 5069 te
3531 5030 3596 5070 es
3624 5031 3778 5071 com-

2185 5103 2483 5156 mutatione
2521 5100 2787 5156 diversus.
2829 5101 3168 5170 Propitiare,
3197 5116 3532 5169 quaesumus,
3563 5107 3775 5176 suppli-

2182 5195 2486 5249 cationibus
2518 5194 2744 5259 nostris,
2791 5201 2847 5247 et
2883 5193 3139 5248 Ecclesia:
3182 5201 3289 5247 tua:
3337 5195 3772 5252 misericordiam

2179 5296 2358 5352 tuam,
2391 5302 2552 5357 quam
2600 5297 2877 5360 precatur,
2926 5287 3169 5340 ostende.
3225 5286 3581 5344 Manifestans
3626 5291 3776 5362 plebi

2176 5389 2307 5446 tua),
2333 5388 2390 5434 et
2418 5378 2806 5434 incarnationis
2837 5379 3152 5449 mysterium
3172 5418 3187 5441 ,
3225 5387 3273 5432 et
3303 5365 3572 5454 adventus
3597 5380 3766 5455 admi-

2177 5471 2350 5524 rabile
2381 5459 2810 5544 sacramentum,
2863 5476 2923 5522 ut
2969 5468 3022 5523 in
3073 5468 3431 5523 universitate
3477 5469 3770 5526 nationum

2175 5571 2386 5620 constet
2429 5579 2549 5619 esse
2591 5563 2927 5637 perfectum,
2961 5562 3105 5632 qnoJ
3143 5570 3325 5640 vatum
3374 5545 3616 5618 oraculis
3663 5561 3768 5616 fuit

2173 5666 2300 5726 ante
2325 5657 2679 5728 promissum,
2705 5658 3119 5732 percipiantque
3157 5657 3477 5728 dignitatem
3509 5657 3769 5728 adoptio;

2175 5751 2276 5812 nis,
2311 5761 2446 5816 quos
2471 5759 2693 5803 exornat
2732 5747 3004 5804 confessio
3039 5749 3308 5803 veritatis.»
