  <div class='ocr_page' id='page_1' title='image "/cluster/home/n/w/nwhite01/storage/ocr_20150623/121/hvd.32044015471642/458.png"; bbox 0 0 3954 6342; ppageno 0'>
   <div class='ocr_carea' id='block_1_1' title="bbox 123 392 230 455">
    <p class='ocr_par' dir='ltr' id='par_1_1' title="bbox 123 392 230 455">
     <span class='ocr_line' id='line_1_1' title="bbox 123 392 230 455; baseline 0.009 -1"><span class='ocrx_word' id='word_1_1' title='bbox 123 392 230 455; x_wconf 74' lang='grc'>’905</span> 
     </span>
    </p>
   </div>
   <div class='ocr_carea' id='block_1_2' title="bbox 394 521 1413 564">
    <p class='ocr_par' dir='ltr' id='par_1_2' title="bbox 394 521 1413 564">
     <span class='ocr_line' id='line_1_2' title="bbox 394 521 1413 564; baseline 0 0"><span class='ocrx_word' id='word_1_2' title='bbox 394 521 644 564; x_wconf 73' lang='lat' dir='ltr'><strong>DOIINICA</strong></span> <span class='ocrx_word' id='word_1_3' title='bbox 683 523 743 562; x_wconf 89' lang='lat' dir='ltr'><strong>III</strong></span> <span class='ocrx_word' id='word_1_4' title='bbox 781 523 919 561; x_wconf 78' lang='lat' dir='ltr'><strong>ANTE</strong></span> <span class='ocrx_word' id='word_1_5' title='bbox 959 523 1167 562; x_wconf 73' lang='lat' dir='ltr'><strong>NA&#39;I&#39;ALE</strong></span> <span class='ocrx_word' id='word_1_6' title='bbox 1206 524 1413 564; x_wconf 73' lang='lat' dir='ltr'><strong>DOMINI.</strong></span> 
     </span>
    </p>
   </div>
   <div class='ocr_carea' id='block_1_3' title="bbox 206 597 1697 675">
    <p class='ocr_par' dir='ltr' id='par_1_3' title="bbox 206 597 1697 675">
     <span class='ocr_line' id='line_1_3' title="bbox 206 597 1697 675; baseline -0.001 -18"><span class='ocrx_word' id='word_1_7' title='bbox 206 600 347 675; x_wconf 69' lang='grc' dir='ltr'><strong>(ιιι.)</strong></span> <span class='ocrx_word' id='word_1_8' title='bbox 387 597 610 654; x_wconf 57' lang='lat' dir='ltr'><strong>[literne</strong></span> <span class='ocrx_word' id='word_1_9' title='bbox 637 598 796 653; x_wconf 90' lang='lat' dir='ltr'><strong>Deus.</strong></span> <span class='ocrx_word' id='word_1_10' title='bbox 823 597 924 666; x_wconf 89' lang='lat' dir='ltr'><strong>Qui</strong></span> <span class='ocrx_word' id='word_1_11' title='bbox 954 607 1046 653; x_wconf 94' lang='lat' dir='ltr'><strong>tuo</strong></span> <span class='ocrx_word' id='word_1_12' title='bbox 1081 599 1426 656; x_wconf 82' lang='lat' dir='ltr'><strong>inenarrabili</strong></span> <span class='ocrx_word' id='word_1_13' title='bbox 1475 615 1697 656; x_wconf 89' lang='lat' dir='ltr'><strong>munere</strong></span> 
     </span>
    </p>
   </div>
   <div class='ocr_carea' id='block_1_4' title="bbox 138 690 1698 770">
    <p class='ocr_par' dir='ltr' id='par_1_4' title="bbox 138 690 1698 770">
     <span class='ocr_line' id='line_1_4' title="bbox 138 690 1698 770; baseline -0.002 -18"><span class='ocrx_word' id='word_1_14' title='bbox 138 690 422 770; x_wconf 69' lang='lat' dir='ltr'><strong>pmstitisti</strong></span> <span class='ocrx_word' id='word_1_15' title='bbox 436 699 492 746; x_wconf 94' lang='lat' dir='ltr'><strong>ut</strong></span> <span class='ocrx_word' id='word_1_16' title='bbox 511 699 700 746; x_wconf 88' lang='lat' dir='ltr'><strong>natura</strong></span> <span class='ocrx_word' id='word_1_17' title='bbox 717 691 948 746; x_wconf 89' lang='lat' dir='ltr'><strong>humana</strong></span> <span class='ocrx_word' id='word_1_18' title='bbox 968 691 1033 746; x_wconf 93' lang='lat' dir='ltr'><strong>ad</strong></span> <span class='ocrx_word' id='word_1_19' title='bbox 1047 692 1452 749; x_wconf 74' lang='lat' dir='ltr'><strong>similitudinem</strong></span> <span class='ocrx_word' id='word_1_20' title='bbox 1469 695 1546 748; x_wconf 91' lang='lat' dir='ltr'><strong>tui</strong></span> <span class='ocrx_word' id='word_1_21' title='bbox 1571 709 1698 749; x_wconf 87' lang='lat' dir='ltr'><strong>con-</strong></span> 
     </span>
    </p>
   </div>
   <div class='ocr_carea' id='block_1_5' title="bbox 140 782 1694 853">
    <p class='ocr_par' dir='ltr' id='par_1_5' title="bbox 140 782 1694 853">
     <span class='ocr_line' id='line_1_5' title="bbox 140 782 1694 853; baseline -0.003 -9"><span class='ocrx_word' id='word_1_22' title='bbox 140 787 263 851; x_wconf 90' lang='lat' dir='ltr'><strong>dita,</strong></span> <span class='ocrx_word' id='word_1_23' title='bbox 291 782 563 839; x_wconf 88' lang='lat' dir='ltr'><strong>dissimilis</strong></span> <span class='ocrx_word' id='word_1_24' title='bbox 587 797 685 853; x_wconf 90' lang='lat' dir='ltr'><strong>per</strong></span> <span class='ocrx_word' id='word_1_25' title='bbox 715 791 994 852; x_wconf 88' lang='lat' dir='ltr'><strong>peccatum</strong></span> <span class='ocrx_word' id='word_1_26' title='bbox 1018 791 1072 837; x_wconf 91' lang='lat' dir='ltr'><strong>et</strong></span> <span class='ocrx_word' id='word_1_27' title='bbox 1096 791 1325 839; x_wconf 88' lang='lat' dir='ltr'><strong>mortem</strong></span> <span class='ocrx_word' id='word_1_28' title='bbox 1357 783 1569 850; x_wconf 83' lang='lat' dir='ltr'><strong>etl‘ecta,</strong></span> <span class='ocrx_word' id='word_1_29' title='bbox 1599 800 1694 840; x_wconf 89' lang='lat' dir='ltr'><strong>ne—</strong></span> 
     </span>
    </p>
   </div>
   <div class='ocr_carea' id='block_1_6' title="bbox 137 875 1699 950">
    <p class='ocr_par' dir='ltr' id='par_1_6' title="bbox 137 875 1699 950">
     <span class='ocr_line' id='line_1_6' title="bbox 137 875 1699 950; baseline 0.001 -17"><span class='ocrx_word' id='word_1_30' title='bbox 137 891 387 950; x_wconf 85' lang='lat' dir='ltr'><strong>quaquam</strong></span> <span class='ocrx_word' id='word_1_31' title='bbox 418 875 470 930; x_wconf 90' lang='lat' dir='ltr'><strong>in</strong></span> <span class='ocrx_word' id='word_1_32' title='bbox 504 882 702 929; x_wconf 74' lang='lat' dir='ltr'><strong>:rterna</strong></span> <span class='ocrx_word' id='word_1_33' title='bbox 743 875 1088 931; x_wconf 77' lang='lat' dir='ltr'><strong>damnatione</strong></span> <span class='ocrx_word' id='word_1_34' title='bbox 1131 875 1364 947; x_wconf 88' lang='lat' dir='ltr'><strong>periret;</strong></span> <span class='ocrx_word' id='word_1_35' title='bbox 1415 879 1508 934; x_wconf 88' lang='lat' dir='ltr'><strong>sed</strong></span> <span class='ocrx_word' id='word_1_36' title='bbox 1555 879 1699 934; x_wconf 89' lang='lat' dir='ltr'><strong>unde</strong></span> 
     </span>
    </p>
   </div>
   <div class='ocr_carea' id='block_1_7' title="bbox 138 969 1699 1040">
    <p class='ocr_par' dir='ltr' id='par_1_7' title="bbox 138 969 1699 1040">
     <span class='ocr_line' id='line_1_7' title="bbox 138 969 1699 1040; baseline 0.001 -16"><span class='ocrx_word' id='word_1_37' title='bbox 138 975 402 1040; x_wconf 87' lang='lat' dir='ltr'><strong>peccatum</strong></span> <span class='ocrx_word' id='word_1_38' title='bbox 441 974 496 1021; x_wconf 93' lang='lat' dir='ltr'><strong>et</strong></span> <span class='ocrx_word' id='word_1_39' title='bbox 533 974 762 1022; x_wconf 87' lang='lat' dir='ltr'><strong>mortem</strong></span> <span class='ocrx_word' id='word_1_40' title='bbox 805 976 1184 1035; x_wconf 82' lang='lat' dir='ltr'><strong>contraxerat,</strong></span> <span class='ocrx_word' id='word_1_41' title='bbox 1227 969 1351 1025; x_wconf 90' lang='lat' dir='ltr'><strong>inde</strong></span> <span class='ocrx_word' id='word_1_42' title='bbox 1387 969 1550 1024; x_wconf 88' lang='lat' dir='ltr'><strong>vitam</strong></span> <span class='ocrx_word' id='word_1_43' title='bbox 1594 979 1699 1026; x_wconf 72' lang='lat' dir='ltr'><strong>tua:</strong></span> 
     </span>
    </p>
   </div>
   <div class='ocr_carea' id='block_1_8' title="bbox 134 1057 1698 1132">
    <p class='ocr_par' dir='ltr' id='par_1_8' title="bbox 134 1057 1698 1132">
     <span class='ocr_line' id='line_1_8' title="bbox 134 1057 1698 1132; baseline 0.001 -19"><span class='ocrx_word' id='word_1_44' title='bbox 134 1059 339 1131; x_wconf 91' lang='lat' dir='ltr'><strong>pietatis</strong></span> <span class='ocrx_word' id='word_1_45' title='bbox 393 1057 730 1113; x_wconf 86' lang='lat' dir='ltr'><strong>immensitas</strong></span> <span class='ocrx_word' id='word_1_46' title='bbox 781 1068 1094 1129; x_wconf 87' lang='lat' dir='ltr'><strong>repararet;</strong></span> <span class='ocrx_word' id='word_1_47' title='bbox 1138 1069 1193 1115; x_wconf 91' lang='lat' dir='ltr'><strong>et</strong></span> <span class='ocrx_word' id='word_1_48' title='bbox 1251 1061 1487 1132; x_wconf 63' lang='lat' dir='ltr'><strong>antiqua:</strong></span> <span class='ocrx_word' id='word_1_49' title='bbox 1532 1061 1698 1132; x_wconf 81' lang='lat' dir='ltr'><strong>virgi-</strong></span> 
     </span>
    </p>
   </div>
   <div class='ocr_carea' id='block_1_9' title="bbox 115 1150 1695 1223">
    <p class='ocr_par' dir='ltr' id='par_1_9' title="bbox 115 1150 1695 1223">
     <span class='ocr_line' id='line_1_9' title="bbox 115 1150 1695 1223; baseline -0.001 -14"><span class='ocrx_word' id='word_1_50' title='bbox 115 1153 213 1210; x_wconf 77' lang='lat' dir='ltr'><strong>&#39;nis</strong></span> <span class='ocrx_word' id='word_1_51' title='bbox 233 1150 454 1215; x_wconf 76' lang='lat' dir='ltr'><strong>facinus,</strong></span> <span class='ocrx_word' id='word_1_52' title='bbox 482 1165 617 1204; x_wconf 90' lang='lat' dir='ltr'><strong>nova</strong></span> <span class='ocrx_word' id='word_1_53' title='bbox 653 1161 712 1206; x_wconf 90' lang='lat' dir='ltr'><strong>et</strong></span> <span class='ocrx_word' id='word_1_54' title='bbox 739 1150 1054 1206; x_wconf 86' lang='lat' dir='ltr'><strong>intemerata</strong></span> <span class='ocrx_word' id='word_1_55' title='bbox 1096 1152 1246 1222; x_wconf 89' lang='lat' dir='ltr'><strong>virgo</strong></span> <span class='ocrx_word' id='word_1_56' title='bbox 1291 1151 1456 1206; x_wconf 85' lang='lat' dir='ltr'><strong>Maria</strong></span> <span class='ocrx_word' id='word_1_57' title='bbox 1500 1154 1695 1223; x_wconf 87' lang='lat' dir='ltr'><strong>piaret.</strong></span> 
     </span>
    </p>
   </div>
   <div class='ocr_carea' id='block_1_10' title="bbox 135 1239 1700 1312">
    <p class='ocr_par' dir='ltr' id='par_1_10' title="bbox 135 1239 1700 1312">
     <span class='ocr_line' id='line_1_10' title="bbox 135 1239 1700 1312; baseline 0.001 -16"><span class='ocrx_word' id='word_1_58' title='bbox 135 1242 255 1310; x_wconf 72' lang='lat' dir='ltr'><strong>Quae</strong></span> <span class='ocrx_word' id='word_1_59' title='bbox 285 1241 351 1295; x_wconf 91' lang='lat' dir='ltr'><strong>ab</strong></span> <span class='ocrx_word' id='word_1_60' title='bbox 387 1239 579 1310; x_wconf 90' lang='lat' dir='ltr'><strong>angelo</strong></span> <span class='ocrx_word' id='word_1_61' title='bbox 615 1239 869 1307; x_wconf 90' lang='lat' dir='ltr'><strong>salutata,</strong></span> <span class='ocrx_word' id='word_1_62' title='bbox 916 1241 985 1296; x_wconf 90' lang='lat' dir='ltr'><strong>ab</strong></span> <span class='ocrx_word' id='word_1_63' title='bbox 1032 1241 1233 1312; x_wconf 85' lang='lat' dir='ltr'><strong>Spiritu</strong></span> <span class='ocrx_word' id='word_1_64' title='bbox 1286 1251 1472 1297; x_wconf 88' lang='lat' dir='ltr'><strong>sancto</strong></span> <span class='ocrx_word' id='word_1_65' title='bbox 1512 1243 1700 1298; x_wconf 89' lang='lat' dir='ltr'><strong>obum-</strong></span> 
     </span>
    </p>
   </div>
   <div class='ocr_carea' id='block_1_11' title="bbox 134 1331 1699 1403">
    <p class='ocr_par' dir='ltr' id='par_1_11' title="bbox 134 1331 1699 1403">
     <span class='ocr_line' id='line_1_11' title="bbox 134 1331 1699 1403; baseline -0.001 -14"><span class='ocrx_word' id='word_1_66' title='bbox 134 1335 300 1396; x_wconf 88' lang='lat' dir='ltr'><strong>brata,</strong></span> <span class='ocrx_word' id='word_1_67' title='bbox 333 1331 478 1386; x_wconf 92' lang='lat' dir='ltr'><strong>illum</strong></span> <span class='ocrx_word' id='word_1_68' title='bbox 518 1332 740 1403; x_wconf 89' lang='lat' dir='ltr'><strong>gignere</strong></span> <span class='ocrx_word' id='word_1_69' title='bbox 775 1333 990 1398; x_wconf 85' lang='lat' dir='ltr'><strong>meruit,</strong></span> <span class='ocrx_word' id='word_1_70' title='bbox 1032 1333 1123 1402; x_wconf 87' lang='lat' dir='ltr'><strong>qui</strong></span> <span class='ocrx_word' id='word_1_71' title='bbox 1172 1343 1365 1388; x_wconf 90' lang='lat' dir='ltr'><strong>cuncta</strong></span> <span class='ocrx_word' id='word_1_72' title='bbox 1409 1333 1556 1388; x_wconf 88' lang='lat' dir='ltr'><strong>nasci</strong></span> <span class='ocrx_word' id='word_1_73' title='bbox 1600 1349 1699 1388; x_wconf 94' lang='lat' dir='ltr'><strong>suo</strong></span> 
     </span>
    </p>
   </div>
   <div class='ocr_carea' id='block_1_12' title="bbox 133 1420 1699 1494">
    <p class='ocr_par' dir='ltr' id='par_1_12' title="bbox 133 1420 1699 1494">
     <span class='ocr_line' id='line_1_12' title="bbox 133 1420 1699 1494; baseline 0.001 -17"><span class='ocrx_word' id='word_1_74' title='bbox 133 1432 253 1478; x_wconf 91' lang='lat' dir='ltr'><strong>nutu</strong></span> <span class='ocrx_word' id='word_1_75' title='bbox 302 1421 587 1477; x_wconf 88' lang='lat' dir='ltr'><strong>concessit.</strong></span> <span class='ocrx_word' id='word_1_76' title='bbox 637 1420 766 1488; x_wconf 67' lang='lat' dir='ltr'><strong>Quae</strong></span> <span class='ocrx_word' id='word_1_77' title='bbox 809 1424 1108 1477; x_wconf 78' lang='lat' dir='ltr'><strong>mirabatur</strong></span> <span class='ocrx_word' id='word_1_78' title='bbox 1156 1431 1211 1477; x_wconf 90' lang='lat' dir='ltr'><strong>et</strong></span> <span class='ocrx_word' id='word_1_79' title='bbox 1271 1425 1515 1494; x_wconf 90' lang='lat' dir='ltr'><strong>corporis</strong></span> <span class='ocrx_word' id='word_1_80' title='bbox 1560 1425 1699 1479; x_wconf 88' lang='lat' dir='ltr'><strong>inte-</strong></span> 
     </span>
    </p>
   </div>
   <div class='ocr_carea' id='block_1_13' title="bbox 131 1513 1699 1586">
    <p class='ocr_par' dir='ltr' id='par_1_13' title="bbox 131 1513 1699 1586">
     <span class='ocr_line' id='line_1_13' title="bbox 131 1513 1699 1586; baseline 0.002 -18"><span class='ocrx_word' id='word_1_81' title='bbox 131 1515 388 1584; x_wconf 84' lang='lat' dir='ltr'><strong>gritatem,</strong></span> <span class='ocrx_word' id='word_1_82' title='bbox 430 1523 487 1570; x_wconf 90' lang='lat' dir='ltr'><strong>et</strong></span> <span class='ocrx_word' id='word_1_83' title='bbox 524 1522 818 1584; x_wconf 90' lang='lat' dir='ltr'><strong>conceptus</strong></span> <span class='ocrx_word' id='word_1_84' title='bbox 864 1513 1278 1580; x_wconf 78' lang='lat' dir='ltr'><strong>fecunditatem,</strong></span> <span class='ocrx_word' id='word_1_85' title='bbox 1324 1516 1699 1586; x_wconf 86' lang='lat' dir='ltr'><strong>gaudebatque</strong></span> 
     </span>
    </p>
   </div>
   <div class='ocr_carea' id='block_1_14' title="bbox 130 1605 1696 1678">
    <p class='ocr_par' dir='ltr' id='par_1_14' title="bbox 130 1605 1696 1678">
     <span class='ocr_line' id='line_1_14' title="bbox 130 1605 1696 1678; baseline 0.001 -16"><span class='ocrx_word' id='word_1_86' title='bbox 130 1623 274 1662; x_wconf 91' lang='lat' dir='ltr'><strong>suum</strong></span> <span class='ocrx_word' id='word_1_87' title='bbox 301 1607 543 1676; x_wconf 87' lang='lat' dir='ltr'><strong>paritura</strong></span> <span class='ocrx_word' id='word_1_88' title='bbox 581 1615 860 1678; x_wconf 88' lang='lat' dir='ltr'><strong>parentem</strong></span> <span class='ocrx_word' id='word_1_89' title='bbox 894 1605 1076 1662; x_wconf 76' lang='lat' dir='ltr'><strong>Iesum</strong></span> <span class='ocrx_word' id='word_1_90' title='bbox 1103 1606 1378 1663; x_wconf 88' lang='lat' dir='ltr'><strong>Christum</strong></span> <span class='ocrx_word' id='word_1_91' title='bbox 1410 1605 1696 1664; x_wconf 92' lang='lat' dir='ltr'><strong>Dominum</strong></span> 
     </span>
    </p>
   </div>
   <div class='ocr_carea' id='block_1_15' title="bbox 129 1705 386 1754">
    <p class='ocr_par' dir='ltr' id='par_1_15' title="bbox 129 1705 386 1754">
     <span class='ocr_line' id='line_1_15' title="bbox 129 1705 386 1754; baseline -0.004 -2"><span class='ocrx_word' id='word_1_92' title='bbox 129 1705 386 1754; x_wconf 73' lang='grc' dir='ltr'><strong>υοδιτυω.</strong></span> 
     </span>
    </p>
   </div>
   <div class='ocr_carea' id='block_1_16' title="bbox 419 1825 1408 1867">
    <p class='ocr_par' dir='ltr' id='par_1_16' title="bbox 419 1825 1408 1867">
     <span class='ocr_line' id='line_1_16' title="bbox 419 1825 1408 1867; baseline 0 -2"><span class='ocrx_word' id='word_1_93' title='bbox 419 1825 673 1866; x_wconf 75' lang='lat' dir='ltr'><strong>DOIINICA</strong></span> <span class='ocrx_word' id='word_1_94' title='bbox 709 1827 749 1865; x_wconf 90' lang='lat' dir='ltr'><strong>II</strong></span> <span class='ocrx_word' id='word_1_95' title='bbox 785 1825 921 1867; x_wconf 75' lang='lat' dir='ltr'><strong>ANTE</strong></span> <span class='ocrx_word' id='word_1_96' title='bbox 961 1827 1168 1866; x_wconf 77' lang='lat' dir='ltr'><strong>NA&#39;I‘ALE</strong></span> <span class='ocrx_word' id='word_1_97' title='bbox 1205 1826 1408 1866; x_wconf 78' lang='lat' dir='ltr'><strong>DOIINI.</strong></span> 
     </span>
    </p>
   </div>
   <div class='ocr_carea' id='block_1_17' title="bbox 928 388 2536 460">
    <p class='ocr_par' dir='ltr' id='par_1_17' title="bbox 928 388 2536 460">
     <span class='ocr_line' id='line_1_17' title="bbox 928 388 2536 460; baseline 0.002 -16"><span class='ocrx_word' id='word_1_98' title='bbox 928 395 1127 445; x_wconf 68' lang='lat' dir='ltr'><strong>LIBILII</strong></span> <span class='ocrx_word' id='word_1_99' title='bbox 1167 388 1800 446; x_wconf 66' lang='lat' dir='ltr'><strong>SACRAMEN&#39;I‘OIIUII.</strong></span> <span class='ocrx_word' id='word_1_100' title='bbox 1841 419 1906 426; x_wconf 51' lang='grc' dir='ltr'><strong>κ-</strong></span> <span class='ocrx_word' id='word_1_101' title='bbox 1945 389 2266 446; x_wconf 63' lang='grc' dir='ltr'><strong>ΡιιεΕιτΑΤ.</strong></span> <span class='ocrx_word' id='word_1_102' title='bbox 2307 390 2536 460; x_wconf 77' lang='lat' dir='ltr'><strong>ANTIO.</strong></span> 
     </span>
    </p>
   </div>
   <div class='ocr_carea' id='block_1_18' title="bbox 1719 507 3368 584">
    <p class='ocr_par' dir='ltr' id='par_1_18' title="bbox 1719 507 3368 584">
     <span class='ocr_line' id='line_1_18' title="bbox 1719 507 3368 584; baseline 0.004 -24"><span class='ocrx_word' id='word_1_103' title='bbox 1719 511 1772 570; x_wconf 76' lang='grc' dir='ltr'><strong>Α</strong></span> <span class='ocrx_word' id='word_1_104' title='bbox 1797 508 1940 561; x_wconf 79' lang='lat' dir='ltr'><strong>viam</strong></span> <span class='ocrx_word' id='word_1_105' title='bbox 1969 507 2217 575; x_wconf 91' lang='lat' dir='ltr'><strong>Domino,</strong></span> <span class='ocrx_word' id='word_1_106' title='bbox 2246 510 2562 583; x_wconf 88' lang='lat' dir='ltr'><strong>fructusque</strong></span> <span class='ocrx_word' id='word_1_107' title='bbox 2589 513 2778 584; x_wconf 90' lang='lat' dir='ltr'><strong>dignos</strong></span> <span class='ocrx_word' id='word_1_108' title='bbox 2807 511 3137 583; x_wconf 72' lang='lat' dir='ltr'><strong>poenitentia:</strong></span> <span class='ocrx_word' id='word_1_109' title='bbox 3166 510 3368 567; x_wconf 81' lang='lat' dir='ltr'><strong>facien-</strong></span> 
     </span>
    </p>
   </div>
   <div class='ocr_carea' id='block_1_19' title="bbox 3263 391 3368 448">
    <p class='ocr_par' dir='ltr' id='par_1_19' title="bbox 3263 391 3368 448">
     <span class='ocr_line' id='line_1_19' title="bbox 3263 391 3368 448; baseline -0.019 0"><span class='ocrx_word' id='word_1_110' title='bbox 3263 391 3368 448; x_wconf 85' lang='lat'><strong>906</strong></span> 
     </span>
    </p>
   </div>
   <div class='ocr_carea' id='block_1_20' title="bbox 1801 597 3375 672">
    <p class='ocr_par' dir='ltr' id='par_1_20' title="bbox 1801 597 3375 672">
     <span class='ocr_line' id='line_1_20' title="bbox 1801 597 3375 672; baseline 0.003 -21"><span class='ocrx_word' id='word_1_111' title='bbox 1801 597 1886 662; x_wconf 94' lang='lat' dir='ltr'><strong>do,</strong></span> <span class='ocrx_word' id='word_1_112' title='bbox 1913 612 2008 668; x_wconf 92' lang='lat' dir='ltr'><strong>per</strong></span> <span class='ocrx_word' id='word_1_113' title='bbox 2035 600 2474 668; x_wconf 84' lang='lat' dir='ltr'><strong>praedicationem</strong></span> <span class='ocrx_word' id='word_1_114' title='bbox 2503 601 2726 658; x_wconf 84' lang='lat' dir='ltr'><strong>Joannis</strong></span> <span class='ocrx_word' id='word_1_115' title='bbox 2749 603 3182 672; x_wconf 89' lang='lat' dir='ltr'><strong>obtemperemus</strong></span> <span class='ocrx_word' id='word_1_116' title='bbox 3204 602 3375 658; x_wconf 83' lang='lat' dir='ltr'><strong>moni-</strong></span> 
     </span>
    </p>
   </div>
   <div class='ocr_carea' id='block_1_21' title="bbox 1803 685 3384 767">
    <p class='ocr_par' dir='ltr' id='par_1_21' title="bbox 1803 685 3384 767">
     <span class='ocr_line' id='line_1_21' title="bbox 1803 685 3384 767; baseline 0.004 -22"><span class='ocrx_word' id='word_1_117' title='bbox 1803 691 1870 746; x_wconf 89' lang='lat' dir='ltr'><strong>Iis</strong></span> <span class='ocrx_word' id='word_1_118' title='bbox 1893 691 2212 749; x_wconf 88' lang='lat' dir='ltr'><strong>Salvatoris.</strong></span> <span class='ocrx_word' id='word_1_119' title='bbox 2250 694 2446 766; x_wconf 85' lang='lat' dir='ltr'><strong>Sicque</strong></span> <span class='ocrx_word' id='word_1_120' title='bbox 2471 697 2848 767; x_wconf 89' lang='lat' dir='ltr'><strong>perveniamus</strong></span> <span class='ocrx_word' id='word_1_121' title='bbox 2875 711 2970 766; x_wconf 88' lang='lat' dir='ltr'><strong>per</strong></span> <span class='ocrx_word' id='word_1_122' title='bbox 2996 696 3162 750; x_wconf 84' lang='lat' dir='ltr'><strong>[ilium</strong></span> <span class='ocrx_word' id='word_1_123' title='bbox 3185 685 3384 751; x_wconf 76' lang='lat' dir='ltr'><strong>sterilis</strong></span> 
     </span>
    </p>
   </div>
   <div class='ocr_carea' id='block_1_22' title="bbox 1801 771 3378 857">
    <p class='ocr_par' dir='ltr' id='par_1_22' title="bbox 1801 771 3378 857">
     <span class='ocr_line' id='line_1_22' title="bbox 1801 771 3378 857; baseline 0.002 -22"><span class='ocrx_word' id='word_1_124' title='bbox 1801 783 1868 836; x_wconf 92' lang='lat' dir='ltr'><strong>ad</strong></span> <span class='ocrx_word' id='word_1_125' title='bbox 1900 783 2067 838; x_wconf 83' lang='lat' dir='ltr'><strong>lilium</strong></span> <span class='ocrx_word' id='word_1_126' title='bbox 2099 771 2468 857; x_wconf 9' lang='lat' dir='ltr'><strong>virginis,jper</strong></span> <span class='ocrx_word' id='word_1_127' title='bbox 2491 785 2752 843; x_wconf 83' lang='lat' dir='ltr'><strong>Joannem</strong></span> <span class='ocrx_word' id='word_1_128' title='bbox 2782 787 3053 843; x_wconf 91' lang='lat' dir='ltr'><strong>hominem</strong></span> <span class='ocrx_word' id='word_1_129' title='bbox 3087 797 3340 856; x_wconf 91' lang='lat' dir='ltr'><strong>magnum</strong></span> <span class='ocrx_word' id='word_1_130' title='bbox 3361 824 3378 850; x_wconf 90' lang='lat'><strong>,</strong></span> 
     </span>
    </p>
   </div>
   <div class='ocr_carea' id='block_1_23' title="bbox 1800 875 3372 943">
    <p class='ocr_par' dir='ltr' id='par_1_23' title="bbox 1800 875 3372 943">
     <span class='ocr_line' id='line_1_23' title="bbox 1800 875 3372 943; baseline 0.003 -15"><span class='ocrx_word' id='word_1_131' title='bbox 1800 875 1868 928; x_wconf 91' lang='lat' dir='ltr'><strong>ad</strong></span> <span class='ocrx_word' id='word_1_132' title='bbox 1913 877 2162 931; x_wconf 87' lang='lat' dir='ltr'><strong>eumdem</strong></span> <span class='ocrx_word' id='word_1_133' title='bbox 2204 877 2490 932; x_wconf 91' lang='lat' dir='ltr'><strong>Dominum</strong></span> <span class='ocrx_word' id='word_1_134' title='bbox 2541 887 2818 943; x_wconf 91' lang='lat' dir='ltr'><strong>nostrum,</strong></span> <span class='ocrx_word' id='word_1_135' title='bbox 2860 879 3136 934; x_wconf 89' lang='lat' dir='ltr'><strong>hominem</strong></span> <span class='ocrx_word' id='word_1_136' title='bbox 3184 877 3372 933; x_wconf 90' lang='lat' dir='ltr'><strong>Deum.</strong></span> 
     </span>
    </p>
   </div>
   <div class='ocr_carea' id='block_1_24' title="bbox 1801 965 3380 1034">
    <p class='ocr_par' dir='ltr' id='par_1_24' title="bbox 1801 965 3380 1034">
     <span class='ocr_line' id='line_1_24' title="bbox 1801 965 3380 1034; baseline 0.004 -16"><span class='ocrx_word' id='word_1_137' title='bbox 1801 965 1904 1032; x_wconf 90' lang='lat' dir='ltr'><strong>Qui</strong></span> <span class='ocrx_word' id='word_1_138' title='bbox 1945 967 2084 1022; x_wconf 88' lang='lat' dir='ltr'><strong>sicut</strong></span> <span class='ocrx_word' id='word_1_139' title='bbox 2129 971 2276 1024; x_wconf 86' lang='lat' dir='ltr'><strong>venit</strong></span> <span class='ocrx_word' id='word_1_140' title='bbox 2319 970 2386 1023; x_wconf 92' lang='lat' dir='ltr'><strong>ad</strong></span> <span class='ocrx_word' id='word_1_141' title='bbox 2432 985 2530 1026; x_wconf 92' lang='lat' dir='ltr'><strong>nos</strong></span> <span class='ocrx_word' id='word_1_142' title='bbox 2578 971 2948 1028; x_wconf 90' lang='lat' dir='ltr'><strong>redimendum</strong></span> <span class='ocrx_word' id='word_1_143' title='bbox 2989 968 3260 1034; x_wconf 89' lang='lat' dir='ltr'><strong>occultus,</strong></span> <span class='ocrx_word' id='word_1_144' title='bbox 3306 967 3380 1024; x_wconf 86' lang='lat' dir='ltr'><strong>ita</strong></span> 
     </span>
    </p>
   </div>
   <div class='ocr_carea' id='block_1_25' title="bbox 1794 1055 3287 1132">
    <p class='ocr_par' dir='ltr' id='par_1_25' title="bbox 1794 1055 3287 1132">
     <span class='ocr_line' id='line_1_25' title="bbox 1794 1055 3287 1132; baseline 0.001 -19"><span class='ocrx_word' id='word_1_145' title='bbox 1794 1055 2055 1126; x_wconf 82' lang='lat' dir='ltr'><strong>justiﬁcet</strong></span> <span class='ocrx_word' id='word_1_146' title='bbox 2089 1075 2210 1115; x_wconf 90' lang='lat' dir='ltr'><strong>cum</strong></span> <span class='ocrx_word' id='word_1_147' title='bbox 2244 1062 2451 1117; x_wconf 78' lang='lat' dir='ltr'><strong>venerit</strong></span> <span class='ocrx_word' id='word_1_148' title='bbox 2481 1063 2548 1118; x_wconf 90' lang='lat' dir='ltr'><strong>ad</strong></span> <span class='ocrx_word' id='word_1_149' title='bbox 2568 1062 2918 1132; x_wconf 77' lang='lat' dir='ltr'><strong>iudicandum</strong></span> <span class='ocrx_word' id='word_1_150' title='bbox 2950 1060 3287 1117; x_wconf 82' lang='lat' dir='ltr'><strong>manifestus.</strong></span> 
     </span>
    </p>
   </div>
   <div class='ocr_carea' id='block_1_26' title="bbox 2301 1193 2900 1234">
    <p class='ocr_par' dir='ltr' id='par_1_26' title="bbox 2301 1193 2900 1234">
     <span class='ocr_line' id='line_1_26' title="bbox 2301 1193 2900 1234; baseline 0 -2"><span class='ocrx_word' id='word_1_151' title='bbox 2301 1194 2354 1232; x_wconf 90' lang='lat' dir='ltr'><strong>IN</strong></span> <span class='ocrx_word' id='word_1_152' title='bbox 2391 1193 2559 1234; x_wconf 65' lang='grc' dir='ltr'><strong>πετο</strong></span> <span class='ocrx_word' id='word_1_153' title='bbox 2596 1194 2640 1234; x_wconf 78' lang='grc'><strong>8.</strong></span> <span class='ocrx_word' id='word_1_154' title='bbox 2678 1194 2900 1234; x_wconf 76' lang='lat' dir='ltr'><strong>FELICIS.</strong></span> 
     </span>
    </p>
   </div>
   <div class='ocr_carea' id='block_1_27' title="bbox 1874 1267 3387 1326">
    <p class='ocr_par' dir='ltr' id='par_1_27' title="bbox 1874 1267 3387 1326">
     <span class='ocr_line' id='line_1_27' title="bbox 1874 1267 3387 1326; baseline 0.001 -5"><span class='ocrx_word' id='word_1_155' title='bbox 1874 1267 2100 1323; x_wconf 64' lang='lat' dir='ltr'><strong>Eterne</strong></span> <span class='ocrx_word' id='word_1_156' title='bbox 2119 1268 2281 1325; x_wconf 90' lang='lat' dir='ltr'><strong>Deus.</strong></span> <span class='ocrx_word' id='word_1_157' title='bbox 2308 1270 2375 1325; x_wconf 85' lang='lat' dir='ltr'><strong>Et</strong></span> <span class='ocrx_word' id='word_1_158' title='bbox 2392 1270 2789 1326; x_wconf 86' lang='lat' dir='ltr'><strong>confessionem</strong></span> <span class='ocrx_word' id='word_1_159' title='bbox 2814 1269 2872 1326; x_wconf 94' lang='lat' dir='ltr'><strong>S.</strong></span> <span class='ocrx_word' id='word_1_160' title='bbox 2902 1269 3097 1326; x_wconf 88' lang='lat' dir='ltr'><strong>Felicis</strong></span> <span class='ocrx_word' id='word_1_161' title='bbox 3122 1282 3387 1323; x_wconf 90' lang='lat' dir='ltr'><strong>memora-</strong></span> 
     </span>
    </p>
   </div>
   <div class='ocr_carea' id='block_1_28' title="bbox 1800 1357 3387 1431">
    <p class='ocr_par' dir='ltr' id='par_1_28' title="bbox 1800 1357 3387 1431">
     <span class='ocr_line' id='line_1_28' title="bbox 1800 1357 3387 1431; baseline 0.001 -19"><span class='ocrx_word' id='word_1_162' title='bbox 1800 1357 1964 1412; x_wconf 87' lang='lat' dir='ltr'><strong>bilem</strong></span> <span class='ocrx_word' id='word_1_163' title='bbox 1992 1374 2096 1413; x_wconf 91' lang='lat' dir='ltr'><strong>non</strong></span> <span class='ocrx_word' id='word_1_164' title='bbox 2127 1368 2305 1415; x_wconf 91' lang='lat' dir='ltr'><strong>tacere</strong></span> <span class='ocrx_word' id='word_1_165' title='bbox 2323 1377 2336 1425; x_wconf 97' lang='lat'><strong>;</strong></span> <span class='ocrx_word' id='word_1_166' title='bbox 2357 1361 2447 1431; x_wconf 89' lang='lat' dir='ltr'><strong>qui</strong></span> <span class='ocrx_word' id='word_1_167' title='bbox 2467 1376 2566 1416; x_wconf 89' lang='lat' dir='ltr'><strong>nec</strong></span> <span class='ocrx_word' id='word_1_168' title='bbox 2591 1361 2859 1416; x_wconf 71' lang='lat' dir='ltr'><strong>haareticis</strong></span> <span class='ocrx_word' id='word_1_169' title='bbox 2879 1360 3260 1430; x_wconf 86' lang='lat' dir='ltr'><strong>pravitatibus,</strong></span> <span class='ocrx_word' id='word_1_170' title='bbox 3283 1373 3387 1414; x_wconf 88' lang='lat' dir='ltr'><strong>nec</strong></span> 
     </span>
    </p>
   </div>
   <div class='ocr_carea' id='block_1_29' title="bbox 1802 1452 3386 1524">
    <p class='ocr_par' dir='ltr' id='par_1_29' title="bbox 1802 1452 3386 1524">
     <span class='ocr_line' id='line_1_29' title="bbox 1802 1452 3386 1524; baseline 0.001 -18"><span class='ocrx_word' id='word_1_171' title='bbox 1802 1452 1983 1506; x_wconf 64' lang='lat' dir='ltr'><strong>saeculi</strong></span> <span class='ocrx_word' id='word_1_172' title='bbox 2010 1453 2424 1521; x_wconf 88' lang='lat' dir='ltr'><strong>blandimentis,</strong></span> <span class='ocrx_word' id='word_1_173' title='bbox 2456 1471 2486 1510; x_wconf 93' lang='lat' dir='ltr'><strong>a</strong></span> <span class='ocrx_word' id='word_1_174' title='bbox 2517 1456 2596 1511; x_wconf 92' lang='lat' dir='ltr'><strong>sui</strong></span> <span class='ocrx_word' id='word_1_175' title='bbox 2638 1465 2812 1511; x_wconf 90' lang='lat' dir='ltr'><strong>status</strong></span> <span class='ocrx_word' id='word_1_176' title='bbox 2853 1455 3177 1512; x_wconf 88' lang='lat' dir='ltr'><strong>rectitudine</strong></span> <span class='ocrx_word' id='word_1_177' title='bbox 3212 1454 3386 1524; x_wconf 93' lang='lat' dir='ltr'><strong>potuit</strong></span> 
     </span>
    </p>
   </div>
   <div class='ocr_carea' id='block_1_30' title="bbox 1803 1539 3386 1614">
    <p class='ocr_par' dir='ltr' id='par_1_30' title="bbox 1803 1539 3386 1614">
     <span class='ocr_line' id='line_1_30' title="bbox 1803 1539 3386 1614; baseline 0.004 -20"><span class='ocrx_word' id='word_1_178' title='bbox 1803 1539 2076 1596; x_wconf 90' lang='lat' dir='ltr'><strong>immutari</strong></span> <span class='ocrx_word' id='word_1_179' title='bbox 2102 1559 2116 1608; x_wconf 94' lang='lat'><strong>;</strong></span> <span class='ocrx_word' id='word_1_180' title='bbox 2151 1545 2244 1599; x_wconf 90' lang='lat' dir='ltr'><strong>sed</strong></span> <span class='ocrx_word' id='word_1_181' title='bbox 2273 1544 2414 1600; x_wconf 91' lang='lat' dir='ltr'><strong>inter</strong></span> <span class='ocrx_word' id='word_1_182' title='bbox 2437 1553 2664 1614; x_wconf 87' lang='lat' dir='ltr'><strong>utraque</strong></span> <span class='ocrx_word' id='word_1_183' title='bbox 2688 1546 3003 1601; x_wconf 87' lang='lat' dir='ltr'><strong>discrimina</strong></span> <span class='ocrx_word' id='word_1_184' title='bbox 3025 1545 3271 1602; x_wconf 88' lang='lat' dir='ltr'><strong>veritatis</strong></span> <span class='ocrx_word' id='word_1_185' title='bbox 3299 1560 3386 1600; x_wconf 86' lang='lat' dir='ltr'><strong>as-</strong></span> 
     </span>
    </p>
   </div>
   <div class='ocr_carea' id='block_1_31' title="bbox 1802 1631 3388 1706">
    <p class='ocr_par' dir='ltr' id='par_1_31' title="bbox 1802 1631 3388 1706">
     <span class='ocr_line' id='line_1_31' title="bbox 1802 1631 3388 1706; baseline 0.003 -22"><span class='ocrx_word' id='word_1_186' title='bbox 1802 1640 1998 1699; x_wconf 90' lang='lat' dir='ltr'><strong>sertor,</strong></span> <span class='ocrx_word' id='word_1_187' title='bbox 2027 1631 2337 1690; x_wconf 82' lang='lat' dir='ltr'><strong>firmitatem</strong></span> <span class='ocrx_word' id='word_1_188' title='bbox 2375 1651 2486 1691; x_wconf 71' lang='lat' dir='ltr'><strong>sua:</strong></span> <span class='ocrx_word' id='word_1_189' title='bbox 2519 1636 2642 1692; x_wconf 82' lang='lat' dir='ltr'><strong>fidei</strong></span> <span class='ocrx_word' id='word_1_190' title='bbox 2676 1652 2783 1690; x_wconf 92' lang='lat' dir='ltr'><strong>non</strong></span> <span class='ocrx_word' id='word_1_191' title='bbox 2815 1635 3048 1706; x_wconf 90' lang='lat' dir='ltr'><strong>reliquit.</strong></span> <span class='ocrx_word' id='word_1_192' title='bbox 3091 1633 3197 1692; x_wconf 87' lang='lat' dir='ltr'><strong>Per</strong></span> <span class='ocrx_word' id='word_1_193' title='bbox 3231 1633 3388 1690; x_wconf 91' lang='lat' dir='ltr'><strong>Chri-</strong></span> 
     </span>
    </p>
   </div>
   <div class='ocr_carea' id='block_1_32' title="bbox 1803 1733 1964 1781">
    <p class='ocr_par' dir='ltr' id='par_1_32' title="bbox 1803 1733 1964 1781">
     <span class='ocr_line' id='line_1_32' title="bbox 1803 1733 1964 1781; baseline 0 0"><span class='ocrx_word' id='word_1_194' title='bbox 1803 1733 1964 1781; x_wconf 85' lang='lat' dir='ltr'><strong>stum.</strong></span> 
     </span>
    </p>
   </div>
   <div class='ocr_carea' id='block_1_33' title="bbox 2273 1836 2948 1878">
    <p class='ocr_par' dir='ltr' id='par_1_33' title="bbox 2273 1836 2948 1878">
     <span class='ocr_line' id='line_1_33' title="bbox 2273 1836 2948 1878; baseline -0.003 -2"><span class='ocrx_word' id='word_1_195' title='bbox 2273 1837 2328 1876; x_wconf 93' lang='lat' dir='ltr'><strong>IN</strong></span> <span class='ocrx_word' id='word_1_196' title='bbox 2365 1836 2534 1876; x_wconf 75' lang='lat' dir='ltr'><strong>FESTO</strong></span> <span class='ocrx_word' id='word_1_197' title='bbox 2571 1837 2619 1875; x_wconf 82' lang='lat' dir='ltr'><strong>S.</strong></span> <span class='ocrx_word' id='word_1_198' title='bbox 2663 1837 2948 1878; x_wconf 66' lang='lat' dir='ltr'><strong>MARCELLI.</strong></span> 
     </span>
    </p>
   </div>
   <div class='ocr_carea' id='block_1_34' title="bbox 189 1878 3389 1983">
    <p class='ocr_par' dir='ltr' id='par_1_34' title="bbox 189 1878 3389 1983">
     <span class='ocr_line' id='line_1_34' title="bbox 189 1878 3389 1983; baseline 0.003 -27"><span class='ocrx_word' id='word_1_199' title='bbox 189 1899 338 1974; x_wconf 76' lang='lat' dir='ltr'><strong>(Hs.)</strong></span> <span class='ocrx_word' id='word_1_200' title='bbox 375 1901 484 1958; x_wconf 89' lang='lat' dir='ltr'><strong>Per</strong></span> <span class='ocrx_word' id='word_1_201' title='bbox 505 1901 777 1957; x_wconf 83' lang='lat' dir='ltr'><strong>Christum</strong></span> <span class='ocrx_word' id='word_1_202' title='bbox 801 1902 1089 1958; x_wconf 91' lang='lat' dir='ltr'><strong>Dominum</strong></span> <span class='ocrx_word' id='word_1_203' title='bbox 1130 1911 1396 1958; x_wconf 91' lang='lat' dir='ltr'><strong>nostrum.</strong></span> <span class='ocrx_word' id='word_1_204' title='bbox 1426 1901 1595 1974; x_wconf 80' lang='lat' dir='ltr'><strong>Cujus</strong></span> <span class='ocrx_word' id='word_1_205' title='bbox 1619 1902 1701 1959; x_wconf 53' lang='lat' dir='ltr'><strong>in.</strong></span> <span class='ocrx_word' id='word_1_206' title='bbox 1726 1878 1778 1942; x_wconf 74' lang='grc' dir='ltr'><strong>Β</strong></span> <span class='ocrx_word' id='word_1_207' title='bbox 1877 1911 2108 1970; x_wconf 67' lang='lat' dir='ltr'><strong>Elei-ne</strong></span> <span class='ocrx_word' id='word_1_208' title='bbox 2150 1913 2308 1970; x_wconf 81' lang='lat' dir='ltr'><strong>Deus.</strong></span> <span class='ocrx_word' id='word_1_209' title='bbox 2353 1913 2452 1981; x_wconf 85' lang='lat' dir='ltr'><strong>Qui</strong></span> <span class='ocrx_word' id='word_1_210' title='bbox 2484 1913 2806 1983; x_wconf 77' lang='lat' dir='ltr'><strong>gloriﬁcaris</strong></span> <span class='ocrx_word' id='word_1_211' title='bbox 2839 1915 2891 1968; x_wconf 92' lang='lat' dir='ltr'><strong>in</strong></span> <span class='ocrx_word' id='word_1_212' title='bbox 2929 1921 3146 1968; x_wconf 90' lang='lat' dir='ltr'><strong>tuorum</strong></span> <span class='ocrx_word' id='word_1_213' title='bbox 3176 1911 3389 1968; x_wconf 88' lang='lat' dir='ltr'><strong>confes-</strong></span> 
     </span>
    </p>
   </div>
   <div class='ocr_carea' id='block_1_35' title="bbox 123 1994 1700 2065">
    <p class='ocr_par' dir='ltr' id='par_1_35' title="bbox 123 1994 1700 2065">
     <span class='ocr_line' id='line_1_35' title="bbox 123 1994 1700 2065; baseline 0.001 -17"><span class='ocrx_word' id='word_1_214' title='bbox 123 1995 427 2051; x_wconf 90' lang='lat' dir='ltr'><strong>carnatione</strong></span> <span class='ocrx_word' id='word_1_215' title='bbox 457 1994 603 2051; x_wconf 87' lang='lat' dir='ltr'><strong>salus</strong></span> <span class='ocrx_word' id='word_1_216' title='bbox 629 1994 770 2050; x_wconf 90' lang='lat' dir='ltr'><strong>facta</strong></span> <span class='ocrx_word' id='word_1_217' title='bbox 798 2002 884 2051; x_wconf 90' lang='lat' dir='ltr'><strong>est</strong></span> <span class='ocrx_word' id='word_1_218' title='bbox 903 1996 1108 2060; x_wconf 92' lang='lat' dir='ltr'><strong>mundi,</strong></span> <span class='ocrx_word' id='word_1_219' title='bbox 1131 2004 1187 2049; x_wconf 96' lang='lat' dir='ltr'><strong>et</strong></span> <span class='ocrx_word' id='word_1_220' title='bbox 1215 1996 1464 2065; x_wconf 91' lang='lat' dir='ltr'><strong>passione</strong></span> <span class='ocrx_word' id='word_1_221' title='bbox 1491 1997 1700 2051; x_wconf 84' lang='lat' dir='ltr'><strong>redem-</strong></span> 
     </span>
    </p>
   </div>
   <div class='ocr_carea' id='block_1_36' title="bbox 122 2084 1694 2158">
    <p class='ocr_par' dir='ltr' id='par_1_36' title="bbox 122 2084 1694 2158">
     <span class='ocr_line' id='line_1_36' title="bbox 122 2084 1694 2158; baseline 0.001 -18"><span class='ocrx_word' id='word_1_222' title='bbox 122 2087 228 2155; x_wconf 89' lang='lat' dir='ltr'><strong>ptio</strong></span> <span class='ocrx_word' id='word_1_223' title='bbox 277 2095 571 2157; x_wconf 89' lang='lat' dir='ltr'><strong>procurata</strong></span> <span class='ocrx_word' id='word_1_224' title='bbox 627 2097 712 2143; x_wconf 90' lang='lat' dir='ltr'><strong>est</strong></span> <span class='ocrx_word' id='word_1_225' title='bbox 763 2087 1000 2142; x_wconf 89' lang='lat' dir='ltr'><strong>hominis</strong></span> <span class='ocrx_word' id='word_1_226' title='bbox 1053 2087 1345 2158; x_wconf 88' lang='lat' dir='ltr'><strong>procreati.</strong></span> <span class='ocrx_word' id='word_1_227' title='bbox 1387 2084 1510 2157; x_wconf 91' lang='lat' dir='ltr'><strong>Ipse</strong></span> <span class='ocrx_word' id='word_1_228' title='bbox 1562 2103 1694 2152; x_wconf 90' lang='lat' dir='ltr'><strong>nos,</strong></span> 
     </span>
    </p>
   </div>
   <div class='ocr_carea' id='block_1_37' title="bbox 120 2176 1699 2248">
    <p class='ocr_par' dir='ltr' id='par_1_37' title="bbox 120 2176 1699 2248">
     <span class='ocr_line' id='line_1_37' title="bbox 120 2176 1699 2248; baseline -0.001 -17"><span class='ocrx_word' id='word_1_229' title='bbox 120 2193 443 2246; x_wconf 70' lang='lat' dir='ltr'><strong>quaesumus,</strong></span> <span class='ocrx_word' id='word_1_230' title='bbox 470 2180 538 2234; x_wconf 94' lang='lat' dir='ltr'><strong>ad</strong></span> <span class='ocrx_word' id='word_1_231' title='bbox 559 2189 818 2234; x_wconf 62' lang='lat' dir='ltr'><strong>aeternum</strong></span> <span class='ocrx_word' id='word_1_232' title='bbox 845 2179 1106 2248; x_wconf 86' lang='lat' dir='ltr'><strong>perducat</strong></span> <span class='ocrx_word' id='word_1_233' title='bbox 1131 2178 1414 2248; x_wconf 85' lang='lat' dir='ltr'><strong>praemium</strong></span> <span class='ocrx_word' id='word_1_234' title='bbox 1434 2218 1448 2240; x_wconf 91' lang='lat'><strong>,</strong></span> <span class='ocrx_word' id='word_1_235' title='bbox 1489 2176 1581 2247; x_wconf 92' lang='lat' dir='ltr'><strong>qui</strong></span> <span class='ocrx_word' id='word_1_236' title='bbox 1616 2191 1699 2230; x_wconf 87' lang='lat' dir='ltr'><strong>re-</strong></span> 
     </span>
    </p>
   </div>
   <div class='ocr_carea' id='block_1_38' title="bbox 121 2269 1698 2341">
    <p class='ocr_par' dir='ltr' id='par_1_38' title="bbox 121 2269 1698 2341">
     <span class='ocr_line' id='line_1_38' title="bbox 121 2269 1698 2341; baseline 0.001 -17"><span class='ocrx_word' id='word_1_237' title='bbox 121 2270 276 2325; x_wconf 91' lang='lat' dir='ltr'><strong>demit</strong></span> <span class='ocrx_word' id='word_1_238' title='bbox 320 2271 386 2326; x_wconf 92' lang='lat' dir='ltr'><strong>de</strong></span> <span class='ocrx_word' id='word_1_239' title='bbox 437 2271 673 2327; x_wconf 85' lang='lat' dir='ltr'><strong>tenebris</strong></span> <span class='ocrx_word' id='word_1_240' title='bbox 705 2269 1462 2341; x_wconf 82' lang='lat' dir='ltr'><strong>infernorum,justificetque</strong></span> <span class='ocrx_word' id='word_1_241' title='bbox 1511 2271 1564 2325; x_wconf 91' lang='lat' dir='ltr'><strong>in</strong></span> <span class='ocrx_word' id='word_1_242' title='bbox 1605 2272 1698 2326; x_wconf 88' lang='lat' dir='ltr'><strong>ad-</strong></span> 
     </span>
    </p>
   </div>
   <div class='ocr_carea' id='block_1_39' title="bbox 119 2362 1700 2433">
    <p class='ocr_par' dir='ltr' id='par_1_39' title="bbox 119 2362 1700 2433">
     <span class='ocr_line' id='line_1_39' title="bbox 119 2362 1700 2433; baseline 0.003 -19"><span class='ocrx_word' id='word_1_243' title='bbox 119 2370 272 2417; x_wconf 89' lang='lat' dir='ltr'><strong>ventu</strong></span> <span class='ocrx_word' id='word_1_244' title='bbox 301 2363 570 2429; x_wconf 90' lang='lat' dir='ltr'><strong>secundo,</strong></span> <span class='ocrx_word' id='word_1_245' title='bbox 593 2363 686 2433; x_wconf 90' lang='lat' dir='ltr'><strong>qui</strong></span> <span class='ocrx_word' id='word_1_246' title='bbox 714 2379 812 2419; x_wconf 93' lang='lat' dir='ltr'><strong>nos</strong></span> <span class='ocrx_word' id='word_1_247' title='bbox 846 2362 1072 2418; x_wconf 83' lang='lat' dir='ltr'><strong>redemit</strong></span> <span class='ocrx_word' id='word_1_248' title='bbox 1101 2363 1152 2416; x_wconf 93' lang='lat' dir='ltr'><strong>in</strong></span> <span class='ocrx_word' id='word_1_249' title='bbox 1182 2363 1359 2432; x_wconf 91' lang='lat' dir='ltr'><strong>primo</strong></span> <span class='ocrx_word' id='word_1_250' title='bbox 1385 2380 1398 2417; x_wconf 92' lang='lat'><strong>:</strong></span> <span class='ocrx_word' id='word_1_251' title='bbox 1431 2369 1700 2433; x_wconf 87' lang='lat' dir='ltr'><strong>quatenus</strong></span> 
     </span>
    </p>
   </div>
   <div class='ocr_carea' id='block_1_40' title="bbox 118 2451 1700 2511">
    <p class='ocr_par' dir='ltr' id='par_1_40' title="bbox 118 2451 1700 2511">
     <span class='ocr_line' id='line_1_40' title="bbox 118 2451 1700 2511; baseline 0.004 -6"><span class='ocrx_word' id='word_1_252' title='bbox 118 2451 254 2508; x_wconf 89' lang='lat' dir='ltr'><strong>illius</strong></span> <span class='ocrx_word' id='word_1_253' title='bbox 287 2468 388 2509; x_wconf 90' lang='lat' dir='ltr'><strong>nos</strong></span> <span class='ocrx_word' id='word_1_254' title='bbox 421 2454 493 2508; x_wconf 91' lang='lat' dir='ltr'><strong>ab</strong></span> <span class='ocrx_word' id='word_1_255' title='bbox 518 2454 768 2510; x_wconf 92' lang='lat' dir='ltr'><strong>omnibus</strong></span> <span class='ocrx_word' id='word_1_256' title='bbox 800 2453 955 2510; x_wconf 92' lang='lat' dir='ltr'><strong>malis</strong></span> <span class='ocrx_word' id='word_1_257' title='bbox 984 2452 1235 2510; x_wconf 81' lang='lat' dir='ltr'><strong>defendat</strong></span> <span class='ocrx_word' id='word_1_258' title='bbox 1270 2454 1574 2510; x_wconf 88' lang='lat' dir='ltr'><strong>sublimitas</strong></span> <span class='ocrx_word' id='word_1_259' title='bbox 1604 2469 1700 2511; x_wconf 87' lang='lat' dir='ltr'><strong>cu—</strong></span> 
     </span>
    </p>
   </div>
   <div class='ocr_carea' id='block_1_41' title="bbox 113 2538 1006 2609">
    <p class='ocr_par' dir='ltr' id='par_1_41' title="bbox 113 2538 1006 2609">
     <span class='ocr_line' id='line_1_41' title="bbox 113 2538 1006 2609; baseline 0.002 -14"><span class='ocrx_word' id='word_1_260' title='bbox 113 2538 194 2609; x_wconf 91' lang='lat' dir='ltr'><strong>jus</strong></span> <span class='ocrx_word' id='word_1_261' title='bbox 220 2543 286 2600; x_wconf 89' lang='lat' dir='ltr'><strong>ad</strong></span> <span class='ocrx_word' id='word_1_262' title='bbox 310 2544 485 2599; x_wconf 84' lang='lat' dir='ltr'><strong>vitam</strong></span> <span class='ocrx_word' id='word_1_263' title='bbox 513 2543 688 2600; x_wconf 78' lang='lat' dir='ltr'><strong>erexit</strong></span> <span class='ocrx_word' id='word_1_264' title='bbox 713 2543 1006 2600; x_wconf 89' lang='lat' dir='ltr'><strong>humilitas.</strong></span> 
     </span>
    </p>
   </div>
   <div class='ocr_carea' id='block_1_42' title="bbox 554 2673 1248 2718">
    <p class='ocr_par' dir='ltr' id='par_1_42' title="bbox 554 2673 1248 2718">
     <span class='ocr_line' id='line_1_42' title="bbox 554 2673 1248 2718; baseline 0.001 -2"><span class='ocrx_word' id='word_1_265' title='bbox 554 2677 711 2716; x_wconf 74' lang='lat' dir='ltr'><strong>FBRIA</strong></span> <span class='ocrx_word' id='word_1_266' title='bbox 753 2677 806 2716; x_wconf 84' lang='grc' dir='ltr'><strong>ιν</strong></span> <span class='ocrx_word' id='word_1_267' title='bbox 841 2676 1030 2717; x_wconf 68' lang='lat' dir='ltr'><strong>“NSIS</strong></span> <span class='ocrx_word' id='word_1_268' title='bbox 1065 2673 1248 2718; x_wconf 67' lang='lat' dir='ltr'><strong>DBCIII</strong></span> 
     </span>
    </p>
   </div>
   <div class='ocr_carea' id='block_1_43' title="bbox 183 2751 1700 2828">
    <p class='ocr_par' dir='ltr' id='par_1_43' title="bbox 183 2751 1700 2828">
     <span class='ocr_line' id='line_1_43' title="bbox 183 2751 1700 2828; baseline 0.005 -22"><span class='ocrx_word' id='word_1_269' title='bbox 183 2751 334 2824; x_wconf 70' lang='grc' dir='ltr'><strong>(Με.)</strong></span> <span class='ocrx_word' id='word_1_270' title='bbox 358 2751 472 2808; x_wconf 88' lang='lat' dir='ltr'><strong>Per</strong></span> <span class='ocrx_word' id='word_1_271' title='bbox 497 2752 768 2810; x_wconf 89' lang='lat' dir='ltr'><strong>Christum</strong></span> <span class='ocrx_word' id='word_1_272' title='bbox 795 2754 1080 2809; x_wconf 87' lang='lat' dir='ltr'><strong>Dominum</strong></span> <span class='ocrx_word' id='word_1_273' title='bbox 1110 2763 1380 2810; x_wconf 89' lang='lat' dir='ltr'><strong>nostrum.</strong></span> <span class='ocrx_word' id='word_1_274' title='bbox 1403 2753 1576 2824; x_wconf 83' lang='lat' dir='ltr'><strong>Quem</strong></span> <span class='ocrx_word' id='word_1_275' title='bbox 1598 2771 1700 2828; x_wconf 93' lang='lat' dir='ltr'><strong>pro</strong></span> 
     </span>
    </p>
   </div>
   <div class='ocr_carea' id='block_1_44' title="bbox 117 2840 1700 2917">
    <p class='ocr_par' dir='ltr' id='par_1_44' title="bbox 117 2840 1700 2917">
     <span class='ocr_line' id='line_1_44' title="bbox 117 2840 1700 2917; baseline 0.004 -22"><span class='ocrx_word' id='word_1_276' title='bbox 117 2840 284 2896; x_wconf 89' lang='lat' dir='ltr'><strong>salute</strong></span> <span class='ocrx_word' id='word_1_277' title='bbox 326 2841 610 2897; x_wconf 89' lang='lat' dir='ltr'><strong>hominum</strong></span> <span class='ocrx_word' id='word_1_278' title='bbox 656 2843 1022 2909; x_wconf 90' lang='lat' dir='ltr'><strong>nasciturum,</strong></span> <span class='ocrx_word' id='word_1_279' title='bbox 1069 2842 1289 2900; x_wconf 75' lang='lat' dir='ltr'><strong>Gabriel</strong></span> <span class='ocrx_word' id='word_1_280' title='bbox 1339 2845 1700 2917; x_wconf 85' lang='lat' dir='ltr'><strong>archangelus</strong></span> 
     </span>
    </p>
   </div>
   <div class='ocr_carea' id='block_1_45' title="bbox 115 2931 1696 3006">
    <p class='ocr_par' dir='ltr' id='par_1_45' title="bbox 115 2931 1696 3006">
     <span class='ocr_line' id='line_1_45' title="bbox 115 2931 1696 3006; baseline 0.006 -23"><span class='ocrx_word' id='word_1_281' title='bbox 115 2931 418 2998; x_wconf 84' lang='lat' dir='ltr'><strong>nuntiavit;</strong></span> <span class='ocrx_word' id='word_1_282' title='bbox 439 2931 594 3002; x_wconf 86' lang='lat' dir='ltr'><strong>virgo</strong></span> <span class='ocrx_word' id='word_1_283' title='bbox 622 2931 809 2994; x_wconf 84' lang='lat' dir='ltr'><strong>Maria,</strong></span> <span class='ocrx_word' id='word_1_284' title='bbox 838 2932 1073 3003; x_wconf 89' lang='lat' dir='ltr'><strong>Spiritus</strong></span> <span class='ocrx_word' id='word_1_285' title='bbox 1098 2935 1270 2990; x_wconf 86' lang='lat' dir='ltr'><strong>sancti</strong></span> <span class='ocrx_word' id='word_1_286' title='bbox 1293 2937 1696 3006; x_wconf 90' lang='lat' dir='ltr'><strong>cooperatione,</strong></span> 
     </span>
    </p>
   </div>
   <div class='ocr_carea' id='block_1_46' title="bbox 116 3021 1702 3093">
    <p class='ocr_par' dir='ltr' id='par_1_46' title="bbox 116 3021 1702 3093">
     <span class='ocr_line' id='line_1_46' title="bbox 116 3021 1702 3093; baseline 0.005 -19"><span class='ocrx_word' id='word_1_287' title='bbox 116 3022 392 3093; x_wconf 87' lang='lat' dir='ltr'><strong>concepit;</strong></span> <span class='ocrx_word' id='word_1_288' title='bbox 428 3031 490 3076; x_wconf 93' lang='lat' dir='ltr'><strong>ut</strong></span> <span class='ocrx_word' id='word_1_289' title='bbox 515 3023 660 3093; x_wconf 92' lang='lat' dir='ltr'><strong>quod</strong></span> <span class='ocrx_word' id='word_1_290' title='bbox 683 3021 924 3093; x_wconf 87' lang='lat' dir='ltr'><strong>angelica</strong></span> <span class='ocrx_word' id='word_1_291' title='bbox 953 3023 1219 3079; x_wconf 88' lang='lat' dir='ltr'><strong>nuntiavit</strong></span> <span class='ocrx_word' id='word_1_292' title='bbox 1245 3023 1570 3092; x_wconf 86' lang='lat' dir='ltr'><strong>sublimitas,</strong></span> <span class='ocrx_word' id='word_1_293' title='bbox 1597 3026 1702 3082; x_wconf 89' lang='lat' dir='ltr'><strong>vir-</strong></span> 
     </span>
    </p>
   </div>
   <div class='ocr_carea' id='block_1_47' title="bbox 115 3110 1696 3185">
    <p class='ocr_par' dir='ltr' id='par_1_47' title="bbox 115 3110 1696 3185">
     <span class='ocr_line' id='line_1_47' title="bbox 115 3110 1696 3185; baseline 0.006 -21"><span class='ocrx_word' id='word_1_294' title='bbox 115 3110 270 3180; x_wconf 88' lang='lat' dir='ltr'><strong>ginea</strong></span> <span class='ocrx_word' id='word_1_295' title='bbox 297 3112 552 3168; x_wconf 89' lang='lat' dir='ltr'><strong>crederet</strong></span> <span class='ocrx_word' id='word_1_296' title='bbox 575 3111 782 3182; x_wconf 90' lang='lat' dir='ltr'><strong>puritas</strong></span> <span class='ocrx_word' id='word_1_297' title='bbox 803 3153 818 3178; x_wconf 92' lang='lat'><strong>,</strong></span> <span class='ocrx_word' id='word_1_298' title='bbox 862 3112 1148 3170; x_wconf 81' lang='lat' dir='ltr'><strong>ineﬂ‘abilis</strong></span> <span class='ocrx_word' id='word_1_299' title='bbox 1184 3115 1472 3185; x_wconf 83' lang='lat' dir='ltr'><strong>perficeret</strong></span> <span class='ocrx_word' id='word_1_300' title='bbox 1502 3117 1696 3175; x_wconf 91' lang='lat' dir='ltr'><strong>deitas.</strong></span> 
     </span>
    </p>
   </div>
   <div class='ocr_carea' id='block_1_48' title="bbox 113 3197 1963 3316">
    <p class='ocr_par' dir='ltr' id='par_1_48' title="bbox 113 3197 1963 3316">
     <span class='ocr_line' id='line_1_48' title="bbox 113 3197 1940 3316; baseline 0.007 -64"><span class='ocrx_word' id='word_1_301' title='bbox 113 3197 258 3254; x_wconf 88' lang='lat' dir='ltr'><strong>Illius</strong></span> <span class='ocrx_word' id='word_1_302' title='bbox 286 3200 474 3269; x_wconf 88' lang='lat' dir='ltr'><strong>itaque</strong></span> <span class='ocrx_word' id='word_1_303' title='bbox 503 3210 773 3270; x_wconf 91' lang='lat' dir='ltr'><strong>optamus,</strong></span> <span class='ocrx_word' id='word_1_304' title='bbox 812 3207 865 3257; x_wconf 93' lang='lat' dir='ltr'><strong>te</strong></span> <span class='ocrx_word' id='word_1_305' title='bbox 891 3202 1222 3271; x_wconf 90' lang='lat' dir='ltr'><strong>opitulante,</strong></span> <span class='ocrx_word' id='word_1_306' title='bbox 1253 3219 1477 3260; x_wconf 88' lang='lat' dir='ltr'><strong>cernere</strong></span> <span class='ocrx_word' id='word_1_307' title='bbox 1503 3204 1698 3262; x_wconf 83' lang='lat' dir='ltr'><strong>faciem</strong></span> <span class='ocrx_word' id='word_1_308' title='bbox 1726 3239 1774 3305; x_wconf 65' lang='grc' dir='ltr'>Ο</span> <span class='ocrx_word' id='word_1_309' title='bbox 1876 3244 1940 3316; x_wconf 69' lang='grc' dir='ltr'><strong>(Α</strong></span> 
     </span>
     <span class='ocr_line' id='line_1_49' title="bbox 116 3284 1963 3316; baseline 0 0"><span class='ocrx_word' id='word_1_310' title='bbox 116 3291 228 3316; x_wconf 68' lang='grc' dir='ltr'><strong>..ζ-,ι</strong></span> <span class='ocrx_word' id='word_1_311' title='bbox 264 3291 583 3316; x_wconf 66' lang='grc' dir='ltr'><strong>Αιι-ιδ.-ηε,...-</strong></span> <span class='ocrx_word' id='word_1_312' title='bbox 657 3293 804 3316; x_wconf 67' lang='grc'><strong>-.-2---</strong></span> <span class='ocrx_word' id='word_1_313' title='bbox 843 3294 1232 3316; x_wconf 40' lang='lat'><strong>:_-____‘.2__2_</strong></span> <span class='ocrx_word' id='word_1_314' title='bbox 1288 3312 1380 3316; x_wconf 47' lang='grc' dir='ltr'><strong>---η</strong></span> <span class='ocrx_word' id='word_1_315' title='bbox 1407 3299 1445 3316; x_wconf 25' lang='grc' dir='ltr'><strong>ιξ</strong></span> <span class='ocrx_word' id='word_1_316' title='bbox 1494 3315 1501 3316; x_wconf 59' lang='lat'><strong><em>,</em></strong></span> <span class='ocrx_word' id='word_1_317' title='bbox 1624 3315 1627 3316; x_wconf 65' lang='lat'>,</span> <span class='ocrx_word' id='word_1_318' title='bbox 1950 3284 1963 3298; x_wconf 82' lang='grc'><strong>⁸</strong></span> 
     </span>
    </p>
   </div>
   <div class='ocr_carea' id='block_1_49' title="bbox 116 3291 1702 3368">
    <p class='ocr_par' dir='ltr' id='par_1_49' title="bbox 116 3291 1702 3368">
     <span class='ocr_line' id='line_1_50' title="bbox 116 3291 1702 3368; baseline 0.007 -23"><span class='ocrx_word' id='word_1_319' title='bbox 116 3291 230 3347; x_wconf 88' lang='lat' dir='ltr'><strong>sine</strong></span> <span class='ocrx_word' id='word_1_320' title='bbox 260 3291 584 3348; x_wconf 77' lang='lat' dir='ltr'><strong>confusione</strong></span> <span class='ocrx_word' id='word_1_321' title='bbox 606 3332 620 3358; x_wconf 95' lang='lat'><strong>,</strong></span> <span class='ocrx_word' id='word_1_322' title='bbox 653 3293 808 3364; x_wconf 86' lang='lat' dir='ltr'><strong>cujus</strong></span> <span class='ocrx_word' id='word_1_323' title='bbox 843 3294 1236 3352; x_wconf 86' lang='lat' dir='ltr'><strong>incarnationis</strong></span> <span class='ocrx_word' id='word_1_324' title='bbox 1282 3299 1578 3368; x_wconf 80' lang='lat' dir='ltr'><strong>gaudemus</strong></span> <span class='ocrx_word' id='word_1_325' title='bbox 1614 3315 1702 3356; x_wconf 89' lang='lat' dir='ltr'><strong>so-</strong></span> 
     </span>
    </p>
   </div>
   <div class='ocr_carea' id='block_1_50' title="bbox 113 3379 1703 3463">
    <p class='ocr_par' dir='ltr' id='par_1_50' title="bbox 113 3379 1703 3463">
     <span class='ocr_line' id='line_1_51' title="bbox 113 3379 1703 3463; baseline 0.008 -28"><span class='ocrx_word' id='word_1_326' title='bbox 113 3379 431 3449; x_wconf 85' lang='lat' dir='ltr'><strong>lemnitate;</strong></span> <span class='ocrx_word' id='word_1_327' title='bbox 456 3393 725 3453; x_wconf 89' lang='lat' dir='ltr'><strong>quatenus</strong></span> <span class='ocrx_word' id='word_1_328' title='bbox 766 3385 1035 3456; x_wconf 83' lang='lat' dir='ltr'><strong>purificati</strong></span> <span class='ocrx_word' id='word_1_329' title='bbox 1057 3386 1311 3456; x_wconf 90' lang='lat' dir='ltr'><strong>jejuniis,</strong></span> <span class='ocrx_word' id='word_1_330' title='bbox 1340 3391 1551 3446; x_wconf 91' lang='lat' dir='ltr'><strong>cunctis</strong></span> <span class='ocrx_word' id='word_1_331' title='bbox 1575 3407 1703 3463; x_wconf 88' lang='lat' dir='ltr'><strong>pur-</strong></span> 
     </span>
    </p>
   </div>
   <div class='ocr_carea' id='block_1_51' title="bbox 111 3472 1708 3545">
    <p class='ocr_par' dir='ltr' id='par_1_51' title="bbox 111 3472 1708 3545">
     <span class='ocr_line' id='line_1_52' title="bbox 111 3472 1708 3545; baseline 0.009 -20"><span class='ocrx_word' id='word_1_332' title='bbox 111 3472 224 3541; x_wconf 89' lang='lat' dir='ltr'><strong>gati</strong></span> <span class='ocrx_word' id='word_1_333' title='bbox 254 3487 286 3526; x_wconf 92' lang='lat' dir='ltr'><strong>a</strong></span> <span class='ocrx_word' id='word_1_334' title='bbox 313 3473 464 3529; x_wconf 88' lang='lat' dir='ltr'><strong>vitiis</strong></span> <span class='ocrx_word' id='word_1_335' title='bbox 495 3473 690 3532; x_wconf 88' lang='lat' dir='ltr'><strong>natalis</strong></span> <span class='ocrx_word' id='word_1_336' title='bbox 712 3474 828 3545; x_wconf 88' lang='lat' dir='ltr'><strong>ejus</strong></span> <span class='ocrx_word' id='word_1_337' title='bbox 851 3476 1117 3535; x_wconf 88' lang='lat' dir='ltr'><strong>interesse</strong></span> <span class='ocrx_word' id='word_1_338' title='bbox 1156 3495 1466 3537; x_wconf 89' lang='lat' dir='ltr'><strong>mereamur</strong></span> <span class='ocrx_word' id='word_1_339' title='bbox 1506 3482 1708 3539; x_wconf 85' lang='lat' dir='ltr'><strong>solem-</strong></span> 
     </span>
    </p>
   </div>
   <div class='ocr_carea' id='block_1_52' title="bbox 112 3563 486 3621">
    <p class='ocr_par' dir='ltr' id='par_1_52' title="bbox 112 3563 486 3621">
     <span class='ocr_line' id='line_1_53' title="bbox 112 3563 486 3621; baseline 0.008 -4"><span class='ocrx_word' id='word_1_340' title='bbox 112 3563 274 3620; x_wconf 86' lang='lat' dir='ltr'><strong>nibus</strong></span> <span class='ocrx_word' id='word_1_341' title='bbox 307 3564 486 3621; x_wconf 88' lang='lat' dir='ltr'><strong>festis.</strong></span> 
     </span>
    </p>
   </div>
   <div class='ocr_carea' id='block_1_53' title="bbox 791 3673 1038 3714">
    <p class='ocr_par' dir='ltr' id='par_1_53' title="bbox 791 3673 1038 3714">
     <span class='ocr_line' id='line_1_54' title="bbox 791 3673 1038 3714; baseline 0.004 -1"><span class='ocrx_word' id='word_1_342' title='bbox 791 3673 947 3714; x_wconf 77' lang='grc' dir='ltr'><strong>ηιιιΑ</strong></span> <span class='ocrx_word' id='word_1_343' title='bbox 984 3675 1038 3714; x_wconf 76' lang='lat' dir='ltr'><strong>VI</strong></span> 
     </span>
    </p>
   </div>
   <div class='ocr_carea' id='block_1_54' title="bbox 178 3743 1708 3814">
    <p class='ocr_par' dir='ltr' id='par_1_54' title="bbox 178 3743 1708 3814">
     <span class='ocr_line' id='line_1_55' title="bbox 178 3743 1708 3814; baseline 0.009 -14"><span class='ocrx_word' id='word_1_344' title='bbox 178 3743 424 3801; x_wconf 65' lang='lat' dir='ltr'><strong>Eterne</strong></span> <span class='ocrx_word' id='word_1_345' title='bbox 470 3745 631 3801; x_wconf 90' lang='lat' dir='ltr'><strong>Deus.</strong></span> <span class='ocrx_word' id='word_1_346' title='bbox 682 3746 785 3814; x_wconf 91' lang='lat' dir='ltr'><strong>Qui</strong></span> <span class='ocrx_word' id='word_1_347' title='bbox 833 3749 1199 3805; x_wconf 80' lang='lat' dir='ltr'><strong>sanctificator</strong></span> <span class='ocrx_word' id='word_1_348' title='bbox 1228 3759 1283 3806; x_wconf 90' lang='lat' dir='ltr'><strong>et</strong></span> <span class='ocrx_word' id='word_1_349' title='bbox 1325 3752 1601 3810; x_wconf 89' lang='lat' dir='ltr'><strong>institutor</strong></span> <span class='ocrx_word' id='word_1_350' title='bbox 1647 3772 1708 3814; x_wconf 87' lang='lat' dir='ltr'><strong>es</strong></span> 
     </span>
    </p>
   </div>
   <div class='ocr_carea' id='block_1_55' title="bbox 110 3836 1725 3912">
    <p class='ocr_par' dir='ltr' id='par_1_55' title="bbox 110 3836 1725 3912">
     <span class='ocr_line' id='line_1_56' title="bbox 110 3836 1725 3912; baseline 0.007 -22"><span class='ocrx_word' id='word_1_351' title='bbox 110 3836 491 3902; x_wconf 74' lang='lat' dir='ltr'><strong>abstinentiae,</strong></span> <span class='ocrx_word' id='word_1_352' title='bbox 525 3836 678 3907; x_wconf 86' lang='lat' dir='ltr'><strong>cujus</strong></span> <span class='ocrx_word' id='word_1_353' title='bbox 708 3839 887 3894; x_wconf 91' lang='lat' dir='ltr'><strong>nullus</strong></span> <span class='ocrx_word' id='word_1_354' title='bbox 919 3840 1042 3895; x_wconf 81' lang='lat' dir='ltr'><strong>finis</strong></span> <span class='ocrx_word' id='word_1_355' title='bbox 1079 3841 1363 3912; x_wconf 89' lang='lat' dir='ltr'><strong>nullusque</strong></span> <span class='ocrx_word' id='word_1_356' title='bbox 1397 3852 1480 3898; x_wconf 90' lang='lat' dir='ltr'><strong>est</strong></span> <span class='ocrx_word' id='word_1_357' title='bbox 1520 3861 1725 3902; x_wconf 85' lang='lat' dir='ltr'><strong>nume-</strong></span> 
     </span>
    </p>
   </div>
   <div class='ocr_carea' id='block_1_56' title="bbox 101 3924 1710 4007">
    <p class='ocr_par' dir='ltr' id='par_1_56' title="bbox 101 3924 1710 4007">
     <span class='ocr_line' id='line_1_57' title="bbox 101 3924 1710 4007; baseline 0.006 -25"><span class='ocrx_word' id='word_1_358' title='bbox 101 3945 221 3994; x_wconf 89' lang='lat' dir='ltr'><strong>rus,</strong></span> <span class='ocrx_word' id='word_1_359' title='bbox 272 3924 526 3990; x_wconf 69' lang='lat' dir='ltr'><strong>effunde.</strong></span> <span class='ocrx_word' id='word_1_360' title='bbox 558 3943 894 3999; x_wconf 63' lang='lat' dir='ltr'><strong>quassumus,</strong></span> <span class='ocrx_word' id='word_1_361' title='bbox 924 3946 1086 4002; x_wconf 91' lang='lat' dir='ltr'><strong>super</strong></span> <span class='ocrx_word' id='word_1_362' title='bbox 1112 3946 1213 3987; x_wconf 91' lang='lat' dir='ltr'><strong>nos</strong></span> <span class='ocrx_word' id='word_1_363' title='bbox 1248 3933 1302 3986; x_wconf 92' lang='lat' dir='ltr'><strong>in</strong></span> <span class='ocrx_word' id='word_1_364' title='bbox 1349 3933 1537 3991; x_wconf 90' lang='lat' dir='ltr'><strong>diebus</strong></span> <span class='ocrx_word' id='word_1_365' title='bbox 1569 3935 1710 4007; x_wconf 89' lang='lat' dir='ltr'><strong>jeju-</strong></span> 
     </span>
    </p>
   </div>
   <div class='ocr_carea' id='block_1_57' title="bbox 101 4021 1708 4096">
    <p class='ocr_par' dir='ltr' id='par_1_57' title="bbox 101 4021 1708 4096">
     <span class='ocr_line' id='line_1_58' title="bbox 101 4021 1708 4096; baseline 0.006 -22"><span class='ocrx_word' id='word_1_366' title='bbox 101 4021 331 4075; x_wconf 90' lang='lat' dir='ltr'><strong>niorum</strong></span> <span class='ocrx_word' id='word_1_367' title='bbox 365 4029 671 4077; x_wconf 89' lang='lat' dir='ltr'><strong>nostrorum</strong></span> <span class='ocrx_word' id='word_1_368' title='bbox 703 4023 950 4094; x_wconf 90' lang='lat' dir='ltr'><strong>spiritum</strong></span> <span class='ocrx_word' id='word_1_369' title='bbox 995 4025 1184 4096; x_wconf 82' lang='lat' dir='ltr'><strong>gratiae</strong></span> <span class='ocrx_word' id='word_1_370' title='bbox 1229 4024 1480 4081; x_wconf 87' lang='lat' dir='ltr'><strong>salutaris</strong></span> <span class='ocrx_word' id='word_1_371' title='bbox 1507 4067 1522 4092; x_wconf 95' lang='lat'><strong>,</strong></span> <span class='ocrx_word' id='word_1_372' title='bbox 1551 4035 1607 4082; x_wconf 90' lang='lat' dir='ltr'><strong>et</strong></span> <span class='ocrx_word' id='word_1_373' title='bbox 1638 4027 1708 4084; x_wconf 91' lang='lat' dir='ltr'><strong>ab</strong></span> 
     </span>
    </p>
   </div>
   <div class='ocr_carea' id='block_1_58' title="bbox 104 4113 1706 4188">
    <p class='ocr_par' dir='ltr' id='par_1_58' title="bbox 104 4113 1706 4188">
     <span class='ocr_line' id='line_1_59' title="bbox 104 4113 1706 4188; baseline 0.005 -21"><span class='ocrx_word' id='word_1_374' title='bbox 104 4113 376 4169; x_wconf 92' lang='lat' dir='ltr'><strong>omnibus</strong></span> <span class='ocrx_word' id='word_1_375' title='bbox 411 4128 511 4169; x_wconf 88' lang='lat' dir='ltr'><strong>nos</strong></span> <span class='ocrx_word' id='word_1_376' title='bbox 534 4115 1033 4186; x_wconf 89' lang='lat' dir='ltr'><strong>perturbationibus</strong></span> <span class='ocrx_word' id='word_1_377' title='bbox 1072 4117 1256 4172; x_wconf 60' lang='lat' dir='ltr'><strong>saeculi</strong></span> <span class='ocrx_word' id='word_1_378' title='bbox 1285 4117 1445 4188; x_wconf 85' lang='lat' dir='ltr'><strong>hujus</strong></span> <span class='ocrx_word' id='word_1_379' title='bbox 1490 4127 1579 4172; x_wconf 93' lang='lat' dir='ltr'><strong>tua</strong></span> <span class='ocrx_word' id='word_1_380' title='bbox 1608 4119 1706 4175; x_wconf 89' lang='lat' dir='ltr'><strong>de-</strong></span> 
     </span>
    </p>
   </div>
   <div class='ocr_carea' id='block_1_59' title="bbox 105 4205 1706 4279">
    <p class='ocr_par' dir='ltr' id='par_1_59' title="bbox 105 4205 1706 4279">
     <span class='ocr_line' id='line_1_60' title="bbox 105 4205 1706 4279; baseline 0.005 -21"><span class='ocrx_word' id='word_1_381' title='bbox 105 4205 366 4262; x_wconf 86' lang='lat' dir='ltr'><strong>fensione</strong></span> <span class='ocrx_word' id='word_1_382' title='bbox 393 4219 691 4273; x_wconf 87' lang='lat' dir='ltr'><strong>conserva;</strong></span> <span class='ocrx_word' id='word_1_383' title='bbox 719 4216 780 4263; x_wconf 93' lang='lat' dir='ltr'><strong>ut</strong></span> <span class='ocrx_word' id='word_1_384' title='bbox 800 4208 891 4278; x_wconf 91' lang='lat' dir='ltr'><strong>qui</strong></span> <span class='ocrx_word' id='word_1_385' title='bbox 924 4207 1197 4279; x_wconf 89' lang='lat' dir='ltr'><strong>Unigeniti</strong></span> <span class='ocrx_word' id='word_1_386' title='bbox 1242 4209 1317 4262; x_wconf 94' lang='lat' dir='ltr'><strong>tui</strong></span> <span class='ocrx_word' id='word_1_387' title='bbox 1366 4208 1706 4266; x_wconf 83' lang='lat' dir='ltr'><strong>celebramus</strong></span> 
     </span>
    </p>
   </div>
   <div class='ocr_carea' id='block_1_60' title="bbox 104 4301 1538 4372">
    <p class='ocr_par' dir='ltr' id='par_1_60' title="bbox 104 4301 1538 4372">
     <span class='ocr_line' id='line_1_61' title="bbox 104 4301 1538 4372; baseline 0.001 -17"><span class='ocrx_word' id='word_1_388' title='bbox 104 4302 434 4367; x_wconf 86' lang='lat' dir='ltr'><strong>adventum,</strong></span> <span class='ocrx_word' id='word_1_389' title='bbox 459 4302 771 4357; x_wconf 84' lang='lat' dir='ltr'><strong>continuum</strong></span> <span class='ocrx_word' id='word_1_390' title='bbox 797 4301 914 4372; x_wconf 87' lang='lat' dir='ltr'><strong>ejus</strong></span> <span class='ocrx_word' id='word_1_391' title='bbox 939 4302 1240 4358; x_wconf 89' lang='lat' dir='ltr'><strong>sentiamus</strong></span> <span class='ocrx_word' id='word_1_392' title='bbox 1260 4301 1538 4357; x_wconf 82' lang='lat' dir='ltr'><strong>auxilium.</strong></span> 
     </span>
    </p>
   </div>
   <div class='ocr_carea' id='block_1_61' title="bbox 481 4426 1335 4468">
    <p class='ocr_par' dir='ltr' id='par_1_61' title="bbox 481 4426 1335 4468">
     <span class='ocr_line' id='line_1_62' title="bbox 481 4426 1335 4468; baseline 0.002 -2"><span class='ocrx_word' id='word_1_393' title='bbox 481 4426 721 4468; x_wconf 75' lang='lat' dir='ltr'><strong>SABBATO</strong></span> <span class='ocrx_word' id='word_1_394' title='bbox 759 4427 812 4467; x_wconf 94' lang='lat' dir='ltr'><strong>IN</strong></span> <span class='ocrx_word' id='word_1_395' title='bbox 851 4429 926 4466; x_wconf 74' lang='lat' dir='ltr'><strong>XII</strong></span> <span class='ocrx_word' id='word_1_396' title='bbox 967 4426 1335 4468; x_wconf 79' lang='lat' dir='ltr'><strong>LECTIONIBUS.</strong></span> 
     </span>
    </p>
   </div>
   <div class='ocr_carea' id='block_1_62' title="bbox 174 4502 1699 4578">
    <p class='ocr_par' dir='ltr' id='par_1_62' title="bbox 174 4502 1699 4578">
     <span class='ocr_line' id='line_1_63' title="bbox 174 4502 1699 4578; baseline 0.001 -18"><span class='ocrx_word' id='word_1_397' title='bbox 174 4502 296 4578; x_wconf 75' lang='grc' dir='ltr'><strong>(ϐ.)</strong></span> <span class='ocrx_word' id='word_1_398' title='bbox 333 4504 562 4562; x_wconf 66' lang='lat' dir='ltr'><strong>Eterne</strong></span> <span class='ocrx_word' id='word_1_399' title='bbox 582 4506 742 4562; x_wconf 90' lang='lat' dir='ltr'><strong>Deus.</strong></span> <span class='ocrx_word' id='word_1_400' title='bbox 769 4506 870 4574; x_wconf 86' lang='lat' dir='ltr'><strong>Qui</strong></span> <span class='ocrx_word' id='word_1_401' title='bbox 897 4522 1002 4564; x_wconf 92' lang='lat' dir='ltr'><strong>non</strong></span> <span class='ocrx_word' id='word_1_402' title='bbox 1029 4507 1202 4562; x_wconf 91' lang='lat' dir='ltr'><strong>solum</strong></span> <span class='ocrx_word' id='word_1_403' title='bbox 1251 4514 1471 4577; x_wconf 90' lang='lat' dir='ltr'><strong>peccata</strong></span> <span class='ocrx_word' id='word_1_404' title='bbox 1513 4507 1699 4562; x_wconf 85' lang='lat' dir='ltr'><strong>dimit-</strong></span> 
     </span>
    </p>
   </div>
   <div class='ocr_carea' id='block_1_63' title="bbox 1804 2005 3390 2078">
    <p class='ocr_par' dir='ltr' id='par_1_63' title="bbox 1804 2005 3390 2078">
     <span class='ocr_line' id='line_1_64' title="bbox 1804 2005 3390 2078; baseline 0 -18"><span class='ocrx_word' id='word_1_405' title='bbox 1804 2005 1958 2061; x_wconf 89' lang='lat' dir='ltr'><strong>sione</strong></span> <span class='ocrx_word' id='word_1_406' title='bbox 1979 2007 2316 2071; x_wconf 82' lang='lat' dir='ltr'><strong>sanctorum,</strong></span> <span class='ocrx_word' id='word_1_407' title='bbox 2341 2016 2395 2062; x_wconf 88' lang='lat' dir='ltr'><strong>ct</strong></span> <span class='ocrx_word' id='word_1_408' title='bbox 2420 2023 2523 2062; x_wconf 92' lang='lat' dir='ltr'><strong>non</strong></span> <span class='ocrx_word' id='word_1_409' title='bbox 2555 2007 2726 2062; x_wconf 93' lang='lat' dir='ltr'><strong>solum</strong></span> <span class='ocrx_word' id='word_1_410' title='bbox 2753 2006 3227 2064; x_wconf 80' lang='lat' dir='ltr'><strong>excellentioribus</strong></span> <span class='ocrx_word' id='word_1_411' title='bbox 3256 2023 3390 2078; x_wconf 79' lang='lat' dir='ltr'><strong>prae-</strong></span> 
     </span>
    </p>
   </div>
   <div class='ocr_carea' id='block_1_64' title="bbox 1803 2097 3386 2170">
    <p class='ocr_par' dir='ltr' id='par_1_64' title="bbox 1803 2097 3386 2170">
     <span class='ocr_line' id='line_1_65' title="bbox 1803 2097 3386 2170; baseline 0 -18"><span class='ocrx_word' id='word_1_412' title='bbox 1803 2097 1928 2153; x_wconf 91' lang='lat' dir='ltr'><strong>miis</strong></span> <span class='ocrx_word' id='word_1_413' title='bbox 1957 2107 2258 2170; x_wconf 89' lang='lat' dir='ltr'><strong>martyrum</strong></span> <span class='ocrx_word' id='word_1_414' title='bbox 2293 2107 2507 2153; x_wconf 92' lang='lat' dir='ltr'><strong>tuorum</strong></span> <span class='ocrx_word' id='word_1_415' title='bbox 2532 2100 2726 2153; x_wconf 90' lang='lat' dir='ltr'><strong>merita</strong></span> <span class='ocrx_word' id='word_1_416' title='bbox 2763 2098 2993 2169; x_wconf 87' lang='lat' dir='ltr'><strong>gloriosa</strong></span> <span class='ocrx_word' id='word_1_417' title='bbox 3014 2098 3386 2170; x_wconf 86' lang='lat' dir='ltr'><strong>prosequeris,</strong></span> 
     </span>
    </p>
   </div>
   <div class='ocr_carea' id='block_1_65' title="bbox 1804 2189 3391 2261">
    <p class='ocr_par' dir='ltr' id='par_1_65' title="bbox 1804 2189 3391 2261">
     <span class='ocr_line' id='line_1_66' title="bbox 1804 2189 3391 2261; baseline 0 -17"><span class='ocrx_word' id='word_1_418' title='bbox 1804 2190 1900 2244; x_wconf 91' lang='lat' dir='ltr'><strong>sed</strong></span> <span class='ocrx_word' id='word_1_419' title='bbox 1947 2191 2110 2246; x_wconf 90' lang='lat' dir='ltr'><strong>etiam</strong></span> <span class='ocrx_word' id='word_1_420' title='bbox 2163 2206 2318 2245; x_wconf 89' lang='lat' dir='ltr'><strong>sacra</strong></span> <span class='ocrx_word' id='word_1_421' title='bbox 2369 2190 2627 2261; x_wconf 90' lang='lat' dir='ltr'><strong>mysteria</strong></span> <span class='ocrx_word' id='word_1_422' title='bbox 2675 2189 3105 2260; x_wconf 89' lang='lat' dir='ltr'><strong>competentibus</strong></span> <span class='ocrx_word' id='word_1_423' title='bbox 3153 2189 3391 2245; x_wconf 86' lang='lat' dir='ltr'><strong>servitiis</strong></span> 
     </span>
    </p>
   </div>
   <div class='ocr_carea' id='block_1_66' title="bbox 1800 2280 3388 2354">
    <p class='ocr_par' dir='ltr' id='par_1_66' title="bbox 1800 2280 3388 2354">
     <span class='ocr_line' id='line_1_67' title="bbox 1800 2280 3388 2354; baseline 0.002 -19"><span class='ocrx_word' id='word_1_424' title='bbox 1800 2289 2192 2350; x_wconf 84' lang='lat' dir='ltr'><strong>exsequentes,</strong></span> <span class='ocrx_word' id='word_1_425' title='bbox 2236 2282 2490 2351; x_wconf 89' lang='lat' dir='ltr'><strong>gaudium</strong></span> <span class='ocrx_word' id='word_1_426' title='bbox 2535 2281 2747 2337; x_wconf 91' lang='lat' dir='ltr'><strong>Domini</strong></span> <span class='ocrx_word' id='word_1_427' title='bbox 2789 2281 2871 2338; x_wconf 91' lang='lat' dir='ltr'><strong>sui</strong></span> <span class='ocrx_word' id='word_1_428' title='bbox 2903 2281 3100 2338; x_wconf 88' lang='lat' dir='ltr'><strong>tribuis</strong></span> <span class='ocrx_word' id='word_1_429' title='bbox 3121 2280 3388 2354; x_wconf 89' lang='lat' dir='ltr'><strong>benignus</strong></span> 
     </span>
    </p>
   </div>
   <div class='ocr_carea' id='block_1_67' title="bbox 1803 2370 2490 2429">
    <p class='ocr_par' dir='ltr' id='par_1_67' title="bbox 1803 2370 2490 2429">
     <span class='ocr_line' id='line_1_68' title="bbox 1803 2370 2490 2429; baseline 0.003 -2"><span class='ocrx_word' id='word_1_430' title='bbox 1803 2370 2030 2428; x_wconf 90' lang='lat' dir='ltr'><strong>intrare.</strong></span> <span class='ocrx_word' id='word_1_431' title='bbox 2063 2371 2168 2428; x_wconf 89' lang='lat' dir='ltr'><strong>Per</strong></span> <span class='ocrx_word' id='word_1_432' title='bbox 2195 2372 2490 2429; x_wconf 91' lang='lat' dir='ltr'><strong>Christum.</strong></span> 
     </span>
    </p>
   </div>
   <div class='ocr_carea' id='block_1_68' title="bbox 1963 2497 3318 2541">
    <p class='ocr_par' dir='ltr' id='par_1_68' title="bbox 1963 2497 3318 2541">
     <span class='ocr_line' id='line_1_69' title="bbox 1963 2497 3318 2541; baseline 0.001 -1"><span class='ocrx_word' id='word_1_433' title='bbox 1963 2501 2018 2540; x_wconf 87' lang='lat' dir='ltr'><strong>IN</strong></span> <span class='ocrx_word' id='word_1_434' title='bbox 2055 2499 2224 2541; x_wconf 69' lang='lat' dir='ltr'><strong>PESTO</strong></span> <span class='ocrx_word' id='word_1_435' title='bbox 2263 2501 2335 2540; x_wconf 86' lang='lat' dir='ltr'><strong>SS.</strong></span> <span class='ocrx_word' id='word_1_436' title='bbox 2375 2500 2585 2540; x_wconf 80' lang='lat' dir='ltr'><strong>FABIANI</strong></span> <span class='ocrx_word' id='word_1_437' title='bbox 2619 2500 2690 2540; x_wconf 77' lang='lat' dir='ltr'><strong>ET</strong></span> <span class='ocrx_word' id='word_1_438' title='bbox 2729 2498 3037 2540; x_wconf 79' lang='lat' dir='ltr'><strong>SEBASTIANI</strong></span> <span class='ocrx_word' id='word_1_439' title='bbox 3073 2497 3242 2538; x_wconf 73' lang='lat' dir='ltr'><strong>IART.</strong></span> <span class='ocrx_word' id='word_1_440' title='bbox 3309 2533 3318 2541; x_wconf 90' lang='lat'><strong>.</strong></span> 
     </span>
    </p>
   </div>
   <div class='ocr_carea' id='block_1_69' title="bbox 1873 2575 3391 2649">
    <p class='ocr_par' dir='ltr' id='par_1_69' title="bbox 1873 2575 3391 2649">
     <span class='ocr_line' id='line_1_70' title="bbox 1873 2575 3391 2649; baseline 0.001 -18"><span class='ocrx_word' id='word_1_441' title='bbox 1873 2575 2103 2633; x_wconf 66' lang='lat' dir='ltr'><strong>Eterne</strong></span> <span class='ocrx_word' id='word_1_442' title='bbox 2138 2577 2299 2632; x_wconf 90' lang='lat' dir='ltr'><strong>Deus.</strong></span> <span class='ocrx_word' id='word_1_443' title='bbox 2335 2577 2604 2645; x_wconf 86' lang='lat' dir='ltr'><strong>Quoniam</strong></span> <span class='ocrx_word' id='word_1_444' title='bbox 2633 2579 2914 2633; x_wconf 89' lang='lat' dir='ltr'><strong>beatorum</strong></span> <span class='ocrx_word' id='word_1_445' title='bbox 2950 2585 3254 2649; x_wconf 86' lang='lat' dir='ltr'><strong>martyrum</strong></span> <span class='ocrx_word' id='word_1_446' title='bbox 3284 2576 3391 2633; x_wconf 84' lang='lat' dir='ltr'><strong>Fa-</strong></span> 
     </span>
    </p>
   </div>
   <div class='ocr_carea' id='block_1_70' title="bbox 1801 2665 3390 2738">
    <p class='ocr_par' dir='ltr' id='par_1_70' title="bbox 1801 2665 3390 2738">
     <span class='ocr_line' id='line_1_71' title="bbox 1801 2665 3390 2738; baseline 0.002 -15"><span class='ocrx_word' id='word_1_447' title='bbox 1801 2667 1949 2723; x_wconf 91' lang='lat' dir='ltr'><strong>biani</strong></span> <span class='ocrx_word' id='word_1_448' title='bbox 1976 2675 2030 2722; x_wconf 91' lang='lat' dir='ltr'><strong>et</strong></span> <span class='ocrx_word' id='word_1_449' title='bbox 2054 2665 2360 2723; x_wconf 88' lang='lat' dir='ltr'><strong>Sebastiani</strong></span> <span class='ocrx_word' id='word_1_450' title='bbox 2386 2683 2485 2738; x_wconf 89' lang='lat' dir='ltr'><strong>pro</strong></span> <span class='ocrx_word' id='word_1_451' title='bbox 2510 2667 2852 2724; x_wconf 89' lang='lat' dir='ltr'><strong>confessione</strong></span> <span class='ocrx_word' id='word_1_452' title='bbox 2868 2669 3104 2724; x_wconf 90' lang='lat' dir='ltr'><strong>nominis</strong></span> <span class='ocrx_word' id='word_1_453' title='bbox 3129 2668 3206 2724; x_wconf 92' lang='lat' dir='ltr'><strong>tui</strong></span> <span class='ocrx_word' id='word_1_454' title='bbox 3233 2684 3390 2726; x_wconf 84' lang='lat' dir='ltr'><strong>vene-</strong></span> 
     </span>
    </p>
   </div>
   <div class='ocr_carea' id='block_1_71' title="bbox 1803 2758 3391 2830">
    <p class='ocr_par' dir='ltr' id='par_1_71' title="bbox 1803 2758 3391 2830">
     <span class='ocr_line' id='line_1_72' title="bbox 1803 2758 3391 2830; baseline 0.003 -17"><span class='ocrx_word' id='word_1_455' title='bbox 1803 2758 1992 2814; x_wconf 85' lang='lat' dir='ltr'><strong>rabilis</strong></span> <span class='ocrx_word' id='word_1_456' title='bbox 2016 2759 2236 2830; x_wconf 80' lang='lat' dir='ltr'><strong>‘sanguis</strong></span> <span class='ocrx_word' id='word_1_457' title='bbox 2265 2758 2488 2825; x_wconf 76' lang='lat' dir='ltr'><strong>effusus,</strong></span> <span class='ocrx_word' id='word_1_458' title='bbox 2522 2759 2680 2814; x_wconf 91' lang='lat' dir='ltr'><strong>simul</strong></span> <span class='ocrx_word' id='word_1_459' title='bbox 2711 2768 2765 2814; x_wconf 91' lang='lat' dir='ltr'><strong>et</strong></span> <span class='ocrx_word' id='word_1_460' title='bbox 2799 2768 2887 2814; x_wconf 93' lang='lat' dir='ltr'><strong>tua</strong></span> <span class='ocrx_word' id='word_1_461' title='bbox 2915 2759 3182 2815; x_wconf 87' lang='lat' dir='ltr'><strong>mirabilia</strong></span> <span class='ocrx_word' id='word_1_462' title='bbox 3221 2761 3391 2816; x_wconf 88' lang='lat' dir='ltr'><strong>mani-</strong></span> 
     </span>
    </p>
   </div>
   <div class='ocr_carea' id='block_1_72' title="bbox 1801 2847 3389 2920">
    <p class='ocr_par' dir='ltr' id='par_1_72' title="bbox 1801 2847 3389 2920">
     <span class='ocr_line' id='line_1_73' title="bbox 1801 2847 3389 2920; baseline 0.004 -17"><span class='ocrx_word' id='word_1_463' title='bbox 1801 2847 1984 2915; x_wconf 79' lang='lat' dir='ltr'><strong>festat,</strong></span> <span class='ocrx_word' id='word_1_464' title='bbox 2014 2851 2103 2920; x_wconf 87' lang='lat' dir='ltr'><strong>qui</strong></span> <span class='ocrx_word' id='word_1_465' title='bbox 2136 2849 2352 2920; x_wconf 80' lang='lat' dir='ltr'><strong>perﬁcis</strong></span> <span class='ocrx_word' id='word_1_466' title='bbox 2381 2851 2434 2905; x_wconf 93' lang='lat' dir='ltr'><strong>in</strong></span> <span class='ocrx_word' id='word_1_467' title='bbox 2461 2849 2776 2906; x_wconf 86' lang='lat' dir='ltr'><strong>inﬁrmitate</strong></span> <span class='ocrx_word' id='word_1_468' title='bbox 2802 2852 3080 2919; x_wconf 91' lang='lat' dir='ltr'><strong>virtutem,</strong></span> <span class='ocrx_word' id='word_1_469' title='bbox 3112 2862 3167 2908; x_wconf 91' lang='lat' dir='ltr'><strong>et</strong></span> <span class='ocrx_word' id='word_1_470' title='bbox 3187 2853 3389 2910; x_wconf 85' lang='lat' dir='ltr'><strong>nostris</strong></span> 
     </span>
    </p>
   </div>
   <div class='ocr_carea' id='block_1_73' title="bbox 1801 2946 3387 3019">
    <p class='ocr_par' dir='ltr' id='par_1_73' title="bbox 1801 2946 3387 3019">
     <span class='ocr_line' id='line_1_74' title="bbox 1801 2946 3387 3019; baseline 0.001 -18"><span class='ocrx_word' id='word_1_471' title='bbox 1801 2947 1996 3002; x_wconf 84' lang='lat' dir='ltr'><strong>studiis</strong></span> <span class='ocrx_word' id='word_1_472' title='bbox 2045 2947 2140 3001; x_wconf 90' lang='lat' dir='ltr'><strong>das</strong></span> <span class='ocrx_word' id='word_1_473' title='bbox 2170 2946 2492 3018; x_wconf 88' lang='lat' dir='ltr'><strong>profectum,</strong></span> <span class='ocrx_word' id='word_1_474' title='bbox 2527 2955 2583 3002; x_wconf 91' lang='lat' dir='ltr'><strong>et</strong></span> <span class='ocrx_word' id='word_1_475' title='bbox 2614 2946 2847 3003; x_wconf 84' lang='lat' dir='ltr'><strong>inﬁrmis</strong></span> <span class='ocrx_word' id='word_1_476' title='bbox 2873 2949 3015 3017; x_wconf 91' lang='lat' dir='ltr'><strong>apud</strong></span> <span class='ocrx_word' id='word_1_477' title='bbox 3065 2955 3118 3004; x_wconf 92' lang='lat' dir='ltr'><strong>te</strong></span> <span class='ocrx_word' id='word_1_478' title='bbox 3160 2956 3387 3019; x_wconf 63' lang='lat' dir='ltr'><strong>praestas</strong></span> 
     </span>
    </p>
   </div>
   <div class='ocr_carea' id='block_1_74' title="bbox 1804 3038 2542 3095">
    <p class='ocr_par' dir='ltr' id='par_1_74' title="bbox 1804 3038 2542 3095">
     <span class='ocr_line' id='line_1_75' title="bbox 1804 3038 2542 3095; baseline 0 -1"><span class='ocrx_word' id='word_1_479' title='bbox 1804 3039 2084 3094; x_wconf 81' lang='lat' dir='ltr'><strong>auxilium.</strong></span> <span class='ocrx_word' id='word_1_480' title='bbox 2114 3038 2217 3094; x_wconf 88' lang='lat' dir='ltr'><strong>Per</strong></span> <span class='ocrx_word' id='word_1_481' title='bbox 2245 3039 2542 3095; x_wconf 89' lang='lat' dir='ltr'><strong>Christum.</strong></span> 
     </span>
    </p>
   </div>
   <div class='ocr_carea' id='block_1_75' title="bbox 2203 3169 2998 3213">
    <p class='ocr_par' dir='ltr' id='par_1_75' title="bbox 2203 3169 2998 3213">
     <span class='ocr_line' id='line_1_76' title="bbox 2203 3169 2998 3213; baseline 0.003 -4"><span class='ocrx_word' id='word_1_482' title='bbox 2203 3171 2256 3210; x_wconf 88' lang='lat' dir='ltr'><strong>IN</strong></span> <span class='ocrx_word' id='word_1_483' title='bbox 2294 3170 2461 3212; x_wconf 71' lang='grc' dir='ltr'><strong>ηδ’ῐο</strong></span> <span class='ocrx_word' id='word_1_484' title='bbox 2496 3169 2714 3212; x_wconf 66' lang='grc' dir='ltr'><strong>εΑΝετε</strong></span> <span class='ocrx_word' id='word_1_485' title='bbox 2752 3170 2998 3213; x_wconf 77' lang='lat' dir='ltr'><strong>AGNETIS.</strong></span> 
     </span>
    </p>
   </div>
   <div class='ocr_carea' id='block_1_76' title="bbox 1970 3243 3390 3321">
    <p class='ocr_par' dir='ltr' id='par_1_76' title="bbox 1970 3243 3390 3321">
     <span class='ocr_line' id='line_1_77' title="bbox 1970 3243 3390 3321; baseline 0.004 -22"><span class='ocrx_word' id='word_1_486' title='bbox 1970 3244 1988 3316; x_wconf 95' lang='lat'>)</span> <span class='ocrx_word' id='word_1_487' title='bbox 2019 3243 2243 3300; x_wconf 71' lang='lat' dir='ltr'><strong>Eterne</strong></span> <span class='ocrx_word' id='word_1_488' title='bbox 2267 3245 2426 3301; x_wconf 84' lang='lat' dir='ltr'><strong>Deus.</strong></span> <span class='ocrx_word' id='word_1_489' title='bbox 2459 3247 2524 3301; x_wconf 88' lang='lat' dir='ltr'><strong>Et</strong></span> <span class='ocrx_word' id='word_1_490' title='bbox 2547 3247 2688 3302; x_wconf 89' lang='lat' dir='ltr'><strong>diem</strong></span> <span class='ocrx_word' id='word_1_491' title='bbox 2721 3245 2892 3304; x_wconf 65' lang='lat' dir='ltr'><strong>beata:</strong></span> <span class='ocrx_word' id='word_1_492' title='bbox 2923 3247 3148 3320; x_wconf 84' lang='lat' dir='ltr'><strong>Agnetis</strong></span> <span class='ocrx_word' id='word_1_493' title='bbox 3185 3257 3390 3321; x_wconf 85' lang='lat' dir='ltr'><strong>marty-</strong></span> 
     </span>
    </p>
   </div>
   <div class='ocr_carea' id='block_1_77' title="bbox 1809 3337 3389 3413">
    <p class='ocr_par' dir='ltr' id='par_1_77' title="bbox 1809 3337 3389 3413">
     <span class='ocr_line' id='line_1_78' title="bbox 1809 3337 3389 3413; baseline 0.004 -21"><span class='ocrx_word' id='word_1_494' title='bbox 1809 3338 1895 3393; x_wconf 91' lang='lat' dir='ltr'><strong>rio</strong></span> <span class='ocrx_word' id='word_1_495' title='bbox 1916 3345 2285 3393; x_wconf 86' lang='lat' dir='ltr'><strong>consecratam</strong></span> <span class='ocrx_word' id='word_1_496' title='bbox 2308 3337 2641 3405; x_wconf 86' lang='lat' dir='ltr'><strong>solemniter,</strong></span> <span class='ocrx_word' id='word_1_497' title='bbox 2656 3348 2785 3405; x_wconf 90' lang='lat' dir='ltr'><strong>etc.,</strong></span> <span class='ocrx_word' id='word_1_498' title='bbox 2807 3349 2862 3394; x_wconf 85' lang='lat' dir='ltr'><strong>ut</strong></span> <span class='ocrx_word' id='word_1_499' title='bbox 2881 3357 2998 3410; x_wconf 76' lang='lat' dir='ltr'><strong>sup.</strong></span> <span class='ocrx_word' id='word_1_500' title='bbox 3022 3341 3158 3396; x_wconf 80' lang='lat' dir='ltr'><strong>inter</strong></span> <span class='ocrx_word' id='word_1_501' title='bbox 3175 3342 3389 3413; x_wconf 79' lang='lat' dir='ltr'><strong>prwfat.</strong></span> 
     </span>
    </p>
   </div>
   <div class='ocr_carea' id='block_1_78' title="bbox 1809 3430 1990 3484">
    <p class='ocr_par' dir='ltr' id='par_1_78' title="bbox 1809 3430 1990 3484">
     <span class='ocr_line' id='line_1_79' title="bbox 1809 3430 1990 3484; baseline 0.006 -2"><span class='ocrx_word' id='word_1_502' title='bbox 1809 3430 1990 3484; x_wconf 78' lang='lat' dir='ltr'><strong>Ambr.</strong></span> 
     </span>
    </p>
   </div>
   <div class='ocr_carea' id='block_1_79' title="bbox 2181 3538 3032 3581">
    <p class='ocr_par' dir='ltr' id='par_1_79' title="bbox 2181 3538 3032 3581">
     <span class='ocr_line' id='line_1_80' title="bbox 2181 3538 3032 3581; baseline 0.004 -4"><span class='ocrx_word' id='word_1_503' title='bbox 2181 3539 2232 3577; x_wconf 89' lang='lat' dir='ltr'><strong>IN</strong></span> <span class='ocrx_word' id='word_1_504' title='bbox 2267 3538 2438 3579; x_wconf 62' lang='grc' dir='ltr'><strong>ε’Εὸτο</strong></span> <span class='ocrx_word' id='word_1_505' title='bbox 2475 3539 2522 3578; x_wconf 78' lang='grc' dir='ltr'><strong>8ο</strong></span> <span class='ocrx_word' id='word_1_506' title='bbox 2558 3538 2830 3579; x_wconf 75' lang='lat' dir='ltr'><strong>VINCBNTII</strong></span> <span class='ocrx_word' id='word_1_507' title='bbox 2867 3541 3032 3581; x_wconf 73' lang='lat' dir='ltr'><strong>IART.</strong></span> 
     </span>
    </p>
   </div>
   <div class='ocr_carea' id='block_1_80' title="bbox 1883 3633 3387 3698">
    <p class='ocr_par' dir='ltr' id='par_1_80' title="bbox 1883 3633 3387 3698">
     <span class='ocr_line' id='line_1_81' title="bbox 1883 3633 3387 3698; baseline 0.002 -5"><span class='ocrx_word' id='word_1_508' title='bbox 1883 3635 2110 3693; x_wconf 68' lang='lat' dir='ltr'><strong>Eterne</strong></span> <span class='ocrx_word' id='word_1_509' title='bbox 2151 3633 2313 3689; x_wconf 91' lang='lat' dir='ltr'><strong>Deus.</strong></span> <span class='ocrx_word' id='word_1_510' title='bbox 2347 3635 2452 3690; x_wconf 90' lang='lat' dir='ltr'><strong>Per</strong></span> <span class='ocrx_word' id='word_1_511' title='bbox 2488 3634 2764 3692; x_wconf 92' lang='lat' dir='ltr'><strong>Christum</strong></span> <span class='ocrx_word' id='word_1_512' title='bbox 2807 3638 3093 3694; x_wconf 90' lang='lat' dir='ltr'><strong>Dominum</strong></span> <span class='ocrx_word' id='word_1_513' title='bbox 3123 3649 3387 3698; x_wconf 89' lang='lat' dir='ltr'><strong>nostrum.</strong></span> 
     </span>
    </p>
   </div>
   <div class='ocr_carea' id='block_1_81' title="bbox 1808 3724 3388 3796">
    <p class='ocr_par' dir='ltr' id='par_1_81' title="bbox 1808 3724 3388 3796">
     <span class='ocr_line' id='line_1_82' title="bbox 1808 3724 3388 3796; baseline 0.004 -16"><span class='ocrx_word' id='word_1_514' title='bbox 1808 3724 1917 3780; x_wconf 87' lang='lat' dir='ltr'><strong>Pro</strong></span> <span class='ocrx_word' id='word_1_515' title='bbox 1944 3725 2099 3795; x_wconf 87' lang='lat' dir='ltr'><strong>cujus</strong></span> <span class='ocrx_word' id='word_1_516' title='bbox 2128 3725 2347 3780; x_wconf 89' lang='lat' dir='ltr'><strong>nomine</strong></span> <span class='ocrx_word' id='word_1_517' title='bbox 2371 3725 2642 3796; x_wconf 88' lang='lat' dir='ltr'><strong>gloriosus</strong></span> <span class='ocrx_word' id='word_1_518' title='bbox 2678 3726 2839 3781; x_wconf 89' lang='lat' dir='ltr'><strong>levita</strong></span> <span class='ocrx_word' id='word_1_519' title='bbox 2872 3727 3190 3785; x_wconf 76' lang='lat' dir='ltr'><strong>Vincentius</strong></span> <span class='ocrx_word' id='word_1_520' title='bbox 3206 3739 3262 3786; x_wconf 90' lang='lat' dir='ltr'><strong>et</strong></span> <span class='ocrx_word' id='word_1_521' title='bbox 3282 3732 3388 3786; x_wconf 90' lang='lat' dir='ltr'><strong>mi-</strong></span> 
     </span>
    </p>
   </div>
   <div class='ocr_carea' id='block_1_82' title="bbox 1810 3815 3386 3888">
    <p class='ocr_par' dir='ltr' id='par_1_82' title="bbox 1810 3815 3386 3888">
     <span class='ocr_line' id='line_1_83' title="bbox 1810 3815 3386 3888; baseline 0.005 -18"><span class='ocrx_word' id='word_1_522' title='bbox 1810 3815 1890 3872; x_wconf 92' lang='lat' dir='ltr'><strong>les</strong></span> <span class='ocrx_word' id='word_1_523' title='bbox 1914 3817 2166 3882; x_wconf 90' lang='lat' dir='ltr'><strong>invictus,</strong></span> <span class='ocrx_word' id='word_1_524' title='bbox 2201 3816 2371 3871; x_wconf 89' lang='lat' dir='ltr'><strong>rabidi</strong></span> <span class='ocrx_word' id='word_1_525' title='bbox 2406 3818 2578 3874; x_wconf 91' lang='lat' dir='ltr'><strong>hostis</strong></span> <span class='ocrx_word' id='word_1_526' title='bbox 2613 3819 2880 3874; x_wconf 90' lang='lat' dir='ltr'><strong>insaniam</strong></span> <span class='ocrx_word' id='word_1_527' title='bbox 2908 3821 3190 3877; x_wconf 89' lang='lat' dir='ltr'><strong>interritus</strong></span> <span class='ocrx_word' id='word_1_528' title='bbox 3221 3823 3386 3888; x_wconf 88' lang='lat' dir='ltr'><strong>adiit,</strong></span> 
     </span>
    </p>
   </div>
   <div class='ocr_carea' id='block_1_83' title="bbox 1809 3905 3390 3982">
    <p class='ocr_par' dir='ltr' id='par_1_83' title="bbox 1809 3905 3390 3982">
     <span class='ocr_line' id='line_1_84' title="bbox 1809 3905 3390 3982; baseline 0.005 -21"><span class='ocrx_word' id='word_1_529' title='bbox 1809 3905 2088 3961; x_wconf 89' lang='lat' dir='ltr'><strong>modestus</strong></span> <span class='ocrx_word' id='word_1_530' title='bbox 2122 3905 2412 3972; x_wconf 91' lang='lat' dir='ltr'><strong>sustinuit,</strong></span> <span class='ocrx_word' id='word_1_531' title='bbox 2445 3923 2670 3964; x_wconf 88' lang='lat' dir='ltr'><strong>securus</strong></span> <span class='ocrx_word' id='word_1_532' title='bbox 2711 3909 2918 3965; x_wconf 91' lang='lat' dir='ltr'><strong>irrisit:</strong></span> <span class='ocrx_word' id='word_1_533' title='bbox 2951 3910 3129 3967; x_wconf 90' lang='lat' dir='ltr'><strong>sciens</strong></span> <span class='ocrx_word' id='word_1_534' title='bbox 3165 3924 3390 3982; x_wconf 90' lang='lat' dir='ltr'><strong>paratus</strong></span> 
     </span>
    </p>
   </div>
   <div class='ocr_carea' id='block_1_84' title="bbox 1809 3997 3389 4072">
    <p class='ocr_par' dir='ltr' id='par_1_84' title="bbox 1809 3997 3389 4072">
     <span class='ocr_line' id='line_1_85' title="bbox 1809 3997 3389 4072; baseline 0.006 -20"><span class='ocrx_word' id='word_1_535' title='bbox 1809 4011 1932 4052; x_wconf 90' lang='lat' dir='ltr'><strong>esse</strong></span> <span class='ocrx_word' id='word_1_536' title='bbox 1957 4004 2017 4051; x_wconf 93' lang='lat' dir='ltr'><strong>ut</strong></span> <span class='ocrx_word' id='word_1_537' title='bbox 2043 3997 2321 4051; x_wconf 88' lang='lat' dir='ltr'><strong>resisteret</strong></span> <span class='ocrx_word' id='word_1_538' title='bbox 2347 4016 2359 4051; x_wconf 94' lang='lat'><strong>:</strong></span> <span class='ocrx_word' id='word_1_539' title='bbox 2389 3999 2640 4054; x_wconf 88' lang='lat' dir='ltr'><strong>nesciens</strong></span> <span class='ocrx_word' id='word_1_540' title='bbox 2675 3998 2848 4055; x_wconf 88' lang='lat' dir='ltr'><strong>elatus</strong></span> <span class='ocrx_word' id='word_1_541' title='bbox 2887 4016 3035 4062; x_wconf 87' lang='lat' dir='ltr'><strong>esse,</strong></span> <span class='ocrx_word' id='word_1_542' title='bbox 3068 4017 3174 4072; x_wconf 93' lang='lat' dir='ltr'><strong>quo</strong></span> <span class='ocrx_word' id='word_1_543' title='bbox 3203 4005 3389 4062; x_wconf 82' lang='lat' dir='ltr'><strong>vince-</strong></span> 
     </span>
    </p>
   </div>
   <div class='ocr_carea' id='block_1_85' title="bbox 1809 4088 3390 4168">
    <p class='ocr_par' dir='ltr' id='par_1_85' title="bbox 1809 4088 3390 4168">
     <span class='ocr_line' id='line_1_86' title="bbox 1809 4088 3390 4168; baseline 0.005 -24"><span class='ocrx_word' id='word_1_544' title='bbox 1809 4097 1930 4144; x_wconf 87' lang='lat' dir='ltr'><strong>ret:</strong></span> <span class='ocrx_word' id='word_1_545' title='bbox 1956 4088 2010 4143; x_wconf 93' lang='lat' dir='ltr'><strong>in</strong></span> <span class='ocrx_word' id='word_1_546' title='bbox 2040 4099 2270 4160; x_wconf 88' lang='lat' dir='ltr'><strong>utroque</strong></span> <span class='ocrx_word' id='word_1_547' title='bbox 2298 4089 2542 4160; x_wconf 89' lang='lat' dir='ltr'><strong>magistri</strong></span> <span class='ocrx_word' id='word_1_548' title='bbox 2579 4105 2644 4145; x_wconf 88' lang='lat' dir='ltr'><strong>ac</strong></span> <span class='ocrx_word' id='word_1_549' title='bbox 2676 4090 2888 4146; x_wconf 91' lang='lat' dir='ltr'><strong>Domini</strong></span> <span class='ocrx_word' id='word_1_550' title='bbox 2929 4093 3012 4148; x_wconf 91' lang='lat' dir='ltr'><strong>sui</strong></span> <span class='ocrx_word' id='word_1_551' title='bbox 3047 4095 3270 4168; x_wconf 86' lang='lat' dir='ltr'><strong>vestigia</strong></span> <span class='ocrx_word' id='word_1_552' title='bbox 3301 4111 3390 4152; x_wconf 88' lang='lat' dir='ltr'><strong>se-</strong></span> 
     </span>
    </p>
   </div>
   <div class='ocr_carea' id='block_1_86' title="bbox 1809 4179 3388 4250">
    <p class='ocr_par' dir='ltr' id='par_1_86' title="bbox 1809 4179 3388 4250">
     <span class='ocr_line' id='line_1_87' title="bbox 1809 4179 3388 4250; baseline 0.006 -17"><span class='ocrx_word' id='word_1_553' title='bbox 1809 4193 1980 4250; x_wconf 90' lang='lat' dir='ltr'><strong>quens</strong></span> <span class='ocrx_word' id='word_1_554' title='bbox 2011 4179 2103 4248; x_wconf 94' lang='lat' dir='ltr'><strong>qui</strong></span> <span class='ocrx_word' id='word_1_555' title='bbox 2131 4187 2187 4233; x_wconf 90' lang='lat' dir='ltr'><strong>et</strong></span> <span class='ocrx_word' id='word_1_556' title='bbox 2218 4179 2540 4236; x_wconf 90' lang='lat' dir='ltr'><strong>humilitatis</strong></span> <span class='ocrx_word' id='word_1_557' title='bbox 2569 4182 2934 4238; x_wconf 72' lang='lat' dir='ltr'><strong>custodiendae</strong></span> <span class='ocrx_word' id='word_1_558' title='bbox 2963 4192 3017 4239; x_wconf 89' lang='lat' dir='ltr'><strong>et</strong></span> <span class='ocrx_word' id='word_1_559' title='bbox 3047 4184 3110 4242; x_wconf 84' lang='lat' dir='ltr'><strong>de</strong></span> <span class='ocrx_word' id='word_1_560' title='bbox 3143 4185 3388 4243; x_wconf 86' lang='lat' dir='ltr'><strong>hostibus</strong></span> 
     </span>
    </p>
   </div>
   <div class='ocr_carea' id='block_1_87' title="bbox 1809 4271 3390 4344">
    <p class='ocr_par' dir='ltr' id='par_1_87' title="bbox 1809 4271 3390 4344">
     <span class='ocr_line' id='line_1_88' title="bbox 1809 4271 3390 4344; baseline 0.006 -18"><span class='ocrx_word' id='word_1_561' title='bbox 1809 4271 2176 4342; x_wconf 86' lang='lat' dir='ltr'><strong>triumphandi</strong></span> <span class='ocrx_word' id='word_1_562' title='bbox 2203 4271 2315 4325; x_wconf 89' lang='lat' dir='ltr'><strong>suis</strong></span> <span class='ocrx_word' id='word_1_563' title='bbox 2340 4272 2614 4342; x_wconf 88' lang='lat' dir='ltr'><strong>sequenda</strong></span> <span class='ocrx_word' id='word_1_564' title='bbox 2639 4273 2885 4344; x_wconf 89' lang='lat' dir='ltr'><strong>exempla</strong></span> <span class='ocrx_word' id='word_1_565' title='bbox 2911 4278 3252 4333; x_wconf 85' lang='lat' dir='ltr'><strong>monstravit.</strong></span> <span class='ocrx_word' id='word_1_566' title='bbox 3285 4277 3390 4334; x_wconf 88' lang='lat' dir='ltr'><strong>Per</strong></span> 
     </span>
    </p>
   </div>
   <div class='ocr_carea' id='block_1_88' title="bbox 1807 4380 1986 4437">
    <p class='ocr_par' dir='ltr' id='par_1_88' title="bbox 1807 4380 1986 4437">
     <span class='ocr_line' id='line_1_89' title="bbox 1807 4380 1986 4437; baseline -0.011 -17"><span class='ocrx_word' id='word_1_567' title='bbox 1807 4380 1986 4437; x_wconf 90' lang='lat' dir='ltr'><strong>quem.</strong></span> 
     </span>
    </p>
   </div>
   <div class='ocr_carea' id='block_1_89' title="bbox 1961 4495 3227 4540">
    <p class='ocr_par' dir='ltr' id='par_1_89' title="bbox 1961 4495 3227 4540">
     <span class='ocr_line' id='line_1_90' title="bbox 1961 4495 3227 4540; baseline 0.002 -5"><span class='ocrx_word' id='word_1_568' title='bbox 1961 4497 2015 4535; x_wconf 87' lang='lat' dir='ltr'><strong>IN</strong></span> <span class='ocrx_word' id='word_1_569' title='bbox 2050 4495 2218 4538; x_wconf 69' lang='grc' dir='ltr'><strong>πετο</strong></span> <span class='ocrx_word' id='word_1_570' title='bbox 2253 4495 2632 4536; x_wconf 66' lang='grc' dir='ltr'><strong>οοιπειιειοιαε</strong></span> <span class='ocrx_word' id='word_1_571' title='bbox 2666 4495 2714 4536; x_wconf 77' lang='grc' dir='ltr'><strong>8ο</strong></span> <span class='ocrx_word' id='word_1_572' title='bbox 2752 4496 2908 4538; x_wconf 78' lang='lat' dir='ltr'><strong>PAULI</strong></span> <span class='ocrx_word' id='word_1_573' title='bbox 2947 4497 3227 4540; x_wconf 72' lang='lat' dir='ltr'><strong>APOSTOLI.</strong></span> 
     </span>
    </p>
   </div>
   <div class='ocr_carea' id='block_1_90' title="bbox 103 4592 3381 4670">
    <p class='ocr_par' dir='ltr' id='par_1_90' title="bbox 103 4592 3381 4670">
     <span class='ocr_line' id='line_1_91' title="bbox 103 4592 3381 4670; baseline 0 -16"><span class='ocrx_word' id='word_1_574' title='bbox 103 4600 192 4662; x_wconf 90' lang='lat' dir='ltr'><strong>tis,</strong></span> <span class='ocrx_word' id='word_1_575' title='bbox 224 4598 326 4656; x_wconf 88' lang='lat' dir='ltr'><strong>sed</strong></span> <span class='ocrx_word' id='word_1_576' title='bbox 351 4598 498 4669; x_wconf 92' lang='lat' dir='ltr'><strong>ipsos</strong></span> <span class='ocrx_word' id='word_1_577' title='bbox 526 4600 692 4655; x_wconf 90' lang='lat' dir='ltr'><strong>etiam</strong></span> <span class='ocrx_word' id='word_1_578' title='bbox 713 4599 980 4670; x_wconf 84' lang='lat' dir='ltr'><strong>justiticas</strong></span> <span class='ocrx_word' id='word_1_579' title='bbox 1009 4608 1342 4669; x_wconf 87' lang='lat' dir='ltr'><strong>peccatores,</strong></span> <span class='ocrx_word' id='word_1_580' title='bbox 1373 4608 1428 4654; x_wconf 91' lang='lat' dir='ltr'><strong>et</strong></span> <span class='ocrx_word' id='word_1_581' title='bbox 1457 4599 1565 4655; x_wconf 90' lang='lat' dir='ltr'><strong>reis</strong></span> <span class='ocrx_word' id='word_1_582' title='bbox 1590 4615 1696 4656; x_wconf 92' lang='lat' dir='ltr'><strong>non</strong></span> <span class='ocrx_word' id='word_1_583' title='bbox 1724 4599 1777 4660; x_wconf 90' lang='lat' dir='ltr'><strong>D</strong></span> <span class='ocrx_word' id='word_1_584' title='bbox 1874 4592 2102 4649; x_wconf 62' lang='lat' dir='ltr'><strong>Emme</strong></span> <span class='ocrx_word' id='word_1_585' title='bbox 2149 4594 2307 4650; x_wconf 72' lang='lat' dir='ltr'><strong>Deus.</strong></span> <span class='ocrx_word' id='word_1_586' title='bbox 2360 4593 2428 4648; x_wconf 73' lang='lat' dir='ltr'><strong>Et</strong></span> <span class='ocrx_word' id='word_1_587' title='bbox 2475 4592 2809 4662; x_wconf 56' lang='lat' dir='ltr'><strong>maiestatem</strong></span> <span class='ocrx_word' id='word_1_588' title='bbox 2858 4602 3004 4648; x_wconf 77' lang='lat' dir='ltr'><strong>mam</strong></span> <span class='ocrx_word' id='word_1_589' title='bbox 3064 4597 3381 4667; x_wconf 87' lang='lat' dir='ltr'><strong>suppliciter</strong></span> 
     </span>
    </p>
   </div>
   <div class='ocr_carea' id='block_1_91' title="bbox 101 4690 1696 4762">
    <p class='ocr_par' dir='ltr' id='par_1_91' title="bbox 101 4690 1696 4762">
     <span class='ocr_line' id='line_1_92' title="bbox 101 4690 1696 4762; baseline -0.001 -16"><span class='ocrx_word' id='word_1_590' title='bbox 101 4699 320 4746; x_wconf 73' lang='lat' dir='ltr'><strong>tantum</strong></span> <span class='ocrx_word' id='word_1_591' title='bbox 352 4703 546 4762; x_wconf 71' lang='lat' dir='ltr'><strong>poenas</strong></span> <span class='ocrx_word' id='word_1_592' title='bbox 571 4690 806 4757; x_wconf 89' lang='lat' dir='ltr'><strong>relaxas,</strong></span> <span class='ocrx_word' id='word_1_593' title='bbox 839 4692 932 4746; x_wconf 88' lang='lat' dir='ltr'><strong>sed</strong></span> <span class='ocrx_word' id='word_1_594' title='bbox 960 4691 1097 4745; x_wconf 93' lang='lat' dir='ltr'><strong>dona</strong></span> <span class='ocrx_word' id='word_1_595' title='bbox 1119 4690 1334 4761; x_wconf 87' lang='lat' dir='ltr'><strong>largiris</strong></span> <span class='ocrx_word' id='word_1_596' title='bbox 1360 4701 1415 4745; x_wconf 91' lang='lat' dir='ltr'><strong>et</strong></span> <span class='ocrx_word' id='word_1_597' title='bbox 1441 4693 1660 4761; x_wconf 70' lang='lat' dir='ltr'><strong>praemia</strong></span> <span class='ocrx_word' id='word_1_598' title='bbox 1681 4732 1696 4757; x_wconf 92' lang='lat'><strong>,</strong></span> 
     </span>
    </p>
   </div>
   <div class='ocr_carea' id='block_1_92' title="bbox 98 4784 1700 4855">
    <p class='ocr_par' dir='ltr' id='par_1_92' title="bbox 98 4784 1700 4855">
     <span class='ocr_line' id='line_1_93' title="bbox 98 4784 1700 4855; baseline -0.001 -15"><span class='ocrx_word' id='word_1_599' title='bbox 98 4784 260 4854; x_wconf 87' lang='lat' dir='ltr'><strong>cujus</strong></span> <span class='ocrx_word' id='word_1_600' title='bbox 282 4800 390 4841; x_wconf 92' lang='lat' dir='ltr'><strong>nos</strong></span> <span class='ocrx_word' id='word_1_601' title='bbox 413 4784 668 4855; x_wconf 91' lang='lat' dir='ltr'><strong>pietatem</strong></span> <span class='ocrx_word' id='word_1_602' title='bbox 689 4784 957 4855; x_wconf 89' lang='lat' dir='ltr'><strong>supplices</strong></span> <span class='ocrx_word' id='word_1_603' title='bbox 977 4799 1266 4839; x_wconf 89' lang='lat' dir='ltr'><strong>exoramus</strong></span> <span class='ocrx_word' id='word_1_604' title='bbox 1287 4792 1345 4838; x_wconf 93' lang='lat' dir='ltr'><strong>ut</strong></span> <span class='ocrx_word' id='word_1_605' title='bbox 1369 4784 1460 4854; x_wconf 91' lang='lat' dir='ltr'><strong>qui</strong></span> <span class='ocrx_word' id='word_1_606' title='bbox 1478 4784 1700 4855; x_wconf 88' lang='lat' dir='ltr'><strong>jejuniis</strong></span> 
     </span>
    </p>
   </div>
   <div class='ocr_carea' id='block_1_93' title="bbox 97 4875 1699 4946">
    <p class='ocr_par' dir='ltr' id='par_1_93' title="bbox 97 4875 1699 4946">
     <span class='ocr_line' id='line_1_94' title="bbox 97 4875 1699 4946; baseline 0.001 -15"><span class='ocrx_word' id='word_1_607' title='bbox 97 4886 153 4931; x_wconf 93' lang='lat' dir='ltr'><strong>et</strong></span> <span class='ocrx_word' id='word_1_608' title='bbox 184 4877 335 4934; x_wconf 87' lang='lat' dir='ltr'><strong>votis</strong></span> <span class='ocrx_word' id='word_1_609' title='bbox 370 4876 702 4934; x_wconf 88' lang='lat' dir='ltr'><strong>solemnibus</strong></span> <span class='ocrx_word' id='word_1_610' title='bbox 733 4877 1068 4932; x_wconf 86' lang='lat' dir='ltr'><strong>nativitatem</strong></span> <span class='ocrx_word' id='word_1_611' title='bbox 1091 4875 1362 4945; x_wconf 86' lang='lat' dir='ltr'><strong>Unigeniti</strong></span> <span class='ocrx_word' id='word_1_612' title='bbox 1393 4876 1465 4931; x_wconf 94' lang='lat' dir='ltr'><strong>tui</strong></span> <span class='ocrx_word' id='word_1_613' title='bbox 1495 4890 1699 4946; x_wconf 56' lang='lat' dir='ltr'><strong>praeve-</strong></span> 
     </span>
    </p>
   </div>
   <div class='ocr_carea' id='block_1_94' title="bbox 96 4967 1694 5040">
    <p class='ocr_par' dir='ltr' id='par_1_94' title="bbox 96 4967 1694 5040">
     <span class='ocr_line' id='line_1_95' title="bbox 96 4967 1694 5040; baseline 0 -18"><span class='ocrx_word' id='word_1_614' title='bbox 96 4968 288 5024; x_wconf 89' lang='lat' dir='ltr'><strong>nimus</strong></span> <span class='ocrx_word' id='word_1_615' title='bbox 307 5010 323 5033; x_wconf 92' lang='lat'><strong>,</strong></span> <span class='ocrx_word' id='word_1_616' title='bbox 376 4967 522 5024; x_wconf 92' lang='lat' dir='ltr'><strong>illius</strong></span> <span class='ocrx_word' id='word_1_617' title='bbox 565 4969 706 5025; x_wconf 90' lang='lat' dir='ltr'><strong>dono</strong></span> <span class='ocrx_word' id='word_1_618' title='bbox 729 4977 785 5024; x_wconf 89' lang='lat' dir='ltr'><strong>et</strong></span> <span class='ocrx_word' id='word_1_619' title='bbox 813 4969 1094 5040; x_wconf 80' lang='lat' dir='ltr'><strong>praesentis</strong></span> <span class='ocrx_word' id='word_1_620' title='bbox 1125 4968 1246 5022; x_wconf 83' lang='lat' dir='ltr'><strong>vitae</strong></span> <span class='ocrx_word' id='word_1_621' title='bbox 1273 4968 1694 5038; x_wconf 78' lang='lat' dir='ltr'><strong>perturbationi-</strong></span> 
     </span>
    </p>
   </div>
   <div class='ocr_carea' id='block_1_95' title="bbox 93 5056 1407 5129">
    <p class='ocr_par' dir='ltr' id='par_1_95' title="bbox 93 5056 1407 5129">
     <span class='ocr_line' id='line_1_96' title="bbox 93 5056 1407 5129; baseline 0 -18"><span class='ocrx_word' id='word_1_622' title='bbox 93 5056 200 5112; x_wconf 88' lang='lat' dir='ltr'><strong>bus</strong></span> <span class='ocrx_word' id='word_1_623' title='bbox 231 5072 528 5114; x_wconf 85' lang='lat' dir='ltr'><strong>careamus</strong></span> <span class='ocrx_word' id='word_1_624' title='bbox 549 5067 607 5114; x_wconf 88' lang='lat' dir='ltr'><strong>et</strong></span> <span class='ocrx_word' id='word_1_625' title='bbox 629 5067 831 5115; x_wconf 58' lang='lat' dir='ltr'><strong>eterna</strong></span> <span class='ocrx_word' id='word_1_626' title='bbox 859 5073 1083 5114; x_wconf 88' lang='lat' dir='ltr'><strong>munera</strong></span> <span class='ocrx_word' id='word_1_627' title='bbox 1112 5057 1407 5129; x_wconf 88' lang='lat' dir='ltr'><strong>capiamus.</strong></span> 
     </span>
    </p>
   </div>
   <div class='ocr_carea' id='block_1_96' title="bbox 291 5187 1512 5238">
    <p class='ocr_par' dir='ltr' id='par_1_96' title="bbox 291 5187 1512 5238">
     <span class='ocr_line' id='line_1_97' title="bbox 291 5187 1512 5238; baseline -0.001 -9"><span class='ocrx_word' id='word_1_628' title='bbox 291 5187 558 5230; x_wconf 76' lang='lat' dir='ltr'><strong>DOIINICA</strong></span> <span class='ocrx_word' id='word_1_629' title='bbox 595 5189 791 5238; x_wconf 72' lang='grc' dir='ltr'><strong>νΑοΔτ,</strong></span> <span class='ocrx_word' id='word_1_630' title='bbox 832 5189 949 5231; x_wconf 73' lang='grc' dir='ltr'><strong>εινι</strong></span> <span class='ocrx_word' id='word_1_631' title='bbox 986 5189 1006 5230; x_wconf 87' lang='grc' dir='ltr'><strong>ι</strong></span> <span class='ocrx_word' id='word_1_632' title='bbox 1042 5188 1183 5229; x_wconf 74' lang='lat' dir='ltr'><strong>ANTE</strong></span> <span class='ocrx_word' id='word_1_633' title='bbox 1216 5189 1343 5229; x_wconf 78' lang='lat' dir='ltr'><strong>NAT.</strong></span> <span class='ocrx_word' id='word_1_634' title='bbox 1385 5187 1512 5228; x_wconf 77' lang='lat' dir='ltr'><strong>DOI.</strong></span> 
     </span>
    </p>
   </div>
   <div class='ocr_carea' id='block_1_97' title="bbox 167 5283 1696 5353">
    <p class='ocr_par' dir='ltr' id='par_1_97' title="bbox 167 5283 1696 5353">
     <span class='ocr_line' id='line_1_98' title="bbox 167 5283 1696 5353; baseline 0.001 -13"><span class='ocrx_word' id='word_1_635' title='bbox 167 5283 282 5341; x_wconf 86' lang='lat' dir='ltr'><strong>Per</strong></span> <span class='ocrx_word' id='word_1_636' title='bbox 317 5283 598 5341; x_wconf 89' lang='lat' dir='ltr'><strong>Christum</strong></span> <span class='ocrx_word' id='word_1_637' title='bbox 628 5285 912 5341; x_wconf 91' lang='lat' dir='ltr'><strong>Dominum</strong></span> <span class='ocrx_word' id='word_1_638' title='bbox 955 5293 1220 5340; x_wconf 88' lang='lat' dir='ltr'><strong>nostrum.</strong></span> <span class='ocrx_word' id='word_1_639' title='bbox 1253 5284 1422 5353; x_wconf 90' lang='lat' dir='ltr'><strong>Quem</strong></span> <span class='ocrx_word' id='word_1_640' title='bbox 1461 5283 1696 5342; x_wconf 82' lang='lat' dir='ltr'><strong>Ioannes</strong></span> 
     </span>
    </p>
   </div>
   <div class='ocr_carea' id='block_1_98' title="bbox 94 5377 1694 5448">
    <p class='ocr_par' dir='ltr' id='par_1_98' title="bbox 94 5377 1694 5448">
     <span class='ocr_line' id='line_1_99' title="bbox 94 5377 1694 5448; baseline -0.001 -14"><span class='ocrx_word' id='word_1_641' title='bbox 94 5377 392 5448; x_wconf 76' lang='lat' dir='ltr'><strong>praecessit</strong></span> <span class='ocrx_word' id='word_1_642' title='bbox 413 5378 705 5444; x_wconf 88' lang='lat' dir='ltr'><strong>nascendo,</strong></span> <span class='ocrx_word' id='word_1_643' title='bbox 729 5386 784 5433; x_wconf 89' lang='lat' dir='ltr'><strong>et</strong></span> <span class='ocrx_word' id='word_1_644' title='bbox 810 5378 864 5433; x_wconf 91' lang='lat' dir='ltr'><strong>in</strong></span> <span class='ocrx_word' id='word_1_645' title='bbox 897 5379 1112 5432; x_wconf 87' lang='lat' dir='ltr'><strong>deserto</strong></span> <span class='ocrx_word' id='word_1_646' title='bbox 1137 5377 1305 5433; x_wconf 89' lang='lat' dir='ltr'><strong>eremi</strong></span> <span class='ocrx_word' id='word_1_647' title='bbox 1333 5377 1694 5448; x_wconf 77' lang='lat' dir='ltr'><strong>praedicando,</strong></span> 
     </span>
    </p>
   </div>
   <div class='ocr_carea' id='block_1_99' title="bbox 93 5465 1699 5538">
    <p class='ocr_par' dir='ltr' id='par_1_99' title="bbox 93 5465 1699 5538">
     <span class='ocr_line' id='line_1_100' title="bbox 93 5465 1699 5538; baseline 0 -14"><span class='ocrx_word' id='word_1_648' title='bbox 93 5479 150 5524; x_wconf 91' lang='lat' dir='ltr'><strong>et</strong></span> <span class='ocrx_word' id='word_1_649' title='bbox 178 5470 234 5524; x_wconf 92' lang='lat' dir='ltr'><strong>in</strong></span> <span class='ocrx_word' id='word_1_650' title='bbox 263 5467 491 5524; x_wconf 81' lang='lat' dir='ltr'><strong>ﬂuentis</strong></span> <span class='ocrx_word' id='word_1_651' title='bbox 515 5465 766 5524; x_wconf 75' lang='lat' dir='ltr'><strong>Iordanis</strong></span> <span class='ocrx_word' id='word_1_652' title='bbox 795 5467 1149 5538; x_wconf 85' lang='lat' dir='ltr'><strong>baptizando,</strong></span> <span class='ocrx_word' id='word_1_653' title='bbox 1172 5476 1228 5524; x_wconf 92' lang='lat' dir='ltr'><strong>et</strong></span> <span class='ocrx_word' id='word_1_654' title='bbox 1264 5468 1330 5523; x_wconf 91' lang='lat' dir='ltr'><strong>ad</strong></span> <span class='ocrx_word' id='word_1_655' title='bbox 1359 5466 1568 5524; x_wconf 90' lang='lat' dir='ltr'><strong>inferna</strong></span> <span class='ocrx_word' id='word_1_656' title='bbox 1605 5469 1699 5524; x_wconf 82' lang='lat' dir='ltr'><strong>de-</strong></span> 
     </span>
    </p>
   </div>
   <div class='ocr_carea' id='block_1_100' title="bbox 93 5557 1699 5628">
    <p class='ocr_par' dir='ltr' id='par_1_100' title="bbox 93 5557 1699 5628">
     <span class='ocr_line' id='line_1_101' title="bbox 93 5557 1699 5628; baseline -0.002 -10"><span class='ocrx_word' id='word_1_657' title='bbox 93 5559 442 5624; x_wconf 83' lang='lat' dir='ltr'><strong>scendendo,</strong></span> <span class='ocrx_word' id='word_1_658' title='bbox 463 5557 617 5628; x_wconf 88' lang='lat' dir='ltr'><strong>cujus</strong></span> <span class='ocrx_word' id='word_1_659' title='bbox 634 5559 954 5614; x_wconf 74' lang='lat' dir='ltr'><strong>venerandae</strong></span> <span class='ocrx_word' id='word_1_660' title='bbox 973 5558 1281 5615; x_wconf 84' lang='lat' dir='ltr'><strong>Nativitatis</strong></span> <span class='ocrx_word' id='word_1_661' title='bbox 1303 5559 1548 5628; x_wconf 82' lang='lat' dir='ltr'><strong>proxime</strong></span> <span class='ocrx_word' id='word_1_662' title='bbox 1568 5575 1699 5615; x_wconf 86' lang='lat' dir='ltr'><strong>ven-</strong></span> 
     </span>
    </p>
   </div>
   <div class='ocr_carea' id='block_1_101' title="bbox 93 5650 1698 5724">
    <p class='ocr_par' dir='ltr' id='par_1_101' title="bbox 93 5650 1698 5724">
     <span class='ocr_line' id='line_1_102' title="bbox 93 5650 1698 5724; baseline -0.001 -15"><span class='ocrx_word' id='word_1_663' title='bbox 93 5662 221 5709; x_wconf 84' lang='lat' dir='ltr'><strong>tura</strong></span> <span class='ocrx_word' id='word_1_664' title='bbox 271 5650 628 5718; x_wconf 87' lang='lat' dir='ltr'><strong>solemnitas,</strong></span> <span class='ocrx_word' id='word_1_665' title='bbox 679 5651 752 5706; x_wconf 90' lang='lat' dir='ltr'><strong>ita</strong></span> <span class='ocrx_word' id='word_1_666' title='bbox 800 5667 933 5718; x_wconf 87' lang='lat' dir='ltr'><strong>nos,</strong></span> <span class='ocrx_word' id='word_1_667' title='bbox 975 5667 1316 5722; x_wconf 84' lang='lat' dir='ltr'><strong>quaesumus,</strong></span> <span class='ocrx_word' id='word_1_668' title='bbox 1346 5653 1441 5708; x_wconf 87' lang='lat' dir='ltr'><strong>tibi</strong></span> <span class='ocrx_word' id='word_1_669' title='bbox 1472 5651 1698 5724; x_wconf 88' lang='lat' dir='ltr'><strong>placitos</strong></span> 
     </span>
    </p>
   </div>
   <div class='ocr_carea' id='block_1_102' title="bbox 97 5741 1694 5815">
    <p class='ocr_par' dir='ltr' id='par_1_102' title="bbox 97 5741 1694 5815">
     <span class='ocr_line' id='line_1_103' title="bbox 97 5741 1694 5815; baseline 0.001 -16"><span class='ocrx_word' id='word_1_670' title='bbox 97 5745 333 5810; x_wconf 89' lang='lat' dir='ltr'><strong>reddat,</strong></span> <span class='ocrx_word' id='word_1_671' title='bbox 383 5749 442 5798; x_wconf 91' lang='lat' dir='ltr'><strong>ut</strong></span> <span class='ocrx_word' id='word_1_672' title='bbox 490 5757 613 5797; x_wconf 89' lang='lat' dir='ltr'><strong>cum</strong></span> <span class='ocrx_word' id='word_1_673' title='bbox 658 5741 834 5798; x_wconf 90' lang='lat' dir='ltr'><strong>fructu</strong></span> <span class='ocrx_word' id='word_1_674' title='bbox 876 5745 1140 5799; x_wconf 91' lang='lat' dir='ltr'><strong>bonorum</strong></span> <span class='ocrx_word' id='word_1_675' title='bbox 1182 5761 1403 5815; x_wconf 89' lang='lat' dir='ltr'><strong>operum</strong></span> <span class='ocrx_word' id='word_1_676' title='bbox 1433 5746 1498 5800; x_wconf 89' lang='lat' dir='ltr'><strong>ad</strong></span> <span class='ocrx_word' id='word_1_677' title='bbox 1533 5761 1694 5815; x_wconf 81' lang='lat' dir='ltr'><strong>regna</strong></span> 
     </span>
    </p>
   </div>
   <div class='ocr_carea' id='block_1_103' title="bbox 90 5832 1697 5902">
    <p class='ocr_par' dir='ltr' id='par_1_103' title="bbox 90 5832 1697 5902">
     <span class='ocr_line' id='line_1_104' title="bbox 90 5832 1697 5902; baseline 0 -12"><span class='ocrx_word' id='word_1_678' title='bbox 90 5836 357 5890; x_wconf 81' lang='lat' dir='ltr'><strong>m-lestia</strong></span> <span class='ocrx_word' id='word_1_679' title='bbox 388 5832 725 5896; x_wconf 88' lang='lat' dir='ltr'><strong>introducat;</strong></span> <span class='ocrx_word' id='word_1_680' title='bbox 745 5842 804 5886; x_wconf 94' lang='lat' dir='ltr'><strong>ut</strong></span> <span class='ocrx_word' id='word_1_681' title='bbox 825 5835 1121 5902; x_wconf 90' lang='lat' dir='ltr'><strong>parandam</strong></span> <span class='ocrx_word' id='word_1_682' title='bbox 1142 5836 1194 5890; x_wconf 90' lang='lat' dir='ltr'><strong>in</strong></span> <span class='ocrx_word' id='word_1_683' title='bbox 1219 5836 1473 5891; x_wconf 85' lang='lat' dir='ltr'><strong>cordibus</strong></span> <span class='ocrx_word' id='word_1_684' title='bbox 1498 5836 1697 5890; x_wconf 86' lang='lat' dir='ltr'><strong>nostris</strong></span> 
     </span>
    </p>
   </div>
   <div class='ocr_carea' id='block_1_104' title="bbox 515 5947 1024 6009">
    <p class='ocr_par' dir='ltr' id='par_1_104' title="bbox 515 5947 1024 6009">
     <span class='ocr_line' id='line_1_105' title="bbox 515 5947 1024 6009; baseline 0 0"><span class='ocrx_word' id='word_1_685' title='bbox 515 5948 785 6009; x_wconf 78' lang='grc' dir='ltr'><strong>ΡΑτιοι.</strong></span> <span class='ocrx_word' id='word_1_686' title='bbox 823 5947 1024 6009; x_wconf 79' lang='lat' dir='ltr'><strong>CXXI</strong></span> 
     </span>
    </p>
   </div>
   <div class='ocr_carea' id='block_1_105' title="bbox 1803 4684 3383 4760">
    <p class='ocr_par' dir='ltr' id='par_1_105' title="bbox 1803 4684 3383 4760">
     <span class='ocr_line' id='line_1_106' title="bbox 1803 4684 3383 4760; baseline 0.004 -19"><span class='ocrx_word' id='word_1_687' title='bbox 1803 4699 2053 4750; x_wconf 86' lang='lat' dir='ltr'><strong>exorare,</strong></span> <span class='ocrx_word' id='word_1_688' title='bbox 2086 4695 2146 4740; x_wconf 93' lang='lat' dir='ltr'><strong>ut</strong></span> <span class='ocrx_word' id='word_1_689' title='bbox 2169 4685 2486 4749; x_wconf 87' lang='lat' dir='ltr'><strong>Ecclesiam,</strong></span> <span class='ocrx_word' id='word_1_690' title='bbox 2519 4685 2665 4742; x_wconf 88' lang='lat' dir='ltr'><strong>beati</strong></span> <span class='ocrx_word' id='word_1_691' title='bbox 2693 4684 2844 4741; x_wconf 89' lang='lat' dir='ltr'><strong>Pauli</strong></span> <span class='ocrx_word' id='word_1_692' title='bbox 2875 4687 3102 4757; x_wconf 91' lang='lat' dir='ltr'><strong>apostoli</strong></span> <span class='ocrx_word' id='word_1_693' title='bbox 3139 4689 3214 4744; x_wconf 90' lang='lat' dir='ltr'><strong>tui</strong></span> <span class='ocrx_word' id='word_1_694' title='bbox 3245 4704 3383 4760; x_wconf 65' lang='lat' dir='ltr'><strong>prte-</strong></span> 
     </span>
    </p>
   </div>
   <div class='ocr_carea' id='block_1_106' title="bbox 1802 4776 3389 4840">
    <p class='ocr_par' dir='ltr' id='par_1_106' title="bbox 1802 4776 3389 4840">
     <span class='ocr_line' id='line_1_107' title="bbox 1802 4776 3389 4840; baseline 0.004 -8"><span class='ocrx_word' id='word_1_695' title='bbox 1802 4777 2075 4833; x_wconf 90' lang='lat' dir='ltr'><strong>dicatione</strong></span> <span class='ocrx_word' id='word_1_696' title='bbox 2119 4776 2382 4840; x_wconf 87' lang='lat' dir='ltr'><strong>edoctam,</strong></span> <span class='ocrx_word' id='word_1_697' title='bbox 2429 4777 2573 4832; x_wconf 93' lang='lat' dir='ltr'><strong>nulla</strong></span> <span class='ocrx_word' id='word_1_698' title='bbox 2605 4777 2752 4834; x_wconf 91' lang='lat' dir='ltr'><strong>sinas</strong></span> <span class='ocrx_word' id='word_1_699' title='bbox 2797 4776 3010 4835; x_wconf 88' lang='lat' dir='ltr'><strong>fallacia</strong></span> <span class='ocrx_word' id='word_1_700' title='bbox 3053 4779 3262 4836; x_wconf 87' lang='lat' dir='ltr'><strong>violari.</strong></span> <span class='ocrx_word' id='word_1_701' title='bbox 3320 4783 3389 4839; x_wconf 85' lang='lat' dir='ltr'><strong>Et</strong></span> 
     </span>
    </p>
   </div>
   <div class='ocr_carea' id='block_1_107' title="bbox 1803 4865 3382 4946">
    <p class='ocr_par' dir='ltr' id='par_1_107' title="bbox 1803 4865 3382 4946">
     <span class='ocr_line' id='line_1_108' title="bbox 1803 4865 3382 4946; baseline 0.003 -22"><span class='ocrx_word' id='word_1_702' title='bbox 1803 4865 1929 4940; x_wconf 86' lang='lat' dir='ltr'><strong>quia</strong></span> <span class='ocrx_word' id='word_1_703' title='bbox 1975 4869 2110 4926; x_wconf 90' lang='lat' dir='ltr'><strong>nihil</strong></span> <span class='ocrx_word' id='word_1_704' title='bbox 2159 4869 2212 4924; x_wconf 94' lang='lat' dir='ltr'><strong>in</strong></span> <span class='ocrx_word' id='word_1_705' title='bbox 2265 4884 2392 4925; x_wconf 88' lang='lat' dir='ltr'><strong>vera</strong></span> <span class='ocrx_word' id='word_1_706' title='bbox 2441 4869 2701 4941; x_wconf 88' lang='lat' dir='ltr'><strong>religione</strong></span> <span class='ocrx_word' id='word_1_707' title='bbox 2751 4887 2972 4928; x_wconf 88' lang='lat' dir='ltr'><strong>manere</strong></span> <span class='ocrx_word' id='word_1_708' title='bbox 3025 4872 3382 4946; x_wconf 81' lang='lat' dir='ltr'><strong>dignoscitur,</strong></span> 
     </span>
    </p>
   </div>
   <div class='ocr_carea' id='block_1_108' title="bbox 1800 4961 3380 5035">
    <p class='ocr_par' dir='ltr' id='par_1_108' title="bbox 1800 4961 3380 5035">
     <span class='ocr_line' id='line_1_109' title="bbox 1800 4961 3380 5035; baseline 0.002 -17"><span class='ocrx_word' id='word_1_709' title='bbox 1800 4963 1945 5034; x_wconf 90' lang='lat' dir='ltr'><strong>quod</strong></span> <span class='ocrx_word' id='word_1_710' title='bbox 1970 4977 2077 5018; x_wconf 91' lang='lat' dir='ltr'><strong>non</strong></span> <span class='ocrx_word' id='word_1_711' title='bbox 2107 4962 2224 5031; x_wconf 88' lang='lat' dir='ltr'><strong>ejus</strong></span> <span class='ocrx_word' id='word_1_712' title='bbox 2252 4961 2520 5018; x_wconf 90' lang='lat' dir='ltr'><strong>condierit</strong></span> <span class='ocrx_word' id='word_1_713' title='bbox 2543 4961 2845 5032; x_wconf 89' lang='lat' dir='ltr'><strong>disciplina,</strong></span> <span class='ocrx_word' id='word_1_714' title='bbox 2879 4967 2955 5017; x_wconf 85' lang='lat' dir='ltr'><strong>ita</strong></span> <span class='ocrx_word' id='word_1_715' title='bbox 2984 4963 3052 5018; x_wconf 91' lang='lat' dir='ltr'><strong>ad</strong></span> <span class='ocrx_word' id='word_1_716' title='bbox 3073 4966 3380 5035; x_wconf 84' lang='lat' dir='ltr'><strong>peragenda</strong></span> 
     </span>
    </p>
   </div>
   <div class='ocr_carea' id='block_1_109' title="bbox 1803 5050 3382 5122">
    <p class='ocr_par' dir='ltr' id='par_1_109' title="bbox 1803 5050 3382 5122">
     <span class='ocr_line' id='line_1_110' title="bbox 1803 5050 3382 5122; baseline 0.001 -15"><span class='ocrx_word' id='word_1_717' title='bbox 1803 5067 1862 5108; x_wconf 91' lang='lat' dir='ltr'><strong>ea</strong></span> <span class='ocrx_word' id='word_1_718' title='bbox 1886 5067 2006 5122; x_wconf 68' lang='lat' dir='ltr'><strong>quae</strong></span> <span class='ocrx_word' id='word_1_719' title='bbox 2031 5051 2243 5116; x_wconf 91' lang='lat' dir='ltr'><strong>docuit,</strong></span> <span class='ocrx_word' id='word_1_720' title='bbox 2269 5050 2386 5120; x_wconf 92' lang='lat' dir='ltr'><strong>ejus</strong></span> <span class='ocrx_word' id='word_1_721' title='bbox 2407 5051 2654 5116; x_wconf 89' lang='lat' dir='ltr'><strong>obtentu,</strong></span> <span class='ocrx_word' id='word_1_722' title='bbox 2696 5051 2940 5108; x_wconf 85' lang='lat' dir='ltr'><strong>fidelibus</strong></span> <span class='ocrx_word' id='word_1_723' title='bbox 2967 5051 3238 5110; x_wconf 90' lang='lat' dir='ltr'><strong>tribuatur</strong></span> <span class='ocrx_word' id='word_1_724' title='bbox 3261 5053 3382 5110; x_wconf 73' lang='lat' dir='ltr'><strong>etii-</strong></span> 
     </span>
    </p>
   </div>
   <div class='ocr_carea' id='block_1_110' title="bbox 1799 5145 3379 5216">
    <p class='ocr_par' dir='ltr' id='par_1_110' title="bbox 1799 5145 3379 5216">
     <span class='ocr_line' id='line_1_111' title="bbox 1799 5145 3379 5216; baseline 0.001 -17"><span class='ocrx_word' id='word_1_725' title='bbox 1799 5145 1972 5209; x_wconf 89' lang='lat' dir='ltr'><strong>cacia,</strong></span> <span class='ocrx_word' id='word_1_726' title='bbox 1995 5145 2298 5216; x_wconf 88' lang='lat' dir='ltr'><strong>sentiatque</strong></span> <span class='ocrx_word' id='word_1_727' title='bbox 2320 5145 2653 5200; x_wconf 87' lang='lat' dir='ltr'><strong>credentium</strong></span> <span class='ocrx_word' id='word_1_728' title='bbox 2676 5154 2914 5216; x_wconf 79' lang='lat' dir='ltr'><strong>gentium</strong></span> <span class='ocrx_word' id='word_1_729' title='bbox 2946 5145 3234 5204; x_wconf 91' lang='lat' dir='ltr'><strong>multitudo</strong></span> <span class='ocrx_word' id='word_1_730' title='bbox 3255 5162 3379 5203; x_wconf 90' lang='lat' dir='ltr'><strong>eum</strong></span> 
     </span>
    </p>
   </div>
   <div class='ocr_carea' id='block_1_111' title="bbox 1799 5235 3384 5307">
    <p class='ocr_par' dir='ltr' id='par_1_111' title="bbox 1799 5235 3384 5307">
     <span class='ocr_line' id='line_1_112' title="bbox 1799 5235 3384 5307; baseline 0.001 -17"><span class='ocrx_word' id='word_1_731' title='bbox 1799 5251 1899 5306; x_wconf 90' lang='lat' dir='ltr'><strong>pro</strong></span> <span class='ocrx_word' id='word_1_732' title='bbox 1922 5251 1978 5292; x_wconf 87' lang='lat' dir='ltr'><strong>se</strong></span> <span class='ocrx_word' id='word_1_733' title='bbox 2013 5237 2151 5306; x_wconf 90' lang='lat' dir='ltr'><strong>apud</strong></span> <span class='ocrx_word' id='word_1_734' title='bbox 2184 5245 2236 5291; x_wconf 92' lang='lat' dir='ltr'><strong>te</strong></span> <span class='ocrx_word' id='word_1_735' title='bbox 2257 5237 2690 5298; x_wconf 87' lang='lat' dir='ltr'><strong>intercessorem,</strong></span> <span class='ocrx_word' id='word_1_736' title='bbox 2723 5251 2884 5307; x_wconf 89' lang='lat' dir='ltr'><strong>quem</strong></span> <span class='ocrx_word' id='word_1_737' title='bbox 2911 5235 3114 5293; x_wconf 87' lang='lat' dir='ltr'><strong>habere</strong></span> <span class='ocrx_word' id='word_1_738' title='bbox 3141 5251 3199 5292; x_wconf 83' lang='lat' dir='ltr'><strong>se</strong></span> <span class='ocrx_word' id='word_1_739' title='bbox 3229 5236 3384 5292; x_wconf 83' lang='lat' dir='ltr'><strong>novit</strong></span> 
     </span>
    </p>
   </div>
   <div class='ocr_carea' id='block_1_112' title="bbox 1799 5326 2980 5398">
    <p class='ocr_par' dir='ltr' id='par_1_112' title="bbox 1799 5326 2980 5398">
     <span class='ocr_line' id='line_1_113' title="bbox 1799 5326 2980 5398; baseline -0.001 -16"><span class='ocrx_word' id='word_1_740' title='bbox 1799 5328 2114 5398; x_wconf 89' lang='lat' dir='ltr'><strong>magistrum</strong></span> <span class='ocrx_word' id='word_1_741' title='bbox 2147 5335 2308 5397; x_wconf 89' lang='lat' dir='ltr'><strong>atque</strong></span> <span class='ocrx_word' id='word_1_742' title='bbox 2329 5327 2625 5382; x_wconf 89' lang='lat' dir='ltr'><strong>doctorem.</strong></span> <span class='ocrx_word' id='word_1_743' title='bbox 2653 5327 2757 5382; x_wconf 88' lang='lat' dir='ltr'><strong>Per</strong></span> <span class='ocrx_word' id='word_1_744' title='bbox 2779 5326 2980 5383; x_wconf 87' lang='lat' dir='ltr'><strong>Christ.</strong></span> 
     </span>
    </p>
   </div>
   <div class='ocr_carea' id='block_1_113' title="bbox 2163 5457 2997 5500">
    <p class='ocr_par' dir='ltr' id='par_1_113' title="bbox 2163 5457 2997 5500">
     <span class='ocr_line' id='line_1_114' title="bbox 2163 5457 2997 5500; baseline -0.002 -2"><span class='ocrx_word' id='word_1_745' title='bbox 2163 5459 2215 5498; x_wconf 89' lang='lat' dir='ltr'><strong>IN</strong></span> <span class='ocrx_word' id='word_1_746' title='bbox 2255 5458 2461 5500; x_wconf 75' lang='lat' dir='ltr'><strong>OCTAVA</strong></span> <span class='ocrx_word' id='word_1_747' title='bbox 2500 5457 2715 5498; x_wconf 66' lang='lat' dir='ltr'><strong>SANCTB</strong></span> <span class='ocrx_word' id='word_1_748' title='bbox 2753 5457 2997 5499; x_wconf 77' lang='lat' dir='ltr'><strong>AGNETIS.</strong></span> 
     </span>
    </p>
   </div>
   <div class='ocr_carea' id='block_1_114' title="bbox 1869 5555 3372 5628">
    <p class='ocr_par' dir='ltr' id='par_1_114' title="bbox 1869 5555 3372 5628">
     <span class='ocr_line' id='line_1_115' title="bbox 1869 5555 3372 5628; baseline -0.001 -19"><span class='ocrx_word' id='word_1_749' title='bbox 1869 5555 2096 5612; x_wconf 70' lang='lat' dir='ltr'><strong>Aiterne</strong></span> <span class='ocrx_word' id='word_1_750' title='bbox 2121 5556 2283 5612; x_wconf 89' lang='lat' dir='ltr'><strong>Deus.</strong></span> <span class='ocrx_word' id='word_1_751' title='bbox 2300 5555 2480 5610; x_wconf 81' lang='lat' dir='ltr'><strong>Beatae</strong></span> <span class='ocrx_word' id='word_1_752' title='bbox 2500 5555 2721 5627; x_wconf 81' lang='lat' dir='ltr'><strong>Agnetis</strong></span> <span class='ocrx_word' id='word_1_753' title='bbox 2738 5556 2984 5611; x_wconf 87' lang='lat' dir='ltr'><strong>natalitia</strong></span> <span class='ocrx_word' id='word_1_754' title='bbox 3003 5555 3372 5628; x_wconf 75' lang='lat' dir='ltr'><strong>geminantes&#39;</strong></span> 
     </span>
    </p>
   </div>
   <div class='ocr_carea' id='block_1_115' title="bbox 1799 5633 3362 5718">
    <p class='ocr_par' dir='ltr' id='par_1_115' title="bbox 1799 5633 3362 5718">
     <span class='ocr_line' id='line_1_116' title="bbox 1799 5633 3362 5718; baseline -0.003 -17"><span class='ocrx_word' id='word_1_755' title='bbox 1799 5663 1926 5702; x_wconf 83' lang='lat' dir='ltr'><strong>vere</strong></span> <span class='ocrx_word' id='word_1_756' title='bbox 1961 5633 2103 5702; x_wconf 83' lang='lat' dir='ltr'><strong>enim</strong></span> <span class='ocrx_word' id='word_1_757' title='bbox 2136 5648 2292 5718; x_wconf 89' lang='lat' dir='ltr'><strong>hujus</strong></span> <span class='ocrx_word' id='word_1_758' title='bbox 2317 5647 2662 5702; x_wconf 88' lang='lat' dir='ltr'><strong>honorandus</strong></span> <span class='ocrx_word' id='word_1_759' title='bbox 2688 5656 2770 5701; x_wconf 86' lang='lat' dir='ltr'><strong>est</strong></span> <span class='ocrx_word' id='word_1_760' title='bbox 2801 5647 2943 5712; x_wconf 89' lang='lat' dir='ltr'><strong>dies,</strong></span> <span class='ocrx_word' id='word_1_761' title='bbox 2983 5661 3103 5716; x_wconf 71' lang='lat' dir='ltr'><strong>quae</strong></span> <span class='ocrx_word' id='word_1_762' title='bbox 3140 5645 3227 5699; x_wconf 89' lang='lat' dir='ltr'><strong>hic</strong></span> <span class='ocrx_word' id='word_1_763' title='bbox 3258 5651 3362 5698; x_wconf 86' lang='lat' dir='ltr'><strong>ter-</strong></span> 
     </span>
    </p>
   </div>
   <div class='ocr_carea' id='block_1_116' title="bbox 1798 5739 3375 5812">
    <p class='ocr_par' dir='ltr' id='par_1_116' title="bbox 1798 5739 3375 5812">
     <span class='ocr_line' id='line_1_117' title="bbox 1798 5739 3375 5812; baseline -0.004 -15"><span class='ocrx_word' id='word_1_764' title='bbox 1798 5757 1928 5797; x_wconf 88' lang='lat' dir='ltr'><strong>rena</strong></span> <span class='ocrx_word' id='word_1_765' title='bbox 1952 5745 2295 5812; x_wconf 84' lang='lat' dir='ltr'><strong>generatione</strong></span> <span class='ocrx_word' id='word_1_766' title='bbox 2321 5741 2612 5808; x_wconf 86' lang='lat' dir='ltr'><strong>processit,</strong></span> <span class='ocrx_word' id='word_1_767' title='bbox 2641 5749 2698 5794; x_wconf 93' lang='lat' dir='ltr'><strong>ut</strong></span> <span class='ocrx_word' id='word_1_768' title='bbox 2738 5741 2804 5796; x_wconf 91' lang='lat' dir='ltr'><strong>ad</strong></span> <span class='ocrx_word' id='word_1_769' title='bbox 2832 5739 3124 5795; x_wconf 79' lang='lat' dir='ltr'><strong>divinitatis</strong></span> <span class='ocrx_word' id='word_1_770' title='bbox 3146 5751 3375 5793; x_wconf 60' lang='lat' dir='ltr'><strong>consor.</strong></span> 
     </span>
    </p>
   </div>
   <div class='ocr_carea' id='block_1_117' title="bbox 1802 5835 2657 5905">
    <p class='ocr_par' dir='ltr' id='par_1_117' title="bbox 1802 5835 2657 5905">
     <span class='ocr_line' id='line_1_118' title="bbox 1802 5835 2657 5905; baseline 0 -16"><span class='ocrx_word' id='word_1_771' title='bbox 1802 5837 1930 5889; x_wconf 90' lang='lat' dir='ltr'><strong>lium</strong></span> <span class='ocrx_word' id='word_1_772' title='bbox 1962 5837 2286 5905; x_wconf 79' lang='lat' dir='ltr'><strong>perveniret.</strong></span> <span class='ocrx_word' id='word_1_773' title='bbox 2329 5835 2430 5891; x_wconf 77' lang='lat' dir='ltr'><strong>I‘cr</strong></span> <span class='ocrx_word' id='word_1_774' title='bbox 2459 5835 2657 5891; x_wconf 86' lang='lat' dir='ltr'><strong>Christ.</strong></span> 
     </span>
    </p>
   </div>
   <div class='ocr_carea' id='block_1_118' title="bbox 2859 5947 2936 6006">
    <p class='ocr_par' dir='ltr' id='par_1_118' title="bbox 2859 5947 2936 6006">
     <span class='ocr_line' id='line_1_119' title="bbox 2859 5947 2936 6006; baseline 0 -2"><span class='ocrx_word' id='word_1_775' title='bbox 2859 5947 2936 6006; x_wconf 66' lang='lat'><strong>29</strong></span> 
     </span>
    </p>
   </div>
  </div>
