3954 6342
617 341 722 396 907

1008 472 1059 518 IN
1098 476 1265 518 FESTO
1302 473 1519 516 SANCTE
1561 471 1809 513 AGATll/E.

688 554 918 612 Eterne
948 555 1107 609 Deus.
1139 552 1244 607 Per
1286 551 1558 607 Christum
1606 550 1893 604 Dominum
1936 556 2201 602 nostrum.

617 646 726 705 Pro
757 648 908 718 cujus
936 643 1152 700 nomine
1183 656 1466 714 poenarum
1513 641 1809 710 mortisque
1838 646 2208 709 contemptum

622 739 679 795 in
701 748 928 809 utroque
950 751 1080 791 sexu
1106 734 1344 790 fidelium
1374 733 1586 789 eunetis
1605 742 1704 787 tota
1715 733 1856 788 tibus
1887 731 2161 787 contulisti
2188 747 2204 785 :

619 841 679 887 ut
707 832 850 886 inter
879 828 1112 884 felicium
1144 836 1443 898 martyrum
1486 825 1691 895 palmas
1731 824 1971 895 Agathen
1995 838 2209 894 quoque

615 925 984 985 beatissimam
1019 923 1279 995 virginem
1328 920 1539 976 victrici
1587 918 1843 989 patientia
1895 932 2207 973 coronarcs.

616 1022 747 1089 Quae
782 1032 883 1074 nec
918 1015 1079 1072 minis
1122 1017 1329 1077 territa,
1368 1028 1471 1067 nec
1509 1010 1789 1083 suppliciis
1830 1017 2105 1079 superata,
2142 1008 2210 1064 de

615 1109 814 1166 diaboli
840 1109 1047 1164 saevitia
1077 1104 1449 1176 triumphavit,
1479 1104 1605 1174 quia
1633 1102 1685 1155 in
1709 1112 1813 1156 tuae
1841 1101 2055 1155 deitatis
2076 1115 2207 1154 con-

615 1200 848 1257 fessione
878 1195 1195 1270 permansit.
1238 1194 1306 1249 Et
1335 1194 1473 1249 ideo.

793 1330 845 1370 ιω
887 1312 1057 1369 res‘ro
1094 1324 1394 1368 cunabula:
1450 1322 1500 1363 s.
1550 1323 1708 1362 PETRI
1746 1320 2024 1361 arosrou.

685 1405 913 1461 Aiterne
940 1404 1102 1458 Deus.
1137 1401 1204 1456 Et
1236 1409 1286 1455 te
1317 1399 1537 1454 laudare
1583 1397 1884 1452 mirabilem
1935 1397 2104 1451 Deum
2151 1394 2207 1447 in

613 1500 820 1558 sanctis
849 1499 981 1563 tui=,
1012 1498 1062 1553 in
1112 1498 1309 1568 quibus
1355 1494 1687 1565 glorificatus
1732 1509 1791 1550 es
1837 1494 2206 1558 vehementer,

613 1608 713 1665 per
740 1606 877 1663 quos
920 1589 1195 1662 Unigeniti
1229 1589 1304 1644 tui
1345 1604 1561 1644 sacrum
1610 1603 1810 1658 corpus
1856 1602 2115 1653 exornas,
2154 1592 2211 1643 et

614 1689 669 1744 in
697 1687 894 1758 quibus
925 1684 1182 1741 Ecclesiae
1206 1694 1308 1739 ture
1332 1683 1680 1738 fundamenta
1700 1682 2018 1744 constituis;
2043 1695 2209 1751 quam

613 1780 667 1836 in
700 1778 1030 1852 patriarchis
1063 1776 1322 1843 fundasti,
1372 1776 1428 1830 in
1473 1775 1753 1846 prophetis
1782 1773 2120 1844 prteparasti,
2150 1771 2205 1827 in

612 1838 874 1942 apostolis
902 1867 1212 1925 condidisti.
1247 1838 1323 1921 ei
1364 1838 1805 1935 quibus-beatum
1829 1838 2049 1925 Petrum
2077 1876 2206 1930 apo-
2238 1838 2282 1913 ll

613 1964 872 2021 stolorum
906 1961 1229 2033 principem,
1263 1958 1332 2014 ob
1363 1958 1764 2014 confessionem
1809 1955 2049 2029 ejusdem
2089 1954 2209 2009 uni—

614 2057 783 2127 geniti
812 2055 933 2111 Filii
967 2054 1066 2119 tui,
1094 2067 1191 2123 per
1236 2067 1297 2107 os
1343 2050 1585 2121 ejusdem
1622 2050 1770 2104 verbi
1803 2048 1878 2102 tui
1920 2046 2208 2103 conﬁrma-

615 2159 751 2214 tum,
802 2147 857 2202 in
909 2145 1259 2202 fundamento
1305 2145 1495 2199 domus
1548 2150 1668 2204 tum,
1705 2147 1912 2194 mutato
1963 2138 2205 2204 nomine,

612 2240 915 2313 cmlestium
948 2238 1310 2293 claustrorum
1359 2233 1645 2309 praesulem
1691 2232 2082 2302 custodemque
2129 2228 2208 2287 fe-

611 2333 754 2397 cisti,
798 2331 981 2386 divino
1009 2331 1060 2384 ei
1085 2330 1209 2399 jure
1237 2341 1516 2388 concesso,
1564 2320 1622 2379 u‘t
1663 2339 1784 2393 qua:
1832 2322 2112 2379 statuisset
2150 2320 2208 2393 in

613 2424 775 2480 terris
819 2429 1171 2478 servarentur
1219 2419 1272 2473 in
1320 2418 1474 2474 cmlis
1520 2435 1532 2470 :
1568 2416 1620 2470 iu
1662 2415 1815 2484 cujus
1857 2414 2207 2469 veneratione

611 2514 872 2570 hodierna
898 2511 987 2566 die
1014 2509 1281 2581 majestati
1323 2518 1425 2563 tua:
1466 2507 1580 2562 haec
1622 2505 1755 2561 festa
1800 2504 2161 2576 persolvimus
2188 2543 2203 2568 ,

609 2617 668 2663 et
708 2606 1004 2679 gratiarum
1054 2586 1337 2659 ae'laudis
1391 2599 1629 2655 hostiam
1689 2596 2049 2652 immolamus.
2104 2593 2207 2650 Per

611 2698 864 2754 eumdem
898 2694 1103 2752 Christ.

945 2827 997 2867 IN
1036 2824 1204 2868 FESTO
1241 2823 1287 2867 ὃ.
1329 2820 1551 2864 ΗΔΤΙΙΙΔΞ
1587 2816 1866 2859 AI'OSTOLI.

684 2905 913 2963 .Eterne
944 2904 1107 2959 Deus.
1136 2902 1203 2958 Et
1249 2914 1301 2979 te
1346 2900 1569 2956 laudare
1616 2894 1918 2950 mirabilem
1949 2892 2119 2946 Deum
2150 2890 2208 2946 in

613 3001 791 3057 beatis
818 2997 1078 3070 apostolis
1119 2996 1248 3061 tuis,
1276 2994 1329 3048 in
1361 2993 1558 3063 quibus
1601 2988 1935 3060 glorificatus
1961 3001 2020 3040 es
2048 2985 2208 3039 velte-

613 3101 851 3158 menter,
882 3106 979 3162 per
1005 3104 1140 3159 quos
1167 3087 1425 3157 unigeniti
1457 3086 1533 3139 tui
1579 3099 1792 3139 sacrum
1837 3094 2032 3149 corpus
2057 3077 2211 3133 colli-

616 3183 718 3255 gis,
763 3190 819 3235 ct
864 3180 916 3234 in
956 3180 1155 3249 quibus
1204 3177 1458 3232 Ecclesim
1490 3185 1591 3229 tua:
1624 3174 1971 3228 fundamenta
2000 3169 2206 3225 consti-

621 3275 767 3331 tuis:
802 3273 946 3328 unde
999 3271 1274 3341 poscimus
1327 3268 1673 3325 clementiam
1724 3276 1908 3331 tuam,
1968 3262 2211 3334 piissime

616 3366 966 3437 munipotens
1008 3365 1170 3429 Deus,
1228 3373 1285 3418 ut
1333 3363 1718 3417 intercessione
1767 3360 1824 3413 Β.
1868 3356 2097 3428 apostoli
2134 3355 2210 3410 tui

514 3480 537 3493 ~
618 3457 855 3523 Malitia},
884 3455 1039 3525 cujus
1064 3454 1333 3526 passionis
1365 3453 1696 3524 triumphum
1729 3450 2044 3507 solemnitcr
2065 3449 2210 3526 cele-

616 3551 862 3616 bramus,
910 3563 1221 3604 mereamur
1246 3562 1278 3601 a
1307 3554 1657 3618 peccatorum
1696 3552 2009 3599 nostrorum
2054 3540 2210 3595 nexi-

620 3642 721 3699 bus
743 3641 899 3704 solvi,
931 3649 987 3696 et
1012 3649 1231 3697 retentae
1261 3640 1385 3694 vit-.e
1416 3637 1658 3694 felicitati
1685 3635 1857 3700 reddi,
1894 3644 2058 3705 atque
2085 3647 2210 3687 sau-

619 3742 832 3790 etorum
863 3740 1080 3788 tuorum
1113 3731 1348 3787 coetibus
1377 3728 1781 3786 connumerari.
1811 3726 1914 3780 Per
1944 3727 2216 3782 eumdem.

941 3834 967 3864 8
1000 3822 1077 3896 [IN
1112 3836 1283 3878 νεετο
1320 3835 1369 3876 s.
1410 3835 1662 3876 nascenti
1706 3832 1872 3873 MPA-2.

698 3914 922 3970 literne
965 3914 1128 3970 Deus.
1177 3913 1278 3981 Qui
1310 3914 1529 3968 beatum
1569 3909 1889 3980 Gregorium
1940 3904 2221 3961 confesso-

626 4021 746 4062 rem
780 4016 931 4061 tuum
960 4017 1125 4078 atque
1168 4006 1475 4076 pontificem
1520 4002 1762 4057 laniticas
1813 4002 1866 4055 in
1919 4016 2083 4071 regno
2133 4007 2225 4053 tuo

625 4100 683 4154 in
734 4098 1067 4154 beatitudine
1118 4094 1334 4169 semper
1384 4098 1502 4153 sine
1550 4098 1688 4160 line;
1722 4104 1779 4149 ut
1824 4094 2005 4149 omnia
2051 4093 2225 4162 possit

635 4188 821 4245 videre
872 4188 924 4243 in
980 4199 1070 4244 tua
1123 4187 1371 4243 claritate
1409 4186 1712 4240 mirabilis:
1753 4186 1840 4242 ubi
1879 4184 2225 4254 refrigerium

632 4276 926 4346 iuelfabile,
977 4289 1033 4335 et
1088 4266 1273 4335 lmtitia
1336 4277 1743 4343 inenarrabilis;
1800 4278 1888 4332 ubi
1938 4277 2226 4347 praesentia

637 4372 936 4428 Salvatoris
978 4372 1099 4427 Filii
1132 4372 1207 4427 ttti
1250 4370 1464 4427 Domini
1502 4372 1692 4437 nostri,
1735 4372 1785 4424 in
1818 4385 1975 4440 quem
2013 4382 2227 4442 semper

645 4475 877 4522 natantes
902 4466 1225 4537 prospicere
1245 4465 1561 4521 desiderant
1604 4463 1781 4533 angeli
1806 4504 1820 4528 ,
1864 4464 2094 4519 adorant
2124 4465 2225 4519 do-

623 4558 970 4626 minationes,
1000 4568 1239 4619 tremunt
1290 4567 1399 4630 etc.

1343 4670 1485 4725 Alia.

693 4783 927 4841 IEterne
951 4783 1116 4839 Deus.
1148 4782 1285 4849 Quia
1318 4782 1399 4838 sic
1425 4781 1619 4835 tribuis
1650 4778 1949 4835 Ecclesiam
1983 4787 2130 4834 tuam
2159 4779 2219 4836 S.

615 4877 871 4948 Gregorii
901 4875 1177 4948 pontiﬁcis
1224 4874 1300 4929 tui
1339 4873 1859 4928 commemoratione
1878 4873 2134 4944 gaudere,
2159 4880 2221 4928 ut

618 4983 742 5023 eam
769 4981 985 5038 semper
1012 4965 1154 5021 illius
1181 4973 1236 5020 et
1263 4962 1558 5019 festivitate
1601 4962 1858 5029 Iaetitices,
1889 4972 1945 5018 et
1968 4964 2218 5034 exemplo

622 5060 723 5131 piae
755 5057 1187 5116 conversationis
1221 5071 1508 5122 exerceas,
1539 5064 1593 5112 ct
1622 5056 1787 5111 verbo
1816 5055 2216 5127 praedicationis

619 5149 864 5216 erudias,
897 5158 1158 5221 grataque
1184 5146 1280 5205 tibi
1316 5148 1707 5219 supplicatione
1739 5146 1984 5221 tuearis.]

842 5263 919 5338 [IN
972 5280 1141 5321 resro
1188 5279 1557 5322 DEPOSITIONIS
1594 5278 1638 5319 s.
1682 5277 1987 5318 nassutcrt.

696 5352 926 5411 Eterne
960 5354 1123 5411 Deus.
1170 5352 1555 5411 Honorandum
1609 5350 1787 5406 Patris
1834 5350 2111 5408 Benedicti
2166 5360 2222 5408 et

629 5445 922 5520 gloriosum
954 5445 1292 5502 celebrantes
1338 5445 1504 5512 diem,
1559 5443 1614 5497 in
1642 5454 1753 5511 quo
1789 5439 1891 5496 hoc
1931 5442 2088 5498 triste
2115 5458 2219 5499 sa:-

628 5540 811 5598 eulun
839 5540 1126 5607 deserens,
1169 5542 1236 5595 ad
1265 5539 1504 5597 caelestis
1529 5535 1720 5607 patria:
1747 5534 1939 5604 gaudia
1969 5537 2223 5607 migravit

629 5642 849 5692 eterna.
876 5634 977 5703 Qui
1007 5635 1181 5697 sancti
1212 5633 1449 5706 Spiritus
1481 5627 1669 5700 repleti
1705 5626 1868 5692 dono,
1902 5630 2084 5685 decori
2109 5647 2227 5687 mo—
2260 5661 2267 5669 -

1629 339 1956 398 GRIMALDI
1997 334 2218 394 SANGA
2228 334 2516 391 LLENSIS
2554 330 2843 389 ABBATIS
3712 327 3785 389 ωδ

2232 461 2281 519 Α
2312 453 2607 508 nacborum
2656 449 2840 522 gregis
2886 447 3078 519 dignus
3127 442 3286 500 Pater
3351 437 3559 501 effulsit:
3588 438 3785 519 Quidquid

2264 560 2280 579 ο
2310 545 2480 600 sacris
2507 542 2787 599 admonuit
2824 540 3002 605 dictis,
3026 537 3226 593 sanctis
3250 535 3481 606 implevit
3505 537 3784 605 operibus;ut

2310 651 2471 707 quam
2502 633 2699 691 divinis
2728 632 3080 691 inchoaverat
3108 626 3341 682 oraculis
3370 627 3621 691 semitam,
3655 626 3785 683 lucidis

2312 736 2549 783 monstra
2559 735 2638 783 ret
2662 722 2942 793 exemplis.
2964 722 3035 778 Ut
3055 721 3285 794 gloriosa
3314 720 3657 775 monachorum
3672 723 3785 790 ρὶιιῖἲὲ,

2309 828 2533 892 paterna
2580 818 2795 872 intuens
2830 815 3077 887 vestigia,
3112 813 3179 867 ad
3209 823 3460 884 perpetua
3496 810 3612 867 lucis
3640 823 3785 867 artem

2311 915 2530 987 praemia
2558 912 2744 968 venire
2772 917 3094 966 mereretur.
3123 906 3228 962 Per
3255 902 3559 977 Christum]

2478 1042 2531 1080 IN
2571 1038 2740 1083 εδετο
2776 1032 3233 1077 ΔΝΝῦΝἹἹᾹΊΊοΧιδ
3268 1031 3477 1075 δλκετε
3515 1032 3679 1085 Inui.

2384 1137 2608 1193 Eterne
2634 1136 2795 1190 Deus.
2828 1133 2931 1201 Qui
2968 1134 3145 1190 beatas
3187 1129 3370 1184 Mariae
3413 1128 3613 1199 virginis
3646 1137 3789 1198 partem

2309 1229 2566 1286 Ecclesiae
2593 1236 2697 1281 tute
2718 1224 2954 1280 tribuisti
2980 1223 3258 1279 celebrare
3279 1218 3516 1275 mirabile
3541 1219 3787 1288 mysterium,

2311 1333 2369 1378 et
2396 1317 2757 1376 inenarrabile
2785 1323 3209 1379 sacramentum,
3255 1313 3309 1366 in
3340 1326 3442 1381 qua
3470 1316 3626 1364 manet
3652 1309 3788 1364 intacta

2312 1413 2558 1477 castitas,
2584 1410 2761 1482 pudor
2790 1409 3024 1480 integer,
3054 1406 3209 1460 firma
3236 1403 3550 1460 constantia.
3576 1401 3789 1470 Qualata-

2311 1514 2403 1561 tur
2428 1503 2574 1575 quod
2596 1503 2751 1574 virgo
2772 1499 3045 1570 concepit,
3081 1497 3226 1568 quod
3254 1493 3378 1550 C(Bli
3414 1492 3663 1548 Dominum
3682 1491 3790 1546 casti:

2309 1597 2559 1676 portavit
2576 1595 2898 1659 visceribus,
2925 1592 3071 1662 quod
3113 1591 3268 1662 virgo
3295 1587 3460 1643 edidit
3480 1594 3661 1659 partum
3678 1584 3789 1639 admi-

2311 1690 2539 1747 randam
2600 1688 2796 1743 divina:
2842 1683 3270 1756 dispensationis
3322 1679 3678 1750 operationem,
3712 1692 3788 1747 qua

2309 1784 2486 1839 virum
2514 1797 2621 1841 non
2645 1779 2917 1851 cognovit,
2953 1786 3009 1833 et
3037 1784 3212 1833 mater
3240 1782 3358 1839 est;
3385 1781 3437 1828 et
3463 1781 3573 1842 post
3597 1769 3718 1824 filium
3736 1776 3787 1823 est

2310 1873 2463 1945 virgo
2505 1887 2523 1927 :
2569 1870 2779 1927 duobus
2821 1869 2968 1925 enim
3021 1866 3208 1938 gavisa
3260 1862 3590 1925 muneribus,
3633 1861 3787 1915 miratur

2309 1966 2453 2036 quod
2504 1964 2657 2034 virgo
2704 1962 2952 2033 peperit,
3004 1958 3221 2016 laetatur
3281 1955 3424 2027 quod
3476 1953 3785 2023 Redemptum

2310 2058 2493 2121 mundi
2534 2057 2704 2115 edidit
2754 2053 2939 2111 Jesum
2967 2051 3246 2108 Christum
3297 2048 3565 2107 Dominum
3601 2055 3783 2100 nostrum.

2309 2151 2415 2209 Per
2435 2166 2595 2223 quem

2380 2282 2433 2321 IN
2470 2278 2666 2321 NA'I‘ALI
2704 2276 2781 2318 88.
2823 2274 3065 2317 τιιιυιιτιι
3086 2299 3101 2325 ,
3137 2269 3461 2319 νιιειιιιικι,
3495 2268 3558 2308 IT
3589 2264 3727 2305 Iulli

2380 2358 2604 2415 [Eterne
2632 2358 2793 2412 Deus.
2832 2354 2901 2409 Et
2925 2362 2977 2408 te
3006 2352 3060 2406 in
3093 2358 3407 2405 sanctorum
3439 2355 3688 2417 martyrum
3710 2351 3783 2395 ttio-

2310 2468 2427 2510 rum
2456 2450 2752 2507 festivitate
2798 2447 3042 2510 laudare,
3073 2443 3167 2514 qui
3197 2452 3415 2512 semper
3438 2451 3494 2495 es
3518 2434 3782 2492 laudabilisia

2310 2555 2524 2602 tuorum
2560 2538 3077 2599 commemoratione
3104 2542 3424 2591 sanctorum
3442 2570 3457 2595 ,
3482 2530 3561 2601 qui
3586 2538 3629 2583 et
3650 2536 3785 2596 magna

2310 2638 2433 2695 ﬁdei
2462 2636 2679 2708 largiris
2704 2632 2978 2697 affectum,
3010 2639 3066 2689 et
3093 2627 3438 2691 tolerantiam
3467 2622 3631 2679 tribuis
3651 2618 3783 2691 passio-

2309 2746 2439 2797 nem
2462 2766 2478 2796 ,
2503 2737 2563 2787 es
2583 2725 2790 2796 antiqui
2816 2723 2990 2783 hostis
3022 2722 3159 2780 facis
3189 2732 3450 2791 superare
3488 2714 3782 2774 machinamen-

2314 2835 2424 2880 tum
2452 2840 2469 2878 :
2497 2837 2609 2894 quo
2630 2818 2833 2890 egregii
2862 2825 3131 2887 martyres
3158 2814 3238 2871 tui
3266 2812 3335 2868 ad
3365 2810 3643 2882 capiendam
3660 2817 3784 2874 super-

2310 2928 2509 2975 norum
2526 2908 2921 2968 beatitudinem
2947 2906 3323 2978 praemiorum,
3351 2902 3505 2959 nullis
3526 2896 3785 2970 impediantur

2312 3004 2625 3063 retinaculis
2658 3000 3174 3057 blandimentorum.
3204 2996 3277 3052 Et
3312 2996 3452 3052 ideo.

2610 3117 2699 3190 [In
2738 3130 2934 3172 manu
2971 3129 3015 3170 s.
3057 3126 3276 3169 cronen
3312 3122 3564 3165 IAR'HRIS

2236 3208 2284 3273 ο
2383 3233 2609 3290 ᾸΞιρηιρ
2639 3231 2803 3286 Deus.
2848 3228 2952 3283 Per
2993 3225 3276 3282 Christum
3318 3220 3579 3278 Dominum
3604 3221 3781 3271 nostrum.

2315 3327 2423 3383 Pro
2466 3324 2621 3395 cujus
2675 3321 2894 3377 nomine
2947 3317 3260 3374 veneranda
3322 3313 3626 3370 confessione
3664 3307 3785 3362 badius

2316 3427 2523 3490 martyr
2563 3413 2828 3484 Georgius
2857 3411 3071 3467 diversa
3110 3406 3375 3479 supplicia
3414 3402 3655 3465 sustinuit,
3688 3404 3725 3451 et
3749 3408 3785 3446 ea

2320 3512 2636 3574 deviuccns,
2685 3502 3062 3578 perpetuitatis
3120 3499 3424 3574 promeruit
3466 3506 3689 3553 coronam.
3727 3485 3787 3540 Per

2320 3600 2556 3673 Christ.]

2602 3708 2656 3771 in
2694 3706 2893 3748 manu
2931 3706 2977 3746 s.
3021 3703 3185 3744 IIARCI
3221 3696 3598 3763 evanosttsm.

2394 3770 2629 3860 Aiterne
2666 3802 2810 3869 Deus
2852 3815 2949 3873 per
2990 3799 3271 3856 Christum
3316 3796 3578 3853 Dominum
3613 3794 3787 3845 uostrw
3868 3770 3869 3789 ¹

2324 3896 2490 3967 Cujus
2511 3895 2686 3968 gratia
2716 3895 2933 3951 beatum
2961 3892 3202 3948 Marcum
3233 3891 3293 3947 in
3336 3886 3655 3968 sacerdotium
3673 3876 3789 3950 elegit.

2324 3964 2571 4048 doctrina
2594 3989 2661 4044 ad
2691 3986 3094 4058 praedicandum
3122 3985 3342 4063 erudiit,
3372 3964 3586 4054 potentia
3610 3978 3663 4033 ad
3679 3983 3790 4043 perse-
3868 4052 3869 4057 η

2327 4085 2623 4142 vorandum
2653 4082 3026 4138 confirmavit:
3059 4088 3119 4135 ut
3142 4094 3240 4149 per
3270 4073 3627 4143 meet-dotalem
3645 4064 3789 4125 infulae
3868 4068 3869 4071 “

2327 4179 2636 4251 perveniret
2662 4186 2719 4232 et
2763 4175 2833 4229 ad
2876 4172 3119 4244 martyrii
3155 4171 3409 4243 palmam.
3441 4154 3791 4231 Dareusque»

2330 4273 2470 4327 ditos
2495 4265 2854 4340 praedicando,
2898 4265 3175 4333 instruens
3218 4261 3433 4321 vivendi
3467 4253 3790 4340 exemphiml"

2333 4338 2554 4419 firmans
2584 4360 2836 4432 patiendo
2865 4377 2877 4413 :
2914 4365 2974 4414 ut
3014 4357 3083 4411 ad
3116 4364 3167 4413 te
3211 4354 3538 4412 coronandus
3559 4338 3790 4432 pervenerit.
3868 4380 3869 4391 χ

2329 4458 2423 4529 qui
2451 4463 2855 4529 persecutorum
2896 4452 3072 4507 minas
3114 4449 3417 4520 intrepidus
3443 4442 3707 4516 superasset.

2322 4548 2417 4618 jus
2459 4549 2797 4604 interventus
2840 4559 2960 4610 nos,
3000 4557 3346 4614 quaesumus,
3394 4555 3424 4593 a
3461 4531 3630 4591 nostris
3650 4519 3792 4618 mundi:l

2328 4610 2562 4706 delictis,
2590 4637 2683 4708 qui
2714 4636 2810 4692 tibi
2840 4610 3043 4707 placuit
3083 4641 3162 4690 tot
3204 4633 3463 4688 donorum
3501 4610 3790 4699 przerogalitisi

2330 4724 2431 4786 l’er
2452 4745 2635 4801 quem.

2792 4838 2844 4877 IN
2883 4834 3083 4877 NA'I'ALI
3121 4834 3166 4875 S.
3205 4830 3436 4895 VITALI§.

2395 4939 2507 5011 (G.,
2539 4938 2677 5011 MS.)
2702 4937 2767 4993 Et
2788 4935 3145 5007 majestatem.
3156 4944 3302 5013 tuam
3323 4925 3610 5013 suppliciter.
3627 4918 3792 5013 creuit:
3868 4958 3869 5013 ἦ

2321 5042 2382 5088 ut
2403 5007 2518 5086 non
2556 5007 2667 5085 nos
2692 5038 2893 5085 nostra:
2927 5025 3169 5092 malitiae,
3202 5007 3303 5081 sed
3328 5007 3793 5089 indulgemuth

2318 5123 2598 5197 proveniat
2620 5120 2859 5178 effectus.
2891 5118 2993 5193 Qui
3026 5132 3126 5175 nos
3147 5131 3178 5170 a
3204 5113 3375 5170 noxiis
3387 5099 3689 5197 voluptatibus
3868 5118 3869 5151 ι

2320 5188 2418 5290 per
2453 5215 2736 5287 expediat,
2794 5221 2849 5267 et
2900 5188 2935 5266 τί
2990 5207 3274 5264 mundanis
3326 5199 3547 5260 cladibus
3593 5188 3792 5248 cientem!r

2322 5310 2535 5381 eripiat.

2464 5439 2519 5479 IN
2557 5434 2754 5479 NATALI
2791 5432 3174 5477 APOSTOLORUII
3202 5429 3429 5472 PHILIPPI
3459 5426 3521 5491 ξτ
3550 5411 3703 5475 “€03!-

2399 5538 2511 5611 (G.)
2540 5536 2771 5594 [Eterne
2791 5536 2954 5592 Deus.
2985 5535 3088 5603 Qui
3118 5532 3414 5592 Ecclesiam
3441 5538 3569 5584 tuam
3592 5510 3790 5611 law

2332 5600 2433 5687 lica
2485 5600 2757 5687 soliditate
2801 5600 3056 5695 ﬁrmasti,
3087 5627 3155 5687 de
3189 5639 3412 5699 quorum
3456 5607 3687 5678 consortio
3709 5600 3785 5659 Ill

703 5848 729 5878 ι
762 5833 1048 5893 Recentior
1071 5835 1133 5888 ι).
1163 5830 1406 5896 Gregorii
1438 5838 1594 5885 aetate
1618 5847 1787 5889 auare
1813 5830 1968 5885 uncis
2000 5830 2139 5885 hanc
2159 5838 2215 5885 et
2247 5827 2455 5885 similes
2481 5825 2815 5884 inclusimus.
