3954 6342
159 354 256 415 909
344 340 355 347 .

963 344 1165 402 uasa
1202 320 1839 401 SACRAMENTTiltUtl.
1879 368 1946 377 —
1984 336 2307 395 PREFAT.
2348 334 2579 405 ANTIQ.

3310 335 3413 393 910

159 450 340 531 heims
359 463 632 537 Philippus
659 469 713 518 et
734 460 986 527 Iacobus,
1016 476 1244 531 quorum
1281 457 1442 514 hodie
1472 455 1607 511 festa
1634 469 1725 509 ve-
1754 457 1798 517 Α
1826 450 2083 523 Baptista:
2120 460 2176 508 et
2204 452 2478 529 prophetce
2514 449 2739 507 Ioannis
2758 492 2771 516 ,
2804 464 2924 504 eum
2956 448 3149 518 gaudio
3188 449 3421 503 orlehre-

162 573 420 624 neramur,
444 564 726 629 poscentes
748 563 806 609 ut
838 554 979 610 sicut
997 568 1183 609 eorum
1211 549 1470 606 doctrinis
1495 547 1733 604 institui-

161 672 295 720 mur,
310 653 381 708 ita
403 646 664 719 exemplis
687 646 1024 710 muniamur,
1048 652 1101 700 et
1116 640 1370 714 precibus
1393 640 1732 712 adjuvemur.

162 748 259 805 Per
283 743 552 800 Christum
578 736 862 793 Dominum
894 744 1161 791 nostrum.

378 848 429 887 IN
465 844 634 886 ηετο
672 839 1013 901 INVBNTIONIS
1056 837 1277 879 SANCTB
1314 834 1503 878 οιωειε

229 927 447 987 Eterne
490 924 651 980 Deus.
682 920 790 977 Per
818 908 1094 977 Christum
1146 918 1431 973 Dominum
1474 920 1735 969 nostrum.

162 1024 258 1091 Qui
285 1036 376 1094 per
403 1017 712 1090 passionem
743 1014 922 1071 crucis
956 1012 1213 1068 mundum
1247 1009 1497 1072 redemit,
1524 1015 1576 1062 et
1605 1004 1745 1060 anti-

164 1130 276 1186 qua:
318 1110 527 1166 arboris
568 1107 968 1163 amarissimum
1016 1113 1232 1177 gustum
1286 1100 1465 1157 crucis
1510 1097 1747 1154 medica-

165 1208 300 1264 mine
344 1202 673 1267 indulcavit;
716 1209 1054 1270 mortemque
1099 1213 1219 1269 quae
1247 1212 1345 1269 per
1368 1196 1574 1266 lignum
1610 1186 1749 1248 veti-

166 1303 273 1351 tum
299 1272 539 1358 venerat,
568 1306 668 1364 per
692 1291 823 1363 ligni
852 1299 1112 1361 tropaeum
1138 1289 1359 1344 devicit.
1400 1286 1469 1343 Ut
1506 1283 1744 1341 mirabili

164 1402 269 1444 suae
291 1386 506 1458 pietatis
531 1385 954 1456 dispensatione,
973 1383 1064 1453 qui
1079 1398 1177 1454 per
1201 1380 1332 1454 ligni
1357 1389 1572 1452 gustum
1599 1395 1630 1435 a
1657 1377 1754 1434 flo-

164 1482 331 1553 rigera
361 1480 491 1536 sede
520 1480 964 1541 discesseramus,
996 1491 1096 1547 per
1130 1475 1311 1531 crucis
1334 1474 1537 1542 lignum
1564 1469 1753 1527 redea-

165 1589 277 1629 mus
301 1574 365 1629 ad
391 1572 585 1644 gaudia
616 1571 874 1643 paradisi.
904 1570 1010 1625 Per
1039 1581 1225 1639 quem.

264 1682 314 1721 IN
345 1680 544 1721 Μτλιι
582 1678 658 1720 SS.
697 1679 883 1729 NEREI,
921 1676 1187 1726 Λοιιιιιει,
1216 1675 1288 1715 ΕΤ
1322 1674 1629 1716 PANCRATII.

231 1755 460 1811 literne
486 1755 647 1811 Deus.
675 1753 942 1822 Quoniam
974 1767 1004 1806 a
1043 1761 1094 1806 te
1122 1750 1485 1807 constantiam
1533 1749 1687 1813 ﬁdes,
1720 1763 1752 1803 a

1839 559 1979 608 mus,
2012 544 2126 615 ipse
2148 553 2230 597 est
2254 544 2398 598 enim
2439 542 2529 612 qui
2559 541 2901 596 annnntiavit
2930 538 3302 611 pmnitentiam
3323 581 3336 599 ,
3364 550 3419 595 et

1840 634 1983 688 viam
2014 632 2202 688 salutis
2224 633 2489 687 universa:
2514 640 2669 687 terra:
2697 631 2974 702 praedixit;
3002 632 3114 701 ipse
3143 639 3243 695 est,
3262 647 3423 703 quem

1841 741 1996 782 sacra
2023 724 2149 779 tuba
2172 725 2369 781 cecinit
2396 724 2714 789 Salvatoris,
2747 725 2871 795 quia
2903 741 3001 777 non
3027 725 3250 778 surrexit
3282 725 3429 796 quis-

1770 843 1781 851 ο
1842 806 2000 895 quam
2029 817 2163 872 inter
2189 827 2338 870 natos
2378 816 2657 870 mulierum
2705 813 2878 885 major
2916 811 3122 868 Joanne
3162 809 3426 884 Baptista.

1847 904 1892 967 Ο
1922 908 2079 981 quam
2128 909 2286 965 beata
2322 917 2516 973 mater,
2548 924 2666 977 qua:
2714 907 2875 962 talem
2926 905 3093 961 filium
3137 908 3335 964 meruit
3366 910 3432 964 de

1848 1000 1989 1072 coelo
2018 999 2372 1072 promissum!
2398 997 2655 1068 Agnoscit
2689 1004 2876 1050 natum
2905 1012 2970 1050 ex
3010 995 3193 1060 verbo,
3225 1005 3435 1066 praeco-

1850 1070 1997 1157 nem,
2018 1070 2127 1162 qui
2172 1088 2483 1159 praedicavit
2526 1086 2776 1141 omnibus
2807 1082 3163 1140 Salvatorem.
3198 1084 3243 1141 Ο
3272 1100 3436 1155 quam

1850 1179 2076 1252 gemina:
2105 1180 2158 1235 in
2191 1178 2409 1235 civitate
2429 1179 2674 1240 virtutes,
2709 1175 2797 1232 ubi
2830 1177 2948 1231 dua:
2976 1186 3203 1241 matres,
3233 1178 3441 1231 sterilis

1851 1280 1907 1325 et
1938 1270 2122 1341 virgo!
2164 1268 2209 1326 Ο
2248 1284 2413 1341 quam
2444 1269 2641 1324 mirum
2685 1267 3000 1339 mysterium
3026 1308 3039 1334 ,
3072 1268 3163 1323 ubi
3211 1276 3441 1338 utraque

1854 1363 2182 1419 honoratur!
2215 1360 2258 1418 E
2278 1362 2416 1419 coelo
2444 1377 2550 1418 una
2582 1361 2728 1417 misit
2752 1375 3077 1432 praeconem,
3110 1360 3278 1416 altera
3298 1361 3413 1430 judi

1855 1467 1992 1509 cem.
2026 1453 2299 1509 Elisabeth
2330 1452 2514 1525 genuit
2542 1466 2955 1523 praecursorem,
2979 1461 3035 1507 et
3082 1450 3249 1507 Maria
3290 1453 3443 1522 virgo

1856 1548 2039 1618 genuit
2063 1546 2410 1620 magnificum
2440 1545 2875 1617 Redemptorem'

2163 1675 2214 1714 IN
2249 1675 2444 1715 NATALI
2483 1673 2557 1714 SS.
2598 1673 2815 1715 JOANNIS
2852 1674 2921 1713 ET
2960 1675 3137 1714 PAULI.

1931 1749 2159 1811 Eterne
2186 1752 2345 1807 Deus.
2379 1750 2483 1806 Per
2513 1750 2799 1815 Christum
2845 1752 3127 1806 Dominum
3176 1759 3443 1807 nostrum.

167 1854 219 1903 te
240 1847 497 1901 virtutem
528 1844 695 1900 sumit
740 1841 1047 1898 infirmitas.
1090 1841 1157 1897 Et
1195 1839 1457 1911 quidquid
1489 1839 1541 1893 in
1570 1852 1754 1909 perse-
1788 1837 1835 1917 β
1862 1842 1968 1900 Pro
1995 1843 2150 1914 cujus
2179 1859 2364 1901 amore
2405 1843 2627 1916 gloriosi
2656 1852 2924 1917 martyres
2953 1843 3192 1900 Joannes
3227 1854 3279 1901 et
3306 1844 3432 1899 Pau-

166 1937 473 1994 cutionibus
518 1952 718 1992 smvum
747 1945 855 2000 est,
897 1934 1157 2004 quidquid
1202 1934 1256 1988 in
1286 1941 1462 1987 morte
1494 1928 1756 1995 terribile,

166 2031 392 2087 nominis
422 2030 504 2086 tui
550 2030 688 2086 fac's
723 2028 1067 2086 confessione
1108 2027 1377 2099 superari.
1412 2025 1567 2083 Unde
1593 2024 1761 2080 bene-

166 2122 390 2179 dicimus
425 2132 506 2189 te,
533 2122 783 2187 Domine,
823 2123 877 2178 in
907 2123 1162 2193 operibus
1195 2122 1321 2188 tuis,
1354 2129 1515 2191 teque
1554 2120 1607 2176 in
1637 2134 1759 2177 san-

167 2220 371 2271 ctorum
412 2222 635 2270 tuorum
678 2212 838 2270 Nerei
890 2222 947 2270 et
993 2212 1226 2270 Achillei
1272 2222 1435 2283 atque
1482 2211 1761 2268 Pancratii

169 2315 425 2375 provectu
468 2305 771 2364 laudamus.
805 2305 910 2362 Per
938 2306 1237 2362 Christum.

495 2426 551 2470 IN
587 2430 784 2471 NATALI
815 2429 863 2471 8.
906 2431 1098 2473 URBANI
1138 2432 1221 2471 PP.
1265 2429 1433 2470 MART.

238 2505 350 2576 (6.)
374 2502 611 2562 Eterne
639 2504 803 2588 Deus.
826 2507 1030 2563 Debita:
1064 2508 1282 2577 pietatis
1302 2508 1623 2577 obsequium
1645 2521 1768 2563 san-

171 2598 240 2654 cti
266 2598 602 2655 confessoris
646 2608 702 2654 et
732 2601 991 2671 martyris
1021 2601 1095 2654 tui
1140 2599 1345 2655 Urbani
1375 2612 1766 2654 commemora-

173 2690 313 2747 tione
355 2691 715 2756 exbibentes,
766 2692 1067 2763 potentiam
1114 2700 1285 2758 tuam,
1333 2691 1579 2754 Domine,
1615 2688 1770 2758 cujus

173 2770 346 2851 gratia'
372 2780 504 2839 talis
528 2782 758 2849 exstitit,
789 2782 844 2838 in
869 2782 988 2853 ejus
1009 2782 1356 2840 solemnitate
1385 2781 1767 2851 praedicamus.

173 2869 277 2933 Per
307 2871 524 2929 Christ.

426 2984 483 3023 IN
521 2984 718 3024 NATALI
757 2982 834 3023 SS.
880 2983 1200 3024 IARCELLINI
1237 2981 1308 3022 ET
1347 2982 1524 3021 PETRI.

246 3057 477 3114 Λεία-ηε
530 3060 691 3117 Deus.
738 3060 895 3130 Apud
947 3074 1111 3129 quem
1141 3072 1356 3128 semper
1391 3067 1475 3113 est
1516 3056 1776 3129 prteclara

175 3150 284 3207 vita
316 3159 656 3218 sanctorum,
682 3167 914 3222 quorum
945 3166 1043 3207 nos
1078 3166 1224 3206 mors
1263 3150 1502 3220 pretiosa
1540 3148 1779 3205 laetificat

177 3250 234 3297 et
259 3251 466 3321 tuetur.
495 3242 839 3315 Quapropter
884 3252 1187 3315 martyrum
1234 3252 1447 3301 tuorum
1479 3242 1779 3301 Marcellini

177 3341 233 3389 et
280 3333 429 3388 Petri
461 3333 699 3405 gloriosa
748 3344 1093 3391 recensentes
1128 3336 1396 3401 natalitia,
1446 3335 1633 3391 laudes
1681 3333 1779 3390 tibi

178 3423 494 3485 referimus.
526 3433 581 3481 et
606 3423 1063 3498 magnificentiam
1090 3435 1255 3491 tuam,
1290 3425 1557 3496 supplices
1585 3440 1782 3478 exora-

181 3538 304 3581 mus
324 3564 341 3585 .
371 3533 435 3579 ut
456 3538 688 3594 quorum
725 3538 912 3579 sumus
945 3523 1204 3594 martyria
1235 3530 1580 3585 venerantes,
1613 3519 1783 3575 beati-

180 3615 393 3673 tudinis
436 3630 746 3675 mereatuur
772 3630 894 3671 esse
922 3623 1222 3670 consortes.
1255 3613 1359 3667 Per
1388 3612 1683 3667 Christum.

429 3723 480 3761 IN
520 3721 715 3761 NATALI
755 3720 831 3763 SS.
858 3722 1022 3761 IARCI
1060 3722 1131 3759 ET
1172 3719 1547 3760 IIABCELLIANI.

251 3797 490 3854 λειω-ηε
519 3797 677 3852 Deus.
720 3795 822 3864 Qui
866 3804 1181 3852 sanctorum
1231 3804 1531 3865 martyrum
1570 3799 1797 3847 tuorum’

177 3888 354 3944 Marci
395 3895 452 3943 et
475 3887 803 3944 Marcelliani
828 3889 917 3958 pia
947 3886 1245 3943 certamina
1272 3886 1338 3940 ad
1362 3886 1637 3956 copiosam
1665 3899 1786 3955 per-

176 3980 343 4037 ducis
372 3978 682 4047 victoriam,
715 3987 876 4049 atque
899 3986 1216 4050 perpetuum
1243 3978 1324 4033 eis
1346 3976 1564 4047 largiris
1592 3975 1785 4030 trium-

178 4074 380 4146 phum,
414 4080 473 4127 ut
517 4072 773 4128 Ecclesiae
803 4081 906 4128 tua:
936 4087 1153 4142 semper
1201 4071 1310 4127 sint
1352 4070 1407 4125 in
1456 4070 1782 4140 exemplum.

182 4163 398 4219 Praesta
426 4164 605 4230 nobis,
632 4179 967 4234 quaesumus,
995 4173 1053 4219 ut
1083 4179 1195 4236 per.
1218 4177 1402 4218 eorum
1446 4161 1790 4217 intercessio-

182 4272 314 4314 nem
342 4272 574 4329 quorum
609 4257 744 4313 festa
775 4257 1148 4323 celebramus,
1200 4264 1305 4312 tua:
1347 4255 1624 4327 capiamus
1669 4270 1789 4309 mu-

182 4365 319 4407 nera
351 4350 589 4421 pietatis.
616 4350 721 4407 Per
748 4351 1044 4407 Christum.

433 4478 487 4517 IN
524 4476 724 4518 ΝΔτΑιι
760 4476 836 4518 SS.
876 4476 1123 4519 GEBVASII
1162 4476 1231 4516 ΕΤ
1268 4476 1536 4517 PROTASII.

1854 1934 1947 2017 lus
1977 1934 2296 2007 martyrium
2324 1950 2431 1991 non
2459 1942 2585 1990 sunt
2611 1936 2847 1990 cunctati
2873 1935 3233 2006 subire,quos
3265 1935 3319 1989 in
3361 1952 3427 1990 na

1865 2029 2050 2084 seendi
2082 2028 2200 2101 lege
2217 2028 2400 2103 junxit
2437 2029 2790 2101 germanitas,
2823 2029 2878 2083 in
2903 2029 3109 2100 gremio
3141 2029 3331 2083 matris
3355 2028 3450 2082 Ec-

1864 2122 2042 2177 clesia:
2070 2121 2193 2177 fidei
2229 2123 2439 2187 unitas,
2482 2122 2535 2176 in
2587 2120 2856 2192 passionis
2893 2120 3187 2175 acerbitate
3230 2119 3447 2173 ferenda

1865 2215 2025 2270 unius
2056 2214 2255 2269 amoris
2284 2215 2535 2270 societas.
2562 2214 2665 2269 Per
2686 2230 2847 2286 quem
2877 2230 2975 2269 nos
3002 2214 3236 2286 petimus
3266 2228 3452 2267 eorum

1867 2306 2120 2378 precibus
2149 2306 2416 2377 adjuvari,
2443 2321 2674 2378 quorum
2702 2304 2838 2362 festa
2878 2307 3154 2362 noseimur
3186 2304 3453 2360 venerari.

1873 2394 1973 2454 Per
2004 2413 2166 2468 quem
2195 2398 2411 2469 majest.
2446 2408 2615 2453 tuam.

2041 2522 2095 2562 IN
2132 2521 2330 2561 VIGILIA
2366 2521 2751 2562 APOSTOLOBUII
2792 2521 2947 2561 PETRI
2986 2522 3056 2561 ET
3095 2524 3272 2562 PAULI.

1944 2593 2169 2651 Eterne
2198 2597 2358 2662 Deus,
2390 2597 2529 2667 apud
2556 2611 2716 2667 quem
2745 2612 2867 2653 cum
2920 2597 3198 2652 beatorum
3238 2609 3459 2669 aposto-

1873 2684 2046 2742 lorum
2085 2686 2400 2742 contiuuata
2446 2686 2744 2753 festivitas,
2792 2689 3186 2759 triumphique,
3233 2703 3339 2745 etc.
3390 2688 3459 2745 Ut

1871 2794 2033 2849 supra
2057 2778 2194 2833 inter
2220 2778 2429 2848 prwfat.
2461 2778 2639 2833 Ambr.

2017 2908 2069 2948 IN
2108 2906 2358 2949 PASSIONE
2398 2908 2779 2949 APOSTOLOBUII
2820 2910 2976 2949 PETRI
3029 2910 3097 2949 ET
3138 2911 3314 2951 PAULI.

1946 2986 2184 3060 Equum
2207 2986 2635 3054 etsalutare.Te,
2656 2990 2900 3056 Domine,
2925 2989 3194 3061 supplices
3216 3005 3465 3057 exorare,

1877 3087 2562 3152 utgregemtuum,pastor
2582 3088 2799 3144 aeterne,
2837 3095 2942 3135 non
2972 3082 3210 3148 deseras,
3242 3082 3334 3136 sed
3368 3098 3465 3152 per

1883 3169 2071 3226 beatos
2102 3170 2371 3241 apostolos
2411 3180 2531 3225 tuos
2573 3169 2794 3226 Petrum
2837 3178 2893 3226 et
2935 3170 3160 3226 Paulum
3208 3174 3466 3228 continua

1882 3266 2217 3337 protectioue
2246 3266 2564 3322 custodias:
2601 3277 2658 3321 ut
2702 3268 2905 3323 eisdem
2950 3268 3251 3324 rectoribus
3280 3271 3469 3340 guber-

1884 3367 2062 3424 netur,
2090 3373 2225 3429 quos
2249 3359 2430 3430 operis
2462 3358 2538 3414 tui
2570 3359 2804 3416 vicarios
2829 3360 3004 3416 eidem
3036 3361 3311 3416 contulisti
3336 3377 3469 3432 pree-

1884 3466 2003 3507 esse
2029 3459 2292 3521 pastores.
2322 3451 2393 3504 Et
2419 3451 2559 3506 ideo.

2262 3562 2329 3617 In
2368 3563 2696 3618 ordinatione
2743 3563 2802 3619 S.
2847 3563 3084 3619 Martini.

1958 3655 2181 3711 Eterue
2212 3657 2374 3711 Deus.
2427 3654 2528 3722 Qui
2562 3655 2818 3710 mundum
2853 3671 2949 3725 per
2976 3665 3193 3713 sanctos
3222 3656 3473 3714 doctores

1888 3750 1957 3802 ad
1984 3764 2122 3803 vera:
2152 3747 2273 3803 fidei
2302 3747 2631 3818 agnitionem
2659 3746 2970 3803 illuminasti
3002 3767 3014 3801 :
3049 3750 3115 3805 de
3137 3766 3365 3822 quorum
3386 3767 3476 3808 soc

1887 3841 2082 3898 cietate
2108 3841 2298 3898 beatus
2319 3840 2579 3897 Martinus
2601 3840 2954 3897 excellentius
2974 3843 3185 3909 enituit,
3214 3846 3475 3900 virtutum

1889 3935 2098 3990 meritis
2153 3935 2425 4004 copiosius
2470 3934 2689 4001 effulsit,
2734 3936 3010 4007 signorum
3059 3935 3227 3993 titulis
3276 3937 3477 3995 clarius

1889 4026 2078 4092 eluxit,
2108 4036 2162 4081 et
2192 4027 2356 4081 totius
2377 4027 2593 4097 pietatis
2614 4027 2809 4098 populo
2837 4036 2927 4084 tuo
2955 4030 3212 4101 magister
3232 4031 3475 4087 emicuit.

1888 4118 2039 4174 Alios
2068 4118 2307 4173 caelestis
2330 4119 2587 4174 doctrina:
2616 4118 2798 4175 verbis
2816 4112 3077 4184 erudivit,
3110 4121 3244 4177 alios
3269 4122 3480 4194 religio-

1889 4227 1961 4267 s.e
2012 4213 2133 4267 vitae
2159 4211 2423 4282 exemplis
2465 4212 2758 4279 roboravit,
2798 4214 2865 4268 ah
2908 4214 3055 4269 omni
3084 4230 3299 4287 quoque
3330 4216 3482 4271 infir—

1889 4308 2137 4362 mitatum
2170 4306 2411 4362 molestia
2460 4308 2657 4365 multos
2686 4310 2927 4376 sanavit;
2973 4312 3236 4380 quosdam
3287 4326 3414 4365 vero
3448 4328 3479 4366 a

1892 4399 2239 4456 daemoniacis
2286 4401 2561 4472 spiritibus
2588 4402 2871 4469 liberavit;
2901 4403 3032 4456 alios
3064 4419 3278 4473 quoque
3307 4411 3482 4458 morte

1890 4499 2190 4561 prtereptos
2250 4492 2423 4546 sacris
2474 4492 2810 4546 orationibus
2870 4493 3229 4547 resuscitavit.
3294 4491 3483 4548 Omni—

257 4554 493 4612 Emme
532 4556 695 4611 Deus'
741 4555 844 4610 Per
874 4556 1151 4612 Chrism‘“
1192 4555 1476 4621 Domi'wm
1516 4562 1785 4647 ¹¹⁰⁸Ψ¹¹η⁶
1817 4583 1869 4645 D
1891 4554 1996 4636 bus
2019 4554 2155 4637 odor
2179 4583 2304 4637 vitae
2331 4581 2506 4638 factus
2538 4583 2605 4638 ad
2628 4583 2877 4647 salutem,
2912 4593 2970 4637 ut
2998 4599 3188 4637 onmes
3214 4584 3281 4637 ad
3324 4592 3483 4638 :etcr-

183 4648 294 4705 Pro
322 4648 482 4718 cujus
516 4650 754 4705 nominis
800 4648 1144 4704 confessione
1174 4647 1316 4701 beati
1349 4653 1617 4717 martyres
1654 4646 1793 4701 Ger-

185 4740 376 4797 vasius
402 4749 458 4796 et
480 4739 759 4795 Protasius
790 4740 953 4809 passi,
989 4738 1041 4793 in
1083 4737 1289 4792 ctelesti
1322 4737 1541 4809 regione
1568 4738 1790 4793 aeternis

182 4832 549 4906 perfruuntur
570 4833 801 4906 gaudiis,
837 4842 891 4889 et
938 4848 1037 4903 pro
1063 4846 1252 4887 eorum
1280 4816 1509 4886 solemni
1536 4832 1789 4886 recorda-

185 4925 339 4982 tione
367 4925 612 4982 Ecclesia
659 4924 926 4998 religiosis
966 4923 1202 4980 exsultat
1227 4923 1435 4979 olliciis.
1469 4922 1572 4979 Per
1600 4937 1787 4995 quem.

517 5059 570 5100 IN
606 5057 785 5100 VIGILA
816 5054 864 5098 ὅ.
903 5054 1121 5098 IOANNIS
1158 5052 1461 5096 ΒᾹΡἸῚΒΤΒ.

259 5159 381 5235 (Α.)
411 5157 640 5214 Ᾱιέῑθηιθ
672 5157 831 5211 Deus.
870 5155 1203 5210 Exhibentes
1236 5152 1480 5207 solemne
1502 5147 1794 5221 jejunium,

187 5268 318 5324 quo,
343 5261 480 5319 etc.,
512 5260 569 5306 ut
596 5266 758 5320 supra
786 5250 924 5303 inter
943 5247 1093 5318 prtrf.
1132 5246 1312 5302 Anthr.

555 5379 607 5419 IN
645 5374 978 5419 ΝΑτινιτΑτε
1034 5371 1435 5447 ιιίυεευιιευιιιε.

262 5476 503 5536 Eterne
528 5478 689 5534 Deus.
730 5475 797 5532 Et
822 5475 877 5531 in
903 5474 990 5530 die
1016 5471 1329 5529 festivitatis
1356 5470 1653 5535 hodiernae,
1679 5483 1786 5541 qua

191 5573 397 5631 beatus
423 5569 661 5627 Joannes
689 5578 928 5633 exortus,
954 5577 1084 5630 etc.,
1117 5576 1173 5619 ut
1192 5581 1365 5637 gupra
1402 5564 1537 5618 inter
1574 5561 1787 5633 pra'fat.

191 5658 386 5716 Anthr.

929 5749 1068 5803 Alia.

269 5842 503 5899 Eterne
540 5842 702 5897 Deus.
745 5842 812 5899 Ut
838 5842 979 5899 lnmc
1007 5841 1167 5899 diem.
1199 5837 1551 5915 prtccursoris
1581 5835 1793 5890 Domini

1899 4690 2023 4729 nam
2055 4675 2404 4730 beatitudinis
2432 4674 2659 4743 gloriam
2690 4686 2987 4729 revocaret.
3019 4675 3140 4730 Per.
3174 4675 3372 4731 Christ.

2282 4804 2336 4844 IN
2389 4804 2584 4844 ΝΑτΑιι
2613 4803 2686 4843 SS.
2721 4805 2789 4844 VII
2822 4805 3096 4844 FRATRUH.

1966 4878 2081 4954 (6.)
2111 4879 2341 4937 [literne
2376 4882 2537 4938 Deus.
2572 4882 2770 4937 Donari
2828 4882 2984 4937 nobis
3038 4882 3352 4952 suppliciter
3391 4900 3488 4940 ex-

1898 4983 2141 5039 orantes,
2188 4982 2247 5028 ut
2289 4973 2432 5029 sicut
2474 4974 2646 5029 sancti
2677 4973 2752 5026 tui
2788 4973 3045 5027 mundum
3079 4973 3131 5026 in
3165 4982 3255 5027 tua
3286 4974 3488 5030 virtute

1900 5069 2185 5134 vicerunt,
2220 5067 2292 5121 ita
2346 5082 2444 5122 nos
2493 5082 2524 5120 a
2571 5066 2861 5120 mundanis
2887 5065 3161 5122 erroribus
3214 5066 3490 5137 postulent

1899 5163 2162 5234 expediri.
2196 5161 2302 5218 Per
2326 5161 2525 5217 Christ.

2248 5294 2299 5352 IN
2326 5290 2729 5349 TRANSLATIONE
2750 5291 2795 5331 S.
2826 5290 3132 5333 BENEDICTI.

1973 5368 2197 5424 Aiterne
2233 5368 2395 5424 Deus.
2432 5369 2498 5423 Et
2522 5369 2750 5441 gloriam
2780 5379 2925 5424 tuam
2956 5369 3190 5441 profusis
3235 5371 3489 5441 precibus

1898 5476 2145 5522 exorare,
2176 5458 2351 5531 utqui
2381 5460 2524 5516 beati
2552 5459 2825 5516 Benedicti
2857 5460 3185 5520 confessoris
3208 5464 3296 5535 .tui
3322 5477 3487 5520 vene-

1894 5556 2082 5608 ramur
2113 5552 2245 5608 festa
2266 5594 2280 5617 ,
2313 5561 2363 5607 te
2390 5561 2650 5623 operante
2673 5551 2789 5621 ejus
2817 5554 3122 5611 sanctitatis
3149 5555 3348 5609 imitari
3392 5570 3488 5609 va-

1895 5646 2104 5701 leamus
2128 5645 2392 5716 exempla,
2428 5654 2483 5700 et
2510 5642 2663 5715 cujus
2691 5647 2898 5701 meritis
2926 5661 3263 5717 nequaquam
3296 5661 3484 5717 possit»

1900 5753 2021 5793 nius
2043 5737 2335 5807 comquari,
2361 5738 2476 5807 ejus
2496 5738 2745 5810 precibus
2770 5737 3011 5809 adjuvari
3039 5752 3361 5793 mereamur.
3384 5735 3488 5795 Per

1902 5832 2101 5887 Christ.
