3954 6342
575 370 673 428 9H

1067 500 1119 540 IN
1155 497 1348 539 NA'I'ALI
1374 496 1421 536 Β.
1459 495 1653 537 JACOBI.

647 577 877 637 Eterne
914 577 1071 633 Deus.
1106 574 1240 643 Quia
1286 574 1411 629 licet
1464 572 1619 627 nobis
1665 571 1890 625 salutem
1938 583 2153 639 semper

575 679 830 746 operetur
884 667 1050 723 divini
1098 665 1388 721 celebratio
1430 662 1775 727 sacramenti,
1831 659 2155 730 propensius

494 760 501 767 ’
579 778 755 823 tamen
799 761 1121 819 conﬁdimus
1184 759 1340 815 nobis
1390 756 1699 829 profutura,
1751 754 1795 810 si
1842 753 1985 809 beati
2026 767 2155 822 apo-
2220 822 2223 823 ν

576 857 698 915 stoli
747 854 823 910 tui
870 851 1056 909 Jacobi
1112 848 1591 906 intercessionibus
1655 844 1995 914 adjuvemnr.
2052 842 2156 897 Per

566 947 776 1005 Christ.

903 1053 956 1093 IN
994 1050 1190 1092 NA'I'ALI
1220 1049 1294 1092 SS.
1328 1049 1499 1090 ABDON
1525 1049 1595 1088 ET
1624 1046 1836 1088 SENNES.

642 1128 872 1187 Eterne
897 1129 1059 1184 Deus.
1102 1127 1169 1181 Et
1198 1136 1252 1183 te
1299 1124 1518 1180 laudare
1547 1122 1851 1180 mirabilem
1901 1121 2072 1176 Deum
2101 1119 2157 1175 in

573 1224 779 1280 sanctis
801 1223 906 1277 tuis
928 1236 1064 1292 quos
1092 1228 1217 1274 ante
1246 1217 1687 1273 conStitutionem
1715 1215 1897 1270 mundi
1930 1214 1984 1269 in
2006 1222 2160 1268 aeter-

573 1329 700 1369 nam
732 1312 828 1367 tibi
849 1312 1076 1382 gloriam
1100 1308 1433 1383 praeparasti,
1459 1317 1516 1360 ιιι
1540 1321 1635 1377 per
1675 1320 1770 1361 eos
1800 1304 1925 1359 huic
1959 1304 2160 1357 mundo

469 1429 480 1440 κ
560 1406 819 1479 veritatis
854 1415 957 1459 tua:
1002 1404 1182 1458 lumen
1216 1402 1549 1466 ostenderes,
1582 1414 1717 1469 quos
1742 1398 1814 1453 ita
1838 1397 2029 1469 Spiritu
2072 1409 2163 1450 ve-

575 1501 753 1558 ritatis
777 1498 1027 1564 armasti,
1060 1505 1119 1550 ut
1150 1494 1515 1550 fortitudinem
1546 1492 1738 1548 mortis
1787 1504 1885 1561 per
1932 1486 2165 1543 inﬁrmi-

573 1601 740 1650 tatem
773 1590 953 1647 earnis
998 1588 1331 1643 evincerent.
1366 1586 1440 1639 De
1483 1598 1711 1654 quorum
1758 1580 1986 1649 collegio
2036 1583 2163 1633 sunt

571 1692 846 1753 martyres
874 1681 951 1735 tui
975 1678 1166 1734 Abdon
1195 1686 1250 1732 et
1274 1674 1518 1739 Sennes,
1552 1673 1643 1743 qui
1667 1672 1719 1727 in
1760 1669 2016 1726 Ecclesiae
2058 1680 2163 1722 tuae

570 1781 732 1847 prato
768 1772 911 1828 sicut
938 1785 1075 1825 rosae
1119 1776 1174 1824 et
1198 1766 1307 1821 lilia
1334 1765 1653 1820 floruerunt.
1699 1763 1845 1829 Quos
1887 1756 2162 1828 Unigeniti

573 1867 653 1922 tui
694 1863 912 1936 sanguis
950 1862 1005 1917 in
1044 1874 1196 1932 prelo
1225 1854 1580 1914 confessionis
1626 1868 1782 1909 roseo
1827 1850 2008 1907 colore
2037 1863 2162 1919 pro-

573 1955 714 2011 fudit
762 1952 911 2026 [Leg.
965 1945 1249 2023 perfudit],
1298 1957 1353 2003 et
1406 1946 1474 2002 ob
1526 1942 1807 2015 praemium
1866 1939 2157 2011 passionis,

573 2046 734 2103 niveo
755 2044 987 2100 liliorum
1018 2041 1304 2113 splendore
1328 2036 1566 2093 vestivit.
1601 2035 1706 2090 Per
1727 2048 1906 2105 quem.

946 2172 999 2212 IN
1021 2170 1218 2210 NA'I'ALI
1244 2168 1319 2208 SS.
1360 2164 1785 2206 IACEABBORUM.

645 2250 871 2306 Eterne
916 2249 1077 2302 Deus.
1132 2245 1233 2313 Qui
1285 2244 1410 2298 licet
1463 2242 1513 2296 in
1563 2241 1804 2296 omnium
1848 2245 2159 2293 sanctorum

574 2354 789 2400 tuorum
822 2341 1156 2414 proiectione
1181 2338 1261 2398 sis
1278 2335 1564 2402 amabilis,
1601 2334 1653 2393 in
1688 2332 1775 2392 his
1803 2340 1998 2392 tamen
2038 2344 2160 2405 spe-

572 2435 709 2496 ciale
739 2442 887 2493 luam
940 2451 1133 2491 mnnus
1180 2432 1555 2505 agnoscimus,
1584 2444 1719 2500 quos
1765 2428 1962 2483 fratres
2013 2436 2160 2483 sorte

571 2530 851 2595 nascendi,
884 2537 940 2585 et
981 2526 1268 2598 magniﬁca
1316 2522 1619 2596 praestitisti
1659 2521 1912 2593 passione
1942 2534 2157 2591 germa-

548 2619 702 2699 ﬁnes;
733 2633 792 2680 ut
831 2614 989 2678 simul
1017 2627 1161 2675 esset
1198 2627 1252 2673 et
1281 2616 1586 2672 veneranda
1628 2614 1794 2686 gloria
1846 2611 2156 2683 genitricis,

570 2727 627 2775 et
653 2714 1033 2774 florentissima
1062 2711 1240 2784 proles
1270 2708 1547 2766 Ecclesiae.
1571 2707 1640 2764 Et
1660 2707 1802 2764 ideo.

777 2847 829 2887 IN
857 2842 1179 2885 INVEN'I’IONE
1199 2841 1247 2882 8.
1273 2840 1533 2880 STEPHANI
1560 2838 1629 2880 ΕΤ
1656 2836 1941 2880 εοειοιιωί.

643 2924 797 2997 (Με.)
832 2923 1056 2980 Eterne
1084 2921 1247 2976 Dens.
1285 2919 1486 2975 Donari
1526 2919 1683 2973 nobis
1712 2916 2026 2988 suppliciter
2066 2927 2159 2968 ex-

574 3025 815 3081 orantes,
841 3024 901 3069 ut
928 3014 1069 3068 sicut
1108 3010 1206 3068 SS.
1234 3010 1311 3064 tui
1335 3008 1658 3078 Stephanus,
1684 3006 2029 3070 Nicodemus,
2051 3001 2157 3060 Ga-

571 3108 751 3167 mahel
796 3116 853 3163 et
891 3105 1099 3161 Abibon
1122 3145 1136 3169 ,
1165 3102 1423 3157 mundum
1454 3101 1505 3154 in
1540 3109 1628 3153 tua
1658 3098 1857 3153 virtute
1884 3097 2153 3163 vicerunt,

570 3204 645 3259 ita
672 3217 772 3256 nos
816 3216 845 3253 a
898 3195 1186 3252 mundanis
1230 3193 1506 3247 erroribus
1548 3190 1822 3262 postulent
1874 3188 2149 3260 expediri;

570 3303 631 3348 nt
663 3292 754 3364 qui
778 3305 965 3347 eorum
997 3284 1418 3343 sacratissimam
1471 3282 1836 3337 inventionem
1864 3288 1919 3335 et
1958 3279 2152 3335 merita

570 3399 893 3442 veneramur
915 3423 928 3446 ,
969 3376 1318 3437 beatitudinis
1348 3388 1655 3429 mereamur
1677 3387 1797 3429 esse
1845 3378 2149 3427 consortes.

996 3510 1051 3551 IN
1074 3508 1270 3551 NA'I'ALI
1298 3507 1346 3547 S.
1384 3506 1529 3547 SIXTI
1560 3504 1727 3545 IAR'I'.

642 3590 867 3647 lEterne
887 3587 1049 3643 Dens.
1084 3585 1151 3640 Et
1187 3583 1456 3654 praecipue
1496 3581 1549 3635 in
1574 3580 1662 3635 die
1706 3577 2017 3634 festivitatis
2057 3576 2153 3633 ho-

570 3684 789 3743 dierum,
822 3695 927 3750 qua
954 3679 1146 3733 beatus
1175 3674 1362 3731 Sixtus
1388 3672 1594 3745 pariter
1617 3670 1875 3727 sacerdos
1911 3679 1965 3723 et
2001 3684 2149 3723 mar-

570 3786 659 3846 tyr
711 3774 959 3828 devotum
985 3770 1081 3824 tibi
1113 3766 1429 3838 sanguinem
1456 3764 1790 3819 exsultanter
1814 3759 2020 3817 effudit.
2051 3758 2152 3827 Qui
2222 3780 2233 3789 ο

569 3865 638 3920 ad
657 3861 901 3919 eamdem
925 3860 1149 3932 gloriam
1172 3855 1588 3929 promerandam
1607 3853 1865 3909 doctrinae
1885 3868 1994 3907 suae
2014 3852 2153 3907 ﬁlios

568 3954 849 4018 incitavit;
896 3962 953 4006 et
1002 3966 1137 4022 quos
1180 3948 1463 4005 erudiebat
1506 3947 1744 4012 hortatu,
1794 3943 2157 4015 praeveniebat

568 4044 832 4115 exemplo.
860 4044 960 4097 Per
984 4040 1187 4096 Christ.

1009 4171 1061 4210 IN
1101 4169 1300 4210 νιθιιιλ
1334 4170 1381 4209 8.
1412 4167 1722 4210 LLUREN‘I‘II.

644 4265 758 4337 (ϐ.)
804 4262 1032 4319 ΑΞιοιΊιθ
1084 4262 1246 4317 Deus.
1306 4261 1374 4317 Et
1419 4261 1626 4317 devotis
1655 4258 1926 4317 mentibus
1978 4260 2154 4316 natale

569 4356 826 4426 martyris
863 4354 939 4408 tui
975 4353 1252 4409 Laurentii
1286 4352 1617 4422 praevenire,
1658 4352 1749 4422 qui
1780 4351 1942 4406 levita
1994 4352 2155 4407 simul

569 4460 886 4522 martyrqne
917 4444 1272 4510 venerandus,
1303 4454 1357 4501 et
1396 4443 1615 4513 proprio
1654 4442 1849 4498 claruit
1881 4443 2151 4515 gloriosus

1571 363 1898 422 GRIMALDI
1939 362 2463 419 SANGALLENSIS
2498 363 2809 419 ABBATIS.

3714 377 3736 431 Ξ

2184 376 2463 419 humus
2498 376 2809 419 ΑῠυΑιιδ.
3302 394 3307 399 -
3664 376 3733 459 ψ

2184 479 2235 539 Α
2263 491 2463 543 cuere,
2512 487 2860 549 peccatorum
2913 486 3219 535 nostrorum
3264 480 3465 535 veniam
3513 483 3733 554 impetrare

2253 565 2356 622 Per
2383 566 2582 623 Christ.

2701 703 2753 743 IN
2779 702 2973 743 NA'I‘ALI
3000 703 3045 742 S.
3064 701 3368 742 IIIPPOLY'I‘I.

2326 772 2554 833 .‘Eterne
2577 776 2738 833 Deus.
2768 776 2837 831 Et
2860 786 3006 833 tuam
3038 776 3374 833 clementiam
3396 777 3523 831 votis
3549 780 3736 850 supplici-

2256 864 2689 939 bus_implorare,
2723 877 2781 922 ut
2804 866 2865 921 B.
2898 866 3168 938 Hippolyti
3203 867 3559 939 sociorumque
3582 869 3672 936 ejus
3692 874 3740 926 in-

2259 961 2547 1025 tercessio,
2577 967 2923 1032 peccatorum
2974 968 3282 1015 nostrorum
3311 959 3535 1014 obtineat
3570 962 3740 1027 veniam,

2257 1052 2351 1122 qui
2398 1067 2494 1123 per
2536 1060 2802 1107 tormenta
2853 1052 3156 1122 passionis,
3191 1060 3441 1107 aeternam
3465 1052 3669 1122 pervenit
3698 1055 3743 1108 ad

2259 1143 2502 1216 gloriam.
2531 1142 2635 1199 Per
2654 1144 2853 1201 Christ.

2744 1270 2800 1311 IN
2824 1270 3020 1312 ωσι-λιιι
3044 1270 3090 1312 8.
3122 1269 3350 1311 EUBEBII.

2331 1345 2559 1403 Eterne
2587 1345 2748 1401 Deus.
2778 1346 2851 1401 Et
2868 1346 3214 1402 clementiam
3238 1356 3381 1400 tuam
3407 1344 3572 1413 pronis
3606 1347 3744 1401 menti-

2261 1437 2363 1494 bus
2404 1436 2713 1507 implorare,
2745 1443 2801 1489 ut
2842 1436 3107 1506 perbeati
3136 1434 3351 1489 Eusebii
3393 1433 3667 1491 confessoris
3697 1436 3745 1490 in-

2264 1528 2667 1593 tercessionem,
2695 1527 3030 1583 salutiferam
3058 1526 3112 1580 in
3138 1526 3339 1581 nostris
3364 1527 3603 1581 mentibus
3620 1526 3746 1581 ﬁrmes

2264 1620 2628 1685 devotionem,
2656 1603 3034 1689 concedasqne
3055 1626 3115 1672 ut
3138 1618 3280 1672 sicut
3300 1626 3350 1673 te
3374 1602 3529 1673 Solum
3550 1618 3745 1673 credimus

2265 1718 2565 1775 auctorem,
2616 1716 2672 1764 et
2726 1723 3051 1764 veneramur
3110 1706 3451 1772 salvatorem,
3480 1706 3549 1761 sic
3589 1706 3629 1760 in
3665 1722 3746 1777 per-

2187 1843 2238 1909 Β
2264 1809 2483 1909 petitum
2521 1800 2640 1872 ejus
2669 1799 2975 1855 interventu
3020 1797 3314 1853 habeamus
3366 1794 3641 1865 adiutorem.
3680 1795 3747 1850 Per

2264 1892 2465 1950 Christ.

2404 2024 2456 2064 IN
2491 2022 2692 2063 VIGILIA
2735 2019 3115 2063 ASSUIPTIONIS
3139 2020 3195 2059 Β.
3227 2018 3406 2059 κλιιυε
3440 2015 3650 2058 νιιιθιιιιε.

2250 2130 2255 2131 ί
2330 2099 2559 2157 ιλΕιθτηθ
2579 2099 2739 2156 Deus.
2769 2098 2836 2153 Et
2877 2098 2929 2153 in
2973 2088 3060 2153 die
3079 2096 3387 2153 festivitatis
3411 2094 3744 2162 hodiernsz,qna

2259 2192 2435 2248 beata:
2484 2192 2666 2248 Maria}
2722 2191 3021 2247 solemnem
3087 2187 3480 2260 Assumptionis
3527 2186 3746 2242 recolentes

2261 2288 2425 2353 diem,
2464 2286 2637 2342 debita
2664 2284 3021 2356 prmvenimus
3044 2284 3323 2340 servitute.
3348 2279 3502 2350 Cujus
3520 2280 3744 2335 veneranda

2231 2378 2529 2439 ‘testivitas
2550 2378 2705 2439 nobis
2726 2385 2875 2435 tanto
2901 2375 3131 2451 amplius
3168 2374 3288 2444 ejus
3316 2374 3656 2431 intercessione
3676 2373 3744 2427 erit

2260 2473 2566 2545 profutura,
2599 2481 2800 2542 quanto
2842 2470 3099 2527 humilius
3124 2474 3312 2558 nostra
3337 2464 3497 2523 fuerit
3540 2462 3743 2523 devotione

2246 2563 2555 2621 celebrata.
2581 2562 2685 2618 Per
2707 2562 2910 2618 Christ.

2606 2693 2658 2733 IN
2688 2690 2775 2732 DIE
2802 2688 3186 2732 ASSUIP'I‘IONIS
3215 2691 3268 2730 Β.
3302 2686 3494 2728 IIIIS.

2331 2773 2557 2830 IEterne
2580 2772 2739 2828 Deus.
2765 2769 2834 2826 Et
2857 2777 2910 2825 te
2944 2769 2998 2824 in
3043 2768 3389 2824 veneratione
3416 2777 3649 2820 sacrarum
3671 2758 3744 2811 vir-

2260 2867 2445 2940 ginum
2491 2861 2887 2922 exsultantibus
2939 2858 3164 2927 animis,
3212 2866 3344 2924 etc.,
3395 2866 3447 2910 ut
3492 2869 3623 2923 supra
3659 2851 3746 2903 inter

2259 2961 2477 3015 Ambros
2494 3004 2497 3005 ν

2695 3063 2748 3103 IN
2776 3060 2985 3104 ορτλνι
3010 3060 3055 3100 8.
3085 3058 3395 3099 LAUBENTII.

2329 3143 2557 3200 IEterne
2594 3144 2752 3198 Deus.
2805 3139 2957 3195 Beati
2999 3136 3281 3193 Laurentii
3314 3131 3745 3199 natalitiarepeteno

2181 3212 2227 3276 (ἶ
2260 3242 2361 3298 tes,
2396 3233 2483 3289 cui
2506 3232 2665 3288 ﬁdem
2688 3229 3193 3297 confessionemque
3220 3225 3361 3298 ignis
3392 3219 3625 3294 passionis
3643 3217 3744 3283 inge-

2257 3335 2372 3381 stus
2399 3340 2505 3380 non
2532 3322 2775 3387 abstulit,
2800 3321 2895 3376 sed
2922 3335 3045 3375 eum
3085 3326 3145 3372 ut
3183 3317 3359 3388 magis
3386 3314 3584 3373 luceret,
3610 3320 3746 3362 accen-

2259 3419 2355 3473 dit.
2417 3417 2684 3484 Quoniam
2726 3416 2866 3471 sicut
2893 3427 3083 3469 aurum
3108 3410 3345 3466 flammis
3377 3424 3478 3465 non
3506 3406 3662 3467 uritur,
3687 3398 3748 3454 sed

2256 3511 2514 3583 probatur
2551 3527 2564 3563 :
2606 3510 2685 3565 sic
2714 3509 2905 3563 beatus
2933 3514 3142 3573 martyr
3182 3519 3294 3560 non
3342 3499 3641 3559 consumitur
3678 3504 3750 3547 tor-

2258 3611 2563 3660 mentorum
2610 3600 2892 3667 incendiis,
2923 3599 3019 3655 sed
3061 3605 3282 3669 aptatur
3320 3593 3605 3653 caelestibus
3640 3600 3749 3643 orna-

2259 3696 2477 3750 mentis.
2506 3694 2609 3750 Per
2632 3692 2837 3749 Christ.

2617 3822 2670 3861 IN
2695 3820 2890 3861 NA'I‘ALI
2915 3819 2962 3860 8.
2996 3817 3158 3860 ΙΔῦΝἰ
3184 3815 3451 3858 IARTYRIS

2329 3899 2553 3955 AEterne
2578 3900 2743 3954 Deus.
2789 3897 2892 3966 Qui
2923 3896 3220 3951 humanum
3252 3908 3419 3967 genus
3466 3890 3526 3946 de
3556 3878 3751 3958 proflme

2258 3993 2451 4049 mortis
2472 3992 2729 4061 eripiens,
2760 3989 3129 4059 captivitatem
3165 3966 3436 4048 nostram,
3458 3979 3570 4036 Iesu
3611 3966 3749 4029 Christi

2258 4086 2381 4142 Filii
2413 4085 2489 4140 tui
2514 4083 2725 4137 Domini
2758 4080 2929 4136 nostri
2958 4079 3212 4152 passione
3245 4075 3468 4133 solvisti.
3517 4069 3604 4125 Per
3640 4072 3749 4134 quem

2259 4181 2333 4236 ita
2365 4179 2537 4233 virtus
2560 4175 2766 4244 antiqui
2793 4173 2965 4229 hostis
2984 4172 3115 4227 elisa
3151 4180 3264 4233 est,
3309 4177 3368 4223 ut
3394 4167 3500 4237 ejus
3545 4171 3669 4231 quem
3692 4167 3751 4206 su-

2257 4277 2563 4342 peraverat,
2599 4267 2764 4321 etiam
2791 4266 3005 4321 beatum
3049 4271 3345 4334 martyrem
3400 4267 3535 4313 tuum
3566 4256 3749 4319 magnum

2260 4364 2462 4419 faceret
2484 4377 2601 4417 esse
2625 4361 2902 4415 victorem.
2940 4357 3108 4429 Cujus
3133 4357 3460 4425 triumphum
3499 4353 3543 4405 in
3585 4347 3651 4402 die
3681 4353 3751 4409 quo

2255 4458 2570 4529 sanguinem
2610 4470 2765 4510 suum
2789 4452 2945 4516 fudit,
2977 4451 3236 4513 colentes,
3266 4450 3319 4504 in
3351 4458 3437 4503 tua
3462 4442 3609 4517 gloria
3625 4432 3751 4493 exsul-

566 4544 743 4601 oﬁicio
765 4584 779 4607 ,
810 4550 867 4597 et
900 4537 1263 4596 memoranda:
1305 4537 1575 4609 passionis
1621 4536 1881 4608 martyrio
1922 4535 2144 4603 effulsit.
2172 4565 2227 4628 Β
2255 4562 2450 4609 lamus,
2481 4550 2586 4606 per
2615 4562 2797 4620 quem.

564 4635 671 4692 Per
694 4634 892 4690 Christ.

1136 4734 1191 4778 IN
1216 4734 1305 4775 DIE
1325 4732 1578 4774 ειυευειι.

638 4834 750 4906 (6.)
780 4832 1005 4890 Eterne
1031 4832 1192 4887 Deus.
1228 4829 1295 4883 Et
1311 4829 1581 4899 prmeipne
1615 4827 1670 4882 in
1706 4828 1797 4884 die
1838 4827 2150 4883 solemnita-

565 4929 637 4986 tis
666 4927 962 4990 hodiernze,
993 4939 1098 4991 qua
1132 4922 1323 4976 beatus
1352 4918 1674 4975 Laurentius
1694 4960 1710 4985 ,
1754 4920 1931 4974 hostia
1962 4927 2149 4975 sancta

564 5029 621 5074 et
650 5019 793 5081 viva,
825 5014 917 5069 tibi
963 5012 1180 5083 placens
1219 5018 1304 5065 est
1330 5008 1561 5064 oblatus.
1595 5008 1695 5076 Qui
1728 5010 1848 5080 igne
1884 5025 2146 5066 accensus

565 5107 640 5161 tui
665 5104 869 5161 amoris
893 5109 1204 5158 constanter
1228 5099 1408 5170 ignem
1441 5099 1696 5154 sustinuit
1739 5100 2024 5169 passionis.
2079 5099 2147 5155 Et

563 5214 662 5269 per
690 5194 1080 5255 immanitatem
1132 5198 1545 5256 tormentorum,
1598 5192 1665 5245 ad
1717 5191 2029 5247 societatem
2070 5191 2146 5245 ci-

562 5288 713 5344 vium
740 5298 1097 5357 supernorum
1125 5282 1391 5355 pervenit.
1421 5282 1526 5339 Per
1550 5282 1751 5339 Christ.

1024 5410 1077 5450 IN
1120 5410 1313 5451 NA'I‘ALI
1340 5411 1387 5451 8.
1421 5411 1683 5452 TIBUR‘I‘II.

636 5509 751 5584 (6.)
775 5508 1003 5566 Eterne
1031 5509 1192 5566 Deus.
1235 5510 1371 5578 Quia
1400 5510 1529 5566 dum
1556 5512 1701 5568 beati
1745 5512 1976 5570 Tiburtii
2002 5529 2147 5570 mar-

563 5602 699 5675 tyris
728 5608 920 5657 merita
947 5599 1174 5673 gloriosa
1206 5616 1548 5668 veneramur,
1570 5602 1830 5658 auxilium
1860 5604 2018 5661 nobis
2043 5614 2148 5661 tua;

563 5692 963 5764 propitiationis
1009 5692 1193 5747 adfore
1238 5694 1593 5764 deprecamur
1631 5709 1645 5747 :
1685 5695 1940 5765 quoniam
1970 5697 2148 5752 credi-

563 5804 685 5847 mus
728 5803 823 5847 nos
870 5803 967 5849 per
1008 5803 1194 5843 eorum
1240 5788 1707 5853 intercessionem,
1753 5789 1843 5853 mli
1888 5789 1977 5845 tibi
2027 5789 2143 5859 pla-

2560 4679 2613 4718 IN
2645 4676 2841 4718 NA'I'ALI
2874 4674 2923 4715 8.
2955 4673 3214 4716 'I‘IIOTHEI
3246 4667 3525 4713 IARTYIIIS.

2330 4754 2416 4833 (ϐ.
2444 4755 2570 4824 Ms.)
2608 4747 2837 4809 ,λειω-ηε
2861 4751 3021 4807 Deus.
3055 4750 3175 4804 Tibi
3197 4750 3343 4804 enim
3367 4746 3492 4802 festa
3512 4732 3748 4833 solemnilaf

2256 4826 2466 4920 agitur,
2520 4847 2615 4901 tibi
2660 4845 2776 4900 dies
2828 4851 3041 4899 sacrata
3088 4840 3420 4902 celebratur;
3471 4846 3608 4905 quam
3646 4826 3746 4907 ba"

2256 4942 2523 4999 Timothei
2570 4938 2824 5010 martyris
2858 4935 2931 4991 tui
2965 4935 3185 5004 sanguis
3216 4933 3268 4987 in
3300 4927 3533 4986 veritatis
3575 4932 3656 4976 tua?
3691 4922 3745 5010 te:

2254 5033 2577 5089 stiﬁcatione
2620 5028 2874 5100 profusus
2901 5067 2917 5094 ,
2942 5026 3227 5098 magnifico
3264 5021 3493 5080 nominis
3517 5014 3580 5071 tui
3610 5013 3745 5068 ιιοηοτι

2251 5123 2485 5195 signavit

2646 5229 2700 5267 IN
2726 5228 2922 5268 NA'I'ALI
2952 5227 2998 5267 8.
3028 5222 3435 5266 ΒΑιιτιιοιοιωι.

2324 5306 2413 5379 (G)
2447 5307 2671 5363 Eterne
2696 5307 2858 5361 Deus.
2886 5304 2987 5371 Qui
3012 5302 3307 5359 Ecclesiam
3333 5308 3472 5354 tuam
3492 5286 3743 5379 sempiterna

2248 5373 2450 5472 pietate
2477 5413 2581 5452 non
2610 5396 2837 5462 deseris,
2873 5394 2969 5450 sed
3009 5409 3107 5465 per
3147 5391 3414 5464 apostolos
3458 5397 3563 5441 tuos
3598 5373 3744 5448 iusim

2249 5489 2447 5554 crudis,
2474 5496 2528 5543 et
2550 5488 2665 5543 sine
2696 5486 2801 5543 ﬁne
2819 5486 3079 5541 custodis.
3108 5484 3213 5540 Per
3246 5483 3523 5539 Christum.

2565 5618 2618 5658 IN
2643 5590 2838 5657 ΜιτΑῶ
2870 5617 2914 5657 s.
2940 5615 3224 5656 AUGUSTINI
3244 5610 3489 5654 EPISCOPI.

2322 5695 2543 5751 .IEterue
2582 5696 2741 5750 Deus.
2792 5694 2893 5762 Qui
2942 5696 3159 5751 beatum
3209 5690 3545 5763 Augustinum
3585 5673 3723 5735 conf“

2250 5806 2426 5846 sm'em
2483 5801 2629 5845 tuum
2689 5799 2741 5846 et
2795 5790 3035 5846 scientia:
3085 5786 3412 5849 documentis
3461 5768 3736 5859 replesliie‘
