3954 6342
252 324 356 382 915

1065 318 1268 378 LIBER
1307 319 1943 378 SACBAMENTORUII.
1984 352 2053 364 —
2089 321 2410 382 PREFAT.
2452 324 2680 395 ANTIQ.

3397 329 3503 392 914

255 441 508 494 virtutum
537 435 868 492 ornamentis
893 435 1097 493 ditasti.
1153 437 1324 505 Quem
1377 438 1451 493 ita
1507 436 1825 492 multimodo
1851 435 1904 497 Α
1930 433 2178 493 fidelibus
2206 438 2408 510 ubique
2441 437 2729 509 mllentem
2749 479 2764 506 ,
2792 440 3050 512 apostolis
3077 441 3212 499 facis
3252 423 3509 500 constare

256 541 447 601 genere
468 526 686 596 pietatis
716 525 985 591 imbuisti,
1012 533 1072 581 ut
1113 526 1230 596 ipse
1259 526 1354 582 tibi
1379 535 1435 581 et
1471 542 1596 583 arca
1645 535 1701 582 et
1736 541 1822 582 sa-

257 620 535 684 criﬁcium,
585 629 641 675 et
674 618 928 676 sacerdos
951 626 1170 683 essetet
1197 619 1474 690 templum.
1517 619 1622 675 Per
1661 619 1820 676 Chri-

256 725 392 772 stum
401 754 414 768 .

688 817 865 857 EODEI
893 816 982 857 ΜΒ
1007 816 1056 858 8.
1087 816 1358 858 εειιιτιε

325 896 548 953 Eterne
575 896 736 951 Deus.
763 894 1028 963 Quoniam
1052 893 1375 962 fiducialiter
1397 895 1573 950 laudis
1604 893 1702 950 tibi
1727 895 1828 948 im-

259 990 519 1046 molamus
565 987 787 1049 hostias,
835 1002 970 1057 quas
1021 985 1080 1042 S.
1130 986 1398 1042 Hermetis
1449 987 1704 1058 martyris
1749 985 1827 1042 tui

256 1079 504 1152 precibus
532 1079 629 1134 tibi
660 1092 780 1134 esse
821 1078 1056 1148 petimus
1080 1087 1349 1148 acceptas.
1403 1077 1506 1133 Pcr
1531 1077 1826 1134 Christum.

485 1211 539 1250 IN
563 1209 962 1250 DECOLLAT‘IONE
990 1208 1039 1249 8.
1080 1209 1292 1250 ιολιηκιε
1320 1209 1616 1250 Βητιετις.

323 1287 551 1344 Ᾱὲἒιθηιρ
601 1287 760 1344 Deus.
791 1287 894 1355 Qui
941 1304 1332 1360 praecursorem
1387 1288 1506 1345 Filii
1552 1289 1630 1344 tui
1679 1295 1831 1344 tanto

257 1397 475 1440 munere
519 1382 736 1447 ditasti,
791 1391 851 1437 ut
897 1397 996 1453 pro
1041 1383 1289 1439 veritatis
1337 1383 1609 1454 przeconio
1656 1381 1832 1452 capite

253 1474 600 1546 plecteretur.
629 1472 696 1526 Et
714 1472 805 1542 qui
837 1470 1114 1528 Christum
1153 1488 1293 1544 aqua
1330 1473 1702 1542 baptizaverat
1725 1510 1738 1536 ,
1763 1471 1830 1526 ab

256 1562 368 1633 ipso
395 1562 448 1617 in
471 1562 681 1633 Spiritu
711 1561 1039 1632 baptizatus,
1070 1577 1168 1632 pro
1193 1563 1382 1617 eodem
1425 1561 1686 1631 sanguine
1723 1559 1830 1613 tin-

253 1664 488 1726 geretur.
533 1653 717 1709 Pracco
760 1653 959 1724 quippe
1001 1653 1269 1719 veritatis,
1313 1667 1432 1722 quae
1451 1650 1832 1724 estoChristus,

255 1744 520 1802 Herodem
565 1759 592 1798 a
619 1743 874 1800 fraternis
927 1744 1176 1799 thalamis
1216 1743 1550 1815 prohibendo
1596 1741 1835 1798 carceris

1929 527 2208 595 doctrinis,
2239 537 2464 600 praesta,
2497 544 2826 600 quaesumus,
2858 541 2916 587 ut
2960 547 3057 605 per
3103 548 3242 606 quos
3291 534 3506 590 initium

1929 620 2125 676 divina:
2181 622 2503 693 cognitionis
2553 623 2776 694 accepit,
2840 638 2937 694 per
2982 639 3078 682 eos
3119 640 3291 696 usque
3335 625 3403 681 ad
3444 625 3510 680 tl-

1931 727 2056 768 nem
2105 713 2287 770 saeculi
2316 715 2499 786 capiat
2543 715 2696 787 regni
2724 715 2961 774 caelestis
2994 726 3365 790 augmentum.
3405 714 3510 774 Per

1930 804 2130 862 Christ.

2128 917 2204 992 [IN
2230 935 2422 976 mnu
2451 936 2496 977 s.
2527 936 2771 976 unum
2799 937 3163 986 socronuuous
3190 935 3333 978 ntus.

2004 1009 2244 1082 Equum
2293 1021 2348 1067 ct
2395 1011 2653 1068 salutare.
2711 1013 2819 1070 Nos
2865 1015 2958 1071 tibi
2989 1030 3203 1086 semper
3227 1022 3283 1070 et
3313 1012 3516 1086 ubique

1935 1101 2138 1172 gratias
2167 1117 2327 1172 agere
2346 1143 2362 1168 ,
2383 1111 2439 1158 et
2473 1101 2659 1159 laudes
2707 1105 3018 1170 decantare,
3051 1105 3276 1161 Domine
3303 1114 3514 1172 sancte,

1936 1191 2098 1247 Pater
2122 1193 2482 1262 omnipotens,
2507 1203 2708 1250 aeterne
2730 1193 2870 1251 Deus
2904 1213 2917 1249 :
2959 1195 3063 1250 Per
3098 1194 3299 1250 Christ.
3355 1194 3513 1252 Dom.

1937 1293 2079 1338 nost.
2118 1282 2381 1352 Quoniam
2434 1285 2807 1357 cognoscimus
2868 1295 3126 1356 quantum
3167 1285 3308 1358 apud
3357 1295 3410 1342 te
3447 1287 3522 1342 sit

1937 1376 2196 1447 praeclara
2243 1378 2355 1432 vita
2406 1363 2735 1445 sanctorum,
2776 1393 3006 1449 quorum
3047 1395 3146 1434 nos
3177 1379 3339 1434 etiam
3371 1391 3518 1434 mors

1939 1468 2174 1538 pretiosa
2227 1468 2463 1526 laztificat
2491 1479 2546 1526 et
2583 1479 2783 1528 tuetur.
2836 1472 3173 1543 Quapropter
3216 1482 3517 1545 martyrum

1942 1570 2178 1628 tuorum,
2203 1561 2460 1628 Mauritii,
2487 1563 2762 1634 Exuperii,
2793 1561 3040 1629 Candidi,
3066 1565 3298 1620 Victoris
3320 1605 3334 1629 ,
3361 1563 3522 1618 Inno-

1943 1654 2104 1708 centii
2147 1663 2202 1708 et
2247 1654 2458 1726 Vitalis,
2509 1669 2574 1710 ac
2615 1657 2884 1712 sociorum
2930 1657 3241 1712 corumdem
3285 1655 3521 1728 gloriosa

1944 1754 2287 1801 recensentes
2312 1747 2579 1814 natalitia,
2610 1747 2796 1804 laudes
2817 1749 2912 1804 tibi
2947 1747 3263 1814 referimus,
3293 1744 3520 1818 supplici

253 1837 581 1893 obscuritate
607 1835 943 1898 detruditur,
970 1836 1061 1890 ubi
1086 1812 1252 1890 solius
1290 1835 1590 1890 divinitatis
1616 1843 1720 1890 tua:
1752 1833 1832 1888 lu-
1862 1812 1908 1874 Β
1937 1835 2278 1895 confessione
2308 1812 2593 1896 dicentes:
2619 1839 2867 1906 Sanctus,
2889 1839 3024 1915 etc.]

254 1929 394 1984 mine
424 1925 722 1983 frueretur.
755 1927 958 1982 Deinde
978 1928 1264 1998 capitalem
1294 1929 1619 1984 sententiam
1642 1928 1829 1992 subiit,

254 2029 306 2076 et
329 2020 393 2074 ad
424 2019 641 2074 inferna
672 2019 959 2074 Dominum
1001 2034 1376 2088 praecursurus
1418 2021 1718 2076 descendit.
1764 2019 1834 2074 Et

253 2127 408 2183 quem
434 2112 496 2167 in
526 2111 726 2166 mundo
746 2109 917 2182 digito
942 2110 1354 2177 demonstravit,
1379 2111 1446 2167 ad
1473 2109 1675 2168 inferos
1713 2124 1836 2183 pre-

257 2203 390 2258 tiosa
418 2213 604 2259 morte
630 2201 928 2271 praecessit.
954 2199 1024 2256 Et
1053 2201 1193 2257 ideo.

611 2333 664 2372 IN
693 2333 888 2372 NATALI
913 2331 961 2370 S.
995 2332 1161 2372 PRISCI
1190 2331 1457 2373 ιιΑιιτῑιιιε

321 2404 431 2480 (ϐ.)
469 2407 701 2464 Ᾱίιθιιηθ
721 2409 880 2463 Deus.
912 2407 1012 2476 Qui
1038 2409 1119 2463 sic
1148 2409 1340 2463 tribuis
1365 2409 1665 2464 Ecclesiam
1691 2417 1838 2463 tuam

256 2506 570 2554 sanctorum
595 2499 1110 2568 commemoratione
1133 2500 1421 2570 proficere,
1451 2509 1508 2554 ut
1532 2514 1654 2555 eam
1693 2515 1838 2555 sem-

257 2602 351 2658 per
377 2587 597 2644 illorum
637 2597 691 2644 et
734 2587 1026 2644 festivitate
1077 2588 1336 2654 laetifices,
1366 2597 1421 2644 et
1449 2589 1696 2660 exemplo
1738 2588 1842 2658 pia:

259 2680 691 2738 conversationis
709 2694 968 2737 exerceas
989 2720 1005 2746 ,
1032 2690 1296 2752 grataque
1331 2680 1426 2736 tibi
1449 2679 1843 2753 supplicatione

259 2773 484 2830 tuearis.
513 2771 616 2828 Per
644 2770 846 2829 Christ.

673 2901 726 2942 IN
751 2901 948 2941 NA'I'ALI
979 2899 1200 2942 SANCT£
1231 2901 1431 2942 ΙΑΒΙΒ.

331 2978 574 3051 Equum
599 2989 654 3035 et
683 2979 940 3036 salutare.
979 2979 1088 3036 Nos
1116 2981 1210 3037 tibi
1253 2983 1308 3037 in
1347 2982 1586 3037 omnium
1633 2991 1846 3039 sancto-

263 3085 380 3125 rum
407 3081 628 3126 tuorum
657 3082 915 3143 provectu
943 3074 1143 3144 gratias
1177 3089 1358 3146 agere,
1388 3076 1612 3130 Domine
1635 3085 1843 3142 sancte,

263 3159 426 3219 Pater
450 3164 814 3234 omnipotens,
845 3175 1048 3222 :eterne
1093 3167 1254 3222 Deus.
1317 3166 1384 3221 Et
1426 3168 1694 3238 praecipue
1749 3184 1847 3238 pro
1873 3192 1920 3257 ρ

263 3257 474 3312 meritis
501 3258 671 3313 beatae
691 3257 784 3314 Dei
810 3259 1084 3328 genitricis
1109 3267 1163 3314 et
1188 3268 1461 3330 perpetuae
1485 3260 1710 3333 virginis
1735 3261 1844 3315 Ma-

263 3347 359 3403 ria:
385 3349 583 3420 gratia,
615 3348 772 3420 plene
800 3360 946 3406 tuam
970 3351 1419 3423 omnipotentiam
1451 3351 1674 3409 laudare
1697 3394 1712 3420 ,
1745 3354 1840 3410 be-

264 3441 535 3509 nedicere,
556 3451 611 3497 et
633 3442 949 3512 praedicare.
980 3442 1084 3499 Per
1103 3457 1283 3515 quem.

581 3570 634 3610 IN
659 3571 853 3611 NATALI
887 3571 934 3609 S.
957 3570 1206 3612 GORGONII
1231 3572 1520 3614 IARTYRIS.

357 3667 450 3739 ϐ.)
486 3659 713 3724 Ᾱῐιετῐιθ
742 3668 903 3723 Deus.
962 3668 1146 3738 Teque
1195 3669 1246 3724 iu
1291 3679 1599 3724 sanctorum
1629 3679 1842 3726 tuorum

259 3759 696 3816 confessionibus
722 3761 962 3827 laudare,
997 3763 1049 3816 in
1089 3761 1243 3832 cujus
1289 3763 1413 3818 facti
1466 3753 1616 3819 sunt‘
1645 3765 1846 3820 virtute

259 3852 520 3909 victores.
550 3854 775 3923 Quando
800 3854 945 3909 enim
973 3855 1206 3910 humana
1241 3855 1502 3927 fragilitas
1528 3856 1610 3912 vel
1633 3857 1842 3927 passio-

259 3958 386 4000 nem
433 3947 809 4018 aequanimiter
837 3945 980 4002 ferre
1030 3947 1319 4014 sumceret,
1368 3949 1453 4003 vel
1487 3949 1660 4005 hostis
1699 3950 1844 4006 aerei

260 4037 534 4107 nequitias
571 4038 812 4105 vincere,
839 4037 942 4094 nisi
972 4048 1075 4094 tua:
1105 4038 1374 4095 firmitatis
1398 4038 1696 4095 subsidium
1743 4041 1846 4094 mi-

260 4128 550 4196 nistrares,
578 4139 633 4186 et
660 4146 799 4187 saeva
832 4129 1059 4187 furentis
1078 4131 1283 4188 inimici
1309 4147 1463 4187 arma
1502 4142 1839 4189 contereres.

261 4218 369 4277 Per
395 4221 688 4280 Christum.

523 4351 576 4390 IN
605 4351 800 4392 NA'I'ALI
830 4351 909 4392 SS.
937 4351 1183 4394 CORNELII
1212 4353 1283 4392 ET
1311 4351 1575 4392 CYPBIANI.

330 4446 562 4506 Eterne
582 4450 744 4506 Deus.
770 4451 1048 4522 Tuamque
1070 4451 1124 4506 in
1144 4461 1454 4528 sanctorum
1477 4459 1691 4506 tuorum
1713 4450 1846 4506 Cor-

260 4543 390 4598 nelii
440 4544 600 4600 simul
652 4553 707 4600 et
735 4545 991 4616 Cypriani
1019 4557 1044 4587 α
1072 4546 1371 4616 praadicare
1405 4546 1682 4613 virtutem,
1707 4562 1844 4618 quos
1872 4543 1928 4607 D

261 4634 494 4694 diversis
515 4646 781 4694 terrarum
807 4638 1052 4708 partibus
1077 4631 1268 4710 greges
1302 4653 1460 4694 sacro
1497 4638 1679 4693 divino
1707 4653 1844 4707 pane

259 4735 564 4792 pascentes,
592 4741 698 4782 una
722 4725 846 4793 fide,
873 4726 1062 4783 eadem
1088 4727 1197 4793 die,
1219 4727 1338 4798 pari
1364 4729 1598 4785 nominis
1618 4728 1694 4784 tui
1717 4744 1845 4784 con-

258 4810 495 4874 fessione
517 4818 810 4875 coronasti.
835 4817 940 4876 Per
966 4817 1264 4875 Christum.

497 4947 552 4986 IN
574 4946 773 4988 NA'I‘ALI
800 4946 1019 4988 SANCTE
1041 4948 1326 4990 EUPIIBIIB
1353 4949 1607 4992 VIIIGINIS.

335 5041 426 5119 (ϐ)
455 5044 684 5104 Eterne
706 5047 870 5103 Deus.
902 5047 970 5104 Et
995 5047 1050 5104 in
1075 5049 1180 5105 hac
1202 5048 1544 5106 solemnitate
1586 5049 1684 5106 tibi
1731 5051 1841 5106 lau-

262 5133 345 5191 dis
373 5137 580 5194 hostias
617 5137 933 5209 immolare,
964 5153 1069 5210 qua
1117 5140 1290 5196 beatae
1337 5141 1648 5211 Euphemiae
1702 5157 1845 5198 mar-

261 5229 396 5296 tyris
445 5237 550 5285 tua:
587 5229 895 5300 passionem
931 5231 1239 5288 venerando
1291 5231 1617 5300 recolimus,
1662 5241 1718 5289 et
1765 5233 1840 5290 tui

258 5320 495 5465 agminis
516 5321 742 5389 gloriam
763 5321 963 5378 debitis
984 5323 1272 5394 prazwniis
1289 5324 1719 5396 magniﬁcamus.
1738 5325 1843 5381 Per

345 5413 444 5465 rist

345 5413 444 5468 rist

324 5539 379 5581 IN
408 5543 602 5585 NATALI
633 5543 678 5585 8.
712 5545 970 5587 IAT'I'IIEI
996 5545 1252 5587 APOSTOLI
1281 5547 1352 5588 ET
1378 5547 1776 5590 EVANGELISTE.

331 5616 696 5690 (A.):Eterne
741 5621 904 5679 Deus.
935 5623 1037 5690 Qui
1087 5621 1384 5680 Ecclesiam
1430 5632 1576 5680 tuam
1632 5627 1682 5680 iu
1739 5627 1842 5682 tuis

265 5785 274 5792 '
333 5782 360 5812 ι
393 5769 549 5828 Deest
573 5773 898 5830 solemnitate
928 5785 1020 5830 aut
1043 5775 1218 5832 simile
1241 5776 1389 5832 auid.

2238 1964 2288 2004 IN
2317 1964 2513 2005 ΝΑτΑιι
2545 1965 2618 2006 88.
2665 1965 2848 2006 (ΞΟΒΙΕ
2882 1966 2950 2005 ΕΤ
2979 1964 3225 2004 DAIIANI.

2007 2039 2230 2095 Eterne
2276 2042 2432 2098 Deus.
2494 2041 2561 2096 Et
2613 2041 2953 2098 clementiam
3013 2051 3162 2096 tuam
3212 2038 3526 2112 suppliciter

1936 2132 2248 2197 obsecrare,
2294 2142 2351 2186 ut
2395 2147 2518 2188 cum
2577 2131 2976 2188 exsultantibus
3025 2129 3230 2187 sanctis
3281 2128 3526 2187 caelestis

1941 2223 2091 2292 regni
2141 2221 2408 2278 cubilibus
2449 2221 2644 2293 gaudia
2691 2230 2875 2277 nostra
2925 2219 3236 2290 subjungas.
3280 2221 3348 2275 Et
3388 2233 3526 2291 quos

1945 2311 2160 2367 virtutis
2187 2312 2488 2368 imitatione
2517 2327 2624 2368 non
2657 2327 2942 2384 possumus
2971 2313 3158 2383 sequi,
3191 2311 3383 2368 debitae
3427 2324 3522 2366 ve-

1940 2403 2241 2458 nerationis
2265 2403 2643 2476 contingamus
2662 2403 2936 2461 effectum.
2972 2403 3078 2459 Per
3105 2402 3306 2459 Christ.

2194 2513 2270 2588 [IN
2296 2528 2546 2570 semen.
2576 2529 2621 2569 ε.
2651 2528 2932 2570 κιοιιλειιε
2961 2526 3309 2568 Ακοωκςευ.

2016 2602 2243 2660 Eterne
2265 2605 2426 2660 Deus.
2452 2605 2636 2660 Sancti
2662 2604 2937 2660 Michaelis
2975 2601 3283 2674 archangeli
3332 2600 3525 2658 merita

1944 2696 2318 2767 praidicantes.
2343 2694 2599 2764 Quamvis
2627 2697 2771 2752 enim
2803 2697 2958 2752 nobis
2979 2697 3050 2752 sit
3077 2697 3254 2752 omnis
3282 2695 3525 2768 angelica

1945 2789 2254 2845 veneranda
2281 2788 2611 2854 sublimitas,
2639 2805 2759 2860 qua:
2804 2790 2858 2844 in
2905 2787 3204 2858 maiestatis
3250 2796 3353 2844 tua:
3397 2803 3528 2844 cou-

1945 2882 2089 2938 sistit
2115 2889 2430 2953 couspectu,
2461 2881 2550 2936 illa
2580 2889 2760 2937 tamen
2795 2891 2880 2938 est
2907 2881 3228 2953 propensius
3259 2882 3529 2938 honoran-

1947 2976 2038 3040 da,
2065 2989 2186 3045 quae
2227 2974 2282 3029 in
2329 2974 2446 3046 ejus
2487 2973 2694 3030 ordinis
2747 2973 3006 3046 dignitate
3044 2973 3284 3031 cmiestis
3319 2973 3528 3029 militiai

1949 3065 2148 3121 meruit
2174 3065 2556 3138 principatum.
2592 3065 2695 3122 Per
2732 3065 2960 3138 Christ.]

2387 3195 2439 3235 IN
2474 3196 2669 3236 NA‘I‘ALI
2703 3196 2748 3236 S.
2784 3195 3096 3237 BIEBONYII.

2017 3268 2245 3327 Eterne
2280 3279 2446 3328 Deus.
2478 3271 2547 3327 Et
2593 3273 2646 3328 in
2699 3274 2802 3329 hac
2837 3273 2924 3329 die
2963 3273 3328 3345 potissimum,
3363 3289 3527 3344 quam

1949 3363 2242 3422 festivitate
2266 3363 2416 3421 hem
2464 3363 2780 3437 Hieronymi
2824 3366 3118 3430 decorasti,
3163 3366 3237 3422 tui
3287 3369 3527 3422 muneris

1946 3453 2208 3511 beneficia
2247 3469 2559 3525 personare.
2603 3455 2777 3523 Quem
2825 3457 2897 3510 ita
2933 3456 3149 3512 voluisti
3187 3454 3403 3512 fluentis
3444 3472 3530 3511 sa.

1947 3552 2085 3608 tiare
2105 3552 2271 3609 totius
2293 3552 2551 3615 scientiae,
2574 3561 2634 3606 ut
2659 3567 2878 3607 suorum
2899 3552 3182 3624 splendore
3221 3552 3490 3608 dictorum
3509 3593 3523 3614 ,

1948 3642 2240 3698 multarum
2283 3651 2578 3702 suscrtator
2616 3641 2769 3697 ﬁeret
2807 3643 3131 3698 animarum.
3170 3641 3322 3698 Unde
3355 3649 3525 3702 tuam.

1951 3734 2195 3804 piissime
2219 3733 2380 3797 Deus,
2399 3732 2666 3803 supplices
2699 3747 3005 3803 quzesumus
3025 3734 3302 3802 pietatem,
3325 3740 3384 3785 ut
3410 3731 3528 3801 ejus

1953 3838 2052 3878 nos
2077 3833 2131 3877 ct
2154 3822 2415 3879 doctrinis
2443 3823 2675 3893 repleas,
2702 3823 2910 3878 meritis
2936 3822 3170 3888 munias,
3191 3831 3249 3878 et
3266 3822 3527 3892 exemplis

1948 3931 2180 3971 exornes
2218 3934 2230 3970 :
2279 3924 2547 3985 quatenus
2594 3916 2740 3971 omni
2781 3915 3026 3971 excitate
3072 3915 3391 3986 ignorantia:
3429 3915 3526 3969 tle--

1948 4006 2125 4078 pulsa,
2157 4017 2210 4062 et
2238 4005 2327 4061 hic
2351 4006 2468 4077 ejus
2493 4005 2744 4076 precibus
2769 4004 2909 4070 fulti,
2953 4014 3041 4062 tua
3079 4019 3386 4061 mereamur
3424 4006 3528 4060 im-

1949 4098 2098 4170 plere
2123 4105 2412 4168 przecepta,
2437 4106 2493 4152 et
2514 4096 2701 4169 gaudia
2730 4097 3071 4168 postmodum
3100 4112 3296 4168 capere
3323 4096 3526 4168 sempi-

1951 4197 2124 4244 terna.
2161 4186 2263 4243 Per
2282 4187 2576 4243 Christum.

2004 4298 2080 4371 [IN
2119 4314 2315 4355 mnu
2349 4313 2424 4354 ss.
2467 4313 2694 4354 DIONYSII
2719 4340 2734 4366 ,
2771 4315 2982 4356 RUSTICI
3018 4315 3089 4355 ετ
3127 4312 3477 4354 scaurum".

2022 4392 2245 4448 Eterne
2283 4392 2442 4448 Deus.
2485 4392 2585 4460 Qui
2625 4401 2934 4448 sanctorum
2976 4403 3275 4466 martyrum
3307 4401 3524 4446 tuorum

1951 4491 2039 4562 pia
2065 4492 2356 4548 certamina
2399 4493 2466 4547 ad
2504 4491 2775 4562 copiosam
2816 4491 3066 4560 perducis
3092 4489 3374 4546 victoriam
3397 4527 3414 4553 ,
3445 4498 3528 4542 at-

1953 4599 2057 4654 que
2089 4593 2405 4654 perpetuum
2438 4583 2518 4638 eis
2553 4583 2770 4652 largiris
2793 4576 3155 4652 triumphum,
3183 4588 3244 4634 ut
3273 4578 3528 4635 Ecclesiae

1953 4685 2058 4732 tuac
2088 4689 2302 4746 semper
2328 4675 2438 4730 sint
2477 4675 2532 4730 in
2553 4673 2856 4744 exemplum
2888 4692 2901 4727 :
2935 4671 3136 4728 Praesta
3167 4671 3355 4738 nobis,
3379 4687 3528 4742 quac-

1949 4781 2138 4821 sumus
2163 4805 2178 4830 ,
2209 4773 2270 4819 ut
2287 4779 2384 4836 per
2408 4779 2595 4820 eorum
2641 4763 3081 4820 intercessionem
3119 4778 3348 4833 quorum
3393 4765 3526 4818 festa

1953 4856 2291 4912 celebramus
2318 4897 2334 4924 ,
2380 4857 2598 4930 pietatis
2653 4866 2758 4912 tua:
2805 4870 3030 4912 munera
3088 4856 3383 4929 capiamus.
3425 4855 3528 4912 Per

1952 4947 2272 5022 Christum]

2443 5079 2499 5118 IN
2537 5077 2728 5118 NATALI
2767 5076 2814 5117 8.
2856 5073 3027 5118 ιυσιε.

2020 5155 2132 5228 (Α.)
2171 5153 2400 5213 Eterue
2446 5156 2609 5211 Deus.
2657 5155 2723 5210 Et
2768 5165 2818 5211 te
2845 5155 2898 5210 in
2939 5161 3250 5211 sanctorum
3309 5163 3522 5209 tuorum

1947 5247 2187 5312 meritis,
2213 5256 2343 5314 etc.,
2375 5257 2429 5302 ut
2453 5265 2612 5318 supra
2643 5247 2778 5302 inter
2798 5247 3038 5303 Ambros.

2102 5377 2156 5418 IN
2196 5376 2395 5418 VIGILIA
2431 5376 2812 5416 Αροετοιοιιωι
2850 5374 3059 5417 SIIONIS
3094 5376 3167 5417 Ετ
3198 5375 3363 5416 ιυῢΕ.

2022 5449 2248 5508 Eterne
2281 5452 2441 5506 Deus.
2484 5449 2618 5518 Quia
2670 5458 2725 5506 tu
2771 5465 2831 5506 es
2876 5449 3138 5507 mirabilis
3173 5450 3230 5506 in
3274 5449 3527 5506 omnibus

1950 5543 2150 5598 sanctis
2181 5544 2286 5598 tuis
2307 5584 2320 5607 ,
2349 5558 2486 5613 quos
2512 5552 2567 5597 et
2613 5543 2846 5598 nominis
2889 5543 2965 5598 tui
3000 5540 3340 5600 confessione
3384 5557 3528 5613 pne-

1948 5635 2146 5698 claros,
2173 5644 2226 5688 et
2253 5643 2500 5706 suscepta
2529 5649 2628 5705 pro
2658 5641 2710 5690 te
2736 5634 2987 5706 passione
3026 5632 3203 5692 fecisti
3229 5631 3517 5704 gloriosos.
