3954 6342
425 256 530 310 915

427 369 581 425 Unde
607 369 747 424 sicut
787 369 859 422 illi
887 365 1180 449 jejunando
1208 365 1591 436 operandoque
1617 371 1962 449 certaverunt
1987 402 2003 427 ,
2031 365 2083 424 Α

426 472 485 518 ut
522 464 663 516 hanc
693 470 916 532 possent
943 460 1188 515 obtinere
1216 458 1496 514 victoriam
1530 472 1544 511 :
1575 458 1649 512 ita
1682 473 1782 512 nos
1815 469 2005 512 eorum

422 551 689 622 exemplis
715 551 1071 606 informemur
1095 591 1108 614 ,
1146 558 1203 604 ut
1243 551 1312 604 ad
1357 548 1680 606 celebranda
1718 545 2006 617 praesentia

396 689 399 692 .
424 644 562 700 festa
593 643 770 698 idonei
799 642 1141 697 inveniamur
1162 683 1176 707 ,
1210 650 1267 706 et
1307 641 1373 695 ad
1397 647 1598 694 {eterna
1623 637 1966 709 percipienda
1988 674 2005 701 ,

421 751 611 793 eorum
650 735 951 789 interventu
973 775 987 799 ,
1037 735 1183 805 digni
1216 733 1538 801 judicemur.
1571 731 1677 787 Per
1705 730 2002 787 Christum.

572 863 626 902 IN
663 863 751 902 DIE
783 863 860 902 SS.
901 863 1286 904 APOSTOLOBUM
1324 860 1535 902 SIMONIS
1571 863 1641 902 ET
1678 860 1846 902 JUDE.

491 961 604 1032 (A.)
632 961 858 1017 Eterne
882 962 1044 1017 Deus.
1078 962 1152 1016 Te
1179 961 1230 1016 in
1259 972 1468 1016 tuorum
1493 958 1860 1030 apostolorum
1891 957 2005 1029 glo~

420 1049 693 1106 riﬁcantes
719 1051 940 1114 honore,
969 1059 1098 1117 etc.,
1125 1061 1180 1104 ut
1211 1067 1369 1121 supra
1397 1050 1532 1103 inter
1551 1049 1791 1103 Ambros.

717 1162 761 1234 [δ
806 1179 859 1217 IN
898 1178 1099 1218 VIGILIA
1138 1178 1340 1218 oumou
1377 1176 1716 1218 sweronuu.

491 1252 714 1309 Eterne
745 1255 903 1308 Dens.
944 1253 1281 1308 Reverentia:
1309 1261 1414 1307 tum
1447 1254 1626 1307 dicato
1656 1251 1862 1322 jejunio
1889 1267 2009 1323 gra-

416 1342 842 1413 tulanteszquia
900 1345 1204 1398 veneranda
1257 1344 1497 1398 omnium
1556 1353 1867 1398 sanctorum
1923 1357 2011 1398 so-

414 1433 613 1488 lemnia
663 1435 982 1490 desideratis
1010 1435 1369 1504 prtevenimus
1398 1432 1608 1498 ofﬁciis,
1636 1442 1694 1487 ut
1723 1435 1790 1488 ad
1816 1435 2005 1488 eadem

415 1526 736 1582 celebranda
764 1526 1077 1582 solemniter
1095 1541 1479 1597 praeparemur.
1504 1525 1609 1580 Per
1631 1524 1928 1581 Christum.

811 1655 866 1694 IN
902 1655 989 1695 DIE
1028 1655 1236 1696 οιιΝιωι
1274 1654 1612 1695 SANC'I'ORUII.

486 1747 711 1804 Eterne
743 1749 905 1805 Deus.
936 1748 1290 1805 Clementiam
1323 1759 1468 1804 tuam
1496 1749 1817 1818 suppliciter
1841 1750 1997 1804 obse-
2031 1729 2076 1790 Β

415 1851 652 1908 orantes,
680 1851 740 1896 ut
760 1857 881 1898 cum
909 1843 1304 1899 exsultantibus
1326 1844 1530 1898 sanctis
1560 1843 1662 1899 tuis
1687 1844 1740 1897 in
1766 1843 2002 1898 cmlestis

416 1938 569 2008 regni
619 1937 886 1993 cubilibus
935 1938 1126 2006 gaudia
1173 1946 1355 1992 nostra
1401 1936 1695 2008 coniungas
1730 1954 1744 1991 :
1776 1945 1831 1991 et
1867 1951 2004 2006 quos

415 2030 980 2085 virtutisimitatione
1007 2046 1112 2085 non
1153 2046 1439 2101 possumus
1473 2031 1662 2098 sequi,
1693 2030 1887 2085 debitae
1913 2044 2004 2086 ve-

415 2123 714 2178 nerationis
747 2124 1125 2195 contingamus
1150 2123 1366 2180 eﬁ‘ectu.
1393 2123 1498 2178 Per
1527 2121 1854 2196 Christum.]

700 2255 753 2295 IN
790 2254 986 2294 NATALI
1025 2254 1274 2304 QUA'I'UOR
1308 2254 1721 2296 CORONATOBUI.

488 2350 598 2422 (ϐ.)
635 2350 864 2407 Aiterne
891 2352 1051 2408 Deus.
1075 2353 1425 2409 Celebrantes
1455 2361 1764 2408 sanctorum
1800 2349 2020 2406 natalia.

414 2443 834 2508 Coronatorum,
858 2445 983 2514 quia
1010 2445 1136 2500 dum
1168 2445 1245 2500 tui
1269 2432 1506 2499 nominis
1533 2458 1630 2512 per
1653 2457 1746 2498 eos
1771 2442 2000 2514 gloriam

416 2535 822 2606 frequentamus
843 2578 858 2603 ,
889 2537 941 2592 in
974 2546 1172 2594 nostra:
1199 2536 1324 2593 ﬁdei
1370 2545 1660 2609 augmento
1697 2534 1998 2592 succresci-

371 2649 396 2667 -ε
416 2645 554 2686 mus.
584 2629 688 2686 Per
721 2630 1019 2686 Christum.

873 2738 925 2778 IN
964 2739 1160 2779 NATALI
1197 2737 1246 2778 Β.
1284 2736 1534 2779 IAB'HNI.

489 2835 716 2892 Aﬁterne
741 2837 903 2892 Deus.
933 2834 1101 2906 Cujus
1127 2849 1352 2891 munere
1386 2833 1448 2888 Β.
1496 2832 1761 2888 Martinus
1789 2829 2002 2886 confes-

413 2946 507 2986 sor
553 2931 756 3001 pariter
797 2940 853 2986 et
877 2931 1161 2995 sacerdos,
1190 2937 1246 2986 et
1270 2931 1534 2986 honorum
1564 2943 1788 2999 operum
1828 2927 2002 2981 incre-

417 3026 615 3080 mentis
650 3025 929 3090 excrevit,
959 3032 1013 3080 et
1041 3024 1209 3080 variis
1249 3025 1508 3078 virtutum
1555 3023 1710 3078 donis
1736 3023 2002 3077 exubera—

417 3119 515 3182 vit,
539 3125 593 3170 et
615 3117 922 3171 coruscavit
950 3115 1248 3172 miraculis.
1275 3114 1379 3182 Qui
1401 3114 1544 3184 quod
1565 3114 1744 3169 verbis
1761 3113 2000 3180 edocuit,
2028 3095 2074 3158 C

418 3223 642 3279 operum
680 3209 1013 3264 exhibitione
1042 3206 1370 3276 complevit,
1399 3213 1456 3261 et
1480 3205 1803 3260 documento
1841 3203 2003 3259 simul

417 3310 473 3356 et
500 3301 747 3371 exemplo
773 3300 1003 3355 subditis
1028 3299 1096 3354 ad
1123 3297 1364 3354 caelestia
1390 3311 1555 3366 regna
1585 3297 1836 3352 ducatum
1864 3309 2004 3367 prae-

406 3395 554 3450 buit.
601 3392 754 3451 Unde
785 3401 931 3448 tuam
981 3392 1324 3448 clementiam
1354 3390 1588 3462 petimus
1608 3430 1624 3455 ,
1656 3397 1717 3443 ut
1749 3387 1865 3458 ejus
1911 3387 2004 3457 qui

421 3486 514 3541 tibi
544 3484 763 3555 placuit,
791 3483 1055 3553 exemplis
1081 3483 1148 3537 ad
1178 3483 1315 3538 bene
1335 3479 1603 3552 agendum
1627 3478 2003 3562 informemur,

420 3577 632 3634 meritis
654 3576 984 3642 muniamur,
1009 3575 1492 3631 intercessionibus
1517 3569 1851 3640 adjuvemur,
1878 3585 2010 3640 qua-

417 3668 543 3725 liter
571 3668 640 3723 ad
665 3668 886 3724 cceleste
912 3681 1135 3736 regnum
1156 3707 1171 3733 ,
1194 3667 1286 3721 illo
1317 3665 1733 3729 interveniente,
1757 3670 1809 3719 te
1832 3664 2010 3734 opitu-

418 3761 564 3817 lante
583 3801 596 3828 ,
624 3761 908 3832 pervenire
937 3747 1263 3816 mereamur.
1289 3757 1394 3813 Per
1418 3755 1717 3812 Christum.

788 3888 843 3928 IN
882 3887 1078 3928 NA‘I'ALI
1114 3884 1330 3927 BANC'I‘E
1370 3883 1637 3925 CECILIE.

493 3989 719 4045 Eterne
749 3989 912 4045 Deus.
935 3988 1036 4058 Qui
1066 3989 1119 4043 in
1150 3986 1463 4042 inﬁrmitate
1484 3986 1742 4041 virtutem
1769 3982 2008 4055 perﬁcis,

422 4091 479 4141 et
496 4082 718 4137 humani
746 4082 959 4151 generis
982 4080 1257 4134 inimicum
1286 4095 1392 4134 non
1414 4077 1588 4134 solum
1627 4093 1727 4149 per
1748 4078 1893 4132 viros
1916 4076 2010 4132 sed

423 4177 584 4234 etiam
619 4190 714 4245 per
756 4173 986 4228 feminas
1010 4172 1199 4227 vincis.
1229 4171 1393 4243 Cujus
1420 4186 1646 4226 munere
1665 4171 1823 4226 beata
1844 4168 2012 4224 Caeci-

422 4271 494 4326 lia
523 4277 578 4324 et
604 4268 659 4324 in
694 4266 1026 4339 virginitatis
1047 4263 1348 4337 proposito,
1369 4273 1423 4320 et
1446 4264 1498 4319 in
1524 4262 1862 4320 confessione
1887 4261 2010 4318 ﬁdei

421 4362 730 4426 roboratur,
762 4367 823 4414 ut
844 4374 946 4414 nec
971 4358 1146 4412 artatis
1175 4355 1384 4411 lubrico
1411 4357 1479 4411 ab
1509 4355 1806 4410 intentione
1839 4361 2011 4408 mute-

422 4462 531 4522 tur,
564 4468 665 4510 nec
705 4451 1086 4508 blandimentis
1127 4448 1434 4505 carnalibus
1481 4447 1872 4514 demulceatnr,
1906 4462 2005 4503 nec

422 4562 586 4602 sexus
615 4543 906 4617 fragilitate
933 4543 1294 4608 deterreatur,
1333 4556 1431 4596 nec
1457 4548 1851 4595 tormentorum
1879 4540 2001 4594 vin-

423 4646 579 4694 catur
615 4635 953 4692 immanitate
978 4675 992 4699 ,
1028 4633 1119 4689 sed
1144 4633 1412 4689 servando
1437 4629 1683 4700 corporis
1711 4643 1776 4683 ac
1809 4629 2005 4685 mentis

422 4728 792 4800 integritatem
840 4741 962 4783 cum
1013 4725 1336 4796 virginitatis
1392 4730 1448 4778 et
1499 4721 1746 4793 martyrii
1795 4721 2004 4791 palma,

423 4835 678 4883 aeternam
703 4820 900 4876 meruit
914 4818 1136 4887 adipisci
1153 4813 1562 4870 beatitudinem.
1582 4813 1688 4868 Per
1702 4812 2002 4869 Christum.

851 4953 903 4993 IN
941 4950 1136 4990 NA'I‘ALI
1179 4947 1228 4988 8.
1267 4945 1582 4987 CLEIENTIS.

495 5048 722 5105 IEterne
751 5047 914 5101 Deus.
964 5044 1033 5098 Et
1075 5044 1126 5098 in
1169 5043 1270 5098 hac
1314 5041 1600 5114 gloriosius
1636 5041 1723 5098 die
1749 5056 1913 5111 quam
1943 5039 2004 5096 Β.

423 5139 712 5200 Clementis
754 5137 933 5209 passio
963 5135 1339 5199 consecravit,
1372 5143 1427 5188 et
1453 5133 1609 5188 nobis
1636 5132 2007 5188 venerabilem

424 5233 670 5290 exhibuit
697 5222 834 5301 z'qui
881 5225 1170 5300 apostolica
1195 5225 1576 5297 praedicatione
1609 5224 1852 5280 imbutus
1871 5265 1884 5291 ,
1912 5224 2008 5280 do-

424 5315 615 5384 ctrinis
662 5323 975 5380 coelestibus
1010 5320 1268 5375 educatus
1295 5359 1309 5384 ,
1339 5316 1707 5372 successionis
1739 5315 2003 5385 dignitate

425 5422 750 5492 conspicuus
792 5459 805 5482 ,
856 5427 911 5472 et
963 5425 1167 5486 martyr
1205 5413 1432 5486 insignis
1458 5455 1472 5478 ,
1519 5421 1573 5468 et
1613 5409 1870 5467 sacerdos
1923 5424 2012 5465 re-

428 5516 577 5570 fulsit
615 5514 878 5584 egregius.

500 5683 524 5710 α
566 5669 853 5726 hecentior
897 5677 978 5723 est
1021 5668 1180 5722 etiam
1214 5667 1329 5721 haec
1356 5674 1412 5720 et
1453 5678 1690 5735 sequens
1723 5658 2006 5737 praefatio,

427 5750 485 5807 et
507 5749 768 5822 quotquot
798 5741 952 5798 uncis
983 5739 1200 5796 inclusa:
1229 5745 1372 5793 sunt.

1479 249 1806 305 GHIMALDI
1843 247 2359 303 SANGALLENSlb
2396 247 2683 301 ΛΒΒΑΤιδ

3581 241 3725 302 ’986

2327 403 2330 408 .
2366 378 2418 416 IN
2457 377 2652 417 mrsu
2689 375 2736 414 s.
2780 361 3108 416 cunvsoeoin
3147 376 3443 419 ιΑιιτγιιιε.

2183 451 2293 525 (6.)
2333 454 2558 509 Ᾱῖιρτιιθ
2599 454 2760 508 Deus.
2813 453 2914 520 Qui
2967 470 3067 509 nos
3112 456 3346 511 assiduis
3395 466 3718 528 martyrum

2109 546 2451 616 passionibus
2480 546 2781 602 consolaris
2799 587 2814 611 ,
2851 553 2906 601 et
2933 560 3121 602 eorum
3149 549 3471 619 sanguinem
3499 551 3713 604 trium-

2107 637 2354 707 phalem,
2385 654 2545 709 quem
2584 653 2682 708 pro
2714 637 3052 694 confessione
3079 641 3316 696 nominis
3347 642 3426 696 tui
3467 641 3718 697 inﬁdeli-

2107 730 2210 785 bus
2232 731 2512 801 przebuere
2534 728 2888 795 fundendum,
2922 731 2987 786 ad
3026 738 3242 787 tuorum
3274 731 3411 788 facis
3438 733 3716 790 auxilium

2111 824 2343 879 transire
2371 823 2628 879 ﬁdelium.

2436 955 2488 993 IN
2526 954 2721 994 NATALI
2761 952 2978 996 SANC'I‘E
3017 955 3359 997 CATIIABINE.

2180 1026 2333 1100 (Με.)
2378 1029 2406 1069 b
2449 1028 2552 1084 Per
2604 1029 2882 1085 Christum
2931 1030 3217 1086 Dominum
3267 1040 3545 1086 nostrum.
3603 1029 3714 1086 Per

2114 1133 2269 1188 quem
2315 1121 2700 1192 triumphatrix
2751 1122 3086 1178 nobilissima
3135 1131 3191 1178 et
3223 1125 3447 1194 egregia
3494 1135 3714 1195 martyr

2115 1210 2260 1280 virgo
2286 1211 2600 1276 Catharina,
2633 1214 3022 1284 prophetarum
3047 1225 3104 1270 et
3135 1216 3508 1286 apostolorum
3544 1228 3710 1288 atque

2110 1303 2552 1374 philosophorum
2581 1305 2843 1360 doctrinis
2865 1307 3092 1373 imbuta,
3113 1309 3478 1379 omnibusque
3507 1310 3708 1379 linguis

2109 1395 2434 1452 charismate
2491 1398 2665 1453 sancti
2716 1397 2952 1469 Spiritus
3003 1400 3214 1454 erudita
3244 1441 3258 1466 ,
3309 1402 3706 1471 imperatorem

2110 1502 2242 1541 cum
2278 1488 2605 1555 rhetoribus,
2639 1491 2900 1544 mundum
2931 1505 3051 1545 cum
3077 1492 3224 1547 vitiis
3251 1493 3511 1548 omnibus
3541 1495 3704 1548 mira-

2109 1577 2201 1632 hili
2253 1579 2513 1650 sapientia
2565 1580 2877 1650 superavit;
2937 1582 3340 1652 imperat-licem
3402 1584 3703 1655 Augustam

2109 1684 2231 1725 cum
2285 1669 2524 1740 praal'atis
2567 1672 2907 1741 rhetoribus,
2957 1671 3320 1747 Porphyrium
3363 1692 3493 1731 cum
3543 1679 3704 1733 sociis

2105 1763 2379 1831 omnibus,
2414 1766 2529 1821 suis
2555 1766 2817 1836 exemplis
2841 1776 2899 1821 et
2941 1767 3209 1823 doctrinis
3234 1771 3550 1839 magnificis
3578 1785 3696 1825 con-

2106 1855 2269 1909 vertit
2303 1856 2370 1911 ad
2418 1856 2695 1912 Christum
2721 1898 2736 1923 ,
2775 1873 3110 1928 omnesque,
3159 1868 3385 1929 accepta
3430 1860 3538 1914 ﬁde
3583 1876 3701 1915 cum

2106 1947 2276 2018 signo,
2311 1947 2516 2002 Christi
2550 1950 2815 2021 martyrio
2835 1958 3126 2005 coronatos
3149 1951 3412 2020 praemisit
3445 1951 3515 2006 ad
3538 1967 3700 2023 regna

2105 2039 2370 2110 polorum.
2406 2039 2532 2095 Haec
2562 2041 2664 2097 fuit
2688 2041 2776 2096 illa
2808 2042 3072 2112 sapientia
3103 2041 3394 2107 illustrata,
3419 2057 3548 2112 qua:
3579 2043 3702 2098 vicit

2106 2135 2366 2190 malitiam
2393 2152 2406 2201 ;
2444 2136 2662 2209 attingit
2691 2153 2718 2191 a
2753 2138 2858 2193 ﬁne
2889 2151 3059 2208 usque
3089 2139 3155 2193 ad
3186 2137 3348 2194 ﬁnem
3378 2139 3624 2204 fortiter,
3651 2150 3702 2195 et

2105 2228 2341 2298 disponit
2375 2230 2555 2284 omnia
2585 2230 2842 2286 suaviter.
2883 2230 3010 2287 Haec
3046 2241 3131 2286 est
3165 2231 3253 2286 illa
3280 2233 3698 2303 gloriosissima,

2104 2334 2224 2389 quae
2251 2334 2373 2372 eum
2399 2319 2645 2376 centenis
2667 2320 2933 2377 fructibus
2953 2321 3188 2392 seipsam
3219 2322 3464 2388 libando,
3482 2338 3699 2394 magno-

2105 2423 2209 2477 que
2227 2418 2522 2479 purpurata
2548 2411 2815 2481 martyrio
2848 2411 3259 2480 reprazsentavit
3290 2410 3426 2466 Iesu
3457 2411 3696 2467 Christo.

2103 2501 2336 2572 Ideoque
2365 2501 2566 2558 famine
2579 2501 2783 2558 Christi
2813 2511 2868 2557 et
2893 2503 3204 2574 angelorum
3234 2504 3551 2559 visitatione
3574 2520 3698 2560 con-

2104 2593 2318 2648 ﬁrmata
2340 2634 2354 2658 ,
2391 2593 2573 2650 clavos
2597 2635 2612 2660 ,
2645 2602 2701 2649 et
2728 2602 2874 2650 rotas
2913 2595 3260 2651 acutissimas
3285 2637 3299 2660 ,
3336 2598 3557 2668 tyranni
3589 2596 3693 2665 gla-

2107 2683 2252 2736 dium
2313 2691 2478 2752 atque
2545 2685 2725 2739 minas
2771 2684 3006 2740 mirabili
3055 2687 3359 2740 constantia
3397 2688 3695 2757 superarit.

2105 2773 2231 2830 Haec
2275 2776 2436 2831 etiam
2480 2776 2743 2832 decollata
2777 2793 2877 2847 pro
2917 2775 3120 2834 Christi
3170 2779 3388 2833 nomine
3430 2779 3514 2834 lac
3562 2778 3695 2833 fudit

2103 2883 2202 2939 pro
2245 2869 2508 2942 sanguine
2531 2910 2545 2934 ,
2578 2878 2636 2924 ut
2672 2885 2768 2925 sua
2803 2871 3050 2925 doctrina
3091 2879 3144 2926 et
3187 2871 3373 2942 passio
3396 2872 3555 2926 nobis
3582 2887 3699 2927 eam

2104 2977 2237 3030 pura
2268 2971 2449 3016 mente
2474 2961 2878 3028 venerantibus,
2913 2969 3059 3018 esset
3084 2971 3244 3032 potus
3273 2963 3599 3034 spiritualis,
3639 2977 3698 3018 ac

2105 3049 2259 3106 cibus
2283 3090 2299 3117 ,
2327 3059 2489 3121 atque
2510 3059 2858 3122 peccatorum
2887 3053 3156 3108 remissio.

2567 3176 2620 3215 IN
2657 3174 2860 3216 VIGILIA
2899 3175 2946 3215 S.
2988 3177 3236 3218 ANDRBB.

2179 3251 2403 3308 Eterne
2428 3251 2591 3307 Deus.
2616 3252 2683 3307 Et
2703 3253 3041 3324 majestatem
3070 3262 3216 3308 tuam
3254 3253 3574 3326 suppliciter
3608 3271 3695 3310 ex-

2108 3359 2288 3408 orare,
2322 3353 2382 3398 ut
2409 3344 2500 3414 qui
2526 3343 2587 3397 B.
2614 3343 2843 3398 Andreae
2860 3344 3090 3414 apostoli
3129 3345 3331 3400 festum
3367 3345 3694 3402 solemnibus

2103 3434 2325 3506 jejuniis
2354 3445 2410 3491 et
2454 3436 2662 3492 devotis
2699 3437 3060 3506 praeveniilnus
3107 3436 3336 3502 oﬁiciis,
3382 3437 3528 3494 illius
3557 3437 3693 3508 apud

2111 3524 2446 3594 majestatem
2476 3535 2623 3581 tuam
2648 3536 2702 3582 et
2743 3525 3062 3596 adjuvemur
3090 3528 3302 3584 meritis
3328 3569 3344 3596 ,
3379 3538 3435 3584 et
3465 3529 3691 3585 iustrua.

2110 3634 2234 3674 mur
2265 3618 2546 3689 exemplis.
2583 3618 2687 3675 Per
2723 3619 3019 3676 Christum.

2663 3734 2729 3789 In
2769 3736 2853 3789 die
2881 3736 3137 3807 ejusdem.

2184 3829 2298 3902 (Α.)
2319 3827 2546 3883 Ᾱῦιθῐηθ
2577 3827 2739 3885 Deus.
2776 3827 3046 3897 Quoniam
3081 3831 3236 3886 adest
3261 3828 3420 3886 nobis
3445 3829 3561 3888 dies
3586 3844 3690 3888 ma-

2113 3920 2295 3996 gniﬁci
2318 3921 2667 3989 votiva,etc.,
2695 3931 2750 3976 ut
2780 3939 2940 3993 supra
2967 3923 3101 3976 inter
3120 3923 3300 3978 Ambr.

2512 4050 2565 4090 IN
2603 4050 2799 4091 NA'I'ALI
2837 4049 3055 4091 SANCTE
3092 4049 3284 4090 ωειλ.

2186 4124 2597 4198 (Ms.)1Eterne
2632 4127 2793 4182 Deus.
2826 4127 2931 4182 Per
2967 4125 3244 4183 Christum
3277 4126 3567 4182 Dominum
3605 4138 3692 4184 no-

2114 4226 2306 4275 strum.
2342 4219 2512 4288 Quem
2547 4221 2704 4276 beata
2740 4221 2894 4291 virgo
2932 4221 3242 4292 pariterque
3275 4230 3486 4293 martyr
3514 4219 3689 4285 Lucia,

2115 4321 2169 4365 et
2196 4311 2464 4382 diligendo
2495 4312 2697 4378 timuit,
2731 4320 2786 4367 et
2807 4312 3047 4370 timendo
3077 4313 3292 4380 dilexit;
3337 4312 3524 4383 illique
3571 4329 3692 4369 cou-

2108 4400 2296 4471 juncta
2323 4411 2408 4458 est
2437 4403 2716 4458 moriendo
2739 4444 2754 4469 ,
2783 4405 2869 4459 cui
2915 4418 2975 4459 se
3002 4414 3415 4462 consecraverat
3439 4414 3588 4460 caste
3620 4404 3694 4458 vi-

2036 4483 2086 4548 D
2112 4492 2304 4548 vendo.
2339 4493 2405 4547 Et
2426 4508 2523 4563 pro
2551 4509 2618 4550 eo
2653 4493 3001 4565 temporalem
3039 4495 3242 4550 Studuit
3275 4495 3550 4551 sustinuere
3583 4505 3691 4566 pe-

2109 4601 2234 4641 nam
2267 4593 2324 4640 ut
2354 4584 2422 4640 ab
2444 4599 2508 4641 eo
2535 4587 2840 4657 perciperet
2867 4586 3094 4657 gloriam
3123 4587 3511 4657 sempiternam
3540 4605 3552 4640 :
3583 4599 3694 4656 qua

2109 4677 2236 4733 dum
2276 4678 2541 4748 duplicem
2572 4680 2687 4734 vult
2722 4695 2937 4736 sumere
2977 4679 3212 4751 palmam
3259 4679 3315 4735 in
3352 4681 3494 4735 sacri
3527 4688 3694 4736 certa-

2112 4770 2274 4822 minis
2305 4785 2473 4840 agone
2493 4811 2507 4834 ,
2538 4778 2591 4824 et
2620 4771 2688 4826 de
2724 4771 3042 4842 corporibus
3077 4772 3388 4844 integritate
3411 4811 3428 4836 ,
3465 4779 3522 4825 et
3548 4770 3614 4826 de
3639 4769 3692 4824 ﬁ-

2115 4860 2197 4916 dei
2229 4861 2464 4930 puritate
2487 4899 2500 4925 ,
2537 4861 2826 4932 gloriosius
2856 4865 3042 4928 duxit,
3086 4863 3244 4934 longa
3278 4860 3489 4931 antiqui
3531 4861 3694 4915 hostis

2118 4950 2385 5005 sustinere
2425 4959 2788 5020 tentamenta,
2831 4970 2994 5026 quam
3021 4955 3190 5009 vitam
3223 4962 3554 5022 praesentem
3593 4953 3694 5007 cito

2115 5057 2212 5114 per
2245 5051 2513 5099 tormenta
2559 5047 2830 5102 amittere.
2868 5046 3134 5115 Quoniam
3174 5060 3294 5100 cum
3343 5045 3396 5098 in
3439 5043 3694 5114 martyrio

2113 5149 2176 5189 ea
2203 5146 2575 5206 proponantur
2604 5154 2724 5208 quae
2747 5148 3012 5206 terreant,
3040 5139 3092 5194 in
3116 5137 3297 5194 carnis
3318 5152 3451 5193 vero
3475 5136 3694 5191 delecta-

2112 5227 2310 5282 mentis
2339 5243 2400 5283 ea
2428 5243 2547 5298 quae
2578 5229 2867 5285 mulceant.
2901 5229 3176 5286 Molestius
3197 5228 3498 5283 sustinetur
3529 5225 3692 5282 hostia

2112 5319 2379 5384 occultus,
2399 5335 2560 5388 quam
2589 5321 3136 5390 superaturinfestus.
3161 5321 3298 5378 Cum
3323 5338 3455 5394 ergo
3477 5323 3530 5378 in
3553 5333 3692 5378 utro-

2113 5427 2218 5481 que
2245 5411 2318 5464 tui
2357 5413 2428 5466 sit
2459 5414 2700 5469 numeris
2736 5414 2878 5483 quod
2907 5415 3066 5481 vicit,
3106 5416 3233 5486 quia
3261 5415 3397 5471 nihil
3423 5415 3571 5472 valet
3602 5416 3691 5471 hu-

2115 5516 2273 5557 mana
2310 5500 2605 5574 fragilitas,
2653 5504 2755 5562 nisi
2790 5514 2876 5561 tua
2906 5506 3046 5562 hanc
3083 5505 3301 5577 adjuvet
3341 5508 3518 5580 pietas
3553 5525 3566 5561 :
3604 5520 3689 5578 pro

2185 5663 2213 5702 δ
2240 5659 2370 5728 Quae
2401 5661 2563 5716 etiam
2597 5678 2626 5717 a
2653 5663 2970 5735 quibusdam
3011 5664 3074 5720 ι).
3110 5663 3397 5721 Ambrosio
3425 5643 3686 5722 tribuitur:
