3954 6342
253 319 358 377 917

1060 320 1259 377 LIBER
1302 320 1939 379 SACRAMENTORUM.
1983 353 2052 362 —
2088 323 2411 378 PRIEFAT.
2453 324 2684 393 ANTIQ.

3414 322 3518 387 91.8

254 430 414 491 nobis
436 474 452 500 ,
487 448 825 503 quaesumus,
875 443 1018 489 tuam
1058 436 1313 505 pietatem
1346 446 1561 502 exoret,
1595 452 1716 507 quae
1739 452 1768 490 a
1800 445 1850 491 te
1880 439 1925 498 Α
1956 434 2173 490 laudare
2196 477 2210 500 ,
2245 435 2439 505 quibus
2479 452 2575 506 pro
2615 434 2820 489 meritis
2851 432 2964 487 suis
3007 432 3357 486 beatitudinis
3396 444 3529 502 prae-

254 527 467 601 accepit
490 537 548 581 ut
569 528 827 585 vinceret.
854 527 918 582 Et
943 545 1064 598 qua:
1097 528 1367 601 Unigeniti
1398 530 1473 585 tui
1505 531 1709 585 intrare
1732 544 1847 584 me-
1947 527 2349 583 mia.contn|isti
2385 527 2676 597 :qnoniam
2716 539 2931 596 semper
2954 524 3009 579 in
3046 538 3206 577 manu
3247 532 3336 577 tua
3367 532 3529 589 sunt,

250 614 365 677 i'uit
395 620 691 675 thalamum
713 661 726 685 ,
760 620 1151 676 intercessione
1179 637 1273 675 sua
1304 626 1447 677 inter
1476 622 1657 678 mundi
1686 620 1846 692 hujus
1948 628 2004 675 et
2036 634 2143 674 non
2180 628 2363 689 tanget
2400 619 2519 675 illos
2556 627 2885 673 tormentum
2927 615 3147 679 mortis,
3178 628 3315 683 quos
3353 621 3407 667 te
3439 627 3529 667 cu-

256 719 487 775 adversa
527 717 682 775 nobis
706 725 927 789 praestet
955 717 1235 772 auxilium.
1264 717 1370 773 Per
1391 732 1568 789 quem.

591 846 644 885 IN
680 846 875 885 ΝΑτΑιι
913 847 959 886 S.
1000 846 1195 887 ἰ’Ηοκῶ
1231 846 1514 887 APOSTOLI.

328 939 441 1012 (Α.)
466 937 697 995 Ᾱῖιεηιθ
728 939 890 995 Deus.
920 940 1023 1009 Qui
1058 940 1355 997 Ecclesiam
1385 951 1531 996 tuam
1554 941 1608 996 in
1630 950 1849 1011 aposto-

256 1032 380 1088 licis
417 1030 654 1088 tribuisti
697 1034 999 1089 consistere
1047 1034 1448 1101 fundamentis,
1497 1034 1564 1089 de
1616 1048 1847 1104 quorum

254 1124 482 1194 collegio
518 1122 579 1179 Β.
611 1123 833 1179 Thomas
863 1124 1127 1180 solemnia
1169 1125 1542 1192 celebrantes,
1584 1132 1672 1179 tua
1695 1165 1709 1192 ,
1746 1124 1852 1180 00-

254 1216 435 1284 miue,
470 1216 744 1288 praeconia
775 1233 883 1271 non
912 1224 1174 1273 tacemus.
1209 1215 1275 1271 Et
1311 1217 1450 1273 ideo.

652 1346 706 1385 IN
741 1345 942 1386 νιαιωΑ
982 1345 1136 1386 UNIUS
1173 1344 1445 1385 MARTYBIS

327 1420 554 1477 literne
582 1421 746 1478 Deus.
768 1421 837 1477 Et
858 1421 1080 1494 gloriosi
1114 1423 1368 1494 martyris
1396 1421 1459 1476 N.
1484 1422 1575 1493 pia
1599 1420 1851 1478 certami-

254 1528 326 1569 na
360 1513 668 1569 venerando
716 1514 1035 1584 prmvenire.
1090 1513 1255 1586 Cujus
1299 1514 1633 1570 honorabilis
1670 1528 1848 1569 annua

255 1607 572 1663 recursione
597 1606 911 1664 solemnitas
927 1618 984 1663 et
1010 1616 1266 1678 perpetua
1296 1623 1509 1677 semper
1529 1618 1643 1669 est.
1673 1588 1728 1662 et
1756 1622 1852 1663 no-

253 1717 345 1756 va.
377 1700 515 1769 Quia
562 1708 618 1756 et
650 1701 706 1757 in
749 1710 1043 1772 conspectu
1088 1711 1192 1756 tua:
1235 1700 1536 1769 majestatis
1570 1708 1854 1772 permanet

253 1808 406 1849 mors
436 1802 650 1849 tuorum
684 1792 922 1863 pretiosa
946 1792 1219 1861 justorum
1238 1834 1251 1856 ,
1279 1802 1333 1848 et
1358 1801 1733 1848 restaurantur
1766 1792 1847 1847 in-

255 1893 532 1941 crementa
571 1882 792 1951 latitia,
820 1901 944 1941 cum
974 1883 1251 1942 felicitatis
1279 1894 1501 1941 aaternae
1535 1885 1851 1942 recoluntur

253 1973 497 2031 exordia.
530 1971 634 2030 Per
659 1972 958 2031 Christum.

577 2085 1090 2145 PREFATIONES
1127 2064 1529 2146 COMMUNES.

648 2216 704 2256 ιιι
741 2217 940 2258 κιτλιι
978 2216 1139 2259 υΝΙΙΙΒ
1176 2217 1469 2259 ωτιιιιε.

328 2288 556 2347 Αὲιοηιθ
610 2291 774 2348 Deus.
810 2292 877 2347 Et
928 2292 982 2348 in
1028 2293 1284 2363 praesenti
1331 2292 1625 2351 festivitate
1675 2293 1852 2367 sancti

257 2381 518 2457 martyris
541 2382 620 2446 tui
648 2381 714 2439 N.
748 2383 845 2439 tibi
870 2381 1181 2440 confitendo
1221 2383 1398 2440 laudis
1423 2384 1631 2441 hostias
1657 2384 1851 2443 immo—

256 2474 404 2540 lare,
450 2482 707 2545 tuamque
762 2475 1086 2533 immensam
1120 2476 1379 2547 pietatem
1423 2477 1715 2549 implorare
1748 2495 1762 2532 :
1793 2486 1853 2534 ut
1900 2548 1903 2551 ν

257 2567 490 2623 sicutilli
513 2566 707 2624 dedisti
728 2567 967 2624 cmlestis
989 2567 1223 2639 palmam
1246 2569 1502 2639 triumphi
1529 2569 1627 2633 sic,
1653 2584 1721 2624 eo
1740 2567 1853 2623 suf-

260 2654 506 2730 fragante
527 2698 542 2723 ,
574 2657 731 2713 nobis
758 2657 1201 2713 emundationem
1222 2697 1236 2723 ,
1259 2666 1314 2712 et
1337 2658 1549 2712 veniam
1580 2659 1852 2714 concedas

259 2748 492 2821 peccati,
524 2759 584 2806 ut
608 2749 661 2804 in
693 2757 746 2805 te
773 2748 1112 2804 exsultemus
1137 2748 1191 2804 in
1223 2749 1625 2816 misericordia,
1659 2750 1712 2805 in
1745 2763 1853 2820 quo

260 2840 355 2897 illa
380 2839 594 2898 laetatur
614 2840 669 2896 in
693 2840 880 2913 gloria.
920 2838 1042 2897 Per.

857 2953 981 3009 Alia
1009 2954 1079 3009 ad
1094 2953 1260 3009 idem.

336 3047 449 3119 (Α.)
491 3045 718 3103 Eterne
754 3046 917 3102 Deus.
950 3044 1020 3100 Et
1065 3054 1121 3101 te
1162 3045 1218 3103 in
1259 3043 1500 3101 omnium
1551 3052 1851 3117 martyrum

264 3151 480 3197 tuorum
528 3138 817 3211 triumphis
845 3136 1069 3194 laudare
1090 3178 1105 3204 ,
1145 3137 1404 3208 quoniam
1430 3138 1539 3194 tuis
1574 3138 1732 3194 donis
1770 3146 1854 3194 at-

262 3247 371 3304 que
418 3229 734 3287 muneribus
778 3229 842 3284 Β.
877 3230 1133 3303 martyris
1173 3230 1269 3286 tui.
1308 3228 1373 3285 N.
1409 3231 1715 3302 passionem
1756 3232 1853 3290 ho-

264 3325 454 3382 dierna
492 3322 836 3380 solemnitate
877 3338 1224 3391 veneramur,
1265 3323 1359 3395 qui
1384 3338 1488 3396 pro
1514 3322 1855 3381 confessione

262 3414 388 3477 Iesu
414 3414 615 3473 Christi
639 3411 764 3470 Filii
797 3414 874 3471 tui
897 3414 1113 3472 Domini
1138 3415 1310 3471 nostri
1343 3415 1559 3473 diversa
1592 3416 1854 3488 supplicia

262 3508 540 3573 sustinuit,
577 3516 632 3564 et
654 3522 721 3564 ea
749 3508 1309 3573 devincenscoronam
1337 3507 1713 3579 perpetuitatis
1733 3523 1857 3579 pro-

266 3598 485 3656 meruit.
515 3596 619 3654 Per
638 3611 821 3669 quem.

552 3725 606 3765 ιιι
642 3724 841 3769 ωσι-ιιι
879 3723 1224 3767 Ριιηιιιιοιωιι
1258 3725 1575 3766 ιιιιιτιιιωι.

341 3794 569 3853 Eterne
608 3798 768 3854 Deus.
803 3798 904 3866 Qui
947 3807 1259 3855 sanctorum
1300 3810 1601 3870 martyrum
1642 3808 1859 3857 tuorum

269 3888 358 3961 pia
385 3891 682 3948 certamina
709 3892 777 3949 ad
799 3893 1075 3963 copiosam
1102 3892 1354 3963 perducis
1372 3892 1677 3960 victoriam,
1700 3904 1864 3966 atque

269 3992 591 4059 perpetuum
617 3987 698 4044 eis
728 3986 944 4057 largiris
988 3988 1352 4059 triumphum,
1382 3997 1440 4043 ut
1473 3987 1727 4061 Ecclesiae
1760 3997 1863 4044 tua:

270 4089 489 4147 semper
520 4078 629 4134 sint
657 4078 713 4135 in
736 4077 1061 4150 exemplum,
1100 4088 1302 4150 prasta
1330 4077 1505 4145 nobis,
1533 4094 1861 4150 quaesumus,

271 4178 334 4226 ut
359 4186 457 4243 per
484 4186 672 4229 eorum
693 4166 1151 4230 intercessionem
1177 4188 1410 4244 quorum
1448 4172 1586 4229 festa
1616 4173 1861 4228 celebra-
1895 4206 1901 4213 ο

274 4277 426 4331 Inus,
453 4264 675 4336 pietatis
704 4274 812 4322 tua:
832 4279 1055 4322 munera
1093 4266 1392 4337 capiamus.
1425 4250 1531 4322 Per
1560 4263 1860 4322 Christum.

624 4394 684 4435 ιιι
714 4388 914 4435 "Glth
950 4392 1109 4437 unus
1143 4390 1515 4439 ωιιηεθοιιιβ.

345 4465 749 4538 (113.).Eterne
775 4468 938 4524 Deus.
969 4466 1037 4525 Et
1065 4467 1406 4538 majestatem
1436 4476 1583 4523 tuam
1607 4466 1866 4538 supplici—

1949 711 2240 774 stodiente,
2272 710 2626 765 beatitudinis
2650 710 2802 765 sinus
2838 704 3151 762 intercludit
3181 722 3194 758 :
3223 704 3313 760 ubi
3341 718 3531 774 perpe‘

1950 811 2040 857 tua
2075 817 2290 873 semper
2314 801 2671 858 exsultatione
2705 802 2955 857 lastantur
2982 818 2997 853 :
3031 799 3122 853 ubi
3152 797 3316 853 etiam
3344 798 3535 851 beatus

1946 908 2194 949 summus
2229 892 2511 949 confessor
2540 902 2664 947 tuus
2710 890 2775 946 N.
2816 891 3055 946 sociatus
3094 887 3349 944 exsultat.
3392 886 3538 941 Peti-

1949 1003 2071 1043 mus
2107 1002 2237 1059 ergo
2275 995 2328 1041 ut
2380 1002 2589 1051 memor
2626 984 2696 1039 'sit
2723 983 3065 1039 miseriarum
3107 988 3454 1042 nostrarum,
3481 984 3537 1031 et

1955 1079 2020 1133 de
2055 1086 2142 1133 tua
2174 1078 2544 1133 misericordia
2575 1077 2732 1131 nobis
2763 1075 3012 1146 impetret
3042 1071 3398 1128 beatitudinis
3422 1085 3535 1124 sua:

1950 1174 2303 1229 consortium.
2334 1172 2437 1227 Per
2460 1171 2755 1227 Christum.

2196 1299 2247 1338 ΙΝ
2283 1299 2478 1338 ΝᾹΤΑΙΛ
2518 1297 2865 1339 PLURIMORUM
2904 1295 3290 1337 CONFESSORUM.

2024 1370 2136 1446 (ϐ.)
2178 1370 2403 1429 ,ιΕιριιιθ
2445 1373 2603 1428 Deus.
2639 1373 2704 1427 Et
2745 1372 3080 1443 maiestatem
3126 1380 3272 1425 tuam
3306 1367 3535 1440 supplici

1955 1467 2238 1523 devotione
2263 1482 2514 1532 exorare,
2539 1476 2596 1521 ut
2624 1467 2904 1522 beatorum
2928 1458 3297 1519 confessorum
3321 1472 3539 1517 tuorum

1954 1561 2019 1616 Ν.
2051 1578 2279 1633 quorum
2304 1562 2464 1618 hodie
2494 1560 2628 1615 festa
2650 1558 2988 1615 celebramus
3010 1600 3023 1623 ,
3048 1558 3266 1612 obtentu
3286 1598 3299 1621 ,
3325 1569 3538 1611 merea-

1957 1670 2079 1709 mur
2107 1663 2256 1709 tuum
2285 1654 2530 1710 obtinere
2554 1651 2833 1706 auxilium.
2861 1648 2968 1705 Per
2989 1649 3285 1704 Christum.

2205 1783 2257 1821 IN
2297 1782 2488 1820 NATALI
2527 1780 2683 1821 UNIUS
2721 1778 2956 1818 VIRGINIS
3000 1776 3285 1818 IARTYRIS.

1875 1819 1924 1882 Β
2025 1859 2256 1916 Ᾱίιθτιιθ
2293 1859 2453 1915 Deus.
2497 1857 2602 1914 Per
2630 1858 2905 1914 Christum
2945 1857 3231 1911 Dominum
3272 1862 3538 1909 nostrum.

1952 1951 2120 2021 Quem
2151 1951 2305 2008 beata
2342 1953 2494 2023 virgo
2523 1951 2732 2021 pariter
2752 1961 2806 2005 et
2838 1958 3044 2020 martyr
3075 1945 3137 2001 Ν.
3166 1944 3437 2016 diligendo
3468 1942 3537 1997 ti-

1952 2043 2088 2100 muit
2109 2084 2124 2111 ,
2157 2051 2212 2099 et
2242 2043 2482 2105 timendo
2508 2043 2697 2098 dilexit
2724 2060 2736 2095 :
2770 2041 2956 2111 illique
2988 2040 3274 2109 conjuncta
3311 2048 3394 2091 est
3426 2050 3542 2090 mo-

1954 2134 2141 2190 riendo
2167 2176 2181 2201 ,
2211 2135 2296 2190 cui
2328 2150 2385 2189 se
2411 2144 2830 2189 consecraverat
2870 2140 3020 2186 caste
3057 2128 3288 2183 vivendo
3316 2145 3327 2181 :
3354 2135 3410 2182 et
3440 2140 3542 2196 pro

1953 2240 2019 2280 eo
2062 2224 2267 2280 studuit
2307 2222 2661 2294 temporalem
2702 2222 2971 2278 sustinere
3008 2235 3261 2292 pmnam,
3297 2227 3357 2272 ut
3385 2214 3453 2271 ab
3480 2230 3547 2272 eo

1954 2315 2259 2386 perciperet
2287 2313 2513 2387 gloriam
2535 2314 2952 2387 sempiternam.
2980 2311 3084 2367 Per
3111 2326 3271 2382 quem

2686 2429 2824 2483 Alia.

2024 2522 2253 2578 IEterne
2279 2521 2438 2577 Deus.
2468 2520 2537 2575 Et
2560 2530 2612 2576 te
2633 2521 2806 2575 beata:
2833 2514 2897 2572 N.
2930 2517 3171 2573 natalitia
3202 2512 3540 2572 recensendo

1954 2612 2533 2682 laudare,pr:edicare,
2566 2619 2621 2665 et
2651 2610 2973 2666 benedicere
3008 2623 3023 2663 :
3054 2624 3214 2679 quam
3246 2615 3396 2661 tanto
3426 2620 3546 2660 mu-

1955 2719 2084 2759 nere
2111 2702 2433 2768 sublimasti,
2464 2711 2522 2756 ut
2552 2702 2600 2757 ei
2638 2702 2916 2757 conferres
2959 2709 3012 2755 et
3038 2696 3366 2770 virginitatis
3389 2710 3546 2753 coro-

1955 2811 2082 2850 nam
2110 2803 2165 2850 et
2187 2793 2422 2865 palmam
2466 2794 2732 2866 martyrii,
2766 2794 2953 2866 sicque
2988 2794 3187 2848 virtute
3221 2791 3343 2847 lidei
3369 2799 3426 2847 et
3459 2790 3552 2846 de-

1956 2900 2083 2941 core
2104 2884 2375 2956 pudiciliae
2399 2884 2646 2956 polleret,
2678 2894 2738 2940 ut
2768 2885 3006 2941 coelestia
3035 2900 3203 2958 regna
3229 2884 3378 2955 virgo
3406 2881 3551 2955 pari-

1958 2985 2040 3032 ter
2066 2986 2117 3032 et
2143 2986 2352 3049 martyr
2382 2977 2629 3032 intraret.
2659 2975 2764 3033 Per
2788 2977 2988 3032 Christ.

2132 3107 2185 3146 ΙΝ
2223 3107 2417 3148 ΝΑΤΔῙιΙ
2458 3107 2615 3149 ωιιυε
2651 3107 2885 3148 VIRGINIS
2933 3107 3034 3148 ΝΟΝ
3071 3105 3365 3147 IARTYBIS.

2032 3182 2143 3257 ((2.)
2188 3184 2413 3242 Eterne
2462 3186 2623 3242 Deus.
2666 3185 2771 3242 Per
2807 3184 3084 3242 Christum
3124 3185 3409 3241 Dominum
3447 3198 3539 3240 no-

1959 3287 2151 3335 strum.
2190 3278 2295 3334 Pro
2324 3277 2478 3349 cujus
2523 3278 2806 3335 charitatis
2845 3279 3040 3336 ardore
3064 3279 3168 3335 ista
3191 3278 3408 3349 virgoet
3434 3292 3547 3333 om-

1959 3385 2058 3426 nes
2086 3379 2288 3426 sanctae
2325 3370 2586 3443 virgines,
2616 3386 2647 3426 a
2677 3370 2835 3426 beata
2867 3370 3035 3427 Maria
3059 3370 3364 3441 exemplum
3396 3368 3550 3441 virgi-

1963 3459 2149 3515 nitatis
2172 3460 2519 3529 accipientes,
2546 3461 2827 3531 praesentis
2841 3460 3023 3516 saeculi
3050 3459 3351 3532 voluptates
3378 3476 3443 3515 ac
3464 3459 3548 3515 di-

1964 3553 2125 3607 vitias
2154 3560 2616 3622 contempserunt.
2657 3551 2925 3619 Quoniam
2955 3563 3047 3610 tuo
3069 3553 3209 3608 dono
3260 3562 3439 3608 actum
3467 3561 3557 3609 est

1965 3654 2021 3697 ut
2045 3652 2334 3713 postquam
2364 3644 2520 3715 virgo
2562 3643 2630 3700 de
2671 3644 2881 3716 virgine
2906 3644 3128 3714 prodiit,
3159 3659 3322 3700 sexus
3350 3643 3557 3715 fragilis

1958 3743 2109 3789 esset
2156 3734 2356 3799 fortis;
2422 3745 2478 3790 et
2514 3750 2621 3805 quo
2658 3734 2764 3790 fuit
2802 3735 3063 3805 peccandi
3127 3734 3358 3791 facultas
3409 3744 3558 3791 esset

1966 3823 2217 3879 vincendi
2248 3821 2497 3879 felicitas.
2548 3823 2905 3895 Antiquisque
2950 3823 3122 3880 hostis
3152 3825 3242 3894 qui
3288 3838 3387 3894 per
3416 3824 3557 3879 anti-

1966 3926 2127 3983 quam
2167 3913 2430 3985 virginem
2456 3928 2624 3985 genus
2649 3916 2945 3969 humanum
2966 3929 3024 3971 se
3061 3912 3258 3970 vicisse
3280 3913 3547 3987 gloriaba-

1969 4002 2060 4061 t'u'r
2085 4020 2182 4078 per
2203 4014 2421 4061 sanctas
2445 4021 2592 4062 nunc
2609 4006 2849 4078 virgines
2878 4021 3141 4079 sequaces
3160 4007 3343 4078 potius
3366 4005 3549 4062 Maria:

1968 4100 2131 4171 quam
2174 4096 2337 4166 Erae,
2384 4100 2647 4156 vincatur.
2687 4099 2756 4156 Et
2804 4101 2858 4156 in
2905 4115 2970 4156 eo
3002 4100 3177 4173 major
3207 4101 3259 4158 ei
3305 4098 3554 4157 confusio

1965 4198 2202 4257 ’crescat,
2225 4207 2387 4263 quam
2418 4191 2484 4248 de
2511 4205 2577 4249 eo
2597 4191 2760 4247 etiam
2793 4205 2955 4248 sexus
2984 4191 3190 4265 fragilis
3222 4192 3332 4262 jam
3359 4191 3555 4246 trium-

1966 4276 2119 4353 phat.
2160 4278 2498 4354 Quapropter
2551 4281 2873 4339 immensam
2908 4284 3163 4355 pietatem
3193 4290 3340 4337 tuam
3381 4281 3559 4337 humi-

1966 4371 2095 4436 liter
2130 4372 2471 4444 expoScimus
2511 4383 2571 4428 ut
2619 4386 2718 4444 per
2747 4372 2864 4442 ejus
2899 4372 3367 4437 intercessionem,
3403 4371 3558 4443 cujus

1966 4460 2110 4521 festa
2132 4466 2358 4522 colimus
2383 4467 2525 4536 (quae
2564 4474 2617 4521 et
2655 4480 2843 4522 sexum
2884 4465 3015 4520 vicit
3036 4474 3092 4521 et
3122 4464 3399 4528 sarculum,
3436 4461 3558 4518 tibi-

274 4564 362 4612 ter
389 4572 638 4621 exorare,
668 4557 842 4629 utqui
875 4556 935 4610 Β.
970 4555 1034 4612 Ν.
1068 4554 1397 4612 confessoris
1431 4557 1506 4612 tui
1538 4565 1703 4626 atque
1730 4571 1865 4627 pon-
1891 4564 1945 4629 1)
1971 4572 2076 4627 que
2101 4558 2304 4628 placuit
2329 4566 2384 4611 et
2408 4558 2733 4629 virginitatis
2759 4558 2955 4613 decore
2980 4564 3035 4612 et
3059 4556 3244 4628 vigore
3266 4553 3557 4627 passionis)

278 4648 440 4719 (ilicis
464 4648 709 4704 natalitia
750 4646 888 4703 festa
918 4647 1129 4704 devotis
1158 4647 1521 4719 praevenimus
1545 4644 1770 4703 ciliciis.
1803 4646 1867 4702 il-

275 4741 382 4799 lius
406 4751 461 4801 et
495 4743 638 4815 apud
662 4742 1003 4817 majestatem
1028 4751 1172 4796 tuam
1198 4749 1252 4796 et
1275 4741 1596 4813 adjuvemur
1624 4739 1862 4808 meritis,

276 4842 334 4890 et
362 4833 693 4890 instruamur
714 4830 998 4902 exemplis.

616 4962 669 5002 ll
702 4961 898 5005 Μυιι
936 4958 1094 5002 υκιυε
1132 4959 1504 5001 οοιιιτεεεοιιιε.

348 5033 578 5093 literne
599 5034 761 5091 Deus.
786 5035 854 5091 Et
878 5034 930 5091 in
960 5034 1062 5091 hac
1087 5034 1355 5105 praecipue
1376 5034 1483 5098 die,
1500 5047 1661 5103 quam
1691 5040 1863 5089 trans-

278 5128 358 5185 itu
387 5142 546 5184 sacro
569 5128 629 5183 Β.
663 5126 727 5181 Ν.
758 5127 1086 5184 confessoris
1116 5127 1191 5181 tui
1225 5135 1388 5196 atque
1423 5124 1696 5197 pontificis
1732 5140 1867 5181 cono

279 5220 527 5276 secrasti.
563 5217 883 5287 Quaesumus
914 5235 1045 5293 ergo
1073 5217 1412 5274 clementiam
1454 5225 1601 5271 tuam
1622 5257 1636 5282 ,
1676 5223 1736 5271 ut
1772 5218 1869 5275 des

280 5309 439 5367 nobis
468 5309 613 5365 illam
640 5309 795 5382 sequi
826 5311 1127 5366 doctrinam
1145 5350 1159 5375 ,
1189 5325 1352 5381 quam
1382 5298 1471 5363 ille
1497 5316 1553 5364 et
1578 5309 1747 5365 verbo
1773 5310 1869 5367 do-

291 5403 420 5471 .uit,
469 5411 524 5461 et
561 5418 727 5474 opere
777 5402 1103 5475 complevit,
1167 5394 1433 5474 quatenus
1478 5416 1578 5457 nos
1623 5399 1865 5470 adjuvari

284 5496 425 5567 apud
469 5495 897 5553 misericordiam
945 5505 1091 5551 tuam
1124 5503 1180 5551 et
1214 5493 1478 5567 exemplis
1514 5493 1632 5568 ejus
1664 5494 1871 5551 sentia-

285 5602 408 5650 mus
426 5595 482 5644 et
498 5588 727 5646 meritis.
751 5587 857 5645 Per
883 5587 1184 5645 Christum.

1005 5700 1149 5758 Alta.

361 5786 591 5875 am
633 5797 797 5857 Deus.
848 5796 917 5857 Et
952 5805 1007 5858 te
1053 5804 1369 5857 sanctorum
1409 5802 1629 5867 tuorum
1668 5797 1871 5854 virtute

1969 4664 2070 4704 nos
2115 4664 2424 4705 mereamur
2458 4657 2523 4704 let
2564 4648 2889 4704 invisibilem
2928 4649 3138 4704 hostem
3179 4663 3459 4721 superare,
3503 4656 3562 4704 et

1970 4741 2260 4813 Unigenito
2302 4750 2395 4798 tuo
2432 4740 2663 4798 Domino
2701 4738 2829 4797 Jesu
2868 4737 3085 4798 Christo
3121 4741 3422 4798 adhaerere.
3455 4737 3560 4796 Per

1972 4846 2153 4904 quem.

2154 4959 2207 4999 ΙΝ
2234 4958 2434 5001 ΜΤΑΒΙ
2475 4957 2632 5001 om
2660 4957 2899 5000 νιιιειιιιδ
2934 4958 3038 5000 ιιοιι
3076 4959 3369 5002 ιιιιτῑιιιιε.

2042 5035 2159 5110 (6.)
2184 5036 2602 5093 ὢιοπιιειθθιιε.
2634 5036 2703 5092 Et
2736 5038 2790 5093 in
2815 5038 2917 5093 hac
2945 5036 3290 5093 solemnitate
3314 5037 3407 5093 tibi
3436 5038 3557 5095 lau-

1974 5128 2060 5184 dis
2101 5129 2306 5184 hostias
2345 5127 2646 5194 immolare,
2695 5142 2799 5197 qua
2828 5128 2998 5182 beatae
3050 5128 3276 5199 virginis
3321 5128 3385 5183 Ν.
3420 5128 3557 5185 festa

1976 5223 2284 5278 venerando
2324 5221 2574 5287 colimus,
2603 5230 2659 5277 et
2702 5221 2777 5276 tui
2830 5222 3064 5278 nominis
3096 5222 3321 5291 gloriam
3367 5224 3563 5281 debitis

1976 5315 2262 5387 praeconiis
2289 5315 2721 5387 magniﬁcamus.
2748 5314 2850 5369 Per
2875 5314 3076 5371 Christ.

2243 5426 2320 5500 [IN
2358 5442 2553 5481 mrsu
2595 5441 2938 5482 pLunmoauu
2978 5443 3291 5484 ιιιιιτιιιυι.
3542 5494 3545 5497 _

2045 5516 2273 5574 Eternc
2317 5518 2479 5573 Deus.
2524 5515 2590 5570 Et
2634 5514 2939 5571 venientem
2993 5516 3230 5571 natalem
3276 5517 3561 5572 beatorum

1975 5618 2277 5680 martyrum
2330 5615 2543 5661 tuorum
2588 5604 2650 5659 N.
2703 5604 2880 5660 debita
2930 5608 3193 5662 servitute
3241 5606 3560 5676 praevenire,

1975 5701 2291 5775 suppliciter
2320 5701 2691 5765 obsecrantes,
2731 5706 2791 5754 ut
2816 5698 2962 5771 ipsos
2988 5716 3086 5756 nos
3108 5699 3250 5771 apud
3278 5708 3423 5755 tuam
3450 5700 3560 5758 cle-

1979 5778 2235 5853 mentiam
2271 5793 2570 5853 sentiamus
2602 5793 2803 5850 habere
2824 5801 3107 5865 patronos,
3128 5808 3285 5866 quos,
3320 5802 3411 5851 tua
3445 5792 3565 5867 glo-
