3954 6342
947 374 1150 433 LIBER
1188 362 1822 431 SACRAMENTORUM.
1866 395 1936 407 —
1973 360 2294 420 ΡΒᾸἚΑΤ.
2337 356 2564 425 ANTIQ.
3287 350 3393 409 992

1887 475 2010 548 [PRO
2047 485 2485 530 CONGREGATIONE
2516 481 2910 525 ιιΕιιςιοδοιιῠκ
2939 480 3319 522 IONACHOBIJI.

1889 567 2112 624 literne
2139 565 2300 620 Deus.
2333 561 2601 630 Quoniam
2637 558 2978 615 clementiam
3009 566 3155 612 tuam
3185 558 3398 628 precari

1817 662 1936 719 sine
1975 659 2278 717 cessatione
2318 656 2594 721 debemus,
2648 661 2708 708 ut
2745 667 2963 725 gregem
3005 659 3174 716 tuum,
3212 659 3403 720 pastor

1737 758 1741 761 ’
1815 756 1980 822 bone,
2009 770 2114 811 non
2140 754 2378 817 deseras,
2411 751 2505 806 sed
2530 762 2629 818 per
2656 747 2718 801 B.
2749 744 3078 803 confessoris
3113 744 3190 800 tui
3225 744 3400 799 Bene-

148 393 236 454 9‘2l

159 507 329 581 gratis.
350 501 431 558 'l‘u
461 513 524 555 ea
545 510 668 568 quae
691 503 842 552 retro
877 499 1025 557 sunt,
1061 486 1307 544 oblivisci
1344 481 1612 544 concedis,
1651 487 1706 534 et
1736 481 1784 540 Α

161 575 221 656 ad
241 598 411 669 priora
436 589 703 664 promissa
732 585 990 659 mysteria
1010 579 1431 640 clementissima
1453 575 1718 646 guberna-

161 695 295 751 tione
315 684 577 762 perducis.
607 683 676 739 Et
701 681 844 738 ideo.

688 793 844 864 Infra
879 801 1156 849 actionem.

225 914 368 971 Hanc
390 909 552 982 igitur
577 905 907 963 oblationem
931 903 1044 974 spei
1075 907 1295 966 nostrae,
1322 911 1486 969 quam
1511 893 1607 950 tibi
1633 891 1717 950 of-

158 1007 371 1064 ferimus
393 1003 447 1058 in
468 999 557 1056 die
584 997 857 1054 hodiernae
902 992 1280 1058 solemnitatis,
1319 1005 1427 1062 quo
1457 986 1612 1044 nobis
1640 985 1722 1040 in-

159 1097 324 1171 dignis
366 1089 752 1150 sacerdotalem
797 1086 1023 1143 infulam
1071 1083 1329 1148 tribuisti,
1384 1092 1718 1150 quaesumus,

158 1187 389 1252 Domine,
417 1191 478 1240 ut
505 1182 750 1253 placatus
779 1178 1030 1248 accipias,
1073 1183 1129 1232 et
1154 1175 1210 1231 in
1236 1182 1327 1229 tua
1352 1171 1554 1244 pietate
1592 1181 1721 1225 con-

156 1292 302 1336 serva
334 1273 476 1346 quod
504 1287 566 1328 es
587 1277 842 1340 operatus
867 1269 921 1323 in
944 1265 1118 1322 nobis.

481 1398 536 1439 IN
573 1397 725 1438 IISSA
759 1394 1083 1436 SACBRDO'I'IS
1117 1389 1362 1433 PROPR“.

218 1499 440 1557 Eterne
466 1497 631 1554 Deus.
666 1496 766 1563 Qui
804 1490 1154 1549 dissimulatis
1181 1491 1430 1544 humanae
1457 1481 1720 1555 fragilita-

154 1595 216 1650 tis
235 1590 470 1665 peccatis
489 1631 504 1656 ,
529 1586 817 1644 sacerdotii
848 1583 1161 1656 dignitatem
1186 1577 1438 1636 concedis
1464 1573 1718 1646 indignis,

152 1695 200 1740 et
227 1699 327 1739 non
366 1681 542 1738 solum
597 1686 819 1749 peccata
854 1675 1102 1740 dimittis,
1132 1687 1317 1728 verum
1365 1669 1527 1724 etiam
1557 1667 1720 1736 ipsos

1818 847 1945 904 dicti
1970 859 2163 918 preces
2187 843 2443 900 continua
2471 838 2810 911 protectione
2838 837 3134 900 custodias,
3169 844 3230 890 ut
3256 835 3403 891 viam

1817 939 1915 994 tibi
1939 937 2194 1008 placitam
2219 934 2550 998 obedientia,
2583 947 2689 1008 qua
2725 932 2868 987 idem
2898 929 3058 985 Pater
3082 927 3280 1008 illzesus
3301 942 3402 981 an-

1818 1006 2119 1092 tecedebat,
2148 1042 2248 1082 nos
2271 1025 2548 1097 praeclaris
2567 1006 2684 1096 eius
2707 1023 2918 1080 meritis
2947 1006 3116 1093 adiuti
3135 1061 3152 1088 ,
3180 1021 3298 1078 sine
3319 1034 3406 1076 er-

1817 1136 1943 1179 rore
1972 1122 2383 1193 subsequamur.
2412 1117 2519 1174 Per
2542 1113 2868 1188 Christum]

2318 1248 2371 1287 IN
2406 1245 2558 1286 IISSA
2592 1244 2694 1284 PRO
2727 1241 2908 1284 AIICO.

1890 1325 2117 1384 Eterne
2153 1325 2316 1380 Deus.
2353 1321 2709 1392 Implorantes
2732 1327 2836 1374 tua:
2862 1314 3160 1386 maiestatis
3187 1313 3404 1369 miseri-

1820 1419 2081 1483 cordiam,
2105 1427 2165 1472 ut
2190 1415 2392 1471 famulo
2420 1423 2512 1469 tuo
2531 1411 2622 1477 N.,
2641 1411 2852 1466 veniam
2874 1423 3094 1464 suorum
3118 1405 3304 1476 largiri
3329 1405 3410 1459 di-

1820 1509 2003 1581 gneris
2048 1517 2428 1580 peccatorum;
2469 1513 2530 1559 ut
2558 1503 2626 1558 ab
2653 1501 2906 1558 omnibus
2935 1497 3140 1554 inimici
3176 1495 3408 1551 vinculis

1820 1601 2112 1663 liberatus,
2142 1599 2246 1654 tuis
2287 1606 2400 1654 toto
2439 1596 2603 1651 corde
2633 1591 2902 1649 mandatis
2938 1590 3233 1655 inluni-eat;
3268 1596 3325 1640 ut
3360 1595 3410 1640 te

1823 1694 1997 1751 solum
2028 1708 2241 1764 semper
2267 1699 2379 1747 tota
2401 1691 2600 1745 virtute
2624 1688 2832 1758 diligat,
2858 1694 2914 1740 et
2939 1685 3007 1740 ad
3039 1692 3144 1738 tua:
3170 1679 3411 1751 quando-

151 1782 454 1848 peccatores
489 1769 790 1840 iustificare
838 1765 1095 1836 dignaris.
1137 1761 1301 1832 Cujus
1335 1769 1419 1818 est
1457 1759 1718 1826 muneris,

1848 1801 1929 1858 [ue
1957 1783 2310 1840 beatitudinis
2341 1781 2604 1838 visionem
2641 1777 2927 1850 pervenire
2969 1781 3265 1830 mercatur.
3305 1767 3411 1824 Per

153 1875 205 1920 ut
229 1880 330 1920 non
352 1860 646 1918 existentia
677 1867 894 1915 sumant
913 1855 1157 1920 exordia,
1203 1861 1394 1909 exorta
1420 1852 1720 1906 nutrimen-
1746 1847 1796 1907 B
1822 1847 2121 1937 diuisum.

151 1965 275 2020 tum,
303 1953 510 2008 nutrita
541 1949 797 2013 fructum,
837 1946 1112 2001 fructuosa
1149 1941 1527 2014 perseverandi
1572 1939 1720 1994 auxi-

150 2044 287 2098 lium.
317 2041 418 2109 Qui
447 2054 535 2096 me
555 2053 662 2094 non
696 2037 1020 2093 existentem
1046 2033 1278 2099 creasti;
1319 2038 1562 2087 creatum
1596 2029 1719 2083 fidei

127 2135 391 2206 ﬁrmitate
415 2131 642 2195 ditasti;
674 2127 906 2193 fidelem,
938 2125 1188 2197 quamvis
1215 2123 1452 2194 peccatis
1471 2119 1721 2190 squalen-

149 2239 268 2294 tem,
290 2225 585 2283 sacerdotii
612 2222 875 2292 dignitate
902 2219 1132 2276 donasti.
1163 2218 1334 2273 Tuarn
1361 2218 1524 2288 igitur
1547 2216 1723 2271 omni-

148 2320 434 2393 potentiam
484 2315 706 2388 supplex
733 2327 967 2385 exposco
989 2321 1048 2367 ut
1074 2325 1162 2367 me
1200 2325 1228 2364 a
1260 2309 1549 2381 praeteritis
1590 2322 1720 2378 pec-

147 2417 273 2472 catis
304 2409 602 2475 emacules,
646 2409 699 2462 in
747 2405 930 2462 mundi
979 2402 1136 2473 hujus
1175 2417 1335 2458 cursu
1369 2402 1423 2456 in
1469 2401 1724 2471 operibus

147 2506 483 2571 corrobores,
515 2513 569 2560 et
593 2504 644 2558 in
674 2501 1092 2574 perseverantiae
1116 2498 1388 2555 soliditate
1405 2498 1721 2553 confirmes.

147 2595 335 2666 Sicque
368 2610 466 2650 me
498 2595 603 2649 tuis
628 2593 889 2648 altaribus
912 2591 1084 2646 facias
1108 2590 1402 2654 deservire,
1431 2597 1490 2643 ut
1533 2589 1600 2644 ad
1633 2603 1726 2644 eo-

147 2706 258 2746 rum
287 2690 378 2760 qui
411 2688 512 2744 tibi
540 2687 877 2760 placuerunt,
905 2684 1245 2756 sacerdotum
1268 2681 1600 2738 consortium
1626 2696 1724 2736 va-

146 2787 276 2834 leam
305 2779 619 2850 pervenire.
650 2776 718 2832 Et
737 2791 838 2847 per
857 2790 982 2830 eum
998 2772 1090 2828 tibi
1111 2767 1522 2842 sitacceptabile
1542 2779 1726 2826 votum

145 2884 339 2935 meum,
366 2868 466 2940 qui
497 2883 555 2924 se
586 2867 679 2922 tibi
706 2864 902 2921 obtulit
929 2864 981 2918 in
1013 2862 1364 2927 sacrificium,
1396 2860 1488 2931 qui
1513 2867 1727 2915 estom-

145 2963 288 3019 nium
333 2961 544 3034 opifex,
581 2970 634 3015 et
687 2958 833 3015 solus
856 2958 974 3014 sine
1010 2954 1224 3012 macula
1253 2952 1516 3025 pontifex,
1569 2949 1728 3008 Jesus

145 3054 391 3112 Christus
422 3053 686 3109 Dominus
708 3059 911 3107 noster.
939 3047 1045 3104 Per
1068 3061 1248 3118 quem.

866 3161 1008 3218 Alia.

213 3285 448 3342 Eterne
490 3283 652 3339 Deus.
692 3281 797 3337 Per
831 3279 1109 3336 Christum
1138 3275 1425 3332 Dominum
1460 3279 1726 3329 nostrum.

145 3375 245 3445 Qui
271 3392 374 3449 pro
397 3389 582 3430 amore
601 3372 882 3428 hominum
905 3368 1082 3424 factus
1105 3367 1159 3423 in
1184 3364 1590 3423 similitudinem
1611 3378 1731 3418 car-

146 3470 230 3524 nis
255 3465 490 3538 peccati,
526 3463 755 3521 formam
789 3460 936 3517 servi
965 3458 1224 3515 Dominus
1247 3454 1562 3526 assumpsit.
1591 3461 1647 3508 et
1675 3452 1729 3507 in

140 3560 325 3632 specie
348 3555 619 3612 vulnerati
646 3553 889 3609 medicus
909 3549 1220 3605 ambulavit.
1244 3546 1343 3602 Hic
1364 3545 1519 3601 nobis
1545 3543 1732 3599 Domi-

140 3668 245 3710 nus
271 3661 331 3709 et
361 3649 621 3721 magister
646 3646 862 3711 salutis,
903 3645 1198 3700 advocatus
1223 3640 1492 3710 etjudex,
1527 3639 1734 3696 sacriﬁ-

139 3745 328 3800 ficium
363 3751 420 3796 et
448 3739 716 3796 sacerdos.
747 3737 851 3792 Per
879 3736 1024 3791 hunc
1055 3744 1125 3800 te,
1155 3734 1380 3790 Domine
1402 3741 1610 3796 sancte,
1636 3729 1736 3786 Pa-

139 3842 226 3890 ter
251 3829 636 3898 omnipotens,
668 3825 980 3898 suppliciter
1007 3838 1174 3880 exoro
1199 3863 1214 3891 ,
1257 3830 1317 3878 ut
1357 3822 1483 3877 dum
1526 3828 1736 3876 reatum

135 3921 502 3982 conscientiae
531 3935 665 3976 mea:
691 3931 1051 3990 recognosco,
1083 3929 1190 3986 quo
1224 3914 1276 3970 in
1305 3913 1590 3984 praeceptis
1629 3911 1736 3968 tuis

137 4013 541 4090 pravaricator
568 4012 779 4075 exstiti,
817 4018 873 4066 et
896 4025 993 4082 per
1019 4008 1337 4066 delictorum
1376 4006 1586 4063 facinus
1609 4021 1735 4062 cor-

143 4107 229 4163 rui
262 4106 320 4161 in
353 4105 590 4160 ruinam.
619 4103 720 4165 Tu,
750 4101 996 4168 Domine,
1023 4100 1174 4171 erige
1209 4113 1369 4169 quem
1397 4097 1579 4169 lapsus
1609 4112 1739 4168 pec-

145 4197 252 4254 cati
284 4195 616 4268 prostravit;
650 4192 859 4249 illustra
893 4206 988 4248 cor
1025 4191 1169 4262 quod
1200 4198 1352 4247 tetra
1389 4196 1738 4260 peccatorum

147 4287 419 4358 caligines
471 4285 927 4349 obscuraverunt;
974 4281 1122 4338 solve
1159 4279 1518 4351 compeditum
1576 4293 1738 4350 quem

146 4380 372 4436 vincula
401 4387 745 4449 peccatorum
786 4375 1191 4446 constringunt;
1220 4380 1416 4445 praesta
1449 4387 1548 4444 per
1583 4385 1737 4425 eum-

149 4472 279 4529 dem
321 4479 572 4527 sanctum
605 4477 662 4524 et
694 4468 985 4540 gloriosum
1013 4474 1067 4522 et
1095 4465 1424 4521 adorandum
1455 4464 1740 4520 Dominum

2381 1965 2538 2035 Infra
2569 1964 2843 2019 actionem.

1894 2061 2046 2118 Hanc
2077 2060 2244 2132 igitur
2272 2057 2618 2120 oblationem,
2655 2047 2828 2132 quam
2861 2051 2959 2107 tibi
3004 2047 3280 2105 offerimus
3310 2059 3410 2116 pro

1824 2155 2025 2212 famulo
2064 2164 2157 2209 tuo
2198 2151 2290 2218 N.,
2332 2158 2392 2206 ut
2421 2163 2639 2205 omnem
2675 2154 3019 2218 peccatorum
3054 2155 3274 2197 suorum
3314 2154 3410 2193 ve-

1823 2247 1973 2303 niam
1998 2242 2260 2314 consequi
2292 2249 2589 2304 mereatur,
2617 2249 2956 2308 quaasumus,
3006 2230 3261 2294 Domine,
3297 2227 3413 2298 pla-
3503 2259 3524 2280 ..

1826 2344 1979 2393 catus
2003 2334 2263 2404 accipias,
2303 2340 2360 2387 et
2398 2329 2750 2387 miseratione
2779 2334 2883 2381 tua;
2918 2321 3184 2395 largitatis
3212 2333 3411 2376 conce-

1826 2427 1959 2492 das,
2004 2433 2063 2480 ut
2106 2423 2201 2478 fiat
2247 2422 2296 2477 ei
2343 2422 2410 2476 ad
2452 2419 2667 2475 veniam
2709 2415 3060 2477 delictorum,
3103 2418 3160 2465 et
3194 2418 3411 2465 actuum

1825 2518 2290 2580 emendationem;
2320 2522 2381 2569 ut
2407 2522 2463 2568 et
2488 2513 2576 2567 hic
2614 2511 2792 2565 valeat
2828 2510 2966 2565 bene
2993 2506 3208 2572 vivere,
3254 2511 3309 2559 et
3343 2503 3413 2557 ad

1827 2617 2085 2666 aeternam
2113 2605 2498 2662 beatitudinem
2526 2600 2758 2656 feliciter
2785 2596 3091 2670 pervenire.

2348 2730 2448 2770 Ριιο
2485 2727 2882 2769 ιτλιιιιιλιιιβυε.

1901 2809 2126 2866 Ᾱζιθτιιθ
2151 2807 2312 2863 Deus.
2353 2804 2708 2861 Clernentiam
2749 2811 2898 2858 tuam
2931 2799 3119 2872 pronis
3145 2795 3414 2853 mentibus

1829 2903 2202 2966 obsecrantes,
2234 2907 2293 2954 ut
2321 2896 2554 2952 famulos
2585 2905 2706 2952 tuos
2733 2903 2788 2952 et
2819 2892 3076 2955 famulas,
3110 2904 3248 2961 quos
3285 2903 3414 2944 san-

1829 3004 1933 3053 ctae
1957 2992 2261 3049 dilectionis
2293 2989 2668 3054 familiaritate
2714 2986 2868 3044 nobis
2913 2981 3277 3056 coniunxisti,
3321 2979 3417 3034 tibi

1832 3088 2001 3146 facias
2031 3097 2142 3146 toto
2171 3089 2334 3145 corde
2359 3086 2660 3158 subieCtos;
2687 3091 2747 3140 ut
2773 3092 2878 3138 tute
2900 3078 3184 3137 charitatis
3223 3075 3417 3146 spiritu

1756 3204 1804 3270 ο
1831 3179 2023 3252 repleti
2048 3220 2064 3246 ,
2094 3196 2124 3235 a
2158 3179 2385 3236 terrenis
2410 3177 2738 3233 mandentur
2766 3173 3152 3246 cupiditatibus
3170 3210 3185 3236 ,
3226 3176 3282 3223 et
3308 3181 3419 3222 cm-

1833 3271 1956 3328 lesti
1981 3272 2336 3334 beatitudine,
2374 3279 2426 3327 te
2458 3270 2716 3330 donante.
2763 3266 2910 3340 digni
2952 3263 3275 3322 efficiantur.
3315 3259 3421 3315 Per

1831 3358 2129 3422 Christum.

2390 3433 2545 3503 Infra
2574 3441 2850 3488 actionem.

1905 3528 2058 3584 Hanc
2083 3528 2249 3599 igitur
2276 3525 2603 3583 oblationem
2636 3523 2960 3579 famulorum
2990 3519 3424 3585 famularumque

1836 3630 2077 3687 tuarum,
2104 3634 2265 3691 quam
2293 3619 2391 3674 tibi
2425 3615 2718 3680 oﬂ‘erimus,
2753 3615 2824 3670 ob
2849 3612 3193 3668 devotionem
3227 3605 3424 3662 mentis

1836 3731 2050 3781 eorum,
2087 3714 2210 3784 pius
2245 3727 2308 3767 ac
2345 3695 2613 3782 propitius
2658 3707 2910 3763 clementi
2948 3704 3097 3760 vultu
3142 3698 3420 3771 accipias;

1839 3809 1936 3866 tibi
1983 3807 2347 3880 supplicantes
2384 3805 2558 3860 libens
2589 3811 2839 3873 protege,
2882 3797 3173 3870 dignanter
3195 3789 3423 3854 exaudi,

1837 3911 1894 3958 et
1921 3911 2120 3958 aeterna
2143 3897 2595 3970 eos‘protectione
2621 3909 2906 3959 conserva,
2931 3901 2990 3948 ut
3008 3905 3224 3962 semper
3252 3888 3304 3942 in
3334 3896 3425 3942 tua

1838 3992 2098 4063 religione
2142 3990 2425 4055 lmtantes,
2474 3988 2746 4042 instanter
2794 3985 2848 4040 in
2896 3991 3096 4039 sancte
3141 3977 3426 4035 Trinitatis

1840 4085 2178 4143 confessione
2201 4091 2257 4140 et
2285 4081 2390 4138 flde
2413 4079 2679 4138 catholica
2705 4081 3071 4150 perseverent.

2564 4190 2709 4246 Alia.

1909 4288 2134 4347 Eterne
2157 4287 2320 4344 Deus.
2351 4282 2517 4355 Cujus
2536 4279 2930 4353 omnipotentia
2954 4276 3288 4349 deprecanda
3318 4280 3427 4340 est,

1842 4381 2214 4440 misericordia
2257 4377 2553 4442 exoranda,
2602 4374 2776 4446 pietas
2819 4369 3213 4442 amplectenda.
3262 4363 3427 4433 Cujus

1845 4474 2186 4546 maiestatem
2213 4470 2401 4526 humili
2431 4482 2595 4540 prece
2618 4465 2991 4538 deposcimus,
3030 4470 3090 4516 ut
3131 4455 3348 4514 famulis
3373 4463 3430 4510 et

155 4574 408 4622 nostrum
422 4560 605 4616 Jesum
622 4558 898 4614 Christum
912 4555 1109 4611 Filium
1132 4563 1304 4640 tuum,
1333 4568 1493 4625 quem
1516 4553 1739 4619 laudant
1763 4569 1817 4630 υ
1842 4567 2147 4625 εεηιυιδδυε
2175 4565 2550 4622 remissionem
2578 4571 2924 4632 peccatorum
2949 4557 3172 4619 tribuas,
3205 4566 3426 4609 eorum-

148 4656 355 4730 angeli,
393 4653 568 4710 throni
597 4660 652 4708 et
679 4649 1090 4707 dominationes.
1121 4648 1255 4705 Cum
1279 4647 1496 4720 quibus,
1527 4654 1632 4702 etc.

724 4784 876 4856 Infra
903 4784 1180 4838 actionem.

223 4906 388 4963 Hanc
423 4903 588 4975 igitur
621 4901 971 4966 oblationem,
1021 4913 1184 4970 quam
1222 4897 1340 4964 tibi,
1379 4895 1627 4962 Domine,
1665 4895 1740 4951 of-

152 5001 304 5062 fero,
350 5011 452 5066 pro
491 4993 730 5065 peccatis
770 4993 906 5047 meis
943 4991 1125 5047 nimiis
1150 4999 1312 5060 atque
1338 4987 1745 5054 offensionibus,

151 5091 502 5162 maiestatem
529 5093 674 5140 tuam
707 5083 831 5139 totis
857 5081 1247 5148 viribus,Deus
1267 5079 1530 5151 piissime,
1556 5077 1747 5133 humili

151 5195 320 5252 prece
350 5178 586 5249 deposco
618 5175 906 5246 dignanter
939 5173 1241 5244 suscipias,
1283 5187 1517 5228 exorans
1557 5181 1617 5227 ut
1658 5186 1749 5227 re-

156 5273 352 5328 mittas
385 5271 616 5327 crimina
651 5281 773 5339 quae
811 5267 994 5322 carnis
1030 5264 1323 5337 fragilitate
1370 5275 1534 5335 atque
1579 5273 1750 5320 tenta-

153 5365 307 5419 tione
349 5361 660 5431 iniquorum
699 5359 986 5428 spirituum
1024 5356 1273 5426 nequiter
1312 5355 1540 5421 admisi,
1586 5355 1750 5410 etiam

156 5454 306 5509 ultra
341 5452 411 5506 ad
436 5460 532 5507 eas
563 5466 669 5506 non
700 5450 847 5506 sinas
882 5448 1112 5513 reverti,
1158 5447 1253 5502 sed
1287 5445 1546 5502 confirma
1573 5461 1660 5500 me
1695 5446 1751 5501 in

149 5542 641 5616 iustificationibus
673 5542 795 5605 tuis,
838 5549 892 5596 et
928 5538 1388 5611 perseverantiam
1415 5537 1545 5592 mihi
1579 5537 1755 5593 tribue

157 5637 214 5694 in
256 5635 390 5701 illis,
439 5643 494 5688 et
535 5632 621 5689 fac
664 5648 751 5688 me
797 5634 1016 5702 dignum
1061 5640 1184 5686 ante
1218 5641 1566 5702 conspectum
1604 5638 1754 5684 tuum

157 5736 372 5790 astare,
401 5723 840 5792 sacrificiumque
867 5723 963 5778 tibi
992 5722 1219 5777 Domino
1256 5728 1409 5776 casto
1446 5733 1672 5790 corpore
1701 5725 1757 5774 et

157 5817 376 5877 mundo
401 5816 563 5873 corde
591 5815 750 5887 digne
772 5813 1016 5871 offerrre.
1043 5813 1150 5871 Per
1174 5813 1469 5870 Christum.

1846 4675 1952 4732 que
1977 4659 2091 4714 vias
2121 4659 2174 4712 in
2212 4666 2300 4712 tua
2331 4655 2608 4710 voluntate
2634 4651 2866 4720 dirigas,
2904 4661 3106 4718 eosque
3147 4659 3178 4699 a
3215 4641 3429 4699 cunctis

1850 4751 2008 4808 malis
2044 4749 2276 4819 eripias,
2315 4755 2583 4817 quatenus
2617 4743 2686 4799 ab
2724 4741 2974 4798 omnibus
3013 4734 3429 4794 adversitatibus

1847 4842 2008 4909 eruti,
2041 4840 2150 4894 tuis
2179 4838 2333 4894 donis
2361 4833 2667 4898 confortati,
2710 4840 2767 4888 et
2811 4830 2880 4886 ad
2915 4829 3176 4885 bonorum
3214 4823 3427 4880 deside-

1849 4932 2056 4988 riorum
2103 4936 2226 4983 vota
2264 4925 2608 4997 perveniant;
2649 4933 2704 4979 et
2745 4936 2867 4993 qua:
2893 4919 3037 4991 iuste
3073 4915 3345 4988 postulant
3375 4921 3431 4968 te

1849 5023 2114 5096 largiente
2138 5020 2458 5092 percipiant.
2486 5018 2591 5074 Per
2618 5014 2918 5072 Christum.

2195 5153 2296 5192 PRO
2329 5147 2636 5199 QUACUNQUE
2675 5140 3087 5186 TRIBULATIONE.

1926 5231 2153 5288 IEterne
2173 5230 2335 5286 Deus.
2363 5203 2465 5295 Qui
2490 5223 2838 5296 fragilitatem
2865 5227 3105 5276 nostram
3127 5228 3230 5270 non
3257 5210 3433 5268 solum

1853 5323 2282 5385 misericorditer
2311 5309 2465 5377 doliis
2492 5317 2880 5390 temporalibus
2901 5308 3220 5372 consolaris,
3248 5314 3310 5361 ut
3333 5318 3432 5360 nos

1855 5420 1922 5476 ad
1961 5427 2162 5475 aeterna
2199 5401 2500 5487 provehas,
2540 5411 2634 5468 sed
2672 5410 2835 5466 etiam
2866 5407 2995 5478 ipsis
3021 5398 3433 5459 adversitatibus

1855 5512 2036 5570 saaculi
2067 5512 2332 5582 benignus
2357 5508 2561 5575 erudis,
2598 5515 2658 5562 ut
2693 5507 2762 5563 ad
2783 5504 3023 5562 cmlestia
3051 5514 3216 5574 regna
3241 5493 3435 5568 perdu-

1855 5622 1970 5663 cas.
2000 5606 2108 5662 Per
2130 5604 2425 5660 Christum.

2313 5730 2414 5788 Ριιο
2450 5728 2613 5770 Διιῠο
2648 5725 2972 5770 τιιιιιυιλτο.

1928 5808 2155 5866 ιλΕιθιΊιθ
2187 5805 2481 5874 Deus.'Qui
2513 5820 2573 5862 es
2610 5805 2878 5876 iustorum
2921 5799 3090 5872 gloria
3135 5804 3188 5851 et
3229 5789 3438 5848 miseri-
