3954 6342
624 272 732 330 923

1225 272 1555 330 GRIMALDI
1598 272 1933 329 SANGALL.
1976 275 2125 330 ABB.
2166 277 2291 332 LIB.
2336 275 2637 331 SACRAM.
2664 304 2734 315 —-
2763 272 2992 328 PREF.
3031 270 3255 342 ANTIQ.
3708 281 3776 339 ωδ

619 388 805 442 cordia
832 397 1202 458 peccatorum,
1235 391 1492 460 pietatem
1541 398 1689 444 tuam
1718 389 1905 445 humili
1939 407 2095 461 prece
2121 392 2205 447 de-
2234 399 2280 456 Α
2310 408 2640 463 qumsumus,
2672 392 2915 461 placatus
2943 391 3199 446 intende:
3227 405 3325 460 pro
3351 405 3451 461 quo
3477 392 3692 464 maiestati
3711 406 3778 457 tua

619 479 897 550 poscimus
921 487 1001 544 ut,
1030 480 1394 535 intercedente
1421 480 1579 536 beata
1605 476 1699 535 Dei
1731 482 1991 553 genitrice
2013 480 2203 549 Maria,

618 569 978 642 omnibusque
1022 571 1227 626 sanctis
1277 571 1404 639 tuis,
1450 571 1709 626 famulum
1746 580 1894 626 tuum
1940 572 2205 641 benignus

618 662 898 734 respicias,
932 671 986 716 et
1008 662 1225 733 pietatis
1255 672 1358 718 ιιιιιξ
1385 664 1684 719 custodiam
1707 660 1757 717 ei
1780 662 2082 734 impendas,
2125 672 2230 722 at-.

615 767 722 823 que
746 753 814 808 ab
836 754 981 809 omni
1009 754 1355 811 tribulatione
1386 765 1439 811 et
1465 756 1713 827 angustia
1742 754 1941 825 eripias
1964 797 1978 821 ,
2017 764 2204 825 quate-

613 858 717 900 nus
743 860 810 901 ex
839 853 954 903 toto
993 847 1156 903 corde
1202 857 1257 903 et
1297 864 1361 905 ex
1402 857 1514 904 tota
1556 856 1739 904 mente
1777 848 1877 904 tibi
1913 848 2201 916 deserviat,

609 949 664 997 et
691 940 790 996 sub
824 950 912 996 tua
947 958 1165 1012 semper
1192 942 1532 1013 protectione
1562 942 1854 1007 consistat,
1890 954 1952 996 ut
1990 943 2203 1013 quando

609 1033 658 1087 ci
689 1043 934 1089 extrema
963 1034 1078 1089 dies
1102 1034 1343 1101 venerit,
1384 1033 1699 1091 societatem
1737 1043 2048 1089 sanctorum
2076 1051 2202 1105 per-

608 1123 809 1193 cipiat,
841 1133 893 1180 et
926 1126 1197 1196 possideat
1234 1142 1357 1181 cum
1390 1127 1470 1182 eis
1501 1125 1617 1182 sine
1644 1125 1753 1180 ﬁne
1780 1125 2199 1182 inenarrabilem

605 1213 856 1286 gloriam.
883 1216 986 1272 Per
1009 1217 1304 1273 Christum.

1175 1328 1329 1399 Infra
1366 1329 1641 1383 actionem.

678 1416 831 1475 Hanc
859 1419 1024 1490 Igitur
1053 1418 1382 1475 oblationem
1424 1435 1586 1488 quam
1631 1418 1726 1473 tibi
1764 1415 2065 1486 offerimus,
2098 1419 2201 1475 Do-

602 1511 775 1580 mine,
819 1529 919 1585 pro
956 1513 1277 1571 liberatione
1320 1523 1376 1570 et
1407 1514 1777 1571 consolatione
1809 1514 1993 1570 famuli
2026 1515 2101 1569 tui
2133 1512 2198 1569 N.

606 1619 803 1661 sereno
827 1606 983 1661 vultu
1009 1615 1251 1678 accepta,
1282 1615 1343 1661 ut
1374 1622 1481 1661 non
1517 1622 1641 1662 eum
1668 1605 1816 1663 fraus
1846 1608 2077 1662 humana
2107 1607 2200 1662 de-

597 1693 785 1768 jiciat;
830 1713 936 1753 non
966 1706 1057 1753 tua
1091 1698 1347 1754 divinitas
1371 1714 1434 1754 ex
1456 1698 1664 1767 judicio
1698 1699 1919 1771 puniat;
1962 1714 2066 1754 non
2100 1713 2194 1754 ca-

603 1787 860 1858 stigatum
882 1788 1095 1859 iustitia
1122 1806 1510 1862 usquequaque
1529 1792 1838 1865 demergat;
1863 1808 1968 1847 non
1995 1790 2193 1861 iniqui-

603 1889 687 1936 tas
717 1885 953 1952 propria,
994 1897 1101 1937 non
1129 1882 1429 1937 adversitas
1460 1892 1721 1955 aggravet
1747 1883 1943 1938 aliena.
1982 1881 2039 1938 Si
2066 1880 2194 1952 quid

601 1971 701 2028 tibi
738 1971 998 2041 deliquit,
1043 1973 1293 2045 ignosce;
1327 1973 1371 2029 si
1411 1974 1539 2044 quid
1576 1973 1836 2029 oﬂ‘endit‘
1861 1975 2190 2041 hominibus,

600 2048 660 2117 tu
690 2063 928 2131 dimitte;
972 2065 1233 2121 submove
1275 2065 1344 2120 ab
1390 2079 1455 2120 eo
1497 2066 1770 2121 cruciatus
1809 2067 2005 2121 mentis
2035 2066 2194 2122 simul

600 2162 657 2209 et
685 2154 949 2225 corporis,
977 2163 1038 2209 ut
1067 2163 1120 2210 te
1156 2165 1514 2226 compunctus
1548 2158 1810 2227 requirat,
1860 2173 1889 2212 a
1932 2165 1983 2213 te
2019 2165 2193 2214 tactus

496 2240 503 2251 ’
602 2236 891 2317 diligenter
914 2247 1186 2318 exquirat.

706 2407 710 2411 <
1193 2381 1297 2422 PRO
1340 2380 1593 2421 INFIRIIS.

676 2456 905 2533 [Eterne
940 2457 1104 2519 Deus.
1133 2457 1234 2526 Qui
1266 2457 1498 2514 famulos
1534 2467 1652 2514 tuos
1690 2458 1809 2514 ideo
1840 2455 2194 2528 corporaliter

595 2551 855 2606 verberas
882 2558 942 2605 ut
977 2557 1159 2615 mente
1187 2548 1506 2620 proficiant,
1539 2557 1594 2603 et
1629 2548 1900 2620 patienter
1923 2546 2190 2614 ostendis,

598 2640 742 2711 quod
779 2640 849 2696 sit
874 2640 1091 2711 pietatis
1120 2648 1222 2698 tua:
1244 2640 1504 2712 praeclara
1529 2639 1777 2706 salvatio,
1806 2640 1933 2694 dum
1964 2645 2191 2709 praestas

595 2739 656 2785 ut
686 2739 941 2803 operetur
966 2730 1123 2786 nobis
1152 2731 1317 2786 etiam
1360 2731 1479 2803 ipsa
1524 2730 1811 2786 infirmitas
1845 2730 2187 2786 medicinam.

597 2819 950 2877 Clementiam
995 2822 1159 2895 igitur
1201 2831 1347 2877 tuam
1393 2824 1582 2895 pronis
1624 2824 1896 2879 mentibus
1935 2822 2190 2879 obsecra-

595 2926 739 2977 mus,
780 2921 841 2968 ut
882 2909 1086 2969 famulo
1121 2921 1213 2969 tuo
1257 2912 1321 2969 N.
1352 2912 1579 2971 salutem
1607 2917 1807 2972 mentis
1841 2924 1896 2970 et
1923 2916 2190 2986 corporis,

599 3014 655 3060 et
683 3006 952 3063 continuae
978 3008 1356 3080 prosperitatis
1380 3015 1669 3079 augmenta
1706 3006 1890 3078 largiri
1928 3000 2185 3077 digneris.

597 3093 703 3153 Per
725 3097 1021 3155 Christum.

1172 3208 1274 3248 PRO
1314 3207 1611 3250 DEFUNCTO.

671 3279 899 3339 Eterne
932 3281 1097 3339 Deus.
1138 3281 1242 3340 Per
1274 3282 1549 3341 Christum
1590 3283 1878 3340 Dominum
1917 3293 2186 3355 nostrum,

599 3386 699 3443 per
733 3387 893 3442 quem
917 3372 1064 3430 salus
1087 3374 1291 3430 mundi.
1331 3373 1436 3431 Per
1470 3390 1630 3446 quem
1666 3376 1776 3431 vita
1804 3376 2065 3445 omnium,
2094 3370 2193 3449 per

600 3479 763 3522 ouem
791 3479 1021 3533 resurr.,
1057 3474 1186 3535 etc.,
1216 3476 1277 3524 ut
1300 3467 1442 3524 inter
1466 3466 1653 3524 Ambr.

1160 3581 1319 3653 Infra
1347 3585 1628 3639 actionem.

675 3673 827 3733 Hanc
854 3675 1020 3749 igitur
1038 3676 1389 3742 oblationem,
1420 3676 1666 3743 Domine,
1694 3690 1857 3747 quam
1884 3675 1981 3730 tibi
2007 3674 2188 3731 offeri-

597 3784 721 3825 mus
749 3784 846 3838 pro
872 3770 1053 3826 anima
1077 3768 1263 3825 famuli
1290 3771 1366 3825 tui
1390 3768 1452 3824 N.
1481 3770 1636 3841 cujus
1666 3770 2019 3840 depositionis
2046 3769 2191 3826 diem

596 3859 957 3926 celebramus,
985 3876 1093 3931 quo
1118 3863 1361 3932 deposito
1387 3877 1614 3933 corpore
1639 3862 1878 3918 animam
1902 3863 1998 3917 tibi
2025 3862 2191 3919 Crea—

598 3950 703 4005 tori
730 3951 992 4018 reddidit,
1031 3968 1193 4022 quam
1225 3953 1458 4021 dedisti,
1488 3970 1827 4023 quaesumus,
1858 3965 1915 4010 ut
1944 3955 2190 4025 placatus

598 4040 985 4113 intendas,pr_o
1006 4060 1113 4114 quo
1132 4045 1368 4121 petimus
1384 4045 1625 4101 divinam
1647 4046 1990 4102 clementiam
2017 4056 2186 4113 tuam,

597 4140 658 4186 ut
684 4133 876 4188 mortis
901 4134 1132 4190 vinculis
1155 4136 1454 4204 absolutus,
1486 4138 1778 4192 transitum
1809 4148 2086 4194 mereatur
2120 4138 2190 4199 ad

598 4223 792 4289 vitam.
821 4222 929 4282 Per
953 4223 1252 4281 Christum.

1048 4354 1152 4399 ιιιιο
1186 4356 1395 4397 ΔΒΒΔΤΙ
1433 4355 1735 4398 ῡεπυαρτο.

669 4428 899 4489 literne
926 4431 1092 4490 Deus.
1129 4416 1396 4501 Quoniam
1435 4433 1687 4503 quamvis
1728 4433 1966 4490 humano
2000 4435 2189 4507 generi

2309 482 2575 553 supplices
2610 481 2884 537 fundimus
2931 490 3153 551 preces,
3198 489 3255 536 ut
3290 494 3413 536 eum
3444 483 3494 537 in
3519 499 3697 542 nmero
3718 490 3778 546 tibi

2308 573 2612 644 placentum
2642 574 2876 639 censeri,
2904 572 3077 629 facias
3099 574 3455 629 sacerdotum.

2672 704 2725 742 IN
2761 702 2916 743 UNHJS
2954 702 3191 743 EPISCOPI
3231 700 3487 745 TBANSITU

2378 780 2608 837 Eterne
2653 781 2813 836 Deus.
2857 780 3119 851 Devmam
3159 780 3488 836 clementiam
3530 788 3649 836 tuam
3680 785 3779 841 obst-

2305 876 2545 937 crantes,
2576 882 2641 928 ut
2672 873 2912 928 animam
2950 871 3139 929 famuli
3170 873 3247 928 tui
3279 882 3332 927 et
3357 873 3570 944 episcopi
3600 877 3658 928 tui
3684 875 3728 929 Ν.
3747 878 3778 932 in

2302 965 2601 1022 electorum
2645 966 2854 1021 tibimet
2890 966 3209 1037 pontiﬁcum
3238 980 3458 1023 numero
3480 965 3642 1036 iubeas
3665 970 3780 1024 consi-

2304 1068 2451 1114 stere
2474 1058 2813 1128 gaudenter;
2846 1066 2907 1113 ut
2936 1058 3028 1127 qui
3056 1058 3146 1113 hic
3183 1067 3271 1112 tuo
3298 1072 3396 1127 pro
3414 1059 3490 1112 eis
3519 1058 3695 1130 supplex
3719 1059 3779 1114 de-

2305 1150 2578 1205 serviebat
2607 1149 2789 1215 altari,
2816 1149 3053 1220 gloriosa
3081 1148 3191 1204 illic
3218 1164 3340 1205 cum
3374 1149 3451 1204 eis
3486 1156 3565 1204 tua
3594 1159 3780 1205 mercatu

2303 1238 2462 1295 laude
2490 1238 2901 1295 communicari.
2926 1237 3033 1294 Per
3062 1237 3336 1297 Christum

2864 1351 3019 1421 Infra
3054 1353 3332 1407 actionem.

2376 1442 2529 1498 Hanc
2558 1443 2723 1513 igitur
2749 1441 3100 1509 oblationem,
3142 1458 3306 1512 quam
3350 1442 3439 1498 tibi
3476 1440 3697 1499 oderimus
3718 1460 3779 1514 pro

2305 1540 2823 1590 commemoratione
2857 1535 3211 1607 depositionis
3252 1534 3443 1590 animae
3477 1534 3631 1591 famuli
3654 1546 3692 1591 et
3708 1538 3779 1608 cpi

2304 1628 2453 1698 scopi
2483 1628 2560 1683 tui
2592 1627 2683 1693 N.,
2709 1643 3052 1699 quzesumus,
3095 1625 3356 1695 Domine,
3387 1637 3443 1683 ut
3473 1620 3670 1700 placatus
3688 1628 3779 1685 acci-

2301 1718 2439 1789 pias,
2488 1727 2543 1773 et
2579 1735 2739 1790 quem
2767 1721 3077 1790 incorpore
3111 1720 3461 1777 constitutum
3497 1719 3615 1775 satis
3636 1730 3776 1792 aposto-

2301 1798 2419 1863 lica:
2445 1809 2812 1881 gubernaculo
2840 1825 3077 1880 prmesse
3098 1810 3342 1879 voluisti,
3367 1810 3419 1866 in
3442 1810 3683 1867 electorum
3698 1819 3774 1868 too-

2295 1914 2418 1954 rum
2442 1916 2669 1955 numeru
2694 1901 2987 1957 constitue.

2624 2015 2637 2027 ’
2665 2027 2716 2066 IN
2759 2027 3030 2068 TBANSI‘I'U
3067 2028 3226 2069 UNIIIS
3262 2027 3507 2069 IONLCII.

2368 2102 2591 2159 literne
2624 2104 2787 2160 Deus.
2823 2104 2926 2172 Qui
2954 2105 3113 2161 nobis
3136 2106 3192 2159 in
3217 2105 3435 2162 Christo
3457 2104 3580 2160 Filio
3610 2112 3678 2160 tuo
3701 2103 3775 2183 uti:
3835 2144 3845 2161 .

2293 2196 2477 2268 genito
2517 2194 2745 2251 Domino
2784 2204 3005 2261 nostro,
3054 2210 3211 2265 spem
3256 2196 3428 2251 beata:
3466 2193 3770 2257 resurrectionit

2292 2286 2636 2351 concessisti,
2673 2295 2890 2356 praesta,
2925 2302 3261 2356 qumsumus,
3302 2293 3361 2341 ut
3384 2284 3547 2340 anima
3573 2281 3769 2338 famulitii

2290 2375 2385 2441 N.,
2411 2392 2510 2447 pro
2534 2391 2640 2447 qua
2664 2378 2767 2433 hoc
2789 2375 3120 2435 sacriﬁcium
3143 2376 3519 2448 redemptionis
3544 2384 3770 2431 nostram

2292 2466 2571 2527 offerimus
2610 2466 2914 2539 maiestati,
2956 2468 3025 2524 ab
3057 2469 3205 2523 omni
3245 2468 3442 2525 munda
3469 2467 3605 2524 sorde
3622 2465 3769 2537 peccati,

2293 2559 2363 2616 ad
2394 2559 2566 2614 beatae
2592 2560 3008 2623 resurrectionis
3036 2559 3308 2629 requiem,
3334 2567 3388 2614 te
3417 2559 3676 2623 miserante,
3694 2571 3770 2613 cun

2292 2652 2466 2709 servis
2491 2653 2598 2708 tuis
2627 2653 2912 2710 pervenire
2936 2660 3234 2709 mereatur.
3260 2650 3367 2707 Per
3391 2652 3627 2709 eumdem.

2845 2766 3002 2838 Infra
3034 2768 3318 2823 actionem.

2360 2878 2516 2937 Hanc
2551 2879 2716 2953 igitur
2753 2880 3103 2948 oblationem,
3147 2897 3314 2952 quam
3350 2880 3443 2936 tibi
3468 2893 3556 2951 pro
3576 2870 3771 2967 animab-

2292 2973 2424 3028 muli
2452 2974 2529 3028 tui
2555 2972 2620 3028 N.
2650 2974 2901 3029 monachi
2927 2973 3226 3039 offerimus,
3255 2988 3415 3045 quem
3438 2974 3499 3028 de
3517 2968 3678 3026 carnali
3693 2980 3770 3020 cor-

2292 3068 2543 3139 ruptione
2570 3067 2812 3124 liberasti
2830 3109 2846 3135 ,
2889 3084 3197 3138 quaesumus
3222 3110 3237 3134 ,
3271 3068 3517 3131 Domine,
3542 3062 3771 3135 utplacatus

2216 3134 2267 3200 (ἶ
2296 3134 2532 3228 accipias
2550 3175 2564 3225 ;
2589 3167 2644 3214 et
2671 3134 2931 3229 quidquid
2954 3160 3204 3214 humana:
3221 3158 3536 3215 conditionis
3551 3152 3771 3224 obreptiotte

2262 3249 2569 3308 .contraxit
2604 3248 2717 3303 vitii
2759 3248 2973 3313 deleas;
3027 3258 3088 3304 ut
3127 3249 3239 3304 tuis
3270 3248 3539 3320 purificata
3575 3241 3770 3305 remediis,

2288 3339 2363 3394 ad
2390 3340 2646 3411 gaudium
2678 3341 2961 3411 perveniat
2984 3341 3381 3411 sempiternum

2708 3471 2809 3512 eno
2845 3460 3103 3513 PLURIBUS
3142 3468 3458 3515 nsruucrts.

2364 3562 2590 3625 Eterne
2613 3568 2776 3626 Deus.
2802 3567 2903 3639 Qui
2930 3571 3084 3628 nobis
3112 3571 3165 3626 in
3192 3570 3414 3628 Christo
3438 3567 3668 3642 unigenito
3686 3563 3771 3621 Filio

2288 3652 2386 3720 tuo
2414 3662 2644 3720 Domino
2666 3673 2852 3721 nostro
2875 3680 3027 3735 spem
3053 3664 3230 3722 beatae
3255 3661 3633 3721 resurrectionis
3648 3668 3770 3715 conce-

2290 3753 2440 3826 pisti,
2471 3763 2689 3826 praesta,
2721 3769 3053 3825 quaesumus,
3083 3762 3141 3809 ut
3167 3755 3367 3810 animae
3386 3796 3401 3820 ,
3428 3769 3518 3825 pro
3541 3750 3691 3822 quibus
3710 3746 3769 3799 hoc

2290 3843 2617 3901 sacrificium
2651 3846 3033 3917 redemptionis
3080 3856 3286 3901 nostrae
3332 3854 3433 3900 tuae
3464 3840 3771 3898 oderimusm

2285 3936 2503 4009 jestati,
2547 3937 2618 3993 ad
2653 3936 2826 3994 beata:
2862 3938 3284 3994 resurrectionis
3320 3934 3573 4007 requiem,
3602 3939 3643 3985 te
3667 3926 3769 3981 mist.

2293 4037 2470 4098 rante,
2511 4045 2635 4085 cum
2677 4030 2880 4086 sanctis
2925 4028 3029 4086 tuis
3066 4030 3359 4100 pervenire
3404 4031 3680 4084 mereantur.
3708 4012 3771 4071 Ρα

2291 4114 2589 4176 Christum.
2616 4138 2617 4145 η
2650 4106 2660 4116 ’
3108 4115 3112 4119 ’

2854 4209 3009 4282 Infra
3038 4212 3323 4266 actionem.

2362 4320 2513 4388 Hanc
2544 4324 2710 4396 igitur
2736 4323 3099 4390 oblationem,
3130 4324 3378 4392 Domine,
3411 4312 3770 4396 quzesumusmlt-

2292 4424 2446 4471 catus
2472 4416 2708 4480 intende,
2743 4432 2902 4488 quam
2936 4433 3035 4489 pro
3061 4419 3348 4474 animabus
3370 4416 3587 4473 omnium
3612 4407 3770 4465 fidelium

592 4523 792 4579 mortis
822 4522 968 4579 illata
996 4523 1234 4580 conditio
1256 4533 1477 4594 pectora
1518 4532 1700 4579 nostra
1740 4504 2061 4594 contristet,
2105 4535 2189 4582 ta-
2213 4510 2267 4571 D
2294 4506 2672 4563 defunc‘omm
2697 4516 2800 4564 ῑυθθ
2821 4509 3093 4581 supplices
3117 4511 3433 4567 θιιιίῦεωυε
3459 4504 3637 4580 Neu“,
3655 4510 3771 4594 ¹¹¹Ρῗ¹

597 4632 722 4673 men
750 4616 1054 4674 clementiae
1082 4625 1190 4693 tua:
1215 4619 1378 4684 dono,
1415 4633 1511 4688 spe
1538 4615 1735 4674 futurae
1762 4620 2186 4678 immortalitatis

590 4708 875 4779 erigimur,
905 4723 973 4765 ac
1002 4724 1272 4766 memores
1296 4709 1485 4767 salutis
1513 4718 1754 4777 aeternae,
1789 4726 1896 4768 non
1930 4713 2184 4771 timemus

590 4803 732 4861 lucis
773 4804 934 4877 hujus
978 4807 1252 4863 sustinere
1279 4808 1573 4879 iacturam.
1614 4807 1881 4876 Quoniam
1920 4811 2184 4868 beneficio

592 4897 784 4966 gratia
815 4905 918 4953 tua
947 4897 1195 4955 ﬁdelibus
1220 4900 1329 4954 vita
1366 4916 1473 4957 non
1515 4900 1738 4967 tollitur,
1778 4903 1873 4958 sed
1906 4911 2182 4971 mutatur,

595 4993 759 5055 atque
807 4988 1003 5043 animm
1048 5004 1309 5059 corporeo
1352 4991 1627 5062 ergastulo
1676 4991 1917 5049 liberata:
1958 4992 2186 5053 horrent

595 5078 868 5145 mortalia,
899 5081 1026 5137 dum
1054 5082 1379 5140 immortalia
1407 5097 1831 5156 consequuntur.
1863 5086 2014 5143 Unde
2038 5105 2185 5159 quaa-

588 5183 786 5239 sumus
809 5181 871 5229 ut
897 5172 1132 5232 famulus
1168 5186 1291 5232 tuus
1319 5176 1382 5231 N.
1414 5178 1467 5232 in
1508 5179 1870 5236 tabernaculis
1902 5180 2182 5238 beatorum

593 5263 960 5335 constitutus,
1009 5269 1249 5325 evasisse
1306 5268 1553 5325 carnales
1605 5284 1663 5325 se
1709 5271 1972 5341 glorietur
2013 5289 2181 5345 angu-

581 5357 729 5425 stias
749 5397 764 5424 ,
795 5358 1045 5432 diemque
1065 5358 1256 5429 judicii
1294 5377 1416 5416 cum
1460 5362 1652 5417 fiducia
1681 5373 1807 5417 voto
1839 5363 2183 5437 gloriﬁcatio—

590 5450 679 5508 nis
704 5460 1001 5522 exspectet.
1032 5451 1138 5507 Per
1162 5452 1456 5508 Christum.

1146 5565 1302 5637 Infra
1335 5569 1610 5623 actionem.

665 5656 818 5713 Hanc
862 5656 1027 5727 igitur
1066 5655 1414 5722 oblationem,
1462 5658 1709 5729 Domine,
1745 5677 1905 5732 quam
1949 5664 2043 5720 tibi
2085 5680 2183 5738 pro

591 5747 929 5830 depositione
964 5746 1155 5807 famuli
1194 5758 1248 5806 et
1290 5749 1588 5807 sacerdotis
1632 5753 1707 5807 tui
1756 5751 1822 5808 N.
1866 5741 2180 5828 deferimus,

2294 4602 2410 4657 haec
2439 4612 2629 4659 sancta
2661 4604 2917 4676 mysteria
2948 4605 3019 4660 ab
3055 4605 3307 4661 omnibus
3347 4602 3585 4660 absoluta:
3611 4587 3771 4667 ρθςαιὶε

2294 4703 2511 4750 aeternae
2536 4696 2890 4752 beatitudinis
2915 4699 3208 4769 participes
3231 4696 3535 4754 efﬁciantur.

2838 4808 2845 4813 ’
2873 4826 2974 4867 eno
3012 4826 3285 4867 PLURIBUS.

2366 4919 2594 4977 )Eterne
2630 4922 2789 4978 Deus.
2831 4919 2937 4979 Per
2976 4924 3254 4981 Christum
3294 4922 3559 4978 Dominum
3583 4921 3782 4972 nostrum.-

2295 5013 2386 5084 qui
2414 5013 2649 5083 seipsqu
2689 5029 2790 5084 pro
2832 5016 2987 5071 nobis
3027 5014 3225 5071 obtulit
3263 5012 3615 5070 immolandum
3670 4999 3769 5069 cui"s

2293 5113 2467 5159 morte
2492 5104 2601 5158 vita
2636 5104 2792 5160 nobis
2817 5105 3013 5161 collata
3044 5115 3129 5162 est
3155 5108 3503 5179 sempiterna,
3530 5099 3605 5171 qui
3627 5101 3769 5153 sancu'

2294 5211 2412 5250 rum
2451 5195 2686 5251 fidelium
2719 5212 2843 5268 spes
2871 5207 2955 5253 est
2978 5197 3302 5264 animarum,
3331 5181 3769 5258 meritorumque”

2294 5306 2485 5345 norum
2528 5287 2668 5343 idem
2709 5302 3085 5353 remunerator
3122 5291 3212 5361 qui
3251 5299 3305 5346 et
3338 5287 3626 5344 dominator.
3652 5270 3767 5332 Unde.

2290 5397 2634 5453 quaesumus,
2678 5380 2873 5435 animm
2918 5380 3241 5437 famulorum
3281 5377 3663 5440 famularumque
3694 5372 3767 5458 ῑυις

2291 5489 2448 5537 rum,
2497 5472 2740 5529 omnium
2792 5472 3025 5528 fidelium
3076 5473 3474 5534 defunctorum,
3519 5464 3765 5520 remuneran

2288 5565 2457 5640 gloria
2485 5576 2800 5621 mereantur
2825 5576 3025 5621 :eterna
3045 5608 3058 5629 ,
3103 5582 3223 5621 cum
3269 5566 3403 5620 idem
3450 5562 3550 5631 ipse
3583 5545 3764 5608 Βὺῐυίηυ⁵

2288 5668 2475 5716 noster
2501 5657 2660 5715 Jesus
2694 5657 2941 5713 Christus
2974 5659 3025 5713 in
3056 5659 3225 5731 gloria
3262 5676 3352 5715 sua
3387 5650 3573 5712 venerit
3594 5649 3763 5703 cum”?

2288 5753 2422 5828 gelis
2444 5753 2576 5810 suis.
2609 5748 2714 5807 Per
2735 5765 2915 5821 quem.
