3954 6342
704 336 867 392 MILO
907 329 1283 391 MONACHUS
1324 329 1383 385 S.
1425 327 1712 383 AMAhD..
1752 355 1822 365 -
1858 321 2137 380 NOTITIA
2194 322 2582 377 ﬂib'l‘UIuLA.
3236 318 3342 374 9‘16

1684 439 1973 510 Apliciler
2016 436 2388 500 immolamus,
2454 445 2802 504 quaesumus,
2865 430 3129 497 Domine,
3188 429 3343 485 beni-

1766 546 1903 603 gnus
1933 528 2201 599 accipias,
2243 537 2297 582 et
2340 535 2431 581 tua
2479 525 2680 595 pietate
2717 523 2983 579 concedas
3019 529 3080 575 ut
3109 528 3163 576 et
3188 518 3348 575 nobis

83 346 175 404 9ὶὸ

645 494 795 565 Infra
817 493 1094 549 actionem.

1765 619 2015 692 proﬁciat
2042 618 2203 689 hujus
2227 616 2444 688 pietatis
2466 615 2715 683 affectus,
2742 622 2796 669 et
2822 612 2926 669 illis
2947 613 3199 683 impetret
3217 610 3348 667 bea-

1765 710 2049 775 titudinem
2079 709 2479 781 sempiternam.

160 630 263 709 (A.)
296 628 444 685 Hanc
472 620 633 703 igitur
656 625 1017 690 oblationem,
1056 638 1219 695 quam
1255 623 1351 679 tibi
1378 637 1479 693 pro
1508 636 1658 677 com-

96 720 464 784 memoratione
497 733 805 773 animarum
836 718 894 773 in
933 731 1068 788 pace
1103 715 1496 773 dormientium
1529 728 1659 783 sup-

1038 1035 1546 1117 GRIMALDI
1628 1031 1761 1109 ET
1813 1019 2368 1117 ΔΤΑΤΤΟΝΙΞ»

1321 1191 1429 1252 ΑΙ)
1474 1185 2074 1258 REGINBERTUM,

954 1332 1336 1413 Magistrum
1366 1329 1605 1393 Schola:
1632 1325 1999 1389 monasterii
2036 1326 2242 1388 sancti
2279 1322 2474 1401 Galli,

1408 1478 2013 1565 EPISTULA.

1127 1639 1296 1706 (Apud
1327 1638 1516 1701 Baluz.,
1549 1634 1755 1699 Capitul.
1782 1640 1896 1685 tom.
1940 1632 2005 1696 ll,
2030 1632 2125 1684 col.
2167 1630 2291 1682 1382

1482 1785 1938 1802 ψ

164 1897 614 1957 Praestantissimo
641 1904 697 1950 et
723 1891 979 1949 ineffabili
1013 1891 1302 1947 dilectione
1328 1889 1662 1947 nominando
1694 1894 1742 1952 B
1771 1898 1934 1943 tatem
1968 1887 2269 1941 animarum
2297 1884 2526 1941 curavit.
2548 1883 2641 1938 Illa
2668 1896 2799 1954 ergo
2827 1881 2992 1938 verba
3019 1895 3140 1952 quae
3164 1895 3365 1952 supra:

101 1992 433 2047 Rssmssn'ro
466 1983 782 2057 praeceptori
822 1982 1134 2038 GaiuALnus
1160 1980 1453 2043 Turonos
1481 1982 1669 2051 s'upre-
1776 1979 1951 2035 dictus
1989 1975 2155 2031 Pater
2196 1973 2495 2031 secundum
2530 1983 2726 2038 artem,
2758 1972 2898 2027 sicut
2926 1969 3171 2026 nonnulli
3204 1977 3364 2042 autu-

103 2088 169 2144 mi
196 2087 500 2143 auditorum
527 2090 833 2139 vestrorum
858 2077 1104 2149 discipuli
1126 2077 1469 2149 sempiternae
1491 2074 1671 2131 felici-
1775 2080 1954 2137 mant,
2006 2071 2059 2125 in
2087 2077 2346 2125 contextu
2377 2066 2594 2137 Regula:
2638 2064 2800 2136 hujus
2849 2079 2953 2118 non
2996 2061 3259 2123 inseruit,
3302 2059 3368 2115 de

104 2180 217 2234 tatis
240 2176 492 2233 salutem.
998 2148 1011 2149 ί
1246 2148 1249 2149 ν
1776 2163 1899 2218 aliis
1925 2162 2147 2235 Regalis
2175 2177 2205 2215 a
2232 2158 2506 2215 modernis
2540 2155 2803 2212 correctis
2836 2152 3115 2224 magistris
3146 2148 3371 2210 conexi-

158 2269 407 2325 Memoria
463 2263 770 2322 dilectionis
813 2272 1005 2318 vestra:
1032 2263 1230 2318 animis
1258 2262 1460 2318 nostris
1486 2259 1673 2316 sedulo
1776 2271 1917 2319 mus,
1965 2264 2020 2310 et
2063 2255 2115 2308 in
2146 2267 2338 2321 campo
2376 2248 2642 2321 paginulas
2676 2264 2707 2302 e
2750 2245 2971 2317 regione
3012 2257 3133 2298 cum
3162 2240 3373 2298 duobus

104 2363 353 2418 inhaerens
391 2362 744 2416 immemores
766 2357 1087 2428 petitionum
1113 2366 1416 2411 vestrarum
1446 2355 1674 2426 promis-
1776 2348 1991 2425 punctis
2021 2347 2262 2400 inserere
2290 2342 2622 2398 curavimus.
2650 2338 2771 2394 Alia
2793 2337 2957 2393 etiam
2988 2349 3110 2406 quae.
3132 2348 3163 2387 a
3190 2332 3365 2387 Bene-

104 2457 406 2524 sionumque
438 2460 743 2507 nostrarum
767 2465 888 2506 esse
914 2464 1020 2505 non
1052 2448 1336 2518 permittit.
1370 2424 1673 2502 Et—utinam
1779 2439 1924 2495 dicto
1958 2439 2155 2493 dietata
2191 2442 2337 2500 sunt,
2369 2444 2423 2489 et
2465 2431 2519 2488 in
2544 2429 2837 2487 neotericis
2876 2426 3099 2481 minime
3126 2424 3369 2487 inventa,

107 2558 201 2603 tam
242 2547 595 2619 prolicienter
635 2560 797 2614 quam
843 2514 1137 2614 spontanee
1167 2541 1311 2612 piam
1344 2541 1673 2596 voluntatem
1778 2529 1934 2585 obelo
1960 2536 2013 2582 et
2039 2526 2256 2596 punctis
2282 2523 2491 2579 duobus
2518 2519 2978 2591 consignavimus.
3021 2514 3135 2570 Hoc
3161 2514 3371 2585 egimus

105 2650 326 2695 vestram
356 2637 587 2709 implere
623 2636 1001 2691 valuissemus.
1053 2605 1192 2689 Ecce
1223 2633 1377 2688 vobis
1415 2630 1674 2704 Regulam
1779 2620 2145 2677 desiderantes
2170 2631 2266 2671 vos
2295 2623 2581 2683 utrumque
2611 2621 2667 2667 et
2695 2610 2990 2668 secundum
3019 2605 3366 2663 traditionem

106 2734 236 2790 beati
263 2696 542 2790 Benedicti
563 2730 762 2802 egregii
785 2729 1039 2794 doctoris,
1062 2744 1225 2799 quam
1250 2696 1543 2784 benevolus
1563 2726 1679 2780 ani-
1778 2712 1854 2783 Pii
1906 2710 2114 2775 Ρθινίεν
2146 2708 2309 2763 etiam
2359 2705 2672 2761 '“Odemam
2712 2703 2934 2758 habe'e-
2982 2699 3177 2771 Ειὶείιθ
3216 2696 3372 2753 “bis

109 2838 220 2879 mus
253 2832 440 2879 vester
468 2789 680 2878 summo
692 2789 924 2891 usemper
963 2789 1246 2891 optaverat
1272 2818 1560 2883 desiderio,
1600 2817 1680 2872 di-
1782 2806 1923 2876 ψιοδ
1947 2801 2289 2860 ἀθεὶἀὲηὺῑιὶ
2313 2798 2579 2871 placuerit
2601 2795 2800 2853 allimo-
2830 2793 3015 2851 Valete
3041 2793 3096 2849 in
3116 2789 3367 2848 Ι)οωὶηο-

110 2915 352 2981 rcximus,
384 2913 640 2969 sensibus
670 2921 725 2968 et
747 2911 989 2980 syllabis,
1030 2925 1239 2966 necnon
1281 2909 1445 2964 etiam
1488 2908 1681 2963 litteris

110 3021 136 3060 a
173 3008 482 3077 supradicto
528 3004 722 3072 Patre,
764 3005 817 3059 ni
859 3003 1118 3069 fallimur,
1161 3003 1425 3058 ordinatis
1460 3000 1682 3055 minime
1784 3000 2982 3077 gptalenj{9939310919inmtgmtjue‘sauuj

111 3046 136 3060 ..
174 3046 481 3077 συνηυωω
529 3046 722 3072 .......,
859 3046 1118 3069 ............,
1162 3046 1424 3058 v..........-

111 3106 409 3165 carentem;
463 3102 584 3166 quae
624 3096 692 3151 de
734 3092 827 3150 illo
876 3095 1201 3166 transcripta
1246 3101 1328 3149 est
1375 3092 1684 3162 exemplare

1823 3046 1925 3114 icce
1953 3058 2027 3113 tui
2053 3046 2289 3112 humiles
2317 3051 2503 3108 famuli
2534 3046 2631 3107 tibi
2658 3046 2884 3106 munera
2913 3048 3157 3113 mittunt,

1823 3139 1916 3198 Quae
1947 3130 2159 3184 animus
2186 3127 2386 3198 dudum
2417 3131 2594 3179 vester
2620 3122 2825 3198 optavit
2856 3121 3072 3198 habere.
3155 3188 3157 3193 ⁴

112 3188 242 3256 quod
275 3203 342 3244 ex
382 3189 502 3260 ipso
535 3186 900 3272 exemplatum
922 3194 1007 3242 est
1033 3186 1237 3251 codice,
1287 3200 1448 3256 quem
1493 3185 1685 3239 beatus

1823 3189 2145 3270 imnipotcns
2169 3197 2400 3269 genitor,
2432 3166 2690 3272 cunctun'i'
2718 3194 2808 3263 qui
2834 3191 3074 3249 continet
3094 3188 3304 3252 orbem,

112 3277 263 3336 Pater
285 3280 459 3336 sacris
479 3270 862 3335 manibus‘suis
885 3293 1109 3335 exarare
1127 3279 1199 3334 ob
1227 3277 1518 3333 multorum
1543 3275 1686 3332 sani-
1794 3273 1869 3327 Te
1898 3265 2048 3342 regat
2069 3279 2127 3326 et
2155 3265 2332 3325 servet
2360 3279 2573 3335 semper
2597 3265 2794 3334 ubique
2819 3277 3033 3319 sanum.

1852 2916 2011 2973 Salve
2044 2914 2141 2971 llos
2158 2913 2436 2981 iuvenum,
2466 2911 2639 2966 forma
2667 2909 2942 2981 speciosus
2958 2920 3207 2981 amoma,

1784 2988 2033 3059 Optatam
2056 2979 2347 3059 retinendo
2370 2983 2510 3059 viain
2536 2979 2811 3059 vitamque
2838 2979 3134 3059 salubrem.

114 3386 3381 3457 ψ

1318 3534 1483 3578 ANNO
1527 3529 1760 3576 DOMINI
1790 3528 1945 3573 DCCC
1954 3525 2129 3571 LXXII
2141 3552 2155 3567 .

637 3866 642 3872 ε
1437 3674 2042 3837 MILO

724 3927 1504 4056 MONACHUS
1583 3925 2100 4043 SANCTI
2163 3920 2761 4042 AMANDI.

1177 4127 1616 4275 NO'I‘ITIA
1715 4178 2290 4269 HISTORICA.

1072 4331 1237 4398 (Apud
1279 4329 1577 4390 Fabricium,
1600 4326 1911 4381 Bibliotheca
1939 4325 2073 4375 med.
2111 4327 2165 4376 et
2185 4321 2273 4374 inf.
2302 4321 2411 4376 Lat.

1533 4111 1980 4127 ﬂ—

1391 4465 1790 4495 .——————’

1790 4475 2103 4493 ﬂ

125 4636 135 4649 σ
186 4607 329 4671 Milo,
354 4601 648 4659 Monachus
667 4595 727 4652 S.
744 4592 999 4657 Amandi,
1031 4590 1147 4645 sive
1170 4584 1704 4656 AmandOpolitanns,
1734 4586 1780 4648 C

128 4702 191 4757 ad
228 4700 446 4757 ﬂuvium
485 4695 778 4755 Elnonem,
828 4688 884 4742 in
925 4684 1131 4756 Belgio,
1168 4681 1223 4736 in
1251 4678 1472 4735 dioecesi
1501 4676 1709 4732 Torna-

130 4794 298 4859 ccnsi,
336 4789 459 4847 ord.
489 4783 719 4850 Bened.,
746 4778 971 4836 scientia
1002 4775 1305 4830 litterarum
1346 4770 1526 4826 clarus
1563 4768 1708 4824 circa

1932 4600 2080 4653 Festa
2103 4597 2487 4664 propinquabant
2512 4596 2662 4646 nostri
2689 4592 2969 4646 veneranda
2992 4591 3211 4647 Patroni.

1811 4706 1977 4764 Liber
1999 4720 2017 4761 ι
2042 4723 2056 4759 :

133 4902 217 4940 an.
249 4883 356 4941 840
396 4888 454 4937 et
495 4878 749 4945 deinceps
780 4885 954 4942 usque
981 4869 1050 4924 ad
1075 4866 1202 4932 871,
1233 4879 1341 4937 quo
1380 4862 1523 4918 diem
1552 4860 1706 4915 obiit.

133 4975 359 5046 Scripsit
376 4970 556 5027 adhuc
576 4965 793 5037 juvenis
828 4961 1004 5017 Vitam
1031 4958 1093 5015 S.
1116 4956 1372 5019 "Amandi,
1399 4952 1713 5023 Trajecten-

133 5070 206 5125 sis
226 5044 485 5140 episcOpi,
517 5059 756 5117 defuncti
778 5055 923 5112 ΛΑ).
946 5053 1070 5121 684,
1103 5050 1350 5107 versibus
1379 5044 1711 5103 hexametris

136 5164 185 5230 (c
210 5139 331 5215 Vita
362 5171 528 5229 quam
555 5150 805 5225 prosario
830 5160 1081 5203 sermone
1102 5139 1523 5230 Baudemundus
1554 5150 1704 5192 com-

136 5228 419 5324 posuerat)
458 5246 527 5303 ad
573 5242 907 5304 Haiminnm,
955 5235 1279 5292 monachum
1334 5228 1710 5293 Vedastinum,

137 5319 286 5399 libris
307 5319 557 5413 quatuor.
585 5335 765 5391 Edidit
784 5327 1156 5387 Henschenins
1176 5326 1231 5379 in
1253 5322 1407 5378 Actis
1435 5319 1712 5383 Sanctor.,

140 5446 267 5492 tom.
313 5412 521 5498 lFeh.,
550 5444 671 5502 pag.
688 5423 923 5485 875-888
939 5436 1063 5478 cum
1084 5420 1261 5484 notis;
1292 5428 1349 5472 et
1378 5412 1717 5498 Mabillonius

142 5543 261 5586 sine.
299 5543 339 5583 ii
373 5528 494 5581 Act.
529 5524 779 5579 Sanctor.
830 5515 1029 5573 Bened.
1081 5528 1205 5585 pag.
1248 5509 1352 5567 719
1383 5523 1497 5581 seq.
1525 5506 1719 5577 Incipit

142 5620 413 5693 priemissa
439 5615 611 5688 elegia
636 5632 650 5669 :

211 5756 288 5831 (ti)
327 5756 404 5812 De
420 5768 527 5831 quo
553 5752 641 5831 hic
663 5748 841 5831 agitur
864 5757 1187 5831 sermo,“s_eu
1209 5738 1389 5831 potius
1411 5735 1721 5831 encomiuin

149 5807 926 5905 legitur—sul;nomineVSidonii
950 5807 1274 5892 Apollinaris
1300 5812 1442 5868 inter
1465 5807 1722 5884 epistolas

1941 4814 2138 4866 Arbiter
2154 4812 2464 4875 omnipotens
2483 4808 2734 4861 hominum
2759 4812 3027 4870 rerumque
3040 4802 3257 4855 creator.

1885 4941 2185 4999 Sermonem
2207 4937 2629 4995 detranslatione
2651 4935 2886 5006 corporis
2911 4930 2972 4988 S.
3000 4911 3246 4996 Amandi,
3266 4912 3404 5000 ejus;

1816 5050 1916 5107 que
1942 5031 2273 5088 ordinatione
2284 5038 2332 5085 et
2344 5028 2669 5084 dedicatione
2691 5022 2865 5096 templi
2888 5021 2943 5077 in
2960 5019 3108 5077 Actis
3123 5018 3400 5088 Sanctor.,

1820 5138 1863 5185 t.
1900 5128 1921 5184 Ι
1969 5128 2166 5192 Febr.,-
2190 5139 2313 5197 pag.
2355 5122 2614 5189 889-891,
2653 5129 2707 5176 et
2748 5118 2975 5174 alterum
3016 5114 3080 5171 de
3121 5115 3405 5171 elevatione

1821 5221 2053 5293 corporis
2077 5218 2138 5275 S.
2166 5217 2415 5283 Amandi,
2457 5231 2511 5287 p.
2544 5210 2810 5293 891-895ἰ
2827 5225 2876 5268 el
2910 5212 2962 5267 in
2984 5210 3249 5283 Operibus
3272 5207 3406 5265 Plii-

1820 5284 1950 5387 lippi
1980 5312 2275 5383 Havdeugi,
2309 5284 2483 5365 Paris.
2510 5316 2565 5364 et
2590 5306 2755 5362 Duaci
2790 5284 2921 5360 I621
2955 5304 3048 5359 fol.

1890 5405 2193 5462 Sermonem
2218 5404 2281 5458 de
2304 5400 2361 5457 S.
2388 5399 2681 5471 Principio,
2716 5396 2885 5454 fratre
2907 5395 2968 5451 Β.
3004 5394 3233 5466 Remigii
3261 5392 3411 5451 Rhe-

1822 5499 2047 5563 mensis,
2071 5497 2325 5568 episcopo
2347 5511 2436 5549 an.
2468 5492 2574 5548 506
2598 5489 2848 5547 defuncto
2873 5487 3275 5553 Suessiouensi,
3298 5484 3411 5541 edi-

1823 5602 1940 5649 tum
1967 5608 2000 5648 a
2026 5590 2187 5648 Surio
2213 5590 2283 5644 27
2315 5585 2648 5661 Septembris
2675 5585 2771 5659 (α).

1830 5732 2093 5865 Ejusdem.
2156 5728 2292 5786 Vide
2333 5726 2657 5799 Patrologia:
2709 5734 2840 5781 tom.
2892 5721 3084 5790 LVIII,
3132 5716 3235 5776 col.
3286 5712 3416 5773 6I3.

1878 5820 1982 5862 Dl'l‘.

1878 5821 1982 5862 ΜΤ.
