  <div class='ocr_page' id='page_1' title='image "/cluster/home/n/w/nwhite01/storage/ocr_20150623/121/hvd.32044015471642/469.png"; bbox 0 0 3954 6342; ppageno 0'>
   <div class='ocr_carea' id='block_1_1' title="bbox 503 331 605 388">
    <p class='ocr_par' dir='ltr' id='par_1_1' title="bbox 503 331 605 388">
     <span class='ocr_line' id='line_1_1' title="bbox 503 331 605 388; baseline -0.039 0"><span class='ocrx_word' id='word_1_1' title='bbox 503 331 605 388; x_wconf 67' lang='grc' dir='ltr'><strong>9ΞἸ</strong></span> 
     </span>
    </p>
   </div>
   <div class='ocr_carea' id='block_1_2' title="bbox 1629 295 2644 369">
    <p class='ocr_par' dir='ltr' id='par_1_2' title="bbox 1629 295 2644 369">
     <span class='ocr_line' id='line_1_2' title="bbox 1629 295 2644 369; baseline -0.018 1"><span class='ocrx_word' id='word_1_2' title='bbox 1629 309 1903 369; x_wconf 81' lang='lat' dir='ltr'><strong>MILONIS</strong></span> <span class='ocrx_word' id='word_1_3' title='bbox 1941 304 2247 365; x_wconf 77' lang='lat' dir='ltr'><strong>MONACHI</strong></span> <span class='ocrx_word' id='word_1_4' title='bbox 2283 301 2342 358; x_wconf 88' lang='lat' dir='ltr'><strong>S.</strong></span> <span class='ocrx_word' id='word_1_5' title='bbox 2383 295 2644 358; x_wconf 78' lang='lat' dir='ltr'><strong>AMANDI</strong></span> 
     </span>
    </p>
   </div>
   <div class='ocr_carea' id='block_1_3' title="bbox 568 407 2994 503">
    <p class='ocr_par' dir='ltr' id='par_1_3' title="bbox 568 407 2994 503">
     <span class='ocr_line' id='line_1_3' title="bbox 568 407 2994 503; baseline -0.015 -6"><span class='ocrx_word' id='word_1_6' title='bbox 568 441 758 497; x_wconf 83' lang='lat' dir='ltr'><strong>Libros</strong></span> <span class='ocrx_word' id='word_1_7' title='bbox 788 452 826 492; x_wconf 87' lang='lat' dir='ltr'><strong>ll</strong></span> <span class='ocrx_word' id='word_1_8' title='bbox 855 437 918 491; x_wconf 84' lang='lat' dir='ltr'><strong>de</strong></span> <span class='ocrx_word' id='word_1_9' title='bbox 948 433 1103 489; x_wconf 83' lang='lat' dir='ltr'><strong>laude</strong></span> <span class='ocrx_word' id='word_1_10' title='bbox 1140 429 1402 503; x_wconf 76' lang='lat' dir='ltr'><strong>pudicitiae</strong></span> <span class='ocrx_word' id='word_1_11' title='bbox 1437 436 1483 482; x_wconf 83' lang='lat' dir='ltr'><strong>et</strong></span> <span class='ocrx_word' id='word_1_12' title='bbox 1525 424 1839 488; x_wconf 81' lang='lat' dir='ltr'><strong>sobrietatis,</strong></span> <span class='ocrx_word' id='word_1_13' title='bbox 1882 436 2070 477; x_wconf 89' lang='lat' dir='ltr'><strong>manu-</strong></span> <span class='ocrx_word' id='word_1_14' title='bbox 2098 425 2148 485; x_wconf 76' lang='grc' dir='ltr'>Α</span> <span class='ocrx_word' id='word_1_15' title='bbox 2175 422 2360 471; x_wconf 90' lang='lat' dir='ltr'><strong>tenet.</strong></span> <span class='ocrx_word' id='word_1_16' title='bbox 2386 412 2425 467; x_wconf 91' lang='lat' dir='ltr'><strong>l.</strong></span> <span class='ocrx_word' id='word_1_17' title='bbox 2457 410 2806 473; x_wconf 83' lang='lat' dir='ltr'><strong>Anecdotor.,</strong></span> <span class='ocrx_word' id='word_1_18' title='bbox 2831 407 2994 479; x_wconf 67' lang='grc' dir='ltr'><strong>μω.</strong></span> 
     </span>
    </p>
   </div>
   <div class='ocr_carea' id='block_1_4' title="bbox 505 513 2080 602">
    <p class='ocr_par' dir='ltr' id='par_1_4' title="bbox 505 513 2080 602">
     <span class='ocr_line' id='line_1_4' title="bbox 505 513 2080 602; baseline -0.015 -13"><span class='ocrx_word' id='word_1_19' title='bbox 505 533 734 602; x_wconf 87' lang='lat' dir='ltr'><strong>scriptos</strong></span> <span class='ocrx_word' id='word_1_20' title='bbox 762 530 814 584; x_wconf 93' lang='lat' dir='ltr'><strong>in</strong></span> <span class='ocrx_word' id='word_1_21' title='bbox 841 527 968 583; x_wconf 84' lang='lat' dir='ltr'><strong>bibl.</strong></span> <span class='ocrx_word' id='word_1_22' title='bbox 1001 521 1432 592; x_wconf 87' lang='lat' dir='ltr'><strong>Cantabrigiensi</strong></span> <span class='ocrx_word' id='word_1_23' title='bbox 1463 539 1474 551; x_wconf 89' lang='grc'><strong>·</strong></span> <span class='ocrx_word' id='word_1_24' title='bbox 1507 517 1599 590; x_wconf 88' lang='lat' dir='ltr'><strong>qui</strong></span> <span class='ocrx_word' id='word_1_25' title='bbox 1637 515 1792 572; x_wconf 91' lang='lat' dir='ltr'><strong>initio</strong></span> <span class='ocrx_word' id='word_1_26' title='bbox 1820 513 1996 570; x_wconf 86' lang='lat' dir='ltr'><strong>manci</strong></span> <span class='ocrx_word' id='word_1_27' title='bbox 2023 513 2080 567; x_wconf 90' lang='lat' dir='ltr'><strong>in</strong></span> 
     </span>
    </p>
   </div>
   <div class='ocr_carea' id='block_1_5' title="bbox 507 605 2078 684">
    <p class='ocr_par' dir='ltr' id='par_1_5' title="bbox 507 605 2078 684">
     <span class='ocr_line' id='line_1_5' title="bbox 507 605 2078 684; baseline -0.013 -4"><span class='ocrx_word' id='word_1_28' title='bbox 507 623 637 680; x_wconf 87' lang='lat' dir='ltr'><strong>bibl.</strong></span> <span class='ocrx_word' id='word_1_29' title='bbox 681 619 948 676; x_wconf 88' lang='lat' dir='ltr'><strong>Leidensi.</strong></span> <span class='ocrx_word' id='word_1_30' title='bbox 995 616 1237 673; x_wconf 77' lang='lat' dir='ltr'><strong>Meminit</strong></span> <span class='ocrx_word' id='word_1_31' title='bbox 1284 612 1618 684; x_wconf 86' lang='lat' dir='ltr'><strong>Sigebertus,</strong></span> <span class='ocrx_word' id='word_1_32' title='bbox 1664 607 1869 665; x_wconf 77' lang='grc' dir='ltr'><strong>ο.105.</strong></span> <span class='ocrx_word' id='word_1_33' title='bbox 1909 605 2078 676; x_wconf 87' lang='lat' dir='ltr'><strong>Incip.</strong></span> 
     </span>
    </p>
   </div>
   <div class='ocr_carea' id='block_1_6' title="bbox 507 700 1756 780">
    <p class='ocr_par' dir='ltr' id='par_1_6' title="bbox 507 700 1756 780">
     <span class='ocr_line' id='line_1_6' title="bbox 507 700 1756 780; baseline -0.01 -12"><span class='ocrx_word' id='word_1_34' title='bbox 507 713 748 768; x_wconf 83' lang='lat' dir='ltr'><strong>Glorioso</strong></span> <span class='ocrx_word' id='word_1_35' title='bbox 774 709 881 780; x_wconf 83' lang='lat' dir='ltr'><strong>regi</strong></span> <span class='ocrx_word' id='word_1_36' title='bbox 905 706 1094 764; x_wconf 84' lang='lat' dir='ltr'><strong>Carolo</strong></span> <span class='ocrx_word' id='word_1_37' title='bbox 1124 705 1332 778; x_wconf 83' lang='lat' dir='ltr'><strong>(Calvo)</strong></span> <span class='ocrx_word' id='word_1_38' title='bbox 1364 702 1496 759; x_wconf 80' lang='lat' dir='ltr'><strong>Milo</strong></span> <span class='ocrx_word' id='word_1_39' title='bbox 1523 700 1756 772; x_wconf 74' lang='lat' dir='ltr'><strong>supplex.</strong></span> 
     </span>
    </p>
   </div>
   <div class='ocr_carea' id='block_1_7' title="bbox 634 811 1845 883">
    <p class='ocr_par' dir='ltr' id='par_1_7' title="bbox 634 811 1845 883">
     <span class='ocr_line' id='line_1_7' title="bbox 634 811 1845 883; baseline -0.012 -11"><span class='ocrx_word' id='word_1_40' title='bbox 634 821 933 883; x_wconf 83' lang='lat' dir='ltr'><strong>Principibus</strong></span> <span class='ocrx_word' id='word_1_41' title='bbox 956 819 1130 883; x_wconf 76' lang='lat' dir='ltr'><strong>priscis</strong></span> <span class='ocrx_word' id='word_1_42' title='bbox 1151 821 1314 867; x_wconf 89' lang='lat' dir='ltr'><strong>vatum</strong></span> <span class='ocrx_word' id='word_1_43' title='bbox 1338 813 1577 877; x_wconf 79' lang='lat' dir='ltr'><strong>placuisse</strong></span> <span class='ocrx_word' id='word_1_44' title='bbox 1597 811 1845 864; x_wconf 85' lang='lat' dir='ltr'><strong>Camenas.</strong></span> 
     </span>
    </p>
   </div>
   <div class='ocr_carea' id='block_1_8' title="bbox 573 910 2083 996">
    <p class='ocr_par' dir='ltr' id='par_1_8' title="bbox 573 910 2083 996">
     <span class='ocr_line' id='line_1_8' title="bbox 573 910 2083 996; baseline -0.009 -16"><span class='ocrx_word' id='word_1_45' title='bbox 573 923 857 996; x_wconf 80' lang='lat' dir='ltr'><strong>Prologum</strong></span> <span class='ocrx_word' id='word_1_46' title='bbox 893 921 1132 993; x_wconf 79' lang='lat' dir='ltr'><strong>vulgavit</strong></span> <span class='ocrx_word' id='word_1_47' title='bbox 1168 920 1394 990; x_wconf 80' lang='lat' dir='ltr'><strong>Magnus</strong></span> <span class='ocrx_word' id='word_1_48' title='bbox 1415 916 1641 974; x_wconf 87' lang='lat' dir='ltr'><strong>Crusius</strong></span> <span class='ocrx_word' id='word_1_49' title='bbox 1680 915 1736 970; x_wconf 93' lang='lat' dir='ltr'><strong>in</strong></span> <span class='ocrx_word' id='word_1_50' title='bbox 1781 913 1923 971; x_wconf 85' lang='lat' dir='ltr'><strong>Diss.</strong></span> <span class='ocrx_word' id='word_1_51' title='bbox 1955 910 2083 968; x_wconf 49' lang='lat' dir='ltr'><strong>Eni&#39;</strong></span> 
     </span>
    </p>
   </div>
   <div class='ocr_carea' id='block_1_9' title="bbox 509 1015 1034 1085">
    <p class='ocr_par' dir='ltr' id='par_1_9' title="bbox 509 1015 1034 1085">
     <span class='ocr_line' id='line_1_9' title="bbox 509 1015 1034 1085; baseline -0.01 -12"><span class='ocrx_word' id='word_1_52' title='bbox 509 1016 716 1082; x_wconf 89' lang='lat' dir='ltr'><strong>stolica,</strong></span> <span class='ocrx_word' id='word_1_53' title='bbox 744 1030 796 1085; x_wconf 92' lang='lat' dir='ltr'><strong>p.</strong></span> <span class='ocrx_word' id='word_1_54' title='bbox 826 1015 898 1069; x_wconf 71' lang='grc'><strong>42</strong></span> <span class='ocrx_word' id='word_1_55' title='bbox 922 1029 1034 1084; x_wconf 85' lang='lat' dir='ltr'><strong>seq.</strong></span> 
     </span>
    </p>
   </div>
   <div class='ocr_carea' id='block_1_10' title="bbox 579 1101 1530 1178">
    <p class='ocr_par' dir='ltr' id='par_1_10' title="bbox 579 1101 1530 1178">
     <span class='ocr_line' id='line_1_10' title="bbox 579 1101 1530 1178; baseline -0.008 -15"><span class='ocrx_word' id='word_1_56' title='bbox 579 1106 891 1178; x_wconf 82' lang='lat' dir='ltr'><strong>Conﬂictum</strong></span> <span class='ocrx_word' id='word_1_57' title='bbox 914 1108 1044 1159; x_wconf 84' lang='lat' dir='ltr'><strong>veris</strong></span> <span class='ocrx_word' id='word_1_58' title='bbox 1072 1113 1121 1159; x_wconf 82' lang='lat' dir='ltr'><strong>et</strong></span> <span class='ocrx_word' id='word_1_59' title='bbox 1150 1103 1350 1157; x_wconf 82' lang='lat' dir='ltr'><strong>hiemis.</strong></span> <span class='ocrx_word' id='word_1_60' title='bbox 1383 1101 1530 1172; x_wconf 89' lang='lat' dir='ltr'><strong>Incip</strong></span> 
     </span>
    </p>
   </div>
   <div class='ocr_carea' id='block_1_11' title="bbox 640 1213 1807 1271">
    <p class='ocr_par' dir='ltr' id='par_1_11' title="bbox 640 1213 1807 1271">
     <span class='ocr_line' id='line_1_11' title="bbox 640 1213 1807 1271; baseline -0.005 0"><span class='ocrx_word' id='word_1_61' title='bbox 640 1219 945 1271; x_wconf 77' lang='lat' dir='ltr'><strong>Conveniunt</strong></span> <span class='ocrx_word' id='word_1_62' title='bbox 960 1219 1121 1269; x_wconf 87' lang='lat' dir='ltr'><strong>subito</strong></span> <span class='ocrx_word' id='word_1_63' title='bbox 1140 1218 1300 1268; x_wconf 89' lang='lat' dir='ltr'><strong>cuncti</strong></span> <span class='ocrx_word' id='word_1_64' title='bbox 1321 1216 1387 1267; x_wconf 89' lang='lat' dir='ltr'><strong>de</strong></span> <span class='ocrx_word' id='word_1_65' title='bbox 1409 1215 1655 1267; x_wconf 89' lang='lat' dir='ltr'><strong>montibus</strong></span> <span class='ocrx_word' id='word_1_66' title='bbox 1676 1213 1807 1265; x_wconf 83' lang='lat' dir='ltr'><strong>altis.</strong></span> 
     </span>
    </p>
   </div>
   <div class='ocr_carea' id='block_1_12' title="bbox 510 1319 1569 1391">
    <p class='ocr_par' dir='ltr' id='par_1_12' title="bbox 510 1319 1569 1391">
     <span class='ocr_line' id='line_1_12' title="bbox 510 1319 1569 1391; baseline -0.007 -10"><span class='ocrx_word' id='word_1_67' title='bbox 510 1323 688 1381; x_wconf 83' lang='lat' dir='ltr'><strong>Edidit</strong></span> <span class='ocrx_word' id='word_1_68' title='bbox 713 1322 954 1378; x_wconf 88' lang='lat' dir='ltr'><strong>Oudinus</strong></span> <span class='ocrx_word' id='word_1_69' title='bbox 983 1330 1113 1378; x_wconf 87' lang='lat' dir='ltr'><strong>tom.</strong></span> <span class='ocrx_word' id='word_1_70' title='bbox 1137 1320 1202 1387; x_wconf 88' lang='lat' dir='ltr'><strong>II,</strong></span> <span class='ocrx_word' id='word_1_71' title='bbox 1231 1337 1286 1391; x_wconf 91' lang='lat' dir='ltr'><strong>p.</strong></span> <span class='ocrx_word' id='word_1_72' title='bbox 1313 1319 1569 1377; x_wconf 73' lang='lat'><strong>526-328.</strong></span> 
     </span>
    </p>
   </div>
   <div class='ocr_carea' id='block_1_13' title="bbox 581 1408 2084 1480">
    <p class='ocr_par' dir='ltr' id='par_1_13' title="bbox 581 1408 2084 1480">
     <span class='ocr_line' id='line_1_13' title="bbox 581 1408 2084 1480; baseline -0.002 -13"><span class='ocrx_word' id='word_1_73' title='bbox 581 1414 657 1468; x_wconf 81' lang='lat' dir='ltr'><strong>De</strong></span> <span class='ocrx_word' id='word_1_74' title='bbox 683 1411 742 1468; x_wconf 88' lang='lat' dir='ltr'><strong>S.</strong></span> <span class='ocrx_word' id='word_1_75' title='bbox 775 1411 941 1467; x_wconf 83' lang='lat' dir='ltr'><strong>Cruce</strong></span> <span class='ocrx_word' id='word_1_76' title='bbox 966 1427 1184 1468; x_wconf 87' lang='lat' dir='ltr'><strong>carmen</strong></span> <span class='ocrx_word' id='word_1_77' title='bbox 1219 1412 1592 1467; x_wconf 78' lang='lat' dir='ltr'><strong>hexametrum</strong></span> <span class='ocrx_word' id='word_1_78' title='bbox 1621 1409 1816 1480; x_wconf 79' lang='lat' dir='ltr'><strong>duplex</strong></span> <span class='ocrx_word' id='word_1_79' title='bbox 1835 1450 1850 1475; x_wconf 89' lang='lat'><strong>,</strong></span> <span class='ocrx_word' id='word_1_80' title='bbox 1880 1408 1934 1463; x_wconf 91' lang='lat' dir='ltr'><strong>in</strong></span> <span class='ocrx_word' id='word_1_81' title='bbox 1965 1423 2084 1464; x_wconf 83' lang='lat' dir='ltr'><strong>mo-</strong></span> 
     </span>
    </p>
   </div>
   <div class='ocr_carea' id='block_1_14' title="bbox 513 1502 2080 1574">
    <p class='ocr_par' dir='ltr' id='par_1_14' title="bbox 513 1502 2080 1574">
     <span class='ocr_line' id='line_1_14' title="bbox 513 1502 2080 1574; baseline -0.003 -14"><span class='ocrx_word' id='word_1_82' title='bbox 513 1504 639 1561; x_wconf 86' lang='lat' dir='ltr'><strong>dum</strong></span> <span class='ocrx_word' id='word_1_83' title='bbox 689 1505 912 1574; x_wconf 69' lang='lat' dir='ltr'><strong>sphaera:</strong></span> <span class='ocrx_word' id='word_1_84' title='bbox 951 1503 1380 1574; x_wconf 83' lang='lat' dir='ltr'><strong>ingeniosissime</strong></span> <span class='ocrx_word' id='word_1_85' title='bbox 1422 1502 1798 1572; x_wconf 91' lang='lat' dir='ltr'><strong>compositum,</strong></span> <span class='ocrx_word' id='word_1_86' title='bbox 1842 1513 2080 1556; x_wconf 89' lang='lat' dir='ltr'><strong>manusc.</strong></span> 
     </span>
    </p>
   </div>
   <div class='ocr_carea' id='block_1_15' title="bbox 513 1583 2088 1667">
    <p class='ocr_par' dir='ltr' id='par_1_15' title="bbox 513 1583 2088 1667">
     <span class='ocr_line' id='line_1_15' title="bbox 513 1583 2088 1667; baseline -0.003 -12"><span class='ocrx_word' id='word_1_87' title='bbox 513 1583 719 1656; x_wconf 85' lang='lat' dir='ltr'><strong>Elnone</strong></span> <span class='ocrx_word' id='word_1_88' title='bbox 759 1599 827 1655; x_wconf 91' lang='lat' dir='ltr'><strong>ad</strong></span> <span class='ocrx_word' id='word_1_89' title='bbox 857 1597 917 1655; x_wconf 89' lang='lat' dir='ltr'><strong>S.</strong></span> <span class='ocrx_word' id='word_1_90' title='bbox 961 1597 1268 1654; x_wconf 83' lang='lat' dir='ltr'><strong>Amandum</strong></span> <span class='ocrx_word' id='word_1_91' title='bbox 1325 1607 1463 1654; x_wconf 87' lang='lat' dir='ltr'><strong>teste</strong></span> <span class='ocrx_word' id='word_1_92' title='bbox 1491 1595 1675 1654; x_wconf 71' lang='lat' dir='ltr'><strong>Mirum</strong></span> <span class='ocrx_word' id='word_1_93' title='bbox 1710 1597 1778 1653; x_wconf 90' lang='lat' dir='ltr'><strong>ad</strong></span> <span class='ocrx_word' id='word_1_94' title='bbox 1820 1595 2088 1667; x_wconf 83' lang='lat' dir='ltr'><strong>Sigeberti</strong></span> 
     </span>
    </p>
   </div>
   <div class='ocr_carea' id='block_1_16' title="bbox 513 1690 715 1745">
    <p class='ocr_par' dir='ltr' id='par_1_16' title="bbox 513 1690 715 1745">
     <span class='ocr_line' id='line_1_16' title="bbox 513 1690 715 1745; baseline 0.005 -1"><span class='ocrx_word' id='word_1_95' title='bbox 513 1705 546 1744; x_wconf 91' lang='lat' dir='ltr'><strong>c</strong></span> <span class='ocrx_word' id='word_1_96' title='bbox 593 1690 715 1745; x_wconf 81' lang='grc'><strong>105.</strong></span> 
     </span>
    </p>
   </div>
   <div class='ocr_carea' id='block_1_17' title="bbox 584 1745 2165 1852">
    <p class='ocr_par' dir='ltr' id='par_1_17' title="bbox 584 1745 2165 1852">
     <span class='ocr_line' id='line_1_17' title="bbox 584 1745 2165 1852; baseline -0.003 -18"><span class='ocrx_word' id='word_1_97' title='bbox 584 1779 838 1835; x_wconf 88' lang='lat' dir='ltr'><strong>Carmina</strong></span> <span class='ocrx_word' id='word_1_98' title='bbox 862 1782 926 1835; x_wconf 86' lang='lat' dir='ltr'><strong>de</strong></span> <span class='ocrx_word' id='word_1_99' title='bbox 946 1779 1104 1835; x_wconf 81' lang='lat' dir='ltr'><strong>laude</strong></span> <span class='ocrx_word' id='word_1_100' title='bbox 1126 1780 1422 1852; x_wconf 76' lang='lat' dir='ltr'><strong>parcitatis,</strong></span> <span class='ocrx_word' id='word_1_101' title='bbox 1447 1745 1620 1839; x_wconf 77' lang='lat' dir='ltr'><strong>eidem</strong></span> <span class='ocrx_word' id='word_1_102' title='bbox 1637 1780 1803 1835; x_wconf 87' lang='lat' dir='ltr'><strong>Calvo</strong></span> <span class='ocrx_word' id='word_1_103' title='bbox 1826 1780 1938 1851; x_wconf 85' lang='lat' dir='ltr'><strong>regi</strong></span> <span class='ocrx_word' id='word_1_104' title='bbox 1967 1788 2089 1849; x_wconf 90' lang='lat' dir='ltr'><strong>post</strong></span> <span class='ocrx_word' id='word_1_105' title='bbox 2117 1769 2165 1830; x_wconf 86' lang='grc' dir='ltr'><strong>Β</strong></span> 
     </span>
    </p>
   </div>
   <div class='ocr_carea' id='block_1_18' title="bbox 516 1867 2084 1942">
    <p class='ocr_par' dir='ltr' id='par_1_18' title="bbox 516 1867 2084 1942">
     <span class='ocr_line' id='line_1_18' title="bbox 516 1867 2084 1942; baseline -0.001 -15"><span class='ocrx_word' id='word_1_106' title='bbox 516 1867 727 1927; x_wconf 76' lang='lat' dir='ltr'><strong>Milonis</strong></span> <span class='ocrx_word' id='word_1_107' title='bbox 763 1870 968 1935; x_wconf 80' lang='lat' dir='ltr'><strong>obitum</strong></span> <span class='ocrx_word' id='word_1_108' title='bbox 993 1869 1188 1926; x_wconf 87' lang='lat' dir='ltr'><strong>obtulit</strong></span> <span class='ocrx_word' id='word_1_109' title='bbox 1225 1869 1554 1936; x_wconf 81' lang='lat' dir='ltr'><strong>Hucbaldus,</strong></span> <span class='ocrx_word' id='word_1_110' title='bbox 1597 1871 1929 1942; x_wconf 88' lang='lat' dir='ltr'><strong>propinquus</strong></span> <span class='ocrx_word' id='word_1_111' title='bbox 1967 1869 2084 1939; x_wconf 85' lang='lat' dir='ltr'><strong>ejus</strong></span> 
     </span>
    </p>
   </div>
   <div class='ocr_carea' id='block_1_19' title="bbox 516 1959 2086 2032">
    <p class='ocr_par' dir='ltr' id='par_1_19' title="bbox 516 1959 2086 2032">
     <span class='ocr_line' id='line_1_19' title="bbox 516 1959 2086 2032; baseline 0.002 -19"><span class='ocrx_word' id='word_1_112' title='bbox 516 1973 580 2013; x_wconf 81' lang='lat' dir='ltr'><strong>ac</strong></span> <span class='ocrx_word' id='word_1_113' title='bbox 604 1959 914 2031; x_wconf 83' lang='lat' dir='ltr'><strong>discipulus,</strong></span> <span class='ocrx_word' id='word_1_114' title='bbox 947 1960 1193 2017; x_wconf 81' lang='lat' dir='ltr'><strong>versibus</strong></span> <span class='ocrx_word' id='word_1_115' title='bbox 1215 1976 1352 2032; x_wconf 87' lang='lat' dir='ltr'><strong>quos</strong></span> <span class='ocrx_word' id='word_1_116' title='bbox 1385 1961 1553 2017; x_wconf 85' lang='lat' dir='ltr'><strong>edidit</strong></span> <span class='ocrx_word' id='word_1_117' title='bbox 1589 1961 1904 2017; x_wconf 89' lang='lat' dir='ltr'><strong>Edmundus</strong></span> <span class='ocrx_word' id='word_1_118' title='bbox 1943 1961 2086 2016; x_wconf 84' lang='lat' dir='ltr'><strong>Mar-</strong></span> 
     </span>
    </p>
   </div>
   <div class='ocr_carea' id='block_1_20' title="bbox 2274 521 3363 586">
    <p class='ocr_par' dir='ltr' id='par_1_20' title="bbox 2274 521 3363 586">
     <span class='ocr_line' id='line_1_20' title="bbox 2274 521 3363 586; baseline -0.006 -9"><span class='ocrx_word' id='word_1_119' title='bbox 2274 524 2390 577; x_wconf 76' lang='lat' dir='ltr'><strong>Ililo</strong></span> <span class='ocrx_word' id='word_1_120' title='bbox 2411 530 2552 586; x_wconf 87' lang='lat' dir='ltr'><strong>poeta</strong></span> <span class='ocrx_word' id='word_1_121' title='bbox 2575 530 2708 585; x_wconf 89' lang='lat' dir='ltr'><strong>tuus,</strong></span> <span class='ocrx_word' id='word_1_122' title='bbox 2735 529 2904 586; x_wconf 85' lang='lat' dir='ltr'><strong>noster</strong></span> <span class='ocrx_word' id='word_1_123' title='bbox 2920 521 3195 586; x_wconf 76' lang='lat' dir='ltr'><strong>didascalus</strong></span> <span class='ocrx_word' id='word_1_124' title='bbox 3213 521 3363 581; x_wconf 86' lang='lat' dir='ltr'><strong>idem,</strong></span> 
     </span>
    </p>
   </div>
   <div class='ocr_carea' id='block_1_21' title="bbox 2338 583 3372 650">
    <p class='ocr_par' dir='ltr' id='par_1_21' title="bbox 2338 583 3372 650">
     <span class='ocr_line' id='line_1_21' title="bbox 2338 583 3372 650; baseline -0.004 -16"><span class='ocrx_word' id='word_1_125' title='bbox 2338 583 2595 650; x_wconf 77' lang='lat' dir='ltr'><strong>Ingenium</strong></span> <span class='ocrx_word' id='word_1_126' title='bbox 2614 583 2751 647; x_wconf 82' lang='lat' dir='ltr'><strong>cujus</strong></span> <span class='ocrx_word' id='word_1_127' title='bbox 2770 585 2867 650; x_wconf 83' lang='lat' dir='ltr'><strong>hoc</strong></span> <span class='ocrx_word' id='word_1_128' title='bbox 2885 585 3019 650; x_wconf 66' lang='lat' dir='ltr'><strong>bene</strong></span> <span class='ocrx_word' id='word_1_129' title='bbox 3049 583 3372 650; x_wconf 60' lang='lat' dir='ltr'><strong>pg‘oditppus2</strong></span> 
     </span>
    </p>
   </div>
   <div class='ocr_carea' id='block_1_22' title="bbox 2273 645 3576 710">
    <p class='ocr_par' dir='ltr' id='par_1_22' title="bbox 2273 645 3576 710">
     <span class='ocr_line' id='line_1_22' title="bbox 2273 645 3576 710; baseline -0.006 -9"><span class='ocrx_word' id='word_1_130' title='bbox 2273 645 2602 710; x_wconf 67' lang='lat' dir='ltr'><strong>Clrm&#39;inequl</strong></span> <span class='ocrx_word' id='word_1_131' title='bbox 2622 645 2862 710; x_wconf 83' lang='lat' dir='ltr'><strong>quondam</strong></span> <span class='ocrx_word' id='word_1_132' title='bbox 2885 645 3044 710; x_wconf 72' lang='lat' dir='ltr'><strong>vitam</strong></span> <span class='ocrx_word' id='word_1_133' title='bbox 3053 645 3322 710; x_wconf 82' lang='lat' dir='ltr'><strong>descripsit</strong></span> <span class='ocrx_word' id='word_1_134' title='bbox 3346 645 3576 704; x_wconf 77' lang='lat' dir='ltr'><strong>Amandi,</strong></span> 
     </span>
    </p>
   </div>
   <div class='ocr_carea' id='block_1_23' title="bbox 2334 707 3275 770">
    <p class='ocr_par' dir='ltr' id='par_1_23' title="bbox 2334 707 3275 770">
     <span class='ocr_line' id='line_1_23' title="bbox 2334 707 3275 770; baseline -0.004 -10"><span class='ocrx_word' id='word_1_135' title='bbox 2334 707 2564 760; x_wconf 66' lang='lat' dir='ltr'><strong>Praesulis</strong></span> <span class='ocrx_word' id='word_1_136' title='bbox 2587 707 2778 770; x_wconf 74' lang='lat' dir='ltr'><strong>eximit,</strong></span> <span class='ocrx_word' id='word_1_137' title='bbox 2803 707 2980 758; x_wconf 88' lang='lat' dir='ltr'><strong>detulit</strong></span> <span class='ocrx_word' id='word_1_138' title='bbox 2996 715 3143 769; x_wconf 86' lang='lat' dir='ltr'><strong>atque</strong></span> <span class='ocrx_word' id='word_1_139' title='bbox 3166 708 3275 770; x_wconf 84' lang='lat' dir='ltr'><strong>tibi.</strong></span> 
     </span>
    </p>
   </div>
   <div class='ocr_carea' id='block_1_24' title="bbox 2274 767 3740 834">
    <p class='ocr_par' dir='ltr' id='par_1_24' title="bbox 2274 767 3740 834">
     <span class='ocr_line' id='line_1_24' title="bbox 2274 767 3740 834; baseline -0.003 -12"><span class='ocrx_word' id='word_1_140' title='bbox 2274 770 2416 822; x_wconf 79' lang='lat' dir='ltr'><strong>Hunc</strong></span> <span class='ocrx_word' id='word_1_141' title='bbox 2437 784 2630 834; x_wconf 88' lang='lat' dir='ltr'><strong>quoque</strong></span> <span class='ocrx_word' id='word_1_142' title='bbox 2647 767 2979 832; x_wconf 76' lang='lat' dir='ltr'><strong>conscriptum</strong></span> <span class='ocrx_word' id='word_1_143' title='bbox 2999 767 3165 834; x_wconf 78' lang='lat' dir='ltr'><strong>vestro</strong></span> <span class='ocrx_word' id='word_1_144' title='bbox 3177 769 3270 818; x_wconf 88' lang='lat' dir='ltr'><strong>sub</strong></span> <span class='ocrx_word' id='word_1_145' title='bbox 3294 769 3486 818; x_wconf 84' lang='lat' dir='ltr'><strong>honore</strong></span> <span class='ocrx_word' id='word_1_146' title='bbox 3507 767 3740 818; x_wconf 67' lang='lat' dir='ltr'><strong>libella.</strong></span> 
     </span>
    </p>
   </div>
   <div class='ocr_carea' id='block_1_25' title="bbox 2339 829 3424 895">
    <p class='ocr_par' dir='ltr' id='par_1_25' title="bbox 2339 829 3424 895">
     <span class='ocr_line' id='line_1_25' title="bbox 2339 829 3424 895; baseline -0.004 -13"><span class='ocrx_word' id='word_1_147' title='bbox 2339 829 2467 882; x_wconf 74' lang='lat' dir='ltr'><strong>Dnm&#39;</strong></span> <span class='ocrx_word' id='word_1_148' title='bbox 2480 829 2688 895; x_wconf 77' lang='lat' dir='ltr'><strong>cuperet</strong></span> <span class='ocrx_word' id='word_1_149' title='bbox 2709 829 2870 881; x_wconf 82' lang='lat' dir='ltr'><strong>votum</strong></span> <span class='ocrx_word' id='word_1_150' title='bbox 2893 829 3241 895; x_wconf 75' lang='lat' dir='ltr'><strong>concelebrare</strong></span> <span class='ocrx_word' id='word_1_151' title='bbox 3265 843 3424 889; x_wconf 72' lang='lat' dir='ltr'><strong>mum,</strong></span> 
     </span>
    </p>
   </div>
   <div class='ocr_carea' id='block_1_26' title="bbox 2276 893 3503 958">
    <p class='ocr_par' dir='ltr' id='par_1_26' title="bbox 2276 893 3503 958">
     <span class='ocr_line' id='line_1_26' title="bbox 2276 893 3503 958; baseline -0.003 -12"><span class='ocrx_word' id='word_1_152' title='bbox 2276 893 2482 958; x_wconf 86' lang='lat' dir='ltr'><strong>Occidit,</strong></span> <span class='ocrx_word' id='word_1_153' title='bbox 2513 893 2733 944; x_wconf 70' lang='lat' dir='ltr'><strong>humanae</strong></span> <span class='ocrx_word' id='word_1_154' title='bbox 2758 893 3042 956; x_wconf 85' lang='lat' dir='ltr'><strong>persolvens</strong></span> <span class='ocrx_word' id='word_1_155' title='bbox 3062 893 3229 942; x_wconf 86' lang='lat' dir='ltr'><strong>debita</strong></span> <span class='ocrx_word' id='word_1_156' title='bbox 3253 895 3391 954; x_wconf 68' lang='lat' dir='ltr'><strong>vius,</strong></span> <span class='ocrx_word' id='word_1_157' title='bbox 3417 899 3503 942; x_wconf 86' lang='lat' dir='ltr'><strong>etc</strong></span> 
     </span>
    </p>
   </div>
   <div class='ocr_carea' id='block_1_27' title="bbox 2248 996 3781 1055">
    <p class='ocr_par' dir='ltr' id='par_1_27' title="bbox 2248 996 3781 1055">
     <span class='ocr_line' id='line_1_27' title="bbox 2248 996 3781 1055; baseline -0.004 0"><span class='ocrx_word' id='word_1_158' title='bbox 2248 998 2328 1055; x_wconf 86' lang='lat' dir='ltr'><strong>De</strong></span> <span class='ocrx_word' id='word_1_159' title='bbox 2352 1010 2463 1055; x_wconf 87' lang='lat' dir='ltr'><strong>arte</strong></span> <span class='ocrx_word' id='word_1_160' title='bbox 2488 1001 2704 1054; x_wconf 84' lang='lat' dir='ltr'><strong>metrica</strong></span> <span class='ocrx_word' id='word_1_161' title='bbox 2737 999 2932 1055; x_wconf 91' lang='lat' dir='ltr'><strong>librum</strong></span> <span class='ocrx_word' id='word_1_162' title='bbox 2960 1004 3226 1054; x_wconf 86' lang='lat' dir='ltr'><strong>memorat</strong></span> <span class='ocrx_word' id='word_1_163' title='bbox 3247 996 3501 1053; x_wconf 83' lang='lat' dir='ltr'><strong>Valesius</strong></span> <span class='ocrx_word' id='word_1_164' title='bbox 3531 996 3781 1050; x_wconf 75' lang='lat' dir='ltr'><strong>Andreas</strong></span> 
     </span>
    </p>
   </div>
   <div class='ocr_carea' id='block_1_28' title="bbox 2182 1089 2742 1163">
    <p class='ocr_par' dir='ltr' id='par_1_28' title="bbox 2182 1089 2742 1163">
     <span class='ocr_line' id='line_1_28' title="bbox 2182 1089 2742 1163; baseline -0.004 -17"><span class='ocrx_word' id='word_1_165' title='bbox 2182 1089 2321 1147; x_wconf 90' lang='lat' dir='ltr'><strong>Bibl.</strong></span> <span class='ocrx_word' id='word_1_166' title='bbox 2353 1091 2501 1163; x_wconf 88' lang='lat' dir='ltr'><strong>Belg.</strong></span> <span class='ocrx_word' id='word_1_167' title='bbox 2532 1108 2584 1163; x_wconf 92' lang='lat' dir='ltr'><strong>p.</strong></span> <span class='ocrx_word' id='word_1_168' title='bbox 2617 1091 2742 1146; x_wconf 87' lang='lat'><strong>676.</strong></span> 
     </span>
    </p>
   </div>
   <div class='ocr_carea' id='block_1_29' title="bbox 2256 1176 3779 1253">
    <p class='ocr_par' dir='ltr' id='par_1_29' title="bbox 2256 1176 3779 1253">
     <span class='ocr_line' id='line_1_29' title="bbox 2256 1176 3779 1253; baseline -0.005 -17"><span class='ocrx_word' id='word_1_169' title='bbox 2256 1180 2521 1253; x_wconf 77' lang='lat' dir='ltr'><strong>Epistolas</strong></span> <span class='ocrx_word' id='word_1_170' title='bbox 2567 1181 2636 1236; x_wconf 91' lang='lat' dir='ltr'><strong>ad</strong></span> <span class='ocrx_word' id='word_1_171' title='bbox 2662 1181 2903 1236; x_wconf 89' lang='lat' dir='ltr'><strong>diversos</strong></span> <span class='ocrx_word' id='word_1_172' title='bbox 2933 1179 3262 1235; x_wconf 90' lang='lat' dir='ltr'><strong>Tritbemius</strong></span> <span class='ocrx_word' id='word_1_173' title='bbox 3308 1193 3429 1248; x_wconf 91' lang='lat' dir='ltr'><strong>cap.</strong></span> <span class='ocrx_word' id='word_1_174' title='bbox 3456 1178 3573 1233; x_wconf 70' lang='grc'><strong>285</strong></span> <span class='ocrx_word' id='word_1_175' title='bbox 3613 1178 3687 1232; x_wconf 85' lang='lat' dir='ltr'><strong>de</strong></span> <span class='ocrx_word' id='word_1_176' title='bbox 3723 1176 3779 1230; x_wconf 81' lang='lat' dir='ltr'><strong>S.</strong></span> 
     </span>
    </p>
   </div>
   <div class='ocr_carea' id='block_1_30' title="bbox 2186 1267 3782 1338">
    <p class='ocr_par' dir='ltr' id='par_1_30' title="bbox 2186 1267 3782 1338">
     <span class='ocr_line' id='line_1_30' title="bbox 2186 1267 3782 1338; baseline -0.005 -10"><span class='ocrx_word' id='word_1_177' title='bbox 2186 1273 2273 1336; x_wconf 88' lang='lat' dir='ltr'><strong>E.,</strong></span> <span class='ocrx_word' id='word_1_178' title='bbox 2301 1281 2358 1328; x_wconf 92' lang='lat' dir='ltr'><strong>et</strong></span> <span class='ocrx_word' id='word_1_179' title='bbox 2379 1272 2444 1327; x_wconf 92' lang='lat' dir='ltr'><strong>de</strong></span> <span class='ocrx_word' id='word_1_180' title='bbox 2470 1271 2768 1328; x_wconf 89' lang='lat' dir='ltr'><strong>illustribus</strong></span> <span class='ocrx_word' id='word_1_181' title='bbox 2792 1270 3156 1326; x_wconf 87' lang='lat' dir='ltr'><strong>Benedictiuis</strong></span> <span class='ocrx_word' id='word_1_182' title='bbox 3186 1269 3248 1334; x_wconf 91' lang='lat' dir='ltr'><strong>ll,</strong></span> <span class='ocrx_word' id='word_1_183' title='bbox 3291 1270 3382 1324; x_wconf 85' lang='lat'><strong>50.</strong></span> <span class='ocrx_word' id='word_1_184' title='bbox 3427 1267 3782 1338; x_wconf 85' lang='lat' dir='ltr'><strong>Epitaphium</strong></span> 
     </span>
    </p>
   </div>
   <div class='ocr_carea' id='block_1_31' title="bbox 2186 1358 3781 1428">
    <p class='ocr_par' dir='ltr' id='par_1_31' title="bbox 2186 1358 3781 1428">
     <span class='ocr_line' id='line_1_31' title="bbox 2186 1358 3781 1428; baseline -0.006 -8"><span class='ocrx_word' id='word_1_185' title='bbox 2186 1363 2398 1420; x_wconf 85' lang='lat' dir='ltr'><strong>Milonis</strong></span> <span class='ocrx_word' id='word_1_186' title='bbox 2443 1363 2496 1418; x_wconf 92' lang='lat' dir='ltr'><strong>in</strong></span> <span class='ocrx_word' id='word_1_187' title='bbox 2529 1363 2681 1419; x_wconf 87' lang='lat' dir='ltr'><strong>Actis</strong></span> <span class='ocrx_word' id='word_1_188' title='bbox 2712 1363 2984 1428; x_wconf 86' lang='lat' dir='ltr'><strong>Sanctor.,</strong></span> <span class='ocrx_word' id='word_1_189' title='bbox 3017 1375 3146 1418; x_wconf 86' lang='lat' dir='ltr'><strong>tum.</strong></span> <span class='ocrx_word' id='word_1_190' title='bbox 3188 1361 3250 1416; x_wconf 94' lang='lat' dir='ltr'><strong>Ill</strong></span> <span class='ocrx_word' id='word_1_191' title='bbox 3287 1359 3415 1415; x_wconf 82' lang='lat' dir='ltr'><strong>Jun.</strong></span> <span class='ocrx_word' id='word_1_192' title='bbox 3453 1359 3550 1424; x_wconf 75' lang='grc'><strong>16,</strong></span> <span class='ocrx_word' id='word_1_193' title='bbox 3591 1374 3652 1428; x_wconf 89' lang='lat' dir='ltr'><strong>p.</strong></span> <span class='ocrx_word' id='word_1_194' title='bbox 3693 1358 3781 1422; x_wconf 80' lang='grc'><strong>16,</strong></span> 
     </span>
    </p>
   </div>
   <div class='ocr_carea' id='block_1_32' title="bbox 2188 1453 3339 1524">
    <p class='ocr_par' dir='ltr' id='par_1_32' title="bbox 2188 1453 3339 1524">
     <span class='ocr_line' id='line_1_32' title="bbox 2188 1453 3339 1524; baseline -0.005 -12"><span class='ocrx_word' id='word_1_195' title='bbox 2188 1457 2256 1512; x_wconf 86' lang='lat' dir='ltr'><strong>ab</strong></span> <span class='ocrx_word' id='word_1_196' title='bbox 2285 1454 2580 1520; x_wconf 87' lang='lat' dir='ltr'><strong>Hucbaldo,</strong></span> <span class='ocrx_word' id='word_1_197' title='bbox 2609 1463 2668 1509; x_wconf 93' lang='lat' dir='ltr'><strong>ut</strong></span> <span class='ocrx_word' id='word_1_198' title='bbox 2696 1454 2961 1524; x_wconf 88' lang='lat' dir='ltr'><strong>suspicor,</strong></span> <span class='ocrx_word' id='word_1_199' title='bbox 2988 1454 3036 1508; x_wconf 87' lang='lat' dir='ltr'><strong>ei</strong></span> <span class='ocrx_word' id='word_1_200' title='bbox 3067 1453 3298 1524; x_wconf 90' lang='lat' dir='ltr'><strong>positum</strong></span> <span class='ocrx_word' id='word_1_201' title='bbox 3324 1469 3339 1506; x_wconf 90' lang='lat'><strong>:</strong></span> 
     </span>
    </p>
   </div>
   <div class='ocr_carea' id='block_1_33' title="bbox 2252 1563 3661 1628">
    <p class='ocr_par' dir='ltr' id='par_1_33' title="bbox 2252 1563 3661 1628">
     <span class='ocr_line' id='line_1_33' title="bbox 2252 1563 3661 1628; baseline -0.003 -14"><span class='ocrx_word' id='word_1_202' title='bbox 2252 1565 2362 1628; x_wconf 70' lang='lat' dir='ltr'><strong>Milo</strong></span> <span class='ocrx_word' id='word_1_203' title='bbox 2387 1573 2549 1628; x_wconf 89' lang='lat' dir='ltr'><strong>poeta,</strong></span> <span class='ocrx_word' id='word_1_204' title='bbox 2575 1566 2770 1627; x_wconf 87' lang='lat' dir='ltr'><strong>scphus,</strong></span> <span class='ocrx_word' id='word_1_205' title='bbox 2782 1566 2925 1615; x_wconf 89' lang='lat' dir='ltr'><strong>cubat</strong></span> <span class='ocrx_word' id='word_1_206' title='bbox 2944 1566 3035 1615; x_wconf 85' lang='lat' dir='ltr'><strong>hoc</strong></span> <span class='ocrx_word' id='word_1_207' title='bbox 3055 1565 3413 1628; x_wconf 15' lang='lat' dir='ltr'><strong>subrmarmore</strong></span> <span class='ocrx_word' id='word_1_208' title='bbox 3431 1563 3661 1624; x_wconf 84' lang='lat' dir='ltr'><strong>clausus,</strong></span> 
     </span>
    </p>
   </div>
   <div class='ocr_carea' id='block_1_34' title="bbox 2249 1627 3442 1688">
    <p class='ocr_par' dir='ltr' id='par_1_34' title="bbox 2249 1627 3442 1688">
     <span class='ocr_line' id='line_1_34' title="bbox 2249 1627 3442 1688; baseline -0.003 -10"><span class='ocrx_word' id='word_1_209' title='bbox 2249 1627 2471 1678; x_wconf 85' lang='lat' dir='ltr'><strong>Carmine</strong></span> <span class='ocrx_word' id='word_1_210' title='bbox 2493 1627 2814 1686; x_wconf 85' lang='lat' dir='ltr'><strong>dulciloquus,</strong></span> <span class='ocrx_word' id='word_1_211' title='bbox 2841 1630 2924 1688; x_wconf 90' lang='lat' dir='ltr'><strong>qui</strong></span> <span class='ocrx_word' id='word_1_212' title='bbox 2951 1628 3119 1676; x_wconf 74' lang='lat' dir='ltr'><strong>librum</strong></span> <span class='ocrx_word' id='word_1_213' title='bbox 3143 1627 3442 1688; x_wconf 82' lang='lat' dir='ltr'><strong>Sobrietatis</strong></span> 
     </span>
    </p>
   </div>
   <div class='ocr_carea' id='block_1_35' title="bbox 2256 1685 3543 1750">
    <p class='ocr_par' dir='ltr' id='par_1_35' title="bbox 2256 1685 3543 1750">
     <span class='ocr_line' id='line_1_35' title="bbox 2256 1685 3543 1750; baseline -0.002 -12"><span class='ocrx_word' id='word_1_214' title='bbox 2256 1690 2431 1750; x_wconf 76' lang='lat' dir='ltr'><strong>Edidit,</strong></span> <span class='ocrx_word' id='word_1_215' title='bbox 2456 1696 2510 1737; x_wconf 85' lang='lat' dir='ltr'><strong>et</strong></span> <span class='ocrx_word' id='word_1_216' title='bbox 2532 1685 2750 1737; x_wconf 84' lang='lat' dir='ltr'><strong>sanctum</strong></span> <span class='ocrx_word' id='word_1_217' title='bbox 2778 1685 2976 1750; x_wconf 80' lang='lat' dir='ltr'><strong>pulchre</strong></span> <span class='ocrx_word' id='word_1_218' title='bbox 2999 1689 3220 1748; x_wconf 79' lang='lat' dir='ltr'><strong>depinxit</strong></span> <span class='ocrx_word' id='word_1_219' title='bbox 3244 1685 3543 1746; x_wconf 81' lang='lat' dir='ltr'><strong>Amandum,</strong></span> 
     </span>
    </p>
   </div>
   <div class='ocr_carea' id='block_1_36' title="bbox 2260 1751 3527 1811">
    <p class='ocr_par' dir='ltr' id='par_1_36' title="bbox 2260 1751 3527 1811">
     <span class='ocr_line' id='line_1_36' title="bbox 2260 1751 3527 1811; baseline -0.003 -11"><span class='ocrx_word' id='word_1_220' title='bbox 2260 1751 2480 1800; x_wconf 76' lang='lat' dir='ltr'><strong>Floribus</strong></span> <span class='ocrx_word' id='word_1_221' title='bbox 2508 1762 2773 1811; x_wconf 82' lang='lat' dir='ltr'><strong>exornans,</strong></span> <span class='ocrx_word' id='word_1_222' title='bbox 2796 1755 2954 1798; x_wconf 87' lang='lat' dir='ltr'><strong>metro</strong></span> <span class='ocrx_word' id='word_1_223' title='bbox 2979 1762 3215 1811; x_wconf 85' lang='lat' dir='ltr'><strong>prosaque</strong></span> <span class='ocrx_word' id='word_1_224' title='bbox 3238 1756 3527 1809; x_wconf 85' lang='lat' dir='ltr'><strong>veuustans,</strong></span> 
     </span>
    </p>
   </div>
   <div class='ocr_carea' id='block_1_37' title="bbox 2250 1810 3627 1875">
    <p class='ocr_par' dir='ltr' id='par_1_37' title="bbox 2250 1810 3627 1875">
     <span class='ocr_line' id='line_1_37' title="bbox 2250 1810 3627 1875; baseline -0.006 -11"><span class='ocrx_word' id='word_1_225' title='bbox 2250 1812 2394 1864; x_wconf 85' lang='lat' dir='ltr'><strong>Tanti</strong></span> <span class='ocrx_word' id='word_1_226' title='bbox 2420 1814 2654 1875; x_wconf 77' lang='lat' dir='ltr'><strong>pontiﬁcis</strong></span> <span class='ocrx_word' id='word_1_227' title='bbox 2687 1810 2908 1874; x_wconf 85' lang='lat' dir='ltr'><strong>palmam,</strong></span> <span class='ocrx_word' id='word_1_228' title='bbox 2931 1810 3074 1874; x_wconf 90' lang='lat' dir='ltr'><strong>caput</strong></span> <span class='ocrx_word' id='word_1_229' title='bbox 3095 1810 3168 1875; x_wconf 78' lang='grc' dir='ltr'><strong>(α)</strong></span> <span class='ocrx_word' id='word_1_230' title='bbox 3192 1819 3340 1874; x_wconf 88' lang='lat' dir='ltr'><strong>atque</strong></span> <span class='ocrx_word' id='word_1_231' title='bbox 3362 1811 3627 1860; x_wconf 74' lang='lat' dir='ltr'><strong>Coronam.</strong></span> 
     </span>
    </p>
   </div>
   <div class='ocr_carea' id='block_1_38' title="bbox 2266 1955 3330 2032">
    <p class='ocr_par' dir='ltr' id='par_1_38' title="bbox 2266 1955 3330 2032">
     <span class='ocr_line' id='line_1_38' title="bbox 2266 1955 3330 2032; baseline -0.006 -18"><span class='ocrx_word' id='word_1_232' title='bbox 2266 1959 2342 2032; x_wconf 84' lang='lat' dir='ltr'><strong>’a)</strong></span> <span class='ocrx_word' id='word_1_233' title='bbox 2372 1957 2493 2015; x_wconf 84' lang='lat' dir='ltr'><strong>Val.</strong></span> <span class='ocrx_word' id='word_1_234' title='bbox 2529 1957 2772 2014; x_wconf 82' lang='lat' dir='ltr'><strong>Andreas</strong></span> <span class='ocrx_word' id='word_1_235' title='bbox 2794 1968 2850 2014; x_wconf 90' lang='lat' dir='ltr'><strong>et</strong></span> <span class='ocrx_word' id='word_1_236' title='bbox 2876 1955 3136 2024; x_wconf 88' lang='lat' dir='ltr'><strong>Oudinus,</strong></span> <span class='ocrx_word' id='word_1_237' title='bbox 3173 1956 3330 2027; x_wconf 82' lang='lat' dir='ltr'><strong>capit.</strong></span> 
     </span>
    </p>
   </div>
   <div class='ocr_carea' id='block_1_39' title="bbox 524 2157 2399 2187">
    <p class='ocr_par' dir='ltr' id='par_1_39' title="bbox 524 2157 2399 2187">
     <span class='ocr_line' id='line_1_39' title="bbox 524 2157 2399 2187; baseline -0.002 0"><span class='ocrx_word' id='word_1_238' title='bbox 524 2157 2399 2187; x_wconf 47' lang='grc' dir='ltr'><strong>Μ*-</strong></span> 
     </span>
    </p>
   </div>
   <div class='ocr_carea' id='block_1_40' title="bbox 737 2329 3314 2448">
    <p class='ocr_par' dir='ltr' id='par_1_40' title="bbox 737 2329 3314 2448">
     <span class='ocr_line' id='line_1_40' title="bbox 737 2329 3314 2448; baseline 0 -4"><span class='ocrx_word' id='word_1_239' title='bbox 737 2353 801 2409; x_wconf 62' lang='grc' dir='ltr'><strong>(δ</strong></span> <span class='ocrx_word' id='word_1_240' title='bbox 1004 2329 1519 2447; x_wconf 86' lang='lat' dir='ltr'><strong>SANCTI</strong></span> <span class='ocrx_word' id='word_1_241' title='bbox 1601 2330 2191 2445; x_wconf 55' lang='lat' dir='ltr'><strong>AMANDIr</strong></span> <span class='ocrx_word' id='word_1_242' title='bbox 2248 2329 2600 2448; x_wconf 86' lang='lat' dir='ltr'><strong>VITA</strong></span> <span class='ocrx_word' id='word_1_243' title='bbox 2679 2329 3314 2447; x_wconf 83' lang='lat' dir='ltr'><strong>METRICA</strong></span> 
     </span>
    </p>
   </div>
   <div class='ocr_carea' id='block_1_41' title="bbox 1679 2565 2630 2695">
    <p class='ocr_par' dir='ltr' id='par_1_41' title="bbox 1679 2565 2630 2695">
     <span class='ocr_line' id='line_1_41' title="bbox 1679 2565 2630 2695; baseline -0.002 -53"><span class='ocrx_word' id='word_1_244' title='bbox 1679 2565 2146 2646; x_wconf 84' lang='lat' dir='ltr'><strong>AUCTORE</strong></span> <span class='ocrx_word' id='word_1_245' title='bbox 2176 2566 2320 2695; x_wconf 28' lang='lat' dir='ltr'><strong>aM}</strong></span> <span class='ocrx_word' id='word_1_246' title='bbox 2335 2568 2630 2647; x_wconf 86' lang='lat' dir='ltr'><strong>LONE.</strong></span> 
     </span>
    </p>
   </div>
   <div class='ocr_carea' id='block_1_42' title="bbox 1445 2740 2823 2808">
    <p class='ocr_par' dir='ltr' id='par_1_42' title="bbox 1445 2740 2823 2808">
     <span class='ocr_line' id='line_1_42' title="bbox 1445 2740 2823 2808; baseline 0.004 -14"><span class='ocrx_word' id='word_1_247' title='bbox 1445 2740 1544 2805; x_wconf 78' lang='lat' dir='ltr'><strong>(Ex</strong></span> <span class='ocrx_word' id='word_1_248' title='bbox 1566 2741 1701 2794; x_wconf 78' lang='lat' dir='ltr'><strong>Actis</strong></span> <span class='ocrx_word' id='word_1_249' title='bbox 1718 2748 1994 2794; x_wconf 87' lang='lat' dir='ltr'><strong>sanctorum</strong></span> <span class='ocrx_word' id='word_1_250' title='bbox 2017 2741 2262 2806; x_wconf 82' lang='lat' dir='ltr'><strong>Bolland.,</strong></span> <span class='ocrx_word' id='word_1_251' title='bbox 2292 2742 2546 2795; x_wconf 85' lang='lat' dir='ltr'><strong>Februarii</strong></span> <span class='ocrx_word' id='word_1_252' title='bbox 2569 2751 2698 2796; x_wconf 89' lang='lat' dir='ltr'><strong>tomo</strong></span> <span class='ocrx_word' id='word_1_253' title='bbox 2721 2743 2823 2808; x_wconf 80' lang='lat' dir='ltr'><strong>IV.)</strong></span> 
     </span>
    </p>
   </div>
   <div class='ocr_carea' id='block_1_43' title="bbox 669 2993 1949 3056">
    <p class='ocr_par' dir='ltr' id='par_1_43' title="bbox 669 2993 1949 3056">
     <span class='ocr_line' id='line_1_43' title="bbox 669 2993 1949 3056; baseline -0.005 0"><span class='ocrx_word' id='word_1_254' title='bbox 669 3012 696 3043; x_wconf 74' lang='grc' dir='ltr'>ι</span> <span class='ocrx_word' id='word_1_255' title='bbox 716 2995 1050 3056; x_wconf 83' lang='lat' dir='ltr'><strong>EPlSTOLA</strong></span> <span class='ocrx_word' id='word_1_256' title='bbox 1085 2993 1360 3054; x_wconf 84' lang='lat' dir='ltr'><strong>MILONIS</strong></span> <span class='ocrx_word' id='word_1_257' title='bbox 1396 2993 1488 3050; x_wconf 81' lang='lat' dir='ltr'><strong>AD</strong></span> <span class='ocrx_word' id='word_1_258' title='bbox 1518 2994 1549 3036; x_wconf 67' lang='grc' dir='ltr'>δ</span> <span class='ocrx_word' id='word_1_259' title='bbox 1587 2994 1949 3052; x_wconf 79' lang='lat' dir='ltr'><strong>HAIMINUM.</strong></span> 
     </span>
    </p>
   </div>
   <div class='ocr_carea' id='block_1_44' title="bbox 596 3108 2104 3175">
    <p class='ocr_par' dir='ltr' id='par_1_44' title="bbox 596 3108 2104 3175">
     <span class='ocr_line' id='line_1_44' title="bbox 596 3108 2104 3175; baseline -0.001 -7"><span class='ocrx_word' id='word_1_260' title='bbox 596 3112 1052 3168; x_wconf 82' lang='lat' dir='ltr'><strong>Reverentissimo</strong></span> <span class='ocrx_word' id='word_1_261' title='bbox 1084 3110 1230 3165; x_wconf 89' lang='lat' dir='ltr'><strong>Patri</strong></span> <span class='ocrx_word' id='word_1_262' title='bbox 1252 3109 1487 3165; x_wconf 66' lang='lat' dir='ltr'><strong>Hammo</strong></span> <span class='ocrx_word' id='word_1_263' title='bbox 1517 3109 1658 3166; x_wconf 80' lang='lat' dir='ltr'><strong>MILO</strong></span> <span class='ocrx_word' id='word_1_264' title='bbox 1677 3151 1692 3175; x_wconf 92' lang='lat'><strong>,</strong></span> <span class='ocrx_word' id='word_1_265' title='bbox 1723 3108 2104 3166; x_wconf 85' lang='lat' dir='ltr'><strong>devotissimus</strong></span> 
     </span>
    </p>
   </div>
   <div class='ocr_carea' id='block_1_45' title="bbox 530 3201 2098 3272">
    <p class='ocr_par' dir='ltr' id='par_1_45' title="bbox 530 3201 2098 3272">
     <span class='ocr_line' id='line_1_45' title="bbox 530 3201 2098 3272; baseline -0.003 -12"><span class='ocrx_word' id='word_1_266' title='bbox 530 3205 783 3270; x_wconf 81' lang='lat' dir='ltr'><strong>ﬁliorum,</strong></span> <span class='ocrx_word' id='word_1_267' title='bbox 810 3203 1144 3259; x_wconf 91' lang='lat' dir='ltr'><strong>indelebilem</strong></span> <span class='ocrx_word' id='word_1_268' title='bbox 1165 3211 1378 3258; x_wconf 64' lang='lat' dir='ltr'><strong>aeterna:</strong></span> <span class='ocrx_word' id='word_1_269' title='bbox 1398 3201 1670 3258; x_wconf 83' lang='lat' dir='ltr'><strong>felicitatis</strong></span> <span class='ocrx_word' id='word_1_270' title='bbox 1684 3201 2098 3272; x_wconf 78' lang='lat' dir='ltr'><strong>iucunditatem.</strong></span> 
     </span>
    </p>
   </div>
   <div class='ocr_carea' id='block_1_46' title="bbox 604 3295 2105 3366">
    <p class='ocr_par' dir='ltr' id='par_1_46' title="bbox 604 3295 2105 3366">
     <span class='ocr_line' id='line_1_46' title="bbox 604 3295 2105 3366; baseline 0 -15"><span class='ocrx_word' id='word_1_271' title='bbox 604 3295 904 3351; x_wconf 80' lang='lat' dir='ltr'><strong>Perfruitus</strong></span> <span class='ocrx_word' id='word_1_272' title='bbox 947 3295 1217 3366; x_wconf 89' lang='lat' dir='ltr'><strong>quondam</strong></span> <span class='ocrx_word' id='word_1_273' title='bbox 1246 3304 1439 3351; x_wconf 66' lang='lat' dir='ltr'><strong>vestra:</strong></span> <span class='ocrx_word' id='word_1_274' title='bbox 1481 3297 1910 3353; x_wconf 85' lang='lat' dir='ltr'><strong>mansuetudinis</strong></span> <span class='ocrx_word' id='word_1_275' title='bbox 1956 3297 2105 3353; x_wconf 87' lang='lat' dir='ltr'><strong>beni-</strong></span> 
     </span>
    </p>
   </div>
   <div class='ocr_carea' id='block_1_47' title="bbox 531 3387 2104 3463">
    <p class='ocr_par' dir='ltr' id='par_1_47' title="bbox 531 3387 2104 3463">
     <span class='ocr_line' id='line_1_47' title="bbox 531 3387 2104 3463; baseline 0 -17"><span class='ocrx_word' id='word_1_276' title='bbox 531 3391 787 3463; x_wconf 82' lang='lat' dir='ltr'><strong>gnissimo</strong></span> <span class='ocrx_word' id='word_1_277' title='bbox 827 3387 1011 3455; x_wconf 83' lang='lat' dir='ltr'><strong>ati‘atu,</strong></span> <span class='ocrx_word' id='word_1_278' title='bbox 1059 3403 1123 3444; x_wconf 91' lang='lat' dir='ltr'><strong>eo</strong></span> <span class='ocrx_word' id='word_1_279' title='bbox 1159 3388 1365 3444; x_wconf 89' lang='lat' dir='ltr'><strong>scilicet</strong></span> <span class='ocrx_word' id='word_1_280' title='bbox 1389 3397 1648 3459; x_wconf 88' lang='lat' dir='ltr'><strong>tempore,</strong></span> <span class='ocrx_word' id='word_1_281' title='bbox 1685 3405 1792 3460; x_wconf 87' lang='lat' dir='ltr'><strong>quo</strong></span> <span class='ocrx_word' id='word_1_282' title='bbox 1822 3399 2104 3461; x_wconf 88' lang='lat' dir='ltr'><strong>susceptus</strong></span> 
     </span>
    </p>
   </div>
   <div class='ocr_carea' id='block_1_48' title="bbox 530 3479 2103 3550">
    <p class='ocr_par' dir='ltr' id='par_1_48' title="bbox 530 3479 2103 3550">
     <span class='ocr_line' id='line_1_48' title="bbox 530 3479 2103 3550; baseline -0.003 -12"><span class='ocrx_word' id='word_1_283' title='bbox 530 3481 765 3544; x_wconf 80' lang='lat' dir='ltr'><strong>avobis,</strong></span> <span class='ocrx_word' id='word_1_284' title='bbox 805 3489 982 3537; x_wconf 89' lang='lat' dir='ltr'><strong>vestra</strong></span> <span class='ocrx_word' id='word_1_285' title='bbox 1030 3479 1327 3535; x_wconf 89' lang='lat' dir='ltr'><strong>immeritus</strong></span> <span class='ocrx_word' id='word_1_286' title='bbox 1359 3479 1526 3535; x_wconf 91' lang='lat' dir='ltr'><strong>merui</strong></span> <span class='ocrx_word' id='word_1_287' title='bbox 1567 3479 1852 3550; x_wconf 85' lang='lat' dir='ltr'><strong>jucundari</strong></span> <span class='ocrx_word' id='word_1_288' title='bbox 1901 3479 2103 3535; x_wconf 87' lang='lat' dir='ltr'><strong>allocu-</strong></span> 
     </span>
    </p>
   </div>
   <div class='ocr_carea' id='block_1_49' title="bbox 529 3570 2104 3643">
    <p class='ocr_par' dir='ltr' id='par_1_49' title="bbox 529 3570 2104 3643">
     <span class='ocr_line' id='line_1_49' title="bbox 529 3570 2104 3643; baseline -0.004 -12"><span class='ocrx_word' id='word_1_289' title='bbox 529 3575 697 3640; x_wconf 91' lang='lat' dir='ltr'><strong>tione,</strong></span> <span class='ocrx_word' id='word_1_290' title='bbox 745 3587 809 3629; x_wconf 89' lang='lat' dir='ltr'><strong>ac</strong></span> <span class='ocrx_word' id='word_1_291' title='bbox 854 3571 1102 3628; x_wconf 86' lang='lat' dir='ltr'><strong>mellitlua</strong></span> <span class='ocrx_word' id='word_1_292' title='bbox 1143 3570 1408 3642; x_wconf 83' lang='lat' dir='ltr'><strong>perfoveri</strong></span> <span class='ocrx_word' id='word_1_293' title='bbox 1451 3571 1768 3637; x_wconf 89' lang='lat' dir='ltr'><strong>dulcedine,</strong></span> <span class='ocrx_word' id='word_1_294' title='bbox 1813 3571 2104 3643; x_wconf 83' lang='lat' dir='ltr'><strong>gratiarum</strong></span> 
     </span>
    </p>
   </div>
   <div class='ocr_carea' id='block_1_50' title="bbox 532 3662 2105 3734">
    <p class='ocr_par' dir='ltr' id='par_1_50' title="bbox 532 3662 2105 3734">
     <span class='ocr_line' id='line_1_50' title="bbox 532 3662 2105 3734; baseline -0.006 -10"><span class='ocrx_word' id='word_1_295' title='bbox 532 3668 795 3724; x_wconf 83' lang='lat' dir='ltr'><strong>actionem</strong></span> <span class='ocrx_word' id='word_1_296' title='bbox 817 3664 1082 3734; x_wconf 84' lang='lat' dir='ltr'><strong>persolvo.</strong></span> <span class='ocrx_word' id='word_1_297' title='bbox 1115 3662 1388 3733; x_wconf 91' lang='lat' dir='ltr'><strong>Siquidem</strong></span> <span class='ocrx_word' id='word_1_298' title='bbox 1409 3677 1534 3734; x_wconf 86' lang='lat' dir='ltr'><strong>erga</strong></span> <span class='ocrx_word' id='word_1_299' title='bbox 1557 3663 1907 3733; x_wconf 84' lang='lat' dir='ltr'><strong>exiguitatem</strong></span> <span class='ocrx_word' id='word_1_300' title='bbox 1933 3675 2105 3716; x_wconf 87' lang='lat' dir='ltr'><strong>meam</strong></span> 
     </span>
    </p>
   </div>
   <div class='ocr_carea' id='block_1_51' title="bbox 534 3752 2104 3824">
    <p class='ocr_par' dir='ltr' id='par_1_51' title="bbox 534 3752 2104 3824">
     <span class='ocr_line' id='line_1_51' title="bbox 534 3752 2104 3824; baseline -0.006 -10"><span class='ocrx_word' id='word_1_301' title='bbox 534 3767 682 3814; x_wconf 89' lang='lat' dir='ltr'><strong>tanta</strong></span> <span class='ocrx_word' id='word_1_302' title='bbox 711 3766 905 3813; x_wconf 69' lang='lat' dir='ltr'><strong>vestrae</strong></span> <span class='ocrx_word' id='word_1_303' title='bbox 943 3753 1275 3811; x_wconf 78' lang='lat' dir='ltr'><strong>excellentiae</strong></span> <span class='ocrx_word' id='word_1_304' title='bbox 1318 3754 1620 3823; x_wconf 75' lang='lat' dir='ltr'><strong>benignitas</strong></span> <span class='ocrx_word' id='word_1_305' title='bbox 1650 3753 1837 3824; x_wconf 80' lang='lat' dir='ltr'><strong>viguit,</strong></span> <span class='ocrx_word' id='word_1_306' title='bbox 1868 3761 1925 3808; x_wconf 91' lang='lat' dir='ltr'><strong>ut</strong></span> <span class='ocrx_word' id='word_1_307' title='bbox 1952 3752 2104 3807; x_wconf 89' lang='lat' dir='ltr'><strong>dein-</strong></span> 
     </span>
    </p>
   </div>
   <div class='ocr_carea' id='block_1_52' title="bbox 532 3843 2107 3919">
    <p class='ocr_par' dir='ltr' id='par_1_52' title="bbox 532 3843 2107 3919">
     <span class='ocr_line' id='line_1_52' title="bbox 532 3843 2107 3919; baseline -0.006 -13"><span class='ocrx_word' id='word_1_308' title='bbox 532 3864 660 3919; x_wconf 90' lang='lat' dir='ltr'><strong>ceps</strong></span> <span class='ocrx_word' id='word_1_309' title='bbox 688 3863 792 3904; x_wconf 91' lang='lat' dir='ltr'><strong>non</strong></span> <span class='ocrx_word' id='word_1_310' title='bbox 819 3855 1078 3913; x_wconf 90' lang='lat' dir='ltr'><strong>cessaret,</strong></span> <span class='ocrx_word' id='word_1_311' title='bbox 1106 3845 1248 3916; x_wconf 88' lang='lat' dir='ltr'><strong>quod</strong></span> <span class='ocrx_word' id='word_1_312' title='bbox 1280 3843 1667 3900; x_wconf 85' lang='lat' dir='ltr'><strong>inﬂammatum</strong></span> <span class='ocrx_word' id='word_1_313' title='bbox 1699 3853 1816 3900; x_wconf 90' lang='lat' dir='ltr'><strong>erat</strong></span> <span class='ocrx_word' id='word_1_314' title='bbox 1862 3845 1914 3898; x_wconf 93' lang='lat' dir='ltr'><strong>in</strong></span> <span class='ocrx_word' id='word_1_315' title='bbox 1944 3843 2107 3899; x_wconf 89' lang='lat' dir='ltr'><strong>corde</strong></span> 
     </span>
    </p>
   </div>
   <div class='ocr_carea' id='block_1_53' title="bbox 535 3935 2110 3994">
    <p class='ocr_par' dir='ltr' id='par_1_53' title="bbox 535 3935 2110 3994">
     <span class='ocr_line' id='line_1_53' title="bbox 535 3935 2110 3994; baseline -0.004 0"><span class='ocrx_word' id='word_1_316' title='bbox 535 3953 656 3994; x_wconf 91' lang='lat' dir='ltr'><strong>meo</strong></span> <span class='ocrx_word' id='word_1_317' title='bbox 673 3937 840 3994; x_wconf 86' lang='lat' dir='ltr'><strong>vestri</strong></span> <span class='ocrx_word' id='word_1_318' title='bbox 864 3937 1064 3992; x_wconf 91' lang='lat' dir='ltr'><strong>amoris</strong></span> <span class='ocrx_word' id='word_1_319' title='bbox 1098 3937 1290 3992; x_wconf 89' lang='lat' dir='ltr'><strong>ardere</strong></span> <span class='ocrx_word' id='word_1_320' title='bbox 1320 3936 1647 3992; x_wconf 90' lang='lat' dir='ltr'><strong>incendium.</strong></span> <span class='ocrx_word' id='word_1_321' title='bbox 1697 3936 1763 3990; x_wconf 88' lang='lat' dir='ltr'><strong>Et</strong></span> <span class='ocrx_word' id='word_1_322' title='bbox 1788 3951 1894 3990; x_wconf 92' lang='lat' dir='ltr'><strong>non</strong></span> <span class='ocrx_word' id='word_1_323' title='bbox 1920 3935 2110 3988; x_wconf 88' lang='lat' dir='ltr'><strong>imme-</strong></span> 
     </span>
    </p>
   </div>
   <div class='ocr_carea' id='block_1_54' title="bbox 535 4025 2107 4098">
    <p class='ocr_par' dir='ltr' id='par_1_54' title="bbox 535 4025 2107 4098">
     <span class='ocr_line' id='line_1_54' title="bbox 535 4025 2107 4098; baseline -0.002 -15"><span class='ocrx_word' id='word_1_324' title='bbox 535 4029 641 4083; x_wconf 90' lang='lat' dir='ltr'><strong>rito</strong></span> <span class='ocrx_word' id='word_1_325' title='bbox 680 4048 692 4083; x_wconf 88' lang='lat'><strong>:</strong></span> <span class='ocrx_word' id='word_1_326' title='bbox 750 4028 946 4098; x_wconf 88' lang='lat' dir='ltr'><strong>quippe</strong></span> <span class='ocrx_word' id='word_1_327' title='bbox 985 4027 1144 4083; x_wconf 89' lang='lat' dir='ltr'><strong>melle</strong></span> <span class='ocrx_word' id='word_1_328' title='bbox 1193 4026 1336 4096; x_wconf 92' lang='lat' dir='ltr'><strong>pleni</strong></span> <span class='ocrx_word' id='word_1_329' title='bbox 1384 4026 1764 4082; x_wconf 72' lang='lat' dir='ltr'><strong>Sincerissima:</strong></span> <span class='ocrx_word' id='word_1_330' title='bbox 1806 4025 2107 4080; x_wconf 89' lang='lat' dir='ltr'><strong>dilectionis</strong></span> 
     </span>
    </p>
   </div>
   <div class='ocr_carea' id='block_1_55' title="bbox 534 4117 2106 4188">
    <p class='ocr_par' dir='ltr' id='par_1_55' title="bbox 534 4117 2106 4188">
     <span class='ocr_line' id='line_1_55' title="bbox 534 4117 2106 4188; baseline -0.003 -13"><span class='ocrx_word' id='word_1_331' title='bbox 534 4119 714 4175; x_wconf 89' lang='lat' dir='ltr'><strong>cordis</strong></span> <span class='ocrx_word' id='word_1_332' title='bbox 752 4133 817 4172; x_wconf 86' lang='lat' dir='ltr'><strong>ac</strong></span> <span class='ocrx_word' id='word_1_333' title='bbox 860 4117 1104 4187; x_wconf 87' lang='lat' dir='ltr'><strong>corporis</strong></span> <span class='ocrx_word' id='word_1_334' title='bbox 1144 4127 1294 4188; x_wconf 88' lang='lat' dir='ltr'><strong>gesta</strong></span> <span class='ocrx_word' id='word_1_335' title='bbox 1323 4119 1649 4182; x_wconf 83' lang='lat' dir='ltr'><strong>eructantes,</strong></span> <span class='ocrx_word' id='word_1_336' title='bbox 1701 4132 1821 4187; x_wconf 66' lang='lat' dir='ltr'><strong>qua:</strong></span> <span class='ocrx_word' id='word_1_337' title='bbox 1850 4117 2106 4171; x_wconf 88' lang='lat' dir='ltr'><strong>interiora</strong></span> 
     </span>
    </p>
   </div>
   <div class='ocr_carea' id='block_1_56' title="bbox 535 4205 2107 4277">
    <p class='ocr_par' dir='ltr' id='par_1_56' title="bbox 535 4205 2107 4277">
     <span class='ocr_line' id='line_1_56' title="bbox 535 4205 2107 4277; baseline 0.001 -16"><span class='ocrx_word' id='word_1_338' title='bbox 535 4207 700 4262; x_wconf 88' lang='lat' dir='ltr'><strong>vestri</strong></span> <span class='ocrx_word' id='word_1_339' title='bbox 722 4207 954 4277; x_wconf 87' lang='lat' dir='ltr'><strong>pectoris</strong></span> <span class='ocrx_word' id='word_1_340' title='bbox 979 4207 1245 4262; x_wconf 85' lang='lat' dir='ltr'><strong>habebant</strong></span> <span class='ocrx_word' id='word_1_341' title='bbox 1268 4205 1485 4272; x_wconf 87' lang='lat' dir='ltr'><strong>cubilia,</strong></span> <span class='ocrx_word' id='word_1_342' title='bbox 1508 4205 1663 4261; x_wconf 83' lang='lat' dir='ltr'><strong>facile</strong></span> <span class='ocrx_word' id='word_1_343' title='bbox 1684 4206 2010 4271; x_wconf 90' lang='lat' dir='ltr'><strong>obtinuistis,</strong></span> <span class='ocrx_word' id='word_1_344' title='bbox 2039 4221 2107 4262; x_wconf 90' lang='lat' dir='ltr'><strong>ne</strong></span> 
     </span>
    </p>
   </div>
   <div class='ocr_carea' id='block_1_57' title="bbox 535 4296 2108 4366">
    <p class='ocr_par' dir='ltr' id='par_1_57' title="bbox 535 4296 2108 4366">
     <span class='ocr_line' id='line_1_57' title="bbox 535 4296 2108 4366; baseline -0.001 -12"><span class='ocrx_word' id='word_1_345' title='bbox 535 4298 603 4354; x_wconf 89' lang='lat' dir='ltr'><strong>de</strong></span> <span class='ocrx_word' id='word_1_346' title='bbox 647 4296 796 4352; x_wconf 84' lang='lat' dir='ltr'><strong>ﬁbris</strong></span> <span class='ocrx_word' id='word_1_347' title='bbox 841 4298 976 4353; x_wconf 90' lang='lat' dir='ltr'><strong>meis</strong></span> <span class='ocrx_word' id='word_1_348' title='bbox 1021 4296 1130 4350; x_wconf 89' lang='lat' dir='ltr'><strong>ullo</strong></span> <span class='ocrx_word' id='word_1_349' title='bbox 1171 4311 1404 4366; x_wconf 88' lang='lat' dir='ltr'><strong>unquam</strong></span> <span class='ocrx_word' id='word_1_350' title='bbox 1452 4306 1635 4351; x_wconf 91' lang='lat' dir='ltr'><strong>tenore</strong></span> <span class='ocrx_word' id='word_1_351' title='bbox 1680 4305 1853 4351; x_wconf 82' lang='lat' dir='ltr'><strong>vestra</strong></span> <span class='ocrx_word' id='word_1_352' title='bbox 1894 4296 2108 4352; x_wconf 88' lang='lat' dir='ltr'><strong>labatur</strong></span> 
     </span>
    </p>
   </div>
   <div class='ocr_carea' id='block_1_58' title="bbox 2121 2998 3786 3075">
    <p class='ocr_par' dir='ltr' id='par_1_58' title="bbox 2121 2998 3786 3075">
     <span class='ocr_line' id='line_1_58' title="bbox 2121 2998 3786 3075; baseline 0.002 -18"><span class='ocrx_word' id='word_1_353' title='bbox 2121 2998 2168 3062; x_wconf 91' lang='lat' dir='ltr'><strong>C</strong></span> <span class='ocrx_word' id='word_1_354' title='bbox 2199 3008 2497 3071; x_wconf 66' lang='lat' dir='ltr'><strong>praeeunte,</strong></span> <span class='ocrx_word' id='word_1_355' title='bbox 2521 3013 2702 3070; x_wconf 82' lang='lat' dir='ltr'><strong>aequas</strong></span> <span class='ocrx_word' id='word_1_356' title='bbox 2725 3007 2904 3056; x_wconf 82' lang='lat' dir='ltr'><strong>textus</strong></span> <span class='ocrx_word' id='word_1_357' title='bbox 2928 2999 3184 3056; x_wconf 81' lang='lat' dir='ltr'><strong>carminis</strong></span> <span class='ocrx_word' id='word_1_358' title='bbox 3211 3001 3318 3056; x_wconf 89' lang='lat' dir='ltr'><strong>mei</strong></span> <span class='ocrx_word' id='word_1_359' title='bbox 3345 3000 3658 3060; x_wconf 88' lang='lat' dir='ltr'><strong>obtinuerit</strong></span> <span class='ocrx_word' id='word_1_360' title='bbox 3678 3021 3786 3075; x_wconf 83' lang='lat' dir='ltr'><strong>par-</strong></span> 
     </span>
    </p>
   </div>
   <div class='ocr_carea' id='block_1_59' title="bbox 2206 3090 3785 3164">
    <p class='ocr_par' dir='ltr' id='par_1_59' title="bbox 2206 3090 3785 3164">
     <span class='ocr_line' id='line_1_59' title="bbox 2206 3090 3785 3164; baseline 0.003 -18"><span class='ocrx_word' id='word_1_361' title='bbox 2206 3099 2316 3157; x_wconf 91' lang='lat' dir='ltr'><strong>tes;</strong></span> <span class='ocrx_word' id='word_1_362' title='bbox 2353 3099 2479 3146; x_wconf 91' lang='lat' dir='ltr'><strong>tunc</strong></span> <span class='ocrx_word' id='word_1_363' title='bbox 2503 3106 2608 3144; x_wconf 89' lang='lat' dir='ltr'><strong>una</strong></span> <span class='ocrx_word' id='word_1_364' title='bbox 2661 3105 2867 3146; x_wconf 78' lang='lat' dir='ltr'><strong>mecum</strong></span> <span class='ocrx_word' id='word_1_365' title='bbox 2906 3090 3065 3160; x_wconf 87' lang='lat' dir='ltr'><strong>hujus</strong></span> <span class='ocrx_word' id='word_1_366' title='bbox 3111 3093 3235 3148; x_wconf 92' lang='lat' dir='ltr'><strong>doni</strong></span> <span class='ocrx_word' id='word_1_367' title='bbox 3277 3092 3555 3164; x_wconf 88' lang='lat' dir='ltr'><strong>largitori,</strong></span> <span class='ocrx_word' id='word_1_368' title='bbox 3606 3106 3785 3151; x_wconf 85' lang='lat' dir='ltr'><strong>sancto</strong></span> 
     </span>
    </p>
   </div>
   <div class='ocr_carea' id='block_1_60' title="bbox 2205 3181 3784 3254">
    <p class='ocr_par' dir='ltr' id='par_1_60' title="bbox 2205 3181 3784 3254">
     <span class='ocr_line' id='line_1_60' title="bbox 2205 3181 3784 3254; baseline 0.002 -14"><span class='ocrx_word' id='word_1_369' title='bbox 2205 3183 2414 3240; x_wconf 84' lang='lat' dir='ltr'><strong>scilicet</strong></span> <span class='ocrx_word' id='word_1_370' title='bbox 2433 3181 2677 3254; x_wconf 88' lang='lat' dir='ltr'><strong>Spiritui,</strong></span> <span class='ocrx_word' id='word_1_371' title='bbox 2694 3185 2988 3254; x_wconf 84' lang='lat' dir='ltr'><strong>gratiarum</strong></span> <span class='ocrx_word' id='word_1_372' title='bbox 3014 3185 3198 3241; x_wconf 89' lang='lat' dir='ltr'><strong>laudes</strong></span> <span class='ocrx_word' id='word_1_373' title='bbox 3219 3185 3400 3241; x_wconf 86' lang='lat' dir='ltr'><strong>debita</strong></span> <span class='ocrx_word' id='word_1_374' title='bbox 3424 3187 3784 3243; x_wconf 80' lang='lat' dir='ltr'><strong>exsultatione</strong></span> 
     </span>
    </p>
   </div>
   <div class='ocr_carea' id='block_1_61' title="bbox 2204 3273 3780 3348">
    <p class='ocr_par' dir='ltr' id='par_1_61' title="bbox 2204 3273 3780 3348">
     <span class='ocr_line' id='line_1_61' title="bbox 2204 3273 3780 3348; baseline 0.003 -18"><span class='ocrx_word' id='word_1_375' title='bbox 2204 3275 2516 3345; x_wconf 85' lang='lat' dir='ltr'><strong>persolvite,</strong></span> <span class='ocrx_word' id='word_1_376' title='bbox 2558 3275 2710 3345; x_wconf 91' lang='lat' dir='ltr'><strong>cujus</strong></span> <span class='ocrx_word' id='word_1_377' title='bbox 2745 3273 2968 3330; x_wconf 74' lang='lat' dir='ltr'><strong>munere</strong></span> <span class='ocrx_word' id='word_1_378' title='bbox 2997 3284 3205 3331; x_wconf 91' lang='lat' dir='ltr'><strong>tantum</strong></span> <span class='ocrx_word' id='word_1_379' title='bbox 3247 3292 3386 3348; x_wconf 90' lang='lat' dir='ltr'><strong>opus</strong></span> <span class='ocrx_word' id='word_1_380' title='bbox 3414 3280 3570 3347; x_wconf 84' lang='lat' dir='ltr'><strong>quivi</strong></span> <span class='ocrx_word' id='word_1_381' title='bbox 3600 3289 3780 3335; x_wconf 85' lang='lat' dir='ltr'><strong>utcun-</strong></span> 
     </span>
    </p>
   </div>
   <div class='ocr_carea' id='block_1_62' title="bbox 2206 3366 3782 3439">
    <p class='ocr_par' dir='ltr' id='par_1_62' title="bbox 2206 3366 3782 3439">
     <span class='ocr_line' id='line_1_62' title="bbox 2206 3366 3782 3439; baseline 0.004 -19"><span class='ocrx_word' id='word_1_382' title='bbox 2206 3382 2310 3437; x_wconf 91' lang='lat' dir='ltr'><strong>que</strong></span> <span class='ocrx_word' id='word_1_383' title='bbox 2335 3368 2699 3439; x_wconf 82' lang='lat' dir='ltr'><strong>compingere.</strong></span> <span class='ocrx_word' id='word_1_384' title='bbox 2728 3366 3034 3423; x_wconf 86' lang='lat' dir='ltr'><strong>Rusticitati</strong></span> <span class='ocrx_word' id='word_1_385' title='bbox 3063 3377 3241 3425; x_wconf 90' lang='lat' dir='ltr'><strong>autem</strong></span> <span class='ocrx_word' id='word_1_386' title='bbox 3265 3386 3400 3427; x_wconf 75' lang='lat' dir='ltr'><strong>mea:</strong></span> <span class='ocrx_word' id='word_1_387' title='bbox 3420 3373 3646 3427; x_wconf 88' lang='lat' dir='ltr'><strong>veniam</strong></span> <span class='ocrx_word' id='word_1_388' title='bbox 3666 3374 3782 3427; x_wconf 85' lang='lat' dir='ltr'><strong>dare</strong></span> 
     </span>
    </p>
   </div>
   <div class='ocr_carea' id='block_1_63' title="bbox 2205 3458 3780 3530">
    <p class='ocr_par' dir='ltr' id='par_1_63' title="bbox 2205 3458 3780 3530">
     <span class='ocr_line' id='line_1_63' title="bbox 2205 3458 3780 3530; baseline 0.003 -17"><span class='ocrx_word' id='word_1_389' title='bbox 2205 3473 2428 3513; x_wconf 90' lang='lat' dir='ltr'><strong>necesse</strong></span> <span class='ocrx_word' id='word_1_390' title='bbox 2455 3465 2557 3523; x_wconf 89' lang='lat' dir='ltr'><strong>est,</strong></span> <span class='ocrx_word' id='word_1_391' title='bbox 2581 3459 2705 3526; x_wconf 88' lang='lat' dir='ltr'><strong>quia</strong></span> <span class='ocrx_word' id='word_1_392' title='bbox 2729 3458 3029 3524; x_wconf 90' lang='lat' dir='ltr'><strong>rusticatio,</strong></span> <span class='ocrx_word' id='word_1_393' title='bbox 3058 3468 3117 3514; x_wconf 89' lang='lat' dir='ltr'><strong>ut</strong></span> <span class='ocrx_word' id='word_1_394' title='bbox 3141 3460 3360 3530; x_wconf 85' lang='lat' dir='ltr'><strong>quidam</strong></span> <span class='ocrx_word' id='word_1_395' title='bbox 3391 3461 3492 3527; x_wconf 87' lang='lat' dir='ltr'><strong>ait,</strong></span> <span class='ocrx_word' id='word_1_396' title='bbox 3524 3463 3596 3517; x_wconf 88' lang='lat' dir='ltr'><strong>ab</strong></span> <span class='ocrx_word' id='word_1_397' title='bbox 3628 3463 3780 3519; x_wconf 84' lang='lat' dir='ltr'><strong>Altis-</strong></span> 
     </span>
    </p>
   </div>
   <div class='ocr_carea' id='block_1_64' title="bbox 2207 3549 3781 3626">
    <p class='ocr_par' dir='ltr' id='par_1_64' title="bbox 2207 3549 3781 3626">
     <span class='ocr_line' id='line_1_64' title="bbox 2207 3549 3781 3626; baseline 0.004 -21"><span class='ocrx_word' id='word_1_398' title='bbox 2207 3551 2344 3606; x_wconf 90' lang='lat' dir='ltr'><strong>simo</strong></span> <span class='ocrx_word' id='word_1_399' title='bbox 2370 3559 2552 3605; x_wconf 84' lang='lat' dir='ltr'><strong>creata</strong></span> <span class='ocrx_word' id='word_1_400' title='bbox 2573 3559 2674 3605; x_wconf 89' lang='lat' dir='ltr'><strong>est.</strong></span> <span class='ocrx_word' id='word_1_401' title='bbox 2705 3549 2773 3604; x_wconf 81' lang='lat' dir='ltr'><strong>Et</strong></span> <span class='ocrx_word' id='word_1_402' title='bbox 2805 3552 3051 3621; x_wconf 89' lang='lat' dir='ltr'><strong>quamvis</strong></span> <span class='ocrx_word' id='word_1_403' title='bbox 3077 3549 3464 3609; x_wconf 77' lang='lat' dir='ltr'><strong>dilﬁcilioribus</strong></span> <span class='ocrx_word' id='word_1_404' title='bbox 3491 3556 3572 3610; x_wconf 87' lang='lat' dir='ltr'><strong>uti</strong></span> <span class='ocrx_word' id='word_1_405' title='bbox 3603 3566 3781 3626; x_wconf 83' lang='lat' dir='ltr'><strong>potue-</strong></span> 
     </span>
    </p>
   </div>
   <div class='ocr_carea' id='block_1_65' title="bbox 2209 3641 3778 3716">
    <p class='ocr_par' dir='ltr' id='par_1_65' title="bbox 2209 3641 3778 3716">
     <span class='ocr_line' id='line_1_65' title="bbox 2209 3641 3778 3716; baseline 0.004 -21"><span class='ocrx_word' id='word_1_406' title='bbox 2209 3641 2312 3696; x_wconf 90' lang='lat' dir='ltr'><strong>rim</strong></span> <span class='ocrx_word' id='word_1_407' title='bbox 2359 3641 2626 3710; x_wconf 89' lang='lat' dir='ltr'><strong>aliquibus</strong></span> <span class='ocrx_word' id='word_1_408' title='bbox 2675 3642 2727 3695; x_wconf 91' lang='lat' dir='ltr'><strong>in</strong></span> <span class='ocrx_word' id='word_1_409' title='bbox 2773 3641 2906 3696; x_wconf 89' lang='lat' dir='ltr'><strong>locis</strong></span> <span class='ocrx_word' id='word_1_410' title='bbox 2928 3644 3217 3698; x_wconf 89' lang='lat' dir='ltr'><strong>verborum</strong></span> <span class='ocrx_word' id='word_1_411' title='bbox 3257 3643 3604 3716; x_wconf 84' lang='lat' dir='ltr'><strong>ambagibus,</strong></span> <span class='ocrx_word' id='word_1_412' title='bbox 3638 3662 3703 3702; x_wconf 88' lang='lat' dir='ltr'><strong>ne</strong></span> <span class='ocrx_word' id='word_1_413' title='bbox 3734 3648 3778 3702; x_wconf 86' lang='lat' dir='ltr'><strong>id</strong></span> 
     </span>
    </p>
   </div>
   <div class='ocr_carea' id='block_1_66' title="bbox 2208 3731 3777 3803">
    <p class='ocr_par' dir='ltr' id='par_1_66' title="bbox 2208 3731 3777 3803">
     <span class='ocr_line' id='line_1_66' title="bbox 2208 3731 3777 3803; baseline 0.004 -16"><span class='ocrx_word' id='word_1_414' title='bbox 2208 3731 2440 3788; x_wconf 80' lang='lat' dir='ltr'><strong>facerem</strong></span> <span class='ocrx_word' id='word_1_415' title='bbox 2485 3748 2603 3787; x_wconf 92' lang='lat' dir='ltr'><strong>sum</strong></span> <span class='ocrx_word' id='word_1_416' title='bbox 2644 3733 2969 3802; x_wconf 89' lang='lat' dir='ltr'><strong>prohibitus,</strong></span> <span class='ocrx_word' id='word_1_417' title='bbox 3001 3735 3092 3803; x_wconf 88' lang='lat' dir='ltr'><strong>qui</strong></span> <span class='ocrx_word' id='word_1_418' title='bbox 3120 3735 3284 3790; x_wconf 90' lang='lat' dir='ltr'><strong>etiam</strong></span> <span class='ocrx_word' id='word_1_419' title='bbox 3313 3737 3524 3792; x_wconf 89' lang='lat' dir='ltr'><strong>credidi</strong></span> <span class='ocrx_word' id='word_1_420' title='bbox 3553 3737 3777 3792; x_wconf 80' lang='lat' dir='ltr'><strong>futurum</strong></span> 
     </span>
    </p>
   </div>
   <div class='ocr_carea' id='block_1_67' title="bbox 2208 3822 3775 3898">
    <p class='ocr_par' dir='ltr' id='par_1_67' title="bbox 2208 3822 3775 3898">
     <span class='ocr_line' id='line_1_67' title="bbox 2208 3822 3775 3898; baseline 0.003 -21"><span class='ocrx_word' id='word_1_421' title='bbox 2208 3838 2342 3893; x_wconf 88' lang='lat' dir='ltr'><strong>opus</strong></span> <span class='ocrx_word' id='word_1_422' title='bbox 2371 3823 2512 3876; x_wconf 89' lang='lat' dir='ltr'><strong>istud</strong></span> <span class='ocrx_word' id='word_1_423' title='bbox 2535 3822 2760 3892; x_wconf 87' lang='lat' dir='ltr'><strong>gratius,</strong></span> <span class='ocrx_word' id='word_1_424' title='bbox 2786 3822 2832 3877; x_wconf 91' lang='lat' dir='ltr'><strong>si</strong></span> <span class='ocrx_word' id='word_1_425' title='bbox 2853 3825 3092 3879; x_wconf 87' lang='lat' dir='ltr'><strong>omnium</strong></span> <span class='ocrx_word' id='word_1_426' title='bbox 3121 3823 3371 3881; x_wconf 83' lang='lat' dir='ltr'><strong>Fratrum</strong></span> <span class='ocrx_word' id='word_1_427' title='bbox 3390 3836 3611 3898; x_wconf 87' lang='lat' dir='ltr'><strong>pateret</strong></span> <span class='ocrx_word' id='word_1_428' title='bbox 3638 3828 3775 3882; x_wconf 84' lang='lat' dir='ltr'><strong>audi-</strong></span> 
     </span>
    </p>
   </div>
   <div class='ocr_carea' id='block_1_68' title="bbox 2209 3911 3777 3983">
    <p class='ocr_par' dir='ltr' id='par_1_68' title="bbox 2209 3911 3777 3983">
     <span class='ocr_line' id='line_1_68' title="bbox 2209 3911 3777 3983; baseline 0.004 -16"><span class='ocrx_word' id='word_1_429' title='bbox 2209 3914 2374 3968; x_wconf 90' lang='lat' dir='ltr'><strong>tibus.</strong></span> <span class='ocrx_word' id='word_1_430' title='bbox 2411 3911 2615 3966; x_wconf 83' lang='lat' dir='ltr'><strong>Faveat</strong></span> <span class='ocrx_word' id='word_1_431' title='bbox 2639 3927 2770 3983; x_wconf 85' lang='lat' dir='ltr'><strong>ergo</strong></span> <span class='ocrx_word' id='word_1_432' title='bbox 2795 3912 3118 3968; x_wconf 82' lang='lat' dir='ltr'><strong>excellentia</strong></span> <span class='ocrx_word' id='word_1_433' title='bbox 3149 3923 3329 3970; x_wconf 88' lang='lat' dir='ltr'><strong>vestra</strong></span> <span class='ocrx_word' id='word_1_434' title='bbox 3357 3931 3464 3971; x_wconf 91' lang='lat' dir='ltr'><strong>non</strong></span> <span class='ocrx_word' id='word_1_435' title='bbox 3488 3918 3641 3973; x_wconf 88' lang='lat' dir='ltr'><strong>vitiis</strong></span> <span class='ocrx_word' id='word_1_436' title='bbox 3663 3921 3777 3974; x_wconf 88' lang='lat' dir='ltr'><strong>meis</strong></span> 
     </span>
    </p>
   </div>
   <div class='ocr_carea' id='block_1_69' title="bbox 2208 4001 3775 4074">
    <p class='ocr_par' dir='ltr' id='par_1_69' title="bbox 2208 4001 3775 4074">
     <span class='ocr_line' id='line_1_69' title="bbox 2208 4001 3775 4074; baseline 0.001 -16"><span class='ocrx_word' id='word_1_437' title='bbox 2208 4003 2303 4058; x_wconf 89' lang='lat' dir='ltr'><strong>sed</strong></span> <span class='ocrx_word' id='word_1_438' title='bbox 2351 4001 2661 4068; x_wconf 86' lang='lat' dir='ltr'><strong>laboribus;</strong></span> <span class='ocrx_word' id='word_1_439' title='bbox 2724 4010 2781 4056; x_wconf 91' lang='lat' dir='ltr'><strong>ut</strong></span> <span class='ocrx_word' id='word_1_440' title='bbox 2840 4001 2967 4057; x_wconf 92' lang='lat' dir='ltr'><strong>illud</strong></span> <span class='ocrx_word' id='word_1_441' title='bbox 3020 4004 3329 4074; x_wconf 89' lang='lat' dir='ltr'><strong>percipiatis</strong></span> <span class='ocrx_word' id='word_1_442' title='bbox 3372 4005 3428 4060; x_wconf 92' lang='lat' dir='ltr'><strong>in</strong></span> <span class='ocrx_word' id='word_1_443' title='bbox 3477 4006 3775 4062; x_wconf 68' lang='lat' dir='ltr'><strong>cmiestibns</strong></span> 
     </span>
    </p>
   </div>
   <div class='ocr_carea' id='block_1_70' title="bbox 2208 4093 3773 4170">
    <p class='ocr_par' dir='ltr' id='par_1_70' title="bbox 2208 4093 3773 4170">
     <span class='ocr_line' id='line_1_70' title="bbox 2208 4093 3773 4170; baseline 0.004 -22"><span class='ocrx_word' id='word_1_444' title='bbox 2208 4093 2350 4164; x_wconf 86' lang='lat' dir='ltr'><strong>quod</strong></span> <span class='ocrx_word' id='word_1_445' title='bbox 2380 4093 2619 4149; x_wconf 87' lang='lat' dir='ltr'><strong>mortalis</strong></span> <span class='ocrx_word' id='word_1_446' title='bbox 2658 4109 2762 4148; x_wconf 94' lang='lat' dir='ltr'><strong>non</strong></span> <span class='ocrx_word' id='word_1_447' title='bbox 2792 4093 2920 4149; x_wconf 89' lang='lat' dir='ltr'><strong>vidit</strong></span> <span class='ocrx_word' id='word_1_448' title='bbox 2941 4094 3150 4150; x_wconf 90' lang='lat' dir='ltr'><strong>oculus.</strong></span> <span class='ocrx_word' id='word_1_449' title='bbox 3184 4095 3374 4152; x_wconf 83' lang='lat' dir='ltr'><strong>Valere</strong></span> <span class='ocrx_word' id='word_1_450' title='bbox 3404 4112 3505 4154; x_wconf 88' lang='lat' dir='ltr'><strong>vos</strong></span> <span class='ocrx_word' id='word_1_451' title='bbox 3535 4108 3773 4170; x_wconf 85' lang='lat' dir='ltr'><strong>optamus</strong></span> 
     </span>
    </p>
   </div>
   <div class='ocr_carea' id='block_1_71' title="bbox 2209 4185 3502 4257">
    <p class='ocr_par' dir='ltr' id='par_1_71' title="bbox 2209 4185 3502 4257">
     <span class='ocr_line' id='line_1_71' title="bbox 2209 4185 3502 4257; baseline 0.002 -15"><span class='ocrx_word' id='word_1_452' title='bbox 2209 4187 2277 4242; x_wconf 89' lang='lat' dir='ltr'><strong>ad</strong></span> <span class='ocrx_word' id='word_1_453' title='bbox 2311 4186 2549 4242; x_wconf 90' lang='lat' dir='ltr'><strong>omnium</strong></span> <span class='ocrx_word' id='word_1_454' title='bbox 2573 4185 2807 4241; x_wconf 85' lang='lat' dir='ltr'><strong>ﬁdelium</strong></span> <span class='ocrx_word' id='word_1_455' title='bbox 2827 4185 3128 4257; x_wconf 77' lang='lat' dir='ltr'><strong>proiectum</strong></span> <span class='ocrx_word' id='word_1_456' title='bbox 3153 4187 3502 4244; x_wconf 75' lang='lat' dir='ltr'><strong>aeternaliter.</strong></span> 
     </span>
    </p>
   </div>
   <div class='ocr_carea' id='block_1_72' title="bbox 2399 4295 3611 4357">
    <p class='ocr_par' dir='ltr' id='par_1_72' title="bbox 2399 4295 3611 4357">
     <span class='ocr_line' id='line_1_72' title="bbox 2399 4295 3611 4357; baseline 0.003 -4"><span class='ocrx_word' id='word_1_457' title='bbox 2399 4295 2838 4354; x_wconf 80' lang='lat' dir='ltr'><strong>RESCRIPTUM</strong></span> <span class='ocrx_word' id='word_1_458' title='bbox 2872 4295 3132 4354; x_wconf 74' lang='lat' dir='ltr'><strong>HAIMINI</strong></span> <span class='ocrx_word' id='word_1_459' title='bbox 3163 4299 3257 4354; x_wconf 81' lang='lat' dir='ltr'><strong>AD</strong></span> <span class='ocrx_word' id='word_1_460' title='bbox 3292 4299 3611 4357; x_wconf 67' lang='lat' dir='ltr'><strong>EUMDEM.</strong></span> 
     </span>
    </p>
   </div>
   <div class='ocr_carea' id='block_1_73' title="bbox 534 4383 3776 4476">
    <p class='ocr_par' dir='ltr' id='par_1_73' title="bbox 534 4383 3776 4476">
     <span class='ocr_line' id='line_1_73' title="bbox 534 4383 3776 4476; baseline -0.002 -27"><span class='ocrx_word' id='word_1_461' title='bbox 534 4393 780 4450; x_wconf 89' lang='lat' dir='ltr'><strong>amabilis</strong></span> <span class='ocrx_word' id='word_1_462' title='bbox 809 4392 1044 4458; x_wconf 88' lang='lat' dir='ltr'><strong>mentio;</strong></span> <span class='ocrx_word' id='word_1_463' title='bbox 1097 4391 1190 4448; x_wconf 90' lang='lat' dir='ltr'><strong>sed</strong></span> <span class='ocrx_word' id='word_1_464' title='bbox 1233 4391 1560 4448; x_wconf 68' lang='lat' dir='ltr'><strong>mternaliter</strong></span> <span class='ocrx_word' id='word_1_465' title='bbox 1607 4393 1858 4449; x_wconf 86' lang='lat' dir='ltr'><strong>innovata</strong></span> <span class='ocrx_word' id='word_1_466' title='bbox 1887 4409 2106 4449; x_wconf 83' lang='lat' dir='ltr'><strong>oonser-</strong></span> <span class='ocrx_word' id='word_1_467' title='bbox 2132 4383 2184 4444; x_wconf 91' lang='lat' dir='ltr'><strong>D</strong></span> <span class='ocrx_word' id='word_1_468' title='bbox 2278 4412 2498 4471; x_wconf 59' lang='lat' dir='ltr'><strong>[namus</strong></span> <span class='ocrx_word' id='word_1_469' title='bbox 2527 4430 2714 4471; x_wconf 62' lang='lat' dir='ltr'><strong>servus</strong></span> <span class='ocrx_word' id='word_1_470' title='bbox 2739 4415 2939 4472; x_wconf 55' lang='grc' dir='ltr'><strong>(ληίδα</strong></span> <span class='ocrx_word' id='word_1_471' title='bbox 2977 4415 3255 4472; x_wconf 65' lang='lat' dir='ltr'><strong>Haiminus</strong></span> <span class='ocrx_word' id='word_1_472' title='bbox 3283 4415 3466 4474; x_wconf 61' lang='lat' dir='ltr'><strong>Miloni</strong></span> <span class='ocrx_word' id='word_1_473' title='bbox 3511 4435 3614 4476; x_wconf 67' lang='lat' dir='ltr'><strong>suo</strong></span> <span class='ocrx_word' id='word_1_474' title='bbox 3646 4420 3776 4476; x_wconf 49' lang='lat' dir='ltr'><strong>sam</strong></span> 
     </span>
    </p>
   </div>
   <div class='ocr_carea' id='block_1_74' title="bbox 535 4481 2105 4553">
    <p class='ocr_par' dir='ltr' id='par_1_74' title="bbox 535 4481 2105 4553">
     <span class='ocr_line' id='line_1_74' title="bbox 535 4481 2105 4553; baseline 0 -14"><span class='ocrx_word' id='word_1_475' title='bbox 535 4492 692 4539; x_wconf 90' lang='lat' dir='ltr'><strong>vetur</strong></span> <span class='ocrx_word' id='word_1_476' title='bbox 718 4493 774 4538; x_wconf 90' lang='lat' dir='ltr'><strong>et</strong></span> <span class='ocrx_word' id='word_1_477' title='bbox 814 4482 1070 4553; x_wconf 89' lang='lat' dir='ltr'><strong>perduret</strong></span> <span class='ocrx_word' id='word_1_478' title='bbox 1108 4481 1240 4538; x_wconf 84' lang='lat' dir='ltr'><strong>ﬂore</strong></span> <span class='ocrx_word' id='word_1_479' title='bbox 1283 4483 1735 4538; x_wconf 88' lang='lat' dir='ltr'><strong>immarcescihili.</strong></span> <span class='ocrx_word' id='word_1_480' title='bbox 1779 4483 1892 4550; x_wconf 87' lang='lat' dir='ltr'><strong>Qua</strong></span> <span class='ocrx_word' id='word_1_481' title='bbox 1934 4484 1999 4538; x_wconf 89' lang='lat' dir='ltr'><strong>de</strong></span> <span class='ocrx_word' id='word_1_482' title='bbox 2044 4498 2105 4540; x_wconf 88' lang='lat' dir='ltr'><strong>re</strong></span> 
     </span>
    </p>
   </div>
   <div class='ocr_carea' id='block_1_75' title="bbox 537 4575 2110 4646">
    <p class='ocr_par' dir='ltr' id='par_1_75' title="bbox 537 4575 2110 4646">
     <span class='ocr_line' id='line_1_75' title="bbox 537 4575 2110 4646; baseline 0.001 -16"><span class='ocrx_word' id='word_1_483' title='bbox 537 4575 710 4632; x_wconf 84' lang='lat' dir='ltr'><strong>lidens</strong></span> <span class='ocrx_word' id='word_1_484' title='bbox 749 4575 804 4630; x_wconf 92' lang='lat' dir='ltr'><strong>in</strong></span> <span class='ocrx_word' id='word_1_485' title='bbox 831 4585 942 4630; x_wconf 91' lang='lat' dir='ltr'><strong>tam</strong></span> <span class='ocrx_word' id='word_1_486' title='bbox 979 4575 1231 4630; x_wconf 87' lang='lat' dir='ltr'><strong>laudabili</strong></span> <span class='ocrx_word' id='word_1_487' title='bbox 1265 4575 1587 4646; x_wconf 83' lang='lat' dir='ltr'><strong>paternitate</strong></span> <span class='ocrx_word' id='word_1_488' title='bbox 1616 4584 1809 4642; x_wconf 89' lang='lat' dir='ltr'><strong>vestra,</strong></span> <span class='ocrx_word' id='word_1_489' title='bbox 1839 4592 1937 4632; x_wconf 88' lang='lat' dir='ltr'><strong>ceu</strong></span> <span class='ocrx_word' id='word_1_490' title='bbox 1969 4576 2110 4631; x_wconf 82' lang='lat' dir='ltr'><strong>ﬁlius</strong></span> 
     </span>
    </p>
   </div>
   <div class='ocr_carea' id='block_1_76' title="bbox 477 4667 2110 4738">
    <p class='ocr_par' dir='ltr' id='par_1_76' title="bbox 477 4667 2110 4738">
     <span class='ocr_line' id='line_1_76' title="bbox 477 4667 2110 4738; baseline -0.001 -14"><span class='ocrx_word' id='word_1_491' title='bbox 477 4701 486 4712; x_wconf 90' lang='lat'><strong>-</strong></span> <span class='ocrx_word' id='word_1_492' title='bbox 537 4669 702 4725; x_wconf 91' lang='lat' dir='ltr'><strong>indidi</strong></span> <span class='ocrx_word' id='word_1_493' title='bbox 762 4667 1005 4723; x_wconf 91' lang='lat' dir='ltr'><strong>manibus</strong></span> <span class='ocrx_word' id='word_1_494' title='bbox 1045 4667 1242 4723; x_wconf 81' lang='lat' dir='ltr'><strong>veStris</strong></span> <span class='ocrx_word' id='word_1_495' title='bbox 1297 4667 1506 4738; x_wconf 89' lang='lat' dir='ltr'><strong>ineptas</strong></span> <span class='ocrx_word' id='word_1_496' title='bbox 1552 4683 1686 4723; x_wconf 65' lang='lat' dir='ltr'><strong>mere</strong></span> <span class='ocrx_word' id='word_1_497' title='bbox 1739 4668 2110 4738; x_wconf 63' lang='lat' dir='ltr'><strong>imprudentiae</strong></span> 
     </span>
    </p>
   </div>
   <div class='ocr_carea' id='block_1_77' title="bbox 537 4758 2108 4831">
    <p class='ocr_par' dir='ltr' id='par_1_77' title="bbox 537 4758 2108 4831">
     <span class='ocr_line' id='line_1_77' title="bbox 537 4758 2108 4831; baseline -0.003 -14"><span class='ocrx_word' id='word_1_498' title='bbox 537 4761 762 4827; x_wconf 66' lang='lat' dir='ltr'><strong>naenias,</strong></span> <span class='ocrx_word' id='word_1_499' title='bbox 790 4761 1248 4831; x_wconf 65' lang='lat' dir='ltr'><strong>praeexercitatem</strong></span> <span class='ocrx_word' id='word_1_500' title='bbox 1277 4758 1396 4831; x_wconf 86' lang='lat' dir='ltr'><strong>(sic)</strong></span> <span class='ocrx_word' id='word_1_501' title='bbox 1417 4759 1620 4815; x_wconf 90' lang='lat' dir='ltr'><strong>scilicet</strong></span> <span class='ocrx_word' id='word_1_502' title='bbox 1644 4760 1896 4831; x_wconf 86' lang='lat' dir='ltr'><strong>ingenioli</strong></span> <span class='ocrx_word' id='word_1_503' title='bbox 1926 4760 2030 4815; x_wconf 82' lang='lat' dir='ltr'><strong>mei</strong></span> <span class='ocrx_word' id='word_1_504' title='bbox 2055 4760 2108 4814; x_wconf 92' lang='lat' dir='ltr'><strong>in</strong></span> 
     </span>
    </p>
   </div>
   <div class='ocr_carea' id='block_1_78' title="bbox 535 4849 2109 4920">
    <p class='ocr_par' dir='ltr' id='par_1_78' title="bbox 535 4849 2109 4920">
     <span class='ocr_line' id='line_1_78' title="bbox 535 4849 2109 4920; baseline -0.003 -13"><span class='ocrx_word' id='word_1_505' title='bbox 535 4852 648 4907; x_wconf 85' lang='lat' dir='ltr'><strong>vita</strong></span> <span class='ocrx_word' id='word_1_506' title='bbox 663 4849 956 4907; x_wconf 88' lang='lat' dir='ltr'><strong>beatissimi</strong></span> <span class='ocrx_word' id='word_1_507' title='bbox 969 4849 1196 4905; x_wconf 85' lang='lat' dir='ltr'><strong>Amandi</strong></span> <span class='ocrx_word' id='word_1_508' title='bbox 1217 4866 1231 4916; x_wconf 95' lang='lat'><strong>;</strong></span> <span class='ocrx_word' id='word_1_509' title='bbox 1259 4849 1571 4920; x_wconf 80' lang='lat' dir='ltr'><strong>suppliciter</strong></span> <span class='ocrx_word' id='word_1_510' title='bbox 1583 4850 1896 4917; x_wconf 89' lang='lat' dir='ltr'><strong>obsecrans,</strong></span> <span class='ocrx_word' id='word_1_511' title='bbox 1910 4858 1968 4903; x_wconf 92' lang='lat' dir='ltr'><strong>ut</strong></span> <span class='ocrx_word' id='word_1_512' title='bbox 1985 4849 2030 4904; x_wconf 91' lang='lat' dir='ltr'><strong>si</strong></span> <span class='ocrx_word' id='word_1_513' title='bbox 2055 4849 2109 4903; x_wconf 90' lang='lat' dir='ltr'><strong>in</strong></span> 
     </span>
    </p>
   </div>
   <div class='ocr_carea' id='block_1_79' title="bbox 537 4939 2108 5012">
    <p class='ocr_par' dir='ltr' id='par_1_79' title="bbox 537 4939 2108 5012">
     <span class='ocr_line' id='line_1_79' title="bbox 537 4939 2108 5012; baseline -0.002 -15"><span class='ocrx_word' id='word_1_514' title='bbox 537 4943 623 4998; x_wconf 86' lang='lat' dir='ltr'><strong>his</strong></span> <span class='ocrx_word' id='word_1_515' title='bbox 650 4943 848 5012; x_wconf 89' lang='lat' dir='ltr'><strong>aliquid</strong></span> <span class='ocrx_word' id='word_1_516' title='bbox 877 4941 1000 4997; x_wconf 83' lang='lat' dir='ltr'><strong>ﬁdei</strong></span> <span class='ocrx_word' id='word_1_517' title='bbox 1028 4940 1320 4998; x_wconf 65' lang='lat' dir='ltr'><strong>Catholicae</strong></span> <span class='ocrx_word' id='word_1_518' title='bbox 1355 4942 1532 4995; x_wconf 90' lang='lat' dir='ltr'><strong>minus</strong></span> <span class='ocrx_word' id='word_1_519' title='bbox 1556 4955 1881 5006; x_wconf 87' lang='lat' dir='ltr'><strong>consonans,</strong></span> <span class='ocrx_word' id='word_1_520' title='bbox 1914 4939 1998 4995; x_wconf 93' lang='lat' dir='ltr'><strong>vel</strong></span> <span class='ocrx_word' id='word_1_521' title='bbox 2024 4940 2108 4994; x_wconf 80' lang='lat' dir='ltr'><strong>in-</strong></span> 
     </span>
    </p>
   </div>
   <div class='ocr_carea' id='block_1_80' title="bbox 537 5029 2110 5103">
    <p class='ocr_par' dir='ltr' id='par_1_80' title="bbox 537 5029 2110 5103">
     <span class='ocr_line' id='line_1_80' title="bbox 537 5029 2110 5103; baseline -0.003 -17"><span class='ocrx_word' id='word_1_522' title='bbox 537 5047 833 5100; x_wconf 84' lang='lat' dir='ltr'><strong>congruum</strong></span> <span class='ocrx_word' id='word_1_523' title='bbox 855 5030 959 5103; x_wconf 89' lang='lat' dir='ltr'><strong>legi</strong></span> <span class='ocrx_word' id='word_1_524' title='bbox 987 5030 1224 5086; x_wconf 70' lang='lat' dir='ltr'><strong>metricae</strong></span> <span class='ocrx_word' id='word_1_525' title='bbox 1246 5029 1578 5094; x_wconf 85' lang='lat' dir='ltr'><strong>inveneritis,</strong></span> <span class='ocrx_word' id='word_1_526' title='bbox 1594 5029 1660 5082; x_wconf 90' lang='lat' dir='ltr'><strong>ad</strong></span> <span class='ocrx_word' id='word_1_527' title='bbox 1687 5037 1846 5084; x_wconf 62' lang='lat' dir='ltr'><strong>certae</strong></span> <span class='ocrx_word' id='word_1_528' title='bbox 1865 5043 2110 5082; x_wconf 89' lang='lat' dir='ltr'><strong>normam</strong></span> 
     </span>
    </p>
   </div>
   <div class='ocr_carea' id='block_1_81' title="bbox 541 5121 2110 5194">
    <p class='ocr_par' dir='ltr' id='par_1_81' title="bbox 541 5121 2110 5194">
     <span class='ocr_line' id='line_1_81' title="bbox 541 5121 2110 5194; baseline -0.001 -17"><span class='ocrx_word' id='word_1_529' title='bbox 541 5123 738 5194; x_wconf 66' lang='lat' dir='ltr'><strong>regulae</strong></span> <span class='ocrx_word' id='word_1_530' title='bbox 768 5123 1215 5188; x_wconf 89' lang='lat' dir='ltr'><strong>misericorditer,</strong></span> <span class='ocrx_word' id='word_1_531' title='bbox 1245 5137 1394 5177; x_wconf 93' lang='lat' dir='ltr'><strong>more</strong></span> <span class='ocrx_word' id='word_1_532' title='bbox 1418 5131 1646 5192; x_wconf 91' lang='lat' dir='ltr'><strong>paterno</strong></span> <span class='ocrx_word' id='word_1_533' title='bbox 1677 5121 1980 5184; x_wconf 89' lang='lat' dir='ltr'><strong>reducatis,</strong></span> <span class='ocrx_word' id='word_1_534' title='bbox 2012 5135 2110 5176; x_wconf 89' lang='lat' dir='ltr'><strong>nec</strong></span> 
     </span>
    </p>
   </div>
   <div class='ocr_carea' id='block_1_82' title="bbox 540 5211 2111 5279">
    <p class='ocr_par' dir='ltr' id='par_1_82' title="bbox 540 5211 2111 5279">
     <span class='ocr_line' id='line_1_82' title="bbox 540 5211 2111 5279; baseline -0.004 -11"><span class='ocrx_word' id='word_1_535' title='bbox 540 5227 627 5268; x_wconf 93' lang='lat' dir='ltr'><strong>me</strong></span> <span class='ocrx_word' id='word_1_536' title='bbox 653 5227 774 5268; x_wconf 90' lang='lat' dir='ltr'><strong>meo</strong></span> <span class='ocrx_word' id='word_1_537' title='bbox 809 5213 1091 5269; x_wconf 82' lang='lat' dir='ltr'><strong>dimittatis</strong></span> <span class='ocrx_word' id='word_1_538' title='bbox 1131 5212 1335 5279; x_wconf 85' lang='lat' dir='ltr'><strong>errori;</strong></span> <span class='ocrx_word' id='word_1_539' title='bbox 1367 5218 1642 5267; x_wconf 89' lang='lat' dir='ltr'><strong>contestor</strong></span> <span class='ocrx_word' id='word_1_540' title='bbox 1665 5218 1720 5265; x_wconf 90' lang='lat' dir='ltr'><strong>et</strong></span> <span class='ocrx_word' id='word_1_541' title='bbox 1758 5211 1985 5264; x_wconf 86' lang='lat' dir='ltr'><strong>obsecro</strong></span> <span class='ocrx_word' id='word_1_542' title='bbox 2015 5223 2111 5279; x_wconf 88' lang='lat' dir='ltr'><strong>per</strong></span> 
     </span>
    </p>
   </div>
   <div class='ocr_carea' id='block_1_83' title="bbox 541 5300 2108 5378">
    <p class='ocr_par' dir='ltr' id='par_1_83' title="bbox 541 5300 2108 5378">
     <span class='ocr_line' id='line_1_83' title="bbox 541 5300 2108 5378; baseline -0.004 -16"><span class='ocrx_word' id='word_1_543' title='bbox 541 5305 856 5378; x_wconf 85' lang='lat' dir='ltr'><strong>sanguinem</strong></span> <span class='ocrx_word' id='word_1_544' title='bbox 897 5305 1120 5373; x_wconf 88' lang='lat' dir='ltr'><strong>Christi,</strong></span> <span class='ocrx_word' id='word_1_545' title='bbox 1161 5306 1252 5377; x_wconf 91' lang='lat' dir='ltr'><strong>qui</strong></span> <span class='ocrx_word' id='word_1_546' title='bbox 1299 5304 1449 5360; x_wconf 79' lang='lat' dir='ltr'><strong>fusus</strong></span> <span class='ocrx_word' id='word_1_547' title='bbox 1475 5312 1559 5360; x_wconf 91' lang='lat' dir='ltr'><strong>est</strong></span> <span class='ocrx_word' id='word_1_548' title='bbox 1600 5317 1699 5374; x_wconf 90' lang='lat' dir='ltr'><strong>pro</strong></span> <span class='ocrx_word' id='word_1_549' title='bbox 1727 5301 1900 5358; x_wconf 89' lang='lat' dir='ltr'><strong>salute</strong></span> <span class='ocrx_word' id='word_1_550' title='bbox 1928 5300 2108 5372; x_wconf 88' lang='lat' dir='ltr'><strong>populi</strong></span> 
     </span>
    </p>
   </div>
   <div class='ocr_carea' id='block_1_84' title="bbox 539 5391 2111 5467">
    <p class='ocr_par' dir='ltr' id='par_1_84' title="bbox 539 5391 2111 5467">
     <span class='ocr_line' id='line_1_84' title="bbox 539 5391 2111 5467; baseline -0.004 -13"><span class='ocrx_word' id='word_1_551' title='bbox 539 5395 852 5455; x_wconf 85' lang='lat' dir='ltr'><strong>Christiani.</strong></span> <span class='ocrx_word' id='word_1_552' title='bbox 885 5399 1038 5467; x_wconf 86' lang='lat' dir='ltr'><strong>Quod</strong></span> <span class='ocrx_word' id='word_1_553' title='bbox 1062 5399 1130 5466; x_wconf 91' lang='lat' dir='ltr'><strong>si,</strong></span> <span class='ocrx_word' id='word_1_554' title='bbox 1152 5397 1519 5453; x_wconf 85' lang='lat' dir='ltr'><strong>misericordia</strong></span> <span class='ocrx_word' id='word_1_555' title='bbox 1551 5408 1795 5466; x_wconf 61' lang='lat' dir='ltr'><strong>superna:</strong></span> <span class='ocrx_word' id='word_1_556' title='bbox 1817 5391 2111 5463; x_wconf 83' lang='lat' dir='ltr'><strong>majestatis</strong></span> 
     </span>
    </p>
   </div>
   <div class='ocr_carea' id='block_1_85' title="bbox 612 5543 2108 5632">
    <p class='ocr_par' dir='ltr' id='par_1_85' title="bbox 612 5543 2108 5632">
     <span class='ocr_line' id='line_1_85' title="bbox 612 5543 2108 5632; baseline -0.009 -22"><span class='ocrx_word' id='word_1_557' title='bbox 612 5567 638 5597; x_wconf 74' lang='grc' dir='ltr'>ι</span> <span class='ocrx_word' id='word_1_558' title='bbox 676 5553 752 5609; x_wconf 86' lang='lat' dir='ltr'><strong>lta</strong></span> <span class='ocrx_word' id='word_1_559' title='bbox 771 5554 939 5611; x_wconf 77' lang='lat' dir='ltr'><strong>codex</strong></span> <span class='ocrx_word' id='word_1_560' title='bbox 961 5562 1144 5632; x_wconf 75' lang='lat' dir='ltr'><strong>noster</strong></span> <span class='ocrx_word' id='word_1_561' title='bbox 1167 5551 1264 5632; x_wconf 75' lang='lat' dir='ltr'><strong>Ms.</strong></span> <span class='ocrx_word' id='word_1_562' title='bbox 1300 5550 1329 5604; x_wconf 91' lang='grc' dir='ltr'><strong><em>Ι</em></strong></span> <span class='ocrx_word' id='word_1_563' title='bbox 1334 5550 1489 5632; x_wconf 66' lang='grc' dir='ltr'><strong>ηεξρίι</strong></span> <span class='ocrx_word' id='word_1_564' title='bbox 1515 5545 1755 5632; x_wconf 59' lang='lat' dir='ltr'><strong>Epistolq</strong></span> <span class='ocrx_word' id='word_1_565' title='bbox 1773 5544 1984 5632; x_wconf 41' lang='lat' dir='ltr'><strong>{litatis</strong></span> <span class='ocrx_word' id='word_1_566' title='bbox 2006 5543 2108 5632; x_wconf 55' lang='grc' dir='ltr'><strong>[ις-</strong></span> 
     </span>
    </p>
   </div>
   <div class='ocr_carea' id='block_1_86' title="bbox 540 5614 2109 5689">
    <p class='ocr_par' dir='ltr' id='par_1_86' title="bbox 540 5614 2109 5689">
     <span class='ocr_line' id='line_1_86' title="bbox 540 5614 2109 5689; baseline -0.008 -9"><span class='ocrx_word' id='word_1_567' title='bbox 540 5627 684 5689; x_wconf 74' lang='lat' dir='ltr'><strong>uitw,</strong></span> <span class='ocrx_word' id='word_1_568' title='bbox 722 5635 842 5686; x_wconf 85' lang='lat' dir='ltr'><strong>etc.,</strong></span> <span class='ocrx_word' id='word_1_569' title='bbox 887 5634 942 5678; x_wconf 87' lang='lat' dir='ltr'><strong>at</strong></span> <span class='ocrx_word' id='word_1_570' title='bbox 990 5625 1157 5677; x_wconf 79' lang='lat' dir='ltr'><strong>codex</strong></span> <span class='ocrx_word' id='word_1_571' title='bbox 1202 5614 1535 5689; x_wconf 84' lang='lat' dir='ltr'><strong>Amandinus</strong></span> <span class='ocrx_word' id='word_1_572' title='bbox 1561 5614 1589 5670; x_wconf 41' lang='lat'><strong>&#39;:</strong></span> <span class='ocrx_word' id='word_1_573' title='bbox 1639 5616 1832 5689; x_wconf 84' lang='lat' dir='ltr'><strong>I_ncipit</strong></span> <span class='ocrx_word' id='word_1_574' title='bbox 1872 5614 2109 5689; x_wconf 60' lang='lat' dir='ltr'><strong>Epistula</strong></span> 
     </span>
    </p>
   </div>
   <div class='ocr_carea' id='block_1_87' title="bbox 543 5684 2105 5768">
    <p class='ocr_par' dir='ltr' id='par_1_87' title="bbox 543 5684 2105 5768">
     <span class='ocr_line' id='line_1_87' title="bbox 543 5684 2105 5768; baseline -0.008 -18"><span class='ocrx_word' id='word_1_575' title='bbox 543 5684 756 5750; x_wconf 75' lang='lat' dir='ltr'><strong>Milonis</strong></span> <span class='ocrx_word' id='word_1_576' title='bbox 802 5684 1103 5762; x_wconf 76' lang='lat' dir='ltr'><strong>Philosophi</strong></span> <span class='ocrx_word' id='word_1_577' title='bbox 1153 5693 1220 5746; x_wconf 88' lang='lat' dir='ltr'><strong>ad</strong></span> <span class='ocrx_word' id='word_1_578' title='bbox 1263 5688 1599 5746; x_wconf 79' lang='lat' dir='ltr'><strong>venerabilem</strong></span> <span class='ocrx_word' id='word_1_579' title='bbox 1649 5684 1858 5768; x_wconf 76' lang='lat' dir='ltr'><strong>Patrem</strong></span> <span class='ocrx_word' id='word_1_580' title='bbox 1896 5684 2105 5740; x_wconf 83' lang='lat' dir='ltr'><strong>Haimi-</strong></span> 
     </span>
    </p>
   </div>
   <div class='ocr_carea' id='block_1_88' title="bbox 542 5775 812 5824">
    <p class='ocr_par' dir='ltr' id='par_1_88' title="bbox 542 5775 812 5824">
     <span class='ocr_line' id='line_1_88' title="bbox 542 5775 812 5824; baseline -0.007 -6"><span class='ocrx_word' id='word_1_581' title='bbox 542 5781 688 5824; x_wconf 78' lang='lat' dir='ltr'><strong>num,</strong></span> <span class='ocrx_word' id='word_1_582' title='bbox 718 5775 812 5818; x_wconf 83' lang='lat' dir='ltr'><strong>etc.</strong></span> 
     </span>
    </p>
   </div>
   <div class='ocr_carea' id='block_1_89' title="bbox 2211 4513 2338 4561">
    <p class='ocr_par' dir='ltr' id='par_1_89' title="bbox 2211 4513 2338 4561">
     <span class='ocr_line' id='line_1_89' title="bbox 2211 4513 2338 4561; baseline 0 -1"><span class='ocrx_word' id='word_1_583' title='bbox 2211 4513 2338 4561; x_wconf 90' lang='lat' dir='ltr'><strong>tem.</strong></span> 
     </span>
    </p>
   </div>
   <div class='ocr_carea' id='block_1_90' title="bbox 2280 4595 3771 4671">
    <p class='ocr_par' dir='ltr' id='par_1_90' title="bbox 2280 4595 3771 4671">
     <span class='ocr_line' id='line_1_90' title="bbox 2280 4595 3771 4671; baseline 0.004 -22"><span class='ocrx_word' id='word_1_584' title='bbox 2280 4595 2511 4651; x_wconf 87' lang='lat' dir='ltr'><strong>Carmen</strong></span> <span class='ocrx_word' id='word_1_585' title='bbox 2536 4597 2678 4668; x_wconf 91' lang='lat' dir='ltr'><strong>quod</strong></span> <span class='ocrx_word' id='word_1_586' title='bbox 2709 4597 2860 4662; x_wconf 87' lang='lat' dir='ltr'><strong>mihi,</strong></span> <span class='ocrx_word' id='word_1_587' title='bbox 2889 4597 3082 4654; x_wconf 85' lang='lat' dir='ltr'><strong>Frater</strong></span> <span class='ocrx_word' id='word_1_588' title='bbox 3106 4599 3503 4665; x_wconf 86' lang='lat' dir='ltr'><strong>amantissime,</strong></span> <span class='ocrx_word' id='word_1_589' title='bbox 3538 4602 3771 4671; x_wconf 79' lang='lat' dir='ltr'><strong>porrexi-</strong></span> 
     </span>
    </p>
   </div>
   <div class='ocr_carea' id='block_1_91' title="bbox 2210 4687 3771 4762">
    <p class='ocr_par' dir='ltr' id='par_1_91' title="bbox 2210 4687 3771 4762">
     <span class='ocr_line' id='line_1_91' title="bbox 2210 4687 3771 4762; baseline 0.005 -21"><span class='ocrx_word' id='word_1_590' title='bbox 2210 4687 2300 4750; x_wconf 91' lang='lat' dir='ltr'><strong>sti,</strong></span> <span class='ocrx_word' id='word_1_591' title='bbox 2345 4687 2499 4741; x_wconf 91' lang='lat' dir='ltr'><strong>avida</strong></span> <span class='ocrx_word' id='word_1_592' title='bbox 2531 4697 2710 4742; x_wconf 90' lang='lat' dir='ltr'><strong>mente</strong></span> <span class='ocrx_word' id='word_1_593' title='bbox 2736 4688 2974 4759; x_wconf 77' lang='lat' dir='ltr'><strong>perlegi;</strong></span> <span class='ocrx_word' id='word_1_594' title='bbox 3013 4691 3108 4746; x_wconf 88' lang='lat' dir='ltr'><strong>sed</strong></span> <span class='ocrx_word' id='word_1_595' title='bbox 3135 4691 3258 4762; x_wconf 89' lang='lat' dir='ltr'><strong>quia</strong></span> <span class='ocrx_word' id='word_1_596' title='bbox 3292 4707 3401 4748; x_wconf 92' lang='lat' dir='ltr'><strong>non</strong></span> <span class='ocrx_word' id='word_1_597' title='bbox 3431 4693 3571 4748; x_wconf 85' lang='lat' dir='ltr'><strong>satis</strong></span> <span class='ocrx_word' id='word_1_598' title='bbox 3595 4704 3676 4749; x_wconf 88' lang='lat' dir='ltr'><strong>est</strong></span> <span class='ocrx_word' id='word_1_599' title='bbox 3703 4695 3771 4750; x_wconf 86' lang='lat' dir='ltr'><strong>le-</strong></span> 
     </span>
    </p>
   </div>
   <div class='ocr_carea' id='block_1_92' title="bbox 2210 4777 3772 4856">
    <p class='ocr_par' dir='ltr' id='par_1_92' title="bbox 2210 4777 3772 4856">
     <span class='ocr_line' id='line_1_92' title="bbox 2210 4777 3772 4856; baseline 0.006 -25"><span class='ocrx_word' id='word_1_600' title='bbox 2210 4778 2352 4849; x_wconf 85' lang='lat' dir='ltr'><strong>gisse</strong></span> <span class='ocrx_word' id='word_1_601' title='bbox 2401 4777 2596 4843; x_wconf 92' lang='lat' dir='ltr'><strong>semel,</strong></span> <span class='ocrx_word' id='word_1_602' title='bbox 2641 4778 2783 4849; x_wconf 92' lang='lat' dir='ltr'><strong>juvit</strong></span> <span class='ocrx_word' id='word_1_603' title='bbox 2823 4795 2992 4850; x_wconf 89' lang='lat' dir='ltr'><strong>usque</strong></span> <span class='ocrx_word' id='word_1_604' title='bbox 3029 4781 3231 4839; x_wconf 86' lang='lat' dir='ltr'><strong>videre.</strong></span> <span class='ocrx_word' id='word_1_605' title='bbox 3280 4783 3434 4840; x_wconf 86' lang='lat' dir='ltr'><strong>Unde</strong></span> <span class='ocrx_word' id='word_1_606' title='bbox 3478 4796 3772 4856; x_wconf 88' lang='lat' dir='ltr'><strong>repetensa</strong></span> 
     </span>
    </p>
   </div>
   <div class='ocr_carea' id='block_1_93' title="bbox 2208 4869 3774 4945">
    <p class='ocr_par' dir='ltr' id='par_1_93' title="bbox 2208 4869 3774 4945">
     <span class='ocr_line' id='line_1_93' title="bbox 2208 4869 3774 4945; baseline 0.004 -22"><span class='ocrx_word' id='word_1_607' title='bbox 2208 4869 2472 4941; x_wconf 90' lang='lat' dir='ltr'><strong>principio</strong></span> <span class='ocrx_word' id='word_1_608' title='bbox 2502 4886 2607 4925; x_wconf 92' lang='lat' dir='ltr'><strong>non</strong></span> <span class='ocrx_word' id='word_1_609' title='bbox 2637 4871 2753 4927; x_wconf 91' lang='lat' dir='ltr'><strong>sine</strong></span> <span class='ocrx_word' id='word_1_610' title='bbox 2773 4871 3017 4941; x_wconf 87' lang='lat' dir='ltr'><strong>judiciali</strong></span> <span class='ocrx_word' id='word_1_611' title='bbox 3042 4889 3292 4939; x_wconf 89' lang='lat' dir='ltr'><strong>censura,</strong></span> <span class='ocrx_word' id='word_1_612' title='bbox 3317 4875 3462 4945; x_wconf 89' lang='lat' dir='ltr'><strong>quod</strong></span> <span class='ocrx_word' id='word_1_613' title='bbox 3490 4886 3621 4932; x_wconf 86' lang='lat' dir='ltr'><strong>ante</strong></span> <span class='ocrx_word' id='word_1_614' title='bbox 3645 4892 3774 4931; x_wconf 88' lang='lat' dir='ltr'><strong>sum-</strong></span> 
     </span>
    </p>
   </div>
   <div class='ocr_carea' id='block_1_94' title="bbox 2210 4963 3771 5037">
    <p class='ocr_par' dir='ltr' id='par_1_94' title="bbox 2210 4963 3771 5037">
     <span class='ocr_line' id='line_1_94' title="bbox 2210 4963 3771 5037; baseline 0.002 -20"><span class='ocrx_word' id='word_1_615' title='bbox 2210 4973 2460 5018; x_wconf 90' lang='lat' dir='ltr'><strong>motenus</strong></span> <span class='ocrx_word' id='word_1_616' title='bbox 2483 4963 2650 5033; x_wconf 90' lang='lat' dir='ltr'><strong>tetigi,</strong></span> <span class='ocrx_word' id='word_1_617' title='bbox 2682 4973 2852 5020; x_wconf 90' lang='lat' dir='ltr'><strong>totum</strong></span> <span class='ocrx_word' id='word_1_618' title='bbox 2873 4980 2940 5020; x_wconf 80' lang='lat' dir='ltr'><strong>ex</strong></span> <span class='ocrx_word' id='word_1_619' title='bbox 2961 4965 3173 5037; x_wconf 84' lang='lat' dir='ltr'><strong>integro</strong></span> <span class='ocrx_word' id='word_1_620' title='bbox 3195 4965 3379 5037; x_wconf 82' lang='lat' dir='ltr'><strong>legens</strong></span> <span class='ocrx_word' id='word_1_621' title='bbox 3402 4977 3462 5022; x_wconf 90' lang='lat' dir='ltr'><strong>et</strong></span> <span class='ocrx_word' id='word_1_622' title='bbox 3483 4968 3771 5030; x_wconf 86' lang='lat' dir='ltr'><strong>inculcans,</strong></span> 
     </span>
    </p>
   </div>
   <div class='ocr_carea' id='block_1_95' title="bbox 2209 5055 3770 5128">
    <p class='ocr_par' dir='ltr' id='par_1_95' title="bbox 2209 5055 3770 5128">
     <span class='ocr_line' id='line_1_95' title="bbox 2209 5055 3770 5128; baseline 0.003 -20"><span class='ocrx_word' id='word_1_623' title='bbox 2209 5068 2399 5110; x_wconf 90' lang='lat' dir='ltr'><strong>omnes</strong></span> <span class='ocrx_word' id='word_1_624' title='bbox 2435 5056 2488 5109; x_wconf 94' lang='lat' dir='ltr'><strong>in</strong></span> <span class='ocrx_word' id='word_1_625' title='bbox 2527 5069 2590 5110; x_wconf 87' lang='lat' dir='ltr'><strong>eo</strong></span> <span class='ocrx_word' id='word_1_626' title='bbox 2628 5055 2940 5112; x_wconf 88' lang='lat' dir='ltr'><strong>intentionis</strong></span> <span class='ocrx_word' id='word_1_627' title='bbox 2981 5072 3115 5112; x_wconf 68' lang='lat' dir='ltr'><strong>mea:</strong></span> <span class='ocrx_word' id='word_1_628' title='bbox 3157 5059 3300 5114; x_wconf 86' lang='lat' dir='ltr'><strong>vires</strong></span> <span class='ocrx_word' id='word_1_629' title='bbox 3341 5058 3604 5128; x_wconf 89' lang='lat' dir='ltr'><strong>impendi.</strong></span> <span class='ocrx_word' id='word_1_630' title='bbox 3653 5058 3770 5113; x_wconf 81' lang='lat' dir='ltr'><strong>Nam</strong></span> 
     </span>
    </p>
   </div>
   <div class='ocr_carea' id='block_1_96' title="bbox 2208 5145 3769 5219">
    <p class='ocr_par' dir='ltr' id='par_1_96' title="bbox 2208 5145 3769 5219">
     <span class='ocr_line' id='line_1_96' title="bbox 2208 5145 3769 5219; baseline 0.004 -21"><span class='ocrx_word' id='word_1_631' title='bbox 2208 5145 2385 5215; x_wconf 90' lang='lat' dir='ltr'><strong>primo</strong></span> <span class='ocrx_word' id='word_1_632' title='bbox 2414 5145 2594 5217; x_wconf 84' lang='lat' dir='ltr'><strong>putavi</strong></span> <span class='ocrx_word' id='word_1_633' title='bbox 2620 5161 2725 5212; x_wconf 89' lang='lat' dir='ltr'><strong>me,</strong></span> <span class='ocrx_word' id='word_1_634' title='bbox 2758 5145 2947 5212; x_wconf 81' lang='lat' dir='ltr'><strong>lateor,</strong></span> <span class='ocrx_word' id='word_1_635' title='bbox 2973 5148 3026 5202; x_wconf 91' lang='lat' dir='ltr'><strong>in</strong></span> <span class='ocrx_word' id='word_1_636' title='bbox 3046 5146 3265 5218; x_wconf 91' lang='lat' dir='ltr'><strong>planum</strong></span> <span class='ocrx_word' id='word_1_637' title='bbox 3289 5149 3540 5218; x_wconf 89' lang='lat' dir='ltr'><strong>posuisse</strong></span> <span class='ocrx_word' id='word_1_638' title='bbox 3561 5149 3769 5219; x_wconf 84' lang='lat' dir='ltr'><strong>pedem;</strong></span> 
     </span>
    </p>
   </div>
   <div class='ocr_carea' id='block_1_97' title="bbox 2211 5232 3772 5305">
    <p class='ocr_par' dir='ltr' id='par_1_97' title="bbox 2211 5232 3772 5305">
     <span class='ocr_line' id='line_1_97' title="bbox 2211 5232 3772 5305; baseline 0 -19"><span class='ocrx_word' id='word_1_639' title='bbox 2211 5232 2305 5286; x_wconf 90' lang='lat' dir='ltr'><strong>sed</strong></span> <span class='ocrx_word' id='word_1_640' title='bbox 2335 5240 2394 5285; x_wconf 92' lang='lat' dir='ltr'><strong>ut</strong></span> <span class='ocrx_word' id='word_1_641' title='bbox 2418 5246 2654 5302; x_wconf 79' lang='lat' dir='ltr'><strong>comperi</strong></span> <span class='ocrx_word' id='word_1_642' title='bbox 2683 5247 2858 5287; x_wconf 89' lang='lat' dir='ltr'><strong>meam</strong></span> <span class='ocrx_word' id='word_1_643' title='bbox 2893 5232 3244 5304; x_wconf 82' lang='lat' dir='ltr'><strong>exiguitatem</strong></span> <span class='ocrx_word' id='word_1_644' title='bbox 3274 5248 3379 5288; x_wconf 94' lang='lat' dir='ltr'><strong>non</strong></span> <span class='ocrx_word' id='word_1_645' title='bbox 3410 5233 3576 5289; x_wconf 89' lang='lat' dir='ltr'><strong>modo</strong></span> <span class='ocrx_word' id='word_1_646' title='bbox 3599 5233 3772 5305; x_wconf 87' lang='lat' dir='ltr'><strong>poculo</strong></span> 
     </span>
    </p>
   </div>
   <div class='ocr_carea' id='block_1_98' title="bbox 2210 5321 3769 5394">
    <p class='ocr_par' dir='ltr' id='par_1_98' title="bbox 2210 5321 3769 5394">
     <span class='ocr_line' id='line_1_98' title="bbox 2210 5321 3769 5394; baseline 0.001 -17"><span class='ocrx_word' id='word_1_647' title='bbox 2210 5321 2374 5377; x_wconf 80' lang='lat' dir='ltr'><strong>fontis</strong></span> <span class='ocrx_word' id='word_1_648' title='bbox 2403 5323 2640 5392; x_wconf 84' lang='lat' dir='ltr'><strong>irrigari,</strong></span> <span class='ocrx_word' id='word_1_649' title='bbox 2666 5324 2761 5379; x_wconf 89' lang='lat' dir='ltr'><strong>sed</strong></span> <span class='ocrx_word' id='word_1_650' title='bbox 2785 5321 3035 5379; x_wconf 84' lang='lat' dir='ltr'><strong>ﬂuctibus</strong></span> <span class='ocrx_word' id='word_1_651' title='bbox 3059 5323 3378 5394; x_wconf 68' lang='lat' dir='ltr'><strong>eloquentia</strong></span> <span class='ocrx_word' id='word_1_652' title='bbox 3405 5325 3662 5380; x_wconf 89' lang='lat' dir='ltr'><strong>obrutum</strong></span> <span class='ocrx_word' id='word_1_653' title='bbox 3694 5325 3769 5389; x_wconf 89' lang='lat' dir='ltr'><strong>iri,</strong></span> 
     </span>
    </p>
   </div>
   <div class='ocr_carea' id='block_1_99' title="bbox 2210 5416 3770 5488">
    <p class='ocr_par' dir='ltr' id='par_1_99' title="bbox 2210 5416 3770 5488">
     <span class='ocr_line' id='line_1_99' title="bbox 2210 5416 3770 5488; baseline 0.001 -16"><span class='ocrx_word' id='word_1_654' title='bbox 2210 5431 2317 5472; x_wconf 91' lang='lat' dir='ltr'><strong>non</strong></span> <span class='ocrx_word' id='word_1_655' title='bbox 2347 5417 2462 5472; x_wconf 92' lang='lat' dir='ltr'><strong>sine</strong></span> <span class='ocrx_word' id='word_1_656' title='bbox 2481 5417 2686 5472; x_wconf 89' lang='lat' dir='ltr'><strong>cautela</strong></span> <span class='ocrx_word' id='word_1_657' title='bbox 2713 5417 2962 5488; x_wconf 88' lang='lat' dir='ltr'><strong>deinceps</strong></span> <span class='ocrx_word' id='word_1_658' title='bbox 2986 5426 3154 5472; x_wconf 91' lang='lat' dir='ltr'><strong>totum</strong></span> <span class='ocrx_word' id='word_1_659' title='bbox 3184 5419 3238 5473; x_wconf 92' lang='lat' dir='ltr'><strong>in</strong></span> <span class='ocrx_word' id='word_1_660' title='bbox 3258 5416 3454 5474; x_wconf 82' lang='lat' dir='ltr'><strong>ﬂumen</strong></span> <span class='ocrx_word' id='word_1_661' title='bbox 3482 5417 3770 5483; x_wconf 81' lang='lat' dir='ltr'><strong>Fratribus,</strong></span> 
     </span>
    </p>
   </div>
   <div class='ocr_carea' id='block_1_100' title="bbox 2283 5548 3766 5620">
    <p class='ocr_par' dir='ltr' id='par_1_100' title="bbox 2283 5548 3766 5620">
     <span class='ocr_line' id='line_1_100' title="bbox 2283 5548 3766 5620; baseline 0.001 -16"><span class='ocrx_word' id='word_1_662' title='bbox 2283 5551 2310 5590; x_wconf 71' lang='grc' dir='ltr'>δ</span> <span class='ocrx_word' id='word_1_663' title='bbox 2334 5550 2410 5605; x_wconf 90' lang='lat' dir='ltr'><strong>De</strong></span> <span class='ocrx_word' id='word_1_664' title='bbox 2434 5549 2679 5620; x_wconf 69' lang='lat' dir='ltr'><strong>Haimino</strong></span> <span class='ocrx_word' id='word_1_665' title='bbox 2701 5550 2977 5620; x_wconf 72' lang='lat' dir='ltr'><strong>sacerdote</strong></span> <span class='ocrx_word' id='word_1_666' title='bbox 3005 5559 3061 5604; x_wconf 84' lang='lat' dir='ltr'><strong>ct</strong></span> <span class='ocrx_word' id='word_1_667' title='bbox 3080 5550 3346 5606; x_wconf 90' lang='lat' dir='ltr'><strong>monacho</strong></span> <span class='ocrx_word' id='word_1_668' title='bbox 3367 5549 3662 5606; x_wconf 80' lang='lat' dir='ltr'><strong>Vedastino</strong></span> <span class='ocrx_word' id='word_1_669' title='bbox 3678 5548 3766 5620; x_wconf 71' lang='lat' dir='ltr'><strong>egi-</strong></span> 
     </span>
    </p>
   </div>
   <div class='ocr_carea' id='block_1_101' title="bbox 2211 5618 2988 5678">
    <p class='ocr_par' dir='ltr' id='par_1_101' title="bbox 2211 5618 2988 5678">
     <span class='ocr_line' id='line_1_101' title="bbox 2211 5618 2988 5678; baseline -0.008 0"><span class='ocrx_word' id='word_1_670' title='bbox 2211 5637 2333 5678; x_wconf 90' lang='lat' dir='ltr'><strong>mus</strong></span> <span class='ocrx_word' id='word_1_671' title='bbox 2359 5621 2427 5675; x_wconf 89' lang='lat' dir='ltr'><strong>ad</strong></span> <span class='ocrx_word' id='word_1_672' title='bbox 2452 5618 2628 5674; x_wconf 82' lang='lat' dir='ltr'><strong>Vitam</strong></span> <span class='ocrx_word' id='word_1_673' title='bbox 2659 5620 2714 5676; x_wconf 91' lang='lat' dir='ltr'><strong>S.</strong></span> <span class='ocrx_word' id='word_1_674' title='bbox 2751 5619 2988 5675; x_wconf 81' lang='lat' dir='ltr'><strong>Vedasti.</strong></span> 
     </span>
    </p>
   </div>
  </div>
