3954 6342
159 317 255 378 θςθ
1205 311 1291 367 DE
1331 310 1486 366 VITA
1526 307 1584 363 s.
1626 305 1907 362 AMANDI.
1953 337 2016 348 -
2056 307 2254 364 LIBER
2291 311 2334 364 ι.
3305 317 3412 377 930

158 431 242 504 qui
272 439 477 484 mecum
503 433 649 491 sunt,
677 425 946 495 quomodo
980 425 1051 480 sit
1095 425 1459 496 navigandum
1491 422 1726 478 ostendi.
1758 423 1804 481 A
1835 419 1968 476 Pars
1996 422 2172 494 aliqua
2202 425 2422 496 aptabat
2451 426 2745 482 redolentia
2772 427 2971 482 lumina
3005 428 3169 496 ceris,

159 526 242 591 Et,
270 522 390 592 quia
423 521 474 574 in
515 535 581 574 eo
609 533 710 574 nec
751 517 1028 590 scepulum
1061 518 1150 588 qui
1182 517 1304 572 ﬁdei
1336 517 1530 582 obstet,
1561 514 1730 571 oﬁ'en-
1897 515 2297 586 Formabatque
2323 518 2520 573 chorus
2547 519 2759 574 cantica
2788 519 3093 575 mellilluus.

156 617 225 681 di,
256 629 368 679 nec,
393 611 532 682 quod
561 610 660 682 legi
683 610 918 665 metrica:
942 609 1265 681 refragetur,
1293 609 1498 674 inveni,
1539 609 1728 663 hortor
1826 607 1960 664 Pars
1989 618 2042 663 et
2071 610 2330 666 oliviferis
2355 613 2666 682 appendens
2694 628 2820 668 vasa
2851 613 3086 680 coronis,

156 703 362 763 Fratres
388 711 624 768 nostros,
648 702 738 772 qui
771 717 800 754 a
834 700 1031 756 talibus
1052 700 1246 756 studiis
1276 715 1381 756 non
1404 701 1722 765 abhorrent,
1899 700 2178 756 Fundebat
2205 701 2378 757 lucem
2407 703 2589 768 corde,
2620 719 2781 758 manu
2810 703 3050 759 rutilam.

157 816 338 856 munus
370 800 470 854 hoc
494 797 732 854 libenter
764 797 1059 867 suscipere,
1092 804 1148 852 et
1187 798 1416 854 obsecro
1461 804 1517 850 ut
1555 795 1728 850 satius
1829 791 1985 847 Tunc
2012 807 2098 846 me
2123 783 2437 860 sollicitu‘m,
2467 810 2534 850 ne
2559 795 2612 850 in
2644 795 2806 850 tantis
2829 809 3053 851 munere
3076 795 3269 853 turmis

153 891 310 947 velint
350 889 417 944 ad
461 888 637 943 simile
666 887 906 944 studium
937 887 1255 958 provocari,
1308 901 1469 958 quam
1511 885 1726 940 invidize
1896 886 2150 942 Parerem
2178 901 2404 954 vacuus,
2436 887 2578 943 istud
2605 903 2741 959 opus
2767 887 2970 958 rapuit,

152 980 346 1038 facibus
372 977 727 1034 concremari.
761 975 1017 1034 Novimus
1042 979 1305 1049 siquidem
1341 993 1554 1048 semper
1578 978 1726 1033 cives
1825 977 2101 1034 Laudibus
2128 991 2252 1050 apta
2279 979 2408 1051 piis,
2440 977 2688 1052 ﬂorentia
2718 989 2868 1052 gesta
2895 979 3106 1035 venusti

151 1071 345 1128 civibus
393 1068 635 1123 invidere
659 1108 674 1133 ,
724 1076 779 1123 et
819 1068 1116 1124 secundum
1169 1067 1470 1124 Salvatoris
1520 1068 1724 1123 dictum
1895 1069 2153 1124 Praesulis
2178 1077 2238 1124 ut
2265 1077 2439 1125 metro
2464 1069 2741 1125 dulcisono
2770 1084 3047 1124 canerem.

149 1162 405 1219 neminem
441 1159 790 1231 Prophetam,
821 1161 956 1228 sive,
1007 1168 1067 1216 ut
1106 1169 1164 1216 tu
1208 1161 1398 1216 solitus
1432 1176 1491 1217 es
1520 1160 1721 1228 dicere,
1823 1161 1990 1216 Dulce
2016 1161 2204 1226 decus,
2234 1162 2450 1232 pietatis
2480 1177 2634 1233 opus,
2664 1162 3008 1232 compingere
3036 1176 3198 1217 versu

147 1252 336 1310 nullum
365 1249 586 1306 Poetam
619 1260 900 1324 acceptum
929 1267 1052 1310 esse
1082 1253 1137 1308 in
1169 1253 1340 1323 patria
1364 1267 1458 1308 sua
1487 1252 1635 1324 (Luc.
1656 1268 1718 1319 ιι,
1893 1253 2171 1308 Pontiﬁcis
2201 1253 2364 1308 vitam
2397 1254 2568 1308 suasit
2597 1267 2750 1308 amor
2779 1251 2923 1306 ﬁdei.

147 1343 249 1415 34).
293 1341 396 1399 Sed
440 1343 568 1414 quia
599 1343 884 1414 parvulum
917 1344 1114 1401 occidit
1147 1345 1368 1408 invidia,
1401 1345 1577 1400 minor
1602 1360 1722 1401 esse
1823 1345 2193 1414 Quorumdam
2221 1347 2441 1402 monitis
2469 1346 2721 1401 Fratrum
2751 1345 3080 1416 compulsus,
3108 1361 3334 1406 enorme

147 1433 478 1505 cognoscitur
523 1434 614 1504 qui
669 1433 874 1489 invidet
928 1451 1090 1506 quam
1140 1435 1230 1490 ille
1285 1435 1370 1491 cui
1426 1435 1717 1490 invidetur.
1896 1435 2122 1506 Suscepi
2147 1436 2356 1506 pondus
2378 1436 2586 1491 viribus
2611 1437 2842 1507 exiguis.

145 1527 324 1600 Papazl
358 1526 529 1581 miror
554 1527 836 1598 opiparum
864 1527 1097 1584 valuisse
1129 1529 1384 1584 divitibus
1411 1545 1721 1600 pneparare
1819 1526 2106 1597 Antiquos,
2123 1525 2285 1596 proh!
2316 1540 2422 1580 non
2447 1525 2637 1596 puduit
2661 1525 2888 1583 reticere
2911 1535 3119 1598 poetas,

142 1616 454 1680 convivium,
487 1631 648 1687 quem
687 1619 943 1688 putabam
971 1618 1061 1672 vix
1085 1633 1245 1689 posse
1275 1619 1604 1690 pauperibus
1625 1635 1720 1674 ex-
1893 1616 2026 1685 Quis
2054 1618 2296 1672 doctrina
2327 1617 2502 1672 inerat
2528 1632 2688 1683 vana,
2715 1619 2939 1686 caduca,
2971 1618 3120 1676 levis.

144 1709 317 1766 hibere
343 1707 430 1763 vel
458 1716 696 1778 gustum.
749 1709 915 1766 Plane
959 1711 1319 1767 amantissimi
1360 1711 1594 1767 Amandi
1617 1726 1719 1784 ego
1747 1780 1782 1784 _
1822 1709 2066 1765 Fallendi
2096 1709 2332 1764 studium
2357 1723 2493 1779 quos
2518 1721 2770 1765 cunctum
2801 1710 2929 1784 lusit
2947 1711 3002 1765 in
3028 1719 3230 1779 aa‘vum,

140 1799 342 1870 quidem
388 1799 442 1854 id
476 1799 686 1855 meritis
731 1799 957 1869 imputo,
1009 1800 1076 1856 de
1105 1801 1258 1872 cujus
1291 1802 1576 1872 praeconiis
1617 1780 1716 1858 εξ·
1743 1780 1792 1840 Β
1890 1805 2135 1876 Totaque
2161 1805 2270 1859 vita
2301 1803 2404 1860 fuit
2427 1805 2604 1861 dedita
2633 1781 2974 1861 criminibus.

138 1891 325 1947 sultare
364 1905 429 1946 ac
477 1889 755 1947 Christum
798 1891 1019 1947 laudare
1057 1907 1163 1947 non
1197 1907 1371 1948 cesso.
1423 1892 1519 1948 Est
1555 1893 1716 1964 igitur
1817 1898 2068 1955 Carmine
2101 1898 2358 1954 distincto
2387 1897 2673 1953 verborum
2707 1896 2849 1953 ferre
2880 1897 3170 1964 cothurno,

138 1981 392 2052 eloquium
422 1998 594 2038 suave
629 1991 684 2038 et
711 1998 929 2039 carmen
961 1983 1166 2040 salibus
1201 1983 1380 2050 dulce,
1426 1983 1533 2040 leni
1559 1984 1713 2055 lapsu
1757 2032 1760 2034 η
1884 1991 1963 2047 Ac
1993 2005 2188 2046 nomen
2219 1989 2394 2046 laudis
2429 2005 2671 2060 quaerere
2699 2004 2796 2059 per
2826 1988 3053 2044 facinus.

136 2083 186 2129 et
223 2075 378 2146 plano
423 2090 682 2131 sermone
723 2076 965 2132 decurrit
1009 2077 1205 2132 oratio.
1270 2076 1408 2144 Quid
1440 2077 1716 2148 amplius?
1815 2085 2062 2153 Dumque
2091 2097 2188 2153 per
2216 2097 2433 2138 errores
2461 2082 2628 2136 variis
2654 2080 2992 2136 anfractibus
3022 2080 3187 2147 irent,

136 2169 313 2224 Dicant
340 2179 394 2224 et
417 2169 673 2242 judicent
709 2169 923 2226 sodales
946 2179 1006 2224 ut
1045 2170 1246 2237 velint;
1277 2185 1377 2242 ego
1409 2179 1586 2226 autem
1618 2186 1712 2224 ar-
1883 2176 2171 2231 Perfecere
2198 2174 2341 2229 aliud
2371 2174 2468 2238 nil,
2498 2174 2598 2228 nisi
2631 2173 2820 2228 mortis
2852 2188 3011 2244 opus.

135 2275 315 2315 canum
363 2262 550 2319 cordis
589 2263 696 2319 mei
743 2264 1036 2335 pervulgo;
1083 2265 1212 2334 quia
1260 2264 1530 2333 praeconia
1577 2264 1712 2319 tanti
1812 2266 1859 2324 A
1886 2283 1992 2338 qua
2018 2266 2251 2337 decepti,
2285 2264 2496 2321 inferno
2525 2263 2852 2333 tumulisque
2878 2263 3102 2335 reposti,

133 2355 320 2425 Patris,
345 2359 420 2413 mi
455 2359 673 2425 dilecte,
705 2359 838 2415 satis
867 2358 1189 2433 abundeque
1216 2368 1306 2415 tuo
1328 2360 1568 2415 carmine
1593 2358 1714 2414 illu-
1884 2358 2128 2414 Fletibus
2150 2357 2381 2412 assiduis
2413 2356 2538 2412 talia
2570 2355 2712 2411 facta
2746 2354 2919 2410 luunt.

132 2449 320 2504 strasti.
366 2447 493 2505 Noli
534 2457 749 2517 tamen,
790 2452 1036 2516 obsecro,
1071 2451 1138 2505 ab
1169 2451 1385 2520 incepto
1426 2449 1710 2515 desistere,
1812 2448 1959 2504 Muta
1994 2448 2124 2503 mihi
2149 2457 2203 2503 et
2233 2448 2378 2504 sicco
2406 2446 2678 2518 languebit
2705 2445 2884 2516 lingua
2911 2443 3112 2515 palato,

133 2538 232 2594 noli
274 2539 499 2596 desidia:
543 2548 637 2594 aut
678 2539 841 2596 inerti
877 2541 989 2595 otio
1029 2540 1413 2604 succumbere;
1447 2538 1554 2594 noli
1589 2554 1712 2610 gra-
1882 2541 2149 2612 Falsaque
2175 2542 2267 2612 qui
2297 2541 2515 2606 damno,
2544 2554 2672 2593 vera
2698 2547 2884 2593 tacere
2905 2552 3064 2608 queo.

132 2629 274 2696 tiam,
302 2646 424 2701 qua:
455 2630 552 2685 tibi
598 2629 832 2700 adjacet,
863 2631 1169 2704 negligere;
1223 2631 1340 2693 sed,
1377 2629 1502 2684 dum
1532 2637 1707 2696 vacat,
1809 2632 1949 2690 Nam
1978 2633 2201 2688 meliore
2221 2633 2306 2687 via
2337 2629 2538 2686 Christi
2571 2629 2847 2685 celebrare
2876 2637 3077 2700 tropaea

130 2737 330 2794 semper
357 2732 409 2779 te
440 2723 604 2779 bonis
635 2723 830 2779 studiis
859 2739 1057 2780 exerce
1083 2741 1096 2778 :
1137 2732 1192 2778 et
1227 2721 1336 2777 noli
1367 2722 1510 2790 quod
1541 2720 1711 2791 gratis
1883 2725 2122 2781 Muneris
2151 2723 2349 2778 intuitu
2378 2737 2501 2792 spes
2525 2722 2664 2777 bene
2694 2719 2801 2776 tida
2834 2729 3036 2775 monet.

131 2817 370 2887 accepisti
408 2817 538 2873 aliis
585 2817 885 2889 denegare;
943 2815 1052 2872 noli
1107 2803 1256 2871 solus
1298 2813 1498 2870 bonum
1556 2827 1706 2868 com-
1810 2817 1957 2874 Laus
1981 2825 2041 2871 ut
2071 2829 2282 2871 summa
2311 2815 2444 2879 Deo,
2475 2812 2754 2868 veneratio
2781 2811 2962 2867 debita
2991 2810 3214 2880 Sancto,

127 2921 279 2963 mune
302 2907 586 2979 possidere
605 2907 760 2962 velle.
790 2907 917 2963 Hazc
941 2908 1055 2964 sola
1085 2907 1312 2978 pecunia
1337 2913 1441 2970 est,
1474 2919 1594 2976 qua:
1617 2916 1710 2958 no-
1883 2906 2199 2978 Exemplum
2228 2905 2441 2978 populis
2471 2905 2542 2960 sit
2571 2918 2788 2975 quoque
2815 2903 3168 2960 Christicolis.

128 2998 199 3052 vit
241 3000 573 3070 expensione
615 3000 832 3072 augeri;
878 3000 994 3056 lucc
1034 2999 1147 3055 sola
1185 3007 1306 3064 est,
1354 3012 1472 3068 qua:
1520 3010 1708 3068 sparsa
1812 3001 1881 3057 Et
1907 2999 2039 3054 mihi
2071 3006 2381 3054 succrescat
2409 2996 2683 3052 cumulato
2709 2994 2918 3052 ftenore
2944 3010 3176 3064 merces,

128 3090 331 3156 crescit,
360 3100 416 3146 et
439 3099 659 3162 erogata
686 3089 1046 3145 emolumenta
1073 3089 1249 3159 capit;
1276 3088 1389 3143 hac
1408 3095 1494 3143 est
1517 3086 1705 3154 etiam,
1747 3157 1780 3162 _
1885 3090 2200 3146 Transierat
2225 3097 2280 3145 et
2303 3087 2442 3144 Justi
2472 3085 2632 3157 hujus
2660 3085 2726 3141 ad
2758 3093 2907 3142 astra
2930 3101 3114 3158 prece.

129 3198 239 3252 quae
280 3157 666 3240 absconsovrem
718 3198 872 3238 suum
904 3183 1081 3254 poenis
1125 3157 1358 3248 addicit,
1403 3187 1458 3235 et
1503 3179 1706 3236 bonum
1733 3157 1782 3224 ο
1809 3187 2078 3245 [meritam
2104 3195 2285 3242 tamen
2311 3184 2463 3256 prius
2492 3183 2598 3240 isto
2623 3182 2901 3240 schemate
2925 3157 3014 3237 res
3042 3189 3148 3250 est,

129 3275 550 3346 dispensatorem
576 3275 766 3330 aeterni
795 3275 1037 3330 muneris
1061 3273 1231 3345 gloria
1262 3271 1501 3345 insignit.
1880 3281 1948 3338 Ei
1975 3297 2094 3353 qua:
2123 3295 2233 3336 non
2262 3278 2448 3345 didici,
2475 3292 2644 3334 conor
2673 3276 2908 3332 amando
2937 3275 3106 3347 loqui.

191 3365 363 3422 Macte
399 3381 541 3421 nova
568 3364 791 3431 virtute,
823 3364 941 3419 vale
969 3363 1094 3418 Milo
1122 3362 1324 3434 optime
1353 3369 1525 3428 vates,

1522 3405 1525 3419 ν
1807 3375 1953 3448 Ergo
1978 3374 2074 3430 Dei
2105 3373 2275 3429 ﬁdens
2305 3371 2551 3427 bonitate
2577 3377 2632 3424 et
2657 3383 2880 3424 munere
2910 3367 3083 3424 sancti

261 3456 609 3528 ﬂaimiuique
637 3456 734 3522 tui,
767 3455 874 3522 dic,
899 3457 1160 3511 miserere
1188 3454 1349 3509 Deusl
1880 3465 2141 3522 Flaminis
2165 3462 2450 3534 aggredior
2480 3461 2683 3516 inscius
2710 3459 2852 3515 istud
2879 3459 3002 3514 iter.
3149 3517 3152 3520 ,

317 3584 343 3612 α
372 3569 770 3627 ΡΒΟΟΕΜιυΜ
808 3569 1054 3626 OPERIS
1096 3565 1501 3636 SEQUENTIS.
1810 3557 2065 3626 Quisquis
2091 3555 2220 3621 erit,
2248 3561 2494 3609 nostrum
2523 3551 2616 3622 qui
2644 3565 2867 3620 carmen
2899 3549 3092 3606 rodere
3115 3545 3342 3619 mavult.

1881 3652 2078 3707 Verme
2101 3648 2219 3704 fero
2241 3646 2404 3716 justaa
2431 3645 2642 3700 roditur
2669 3642 2907 3708 invidiae,

1809 3743 1876 3800 Et
1907 3745 1998 3814 qui
2030 3753 2139 3796 tam
2164 3741 2313 3810 justo
2339 3739 2488 3810 cupit
2513 3739 2818 3809 aggaudere
2845 3734 3038 3801 labori,

1882 3837 2045 3892 Patre
2078 3835 2186 3890 Deo
2215 3835 2450 3905 genitus,
2481 3831 2655 3902 patris
2686 3837 2898 3884 amator
2925 3827 3014 3882 hic
3042 3834 3144 3884 est.

1810 3927 1955 3997 Ergo
1981 3924 2350 3996 evangelicum
2383 3923 2558 3993 primo
2585 3933 2901 3992 percurrere
2929 3926 3162 3985 textum,

1881 4021 2029 4077 Illius
2061 4029 2117 4076 et
2145 4027 2353 4090 septem
2382 4032 2536 4073 sacra
2565 4013 2738 4087 sigilla
2761 4013 2940 4084 juvat.

1814 4117 1966 4174 Tunc
1996 4115 2191 4171 melius
2221 4113 2408 4168 Sancti
2437 4120 2626 4182 potero
2649 4122 2946 4182 properare
2976 4121 3075 4178 per
3103 4112 3278 4172 actus,

1883 4207 2216 4279 Principium
2249 4203 2354 4260 tale
2385 4203 2430 4260 si
2463 4203 2552 4274 pia
2581 4201 2826 4258 membra
2851 4198 3088 4254 habeant
3109 4208 3158 4251 ο.

121 3681 280 3740 Festa
308 3684 748 3754 propinquabant
776 3682 948 3736 nostri
978 3679 1282 3736 veneranda
1308 3677 1550 3744 Patroni,

183 3774 546 3844 Instabatque
569 3772 684 3829 dies
714 3771 1000 3844 terrigenis
1029 3769 1278 3826 celebris.

115 3863 144 3910 ι
166 3866 418 3924 Ornabat
443 3865 600 3922 nitidi
631 3865 886 3938 praecelsa
916 3862 1224 3920 habitacula
1253 3860 1438 3932 templi

185 3958 446 4030 Pervigili
474 3975 607 4016 cura
635 3967 825 4015 sancta
851 3966 1068 4014 caterva
1097 3955 1296 4028 gregis.

119 4052 428 4109 Candentes
457 4051 670 4108 tunicas
692 4062 856 4122 atque
885 4058 1206 4106 ornamenta
1235 4062 1332 4120 per
1356 4061 1482 4104 aras

188 4146 472 4203 Ponebant
497 4153 643 4200 texta
670 4144 904 4200 stamine
931 4158 1224 4216 purpureo.

125 4235 268 4294 More
295 4237 640 4309 parabantur
668 4236 828 4293 solito
853 4236 1160 4307 pavimenta
1189 4233 1445 4290 decenter

192 4331 465 4386 Marmore
491 4331 804 4388 commixtis
831 4330 1114 4387 ordinibus
1144 4329 1332 4386 variis.
2433 4394 2437 4398 ,

194 4478 220 4508 ι
255 4464 864 4538 Haecprzeponebantur
889 4463 1010 4538 ibi
1024 4465 1248 4538 nomine
1281 4461 1496 4518 Domini
1523 4461 1779 4538 incipit_
1924 4454 2026 4538 .En
2065 4460 2293 4538 ornatus
2333 4464 2402 4538 an
2438 4445 3143 4538 icel‘ebrandiianflgl‘lljmn
3159 4436 3296 4493 ΐθειδ
3329 4433 3400 4490 ab

131 4511 954 4606 vn.'sfama‘azgiasa;
968 4511 1702 4606 ξιιῑῑέιξζῡεῑίδξίῖδνδξξδςιέ
1727 4523 1785 4586 1)
1811 4522 2316 4606 “maxumarum
2345 4529 2400 4576 et
2429 4515 2929 4606 εμπιριεειεειξιμψεςί
2956 4511 3165 4606 suo“...

125 4586 746 4663 δι”μῑεῑδεεᾱθίῖέωιῑιέιϊ
763 4586 994 4659 asses
1012 4586 1484 4675 eguisse...
1512 4603 1706 4675 habens
1841 4671 1873 4675 __
1889 4612 1911 4639 ο
1934 4597 2076 4675 nam;
2098 4586 2533 4675 εεῖρίιηειεςείηῑ
2551 4588 3020 4675 δρεεςερίιιψεδερ
3043 4592 3192 4637 more
3213 4586 3402 4634 nostro

125 4655 1632 4746 Elia}'E'ﬁs'ibhé'hioihirio'édrib'iiiiiuiasi
1824 4655 2241 4740 distinguimus:
2275 4662 2366 4719 illa
2392 4655 2483 4718 hic
2513 4660 2784 4716 indicasse
2813 4655 3027 4712 suﬂicit.

136 4839 3396 4884 _______________________._____

1220 5303 1469 5378 Capitula
1502 5303 1623 5359 libri
1663 5319 1681 5359 ι
1719 5302 1786 5358 ab
1813 5307 2029 5356 auctore
2054 5293 2298 5369 pra/ima.

134 5468 418 5522 Lautum:
440 5467 622 5519 Christi
645 5467 886 5524 nativitas,
914 5469 966 5516 et
988 5465 1116 5526 quod
1155 5465 1285 5530 hunc
1318 5467 1487 5530 omnia
1514 5463 1764 5530 elementa
1798 5459 2074 5530 Domitium
2097 5455 2203 5506 fore
2243 5453 2564 5530 cognoverint
2587 5450 3038 5530 erponiturr‘:
3063 5444 3402 5530 Argntplorum

192 5509 418 5594 éié'c'iio'f
437 5509 622 5594 533i;
632 5509 1052 5594 ἦίίέᾷὖῖἓᾶιῦ
1061 5509 1219 5594 etad
1227 5509 1641 5594 ἷσεῖὄξξὴιῖὶίξῖἷ-
1654 5509 1890 5594 ascensio,
1932 5521 2154 5594 Spiritus.
2165 5509 2367 5594 quoque,
2382 5517 2565 5594 sancti
2575 5509 3053 5594 ςῃξίξξρρ-Ξιίςθ-νὶξθιι.
3065 5509 3405 5594 2191283112.:

193 5569 1244 5655 32‘6ii'i6ui'i3'i3ci'sfalp3éiéiféiingéuiﬁn
1251 5569 1637 5655 'p‘iiéaic‘a‘i'éiiiit
1647 5569 2537 5655 .L—"igllqmmemoratis'apostolorum
2549 5569 3405 5655 succes's‘oribus-DLémap-dus,

195 5630 2289 5714 Eééiiih'ills'f"633d;'ESJaiéBs’$88.65}:sanéifsmnm’postulat
2313 5644 2542 5714 gratiam.
2562 5666 2627 5714 —‘
2643 5640 2690 5689 6.
2719 5639 2895 5714 Patria
2904 5643 3235 5714 parentesque

194 5693 804 5776 EEiiéhiouiiqu‘lﬁ.
823 5693 1948 5776 Udisaﬁéiiii'?-B§i{£{6§"ééi‘iﬁijhéiﬁ;egeni
1971 5693 2144 5776 petiit._
2160 5705 2284 5776 —:_8.
2306 5693 2406 5776 Chi
2431 5710 2714 5776 serpentem
2740 5693 3138 5776 vnalidutngprece
3168 5700 3224 5776 εξ
3244 5693 3406 5776 crae-is

193 5754 674 5843 $iii5’iiﬁa'ﬁif';
695 5778 742 5828 9.
763 5754 1454 5845 'ne‘éi'btiiiSXci‘biiféEI'L
1470 5754 2089 5833 i5."6666'5a'§’éi5{uc'raii
2104 5754 2166 5820 is.
2195 5767 2387 5819 Martini
2409 5754 2556 5821 oratis
2571 5769 2718 5827 caput
2737 5763 2829 5815 sibi
2853 5754 3075 5813 totondit.
3091 5784 3149 5794 —
3168 5754 3248 5810 ll.
3270 5757 3406 5816 Quae
