3954 6342
195 335 307 394 933

186 446 465 510 Addidici,
494 444 736 500 doctrina
760 452 814 500 ct
838 444 985 499 verbi
1015 443 1232 500 flumine
1258 445 1457 512 siccus,

187 543 328 611 Quid
356 539 594 595 faciam?
639 538 827 607 loquar
862 555 930 593 an
966 548 1171 593 taceam
1201 540 1285 608 pia
1319 550 1470 610 gesta
1502 537 1771 594 Patroni?

187 634 313 687 llmc
344 632 472 701 quia
499 645 602 685 non
631 644 846 699 possum
878 630 1221 701 compingere
1249 631 1488 686 carmine
1512 631 1699 702 digno,

187 722 295 778 Sed
321 720 593 791 trepidum
625 734 748 789 spes
773 719 859 773 illa
879 717 1050 788 juvat,
1085 719 1275 775 ﬁducia
1303 720 1504 785 firmat,

186 813 340 881 Quod
369 821 592 867 sanctus
616 811 859 866 mihimet
881 812 1076 882 poterit
1102 816 1341 881 praebere
1368 813 1617 884 loquendi

187 907 364 970 Vires,
396 905 486 974 qui
517 904 690 958 valuit
721 905 883 959 mutis
917 904 1164 960 conferre
1191 905 1456 975 loquelam

190 995 437 1051 Sacratis
465 996 735 1065 precibus,
766 1010 891 1051 cum
917 1011 1039 1066 spes
1067 995 1205 1053 hanc
1229 999 1380 1051 firma
1417 1008 1664 1069 rogaret,

185 1085 353 1156 Cujus
379 1093 437 1140 et
462 1085 514 1140 in
546 1086 795 1142 manibus
825 1086 1084 1156 speciosis
1104 1098 1130 1128 ι
1166 1088 1343 1158 regius
1367 1086 1543 1142 infans

188 1176 511 1233 Sermonem
533 1176 741 1242 didicit,
763 1192 922 1246 quem
948 1193 1218 1247 nunquam
1246 1179 1489 1249 corporis
1523 1195 1620 1235 usu

188 1268 514 1337 Respondit,
547 1267 924 1338 modicumque
954 1269 1057 1324 fuit
1086 1270 1328 1340 proferre
1354 1270 1514 1325 latina
1696 1342 1697 1345 η

188 1357 388 1425 Verba,
411 1357 810 1415 sedﬂebraica:
844 1360 1171 1431 deprompsit
1204 1361 1401 1417 famine
1432 1364 1628 1435 linguae

187 1450 358 1504 Amen
385 1450 564 1516 dulce,
596 1451 697 1509 viri
722 1451 998 1525 complens
1017 1453 1103 1522 pia
1126 1462 1249 1508 vota
1283 1454 1572 1524 peccantis.

188 1542 353 1611 Ergo.
384 1550 444 1596 ut
471 1540 573 1596 rite
600 1557 795 1611 queam
831 1542 1014 1597 laudes
1039 1559 1102 1598 ac
1128 1553 1276 1612 gesta
1306 1554 1493 1600 notare

188 1632 471 1689 Pontificis
498 1633 698 1703 magni,
729 1634 896 1689 divini
926 1635 1139 1704 postulo
1168 1636 1389 1709 supplex

188 1723 452 1780 Flatniois
484 1724 765 1788 auxilium,
797 1724 943 1795 quod
964 1727 1203 1782 continet
1228 1727 1431 1792 omnia,
1465 1729 1736 1799 complens

189 1906 323 1962 Cum
352 1921 466 1977 quo
492 1907 672 1979 lingua
710 1908 880 1975 valet;
909 1909 1026 1965 sine
1055 1924 1160 1980 qua
1186 1909 1430 1966 facundia
1461 1920 1603 1965 muta
1630 1921 1732 1966 est.

191 1997 244 2053 Si
279 2007 367 2052 tua
398 2007 531 2054 sunt
556 2013 678 2068 qua
710 2015 895 2066 narro,
919 2000 1082 2066 Deus,
1115 2017 1257 2056 nunc
1283 2017 1379 2056 oro
1409 2003 1653 2072 precanti

188 2090 400 2162 Elingui
429 2091 684 2147 mihimet
710 2093 776 2146 da
803 2092 1000 2164 linguae
1025 2109 1221 2149 munus
1250 2095 1509 2150 honestae.

256 2209 311 2264 6.
354 2210 468 2264 Sed
496 2210 643 2280 prius
676 2223 802 2265 arce
833 2224 1002 2281 genus
1034 2209 1191 2264 rutila
1216 2208 1537 2265 celebrabile
1566 2219 1774 2266 cretum

186 2303 212 2343 ι’
247 2303 497 2373 Pangere
528 2303 687 2374 gestit
718 2318 894 2367 amor,
927 2302 1234 2372 cursimque
1271 2311 1460 2356 notare
1490 2304 1702 2358 beatam

184 2392 506 2464 Progeniem
531 2392 692 2459 Justi,
724 2393 1009 2464 primoque
1038 2392 1240 2447 referre
1265 2393 1462 2463 priora,

185 2483 469 2551 Quatenus
496 2483 718 2538 infixam
752 2484 986 2538 radicem
1016 2484 1210 2553 pagina
1246 2498 1468 2538 servans

184 2575 409 2630 Arboris
439 2576 673 2639 eximiae,
703 2575 918 2629 demum
947 2574 1201 2644 praecelsa
1231 2588 1467 2644 propago

187 2668 487 2723 Ramorum
516 2677 570 2723 et
592 2668 793 2724 celsum
824 2668 1037 2722 tollatur
1068 2668 1133 2722 ad
1163 2678 1307 2722 astra
1332 2682 1610 2722 cacumen.

189 2760 281 2814 Est
306 2760 466 2831 regio
495 2761 733 2833 antiquis
758 2760 1049 2830 Aquitania
1080 2760 1220 2815 dicta
1247 2758 1472 2823 colonis,

188 2851 545 2921 Bellipotens,
568 2860 623 2907 et
654 2852 973 2924 frugiferax,
1008 2851 1374 2922 populosaque
1398 2851 1554 2906 tellus
1580 2892 1595 2916 ,

187 2942 443 3001 Fertilior
474 2950 653 2999 tamen
685 2951 737 2998 et
767 2943 994 2998 multum
1021 2943 1301 2999 fecundior
1330 2944 1458 2998 hinc
1480 2952 1584 3010 est,

191 3036 342 3103 Quod
372 3036 536 3092 talem
568 3036 804 3092 fructum
833 3037 1138 3092 venerando
1166 3037 1388 3108 protulit
1414 3045 1557 3091 ortu.

188 3124 313 3180 Haec
339 3127 463 3190 tibi,
495 3128 594 3181 rite
617 3127 750 3181 colis
778 3142 939 3197 quem
967 3126 1158 3191 Gallia,
1193 3129 1337 3181 misit
1359 3127 1658 3181 Amandum
1682 3168 1698 3194 ,
1798 3142 1849 3209 ς

191 3216 395 3273 Nobilis
431 3218 555 3272 huic
582 3219 792 3289 genitor
821 3217 1018 3282 fuerat,
1052 3218 1142 3287 qui
1173 3216 1293 3285 jure
1324 3218 1561 3272 Serenus

192 3310 287 3365 Est
310 3312 512 3376 dictus,
534 3312 786 3381 quoniam
820 3313 1018 3367 meruit
1037 3329 1299 3384 generare
1319 3328 1593 3369 serenum.

190 3402 419 3474 Egregia
445 3412 500 3458 et
530 3404 762 3475 genitrix
783 3412 867 3460 est
887 3405 1040 3475 cujus
1065 3406 1319 3460 Amantia
1345 3406 1505 3460 dicta.

194 3493 332 3549 Rem
362 3494 608 3563 stupidus
638 3495 809 3550 miror
833 3496 1014 3551 divino
1043 3513 1265 3553 munere
1297 3507 1524 3568 gestam,

196 3581 354 3650 Quod
380 3585 483 3640 sibi
505 3586 834 3641 conveniunt
860 3588 1090 3655 genitor,
1118 3590 1373 3655 genitrix,
1405 3590 1723 3659 genitusque

195 3673 521 3729 Nominibus
549 3674 725 3744 dignis
749 3675 1007 3729 donorum
1043 3691 1267 3730 munera
1296 3676 1491 3731 fantes.

193 3766 443 3835 Namque
469 3765 705 3821 Serenus
731 3781 916 3831 ovans,
954 3768 1185 3838 genitrix
1210 3769 1525 3823 etAmantia
1545 3768 1774 3838 pollens,

193 3860 315 3913 Non
348 3859 545 3913 mirum
578 3866 658 3915 est
683 3867 942 3927 generent
966 3859 1013 3913 si
1048 3858 1205 3913 talem
1223 3858 1346 3929 jure
1375 3858 1632 3929 puellum,

192 3949 427 4005 Nomine
448 3950 542 4020 qui
573 3950 747 4011 sancti
770 3959 1101 4007 memoretnr
1120 3950 1322 4005 amoris
1345 3949 1638 4005 Amandus.

193 4039 237 4096 0
262 4039 393 4095 felix
430 4042 597 4111 regio,
627 4057 745 4110 quae
774 4042 937 4098 talem
964 4042 1309 4112 promeruisti

196 4130 458 4198 Cernere,
492 4133 636 4189 ferre
660 4134 856 4199 virum,
889 4133 1138 4190 nutrire!
1171 4134 1316 4189 hunc
1343 4133 1389 4189 si
1420 4133 1686 4188 tenuisses

197 4220 313 4275 Non
344 4230 505 4276 tantae
529 4232 818 4294 quaterent
841 4234 892 4279 te
922 4239 1066 4280 nunc
1097 4224 1224 4280 hinc
1249 4225 1374 4279 inde
1402 4224 1668 4294 procellae.

199 4310 338 4381 Ergo
362 4308 564 4367 Serene
593 4323 748 4383 pater
775 4313 867 4368 tali
894 4329 992 4384 pro
1019 4314 1243 4384 pignore
1272 4314 1457 4378 salve;

199 4402 399 4473 Inclyta
426 4413 600 4457 mater
626 4418 749 4469 ave,
779 4418 899 4473 quae
926 4404 1076 4459 claro
1099 4406 1343 4475 germine
1370 4407 1546 4461 liores.

828 4561 1053 4621 CAPUT
1088 4562 1153 4620 Il.

213 4697 327 4753 Vita
367 4699 429 4755 S.
463 4699 691 4771 Amandi
724 4702 1014 4771 monastica
1051 4699 1309 4754 ininsula
1351 4698 1504 4770 Ogia.
1551 4699 1775 4771 Serpens

445 4770 676 4841 fugatus.
715 4768 986 4824 Promissa
1015 4771 1181 4828 nutris
1213 4768 1523 4825 contmnam.

271 4904 321 4959 7.
365 4898 467 4971 Qui
492 4919 626 4975 puer
654 4919 681 4958 a
711 4904 866 4959 cunis
887 4903 1182 4973 primordia
1212 4902 1349 4959 forte
1377 4903 1582 4957 minora

204 4994 428 5052 Sumere
459 4996 788 5061 detrectans,
817 4996 1025 5066 signum
1050 4993 1200 5049 dedit
1230 4992 1606 5064 imperfectum

204 5087 275 5145 Se
300 5090 376 5145 nil
401 5088 538 5145 velle
564 5089 714 5159 sequi
742 5103 1052 5169 isummam
1080 5087 1331 5141 subvexit
1358 5086 1423 5142 ad
1453 5101 1632 5141 arcem

204 5176 431 5235 Iustitia!
456 5192 722 5251 gressum,
752 5193 1003 5234 crescens
1036 5184 1191 5233 astate
1218 5175 1434 5231 Beatus.
1523 5247 1527 5251 ν

205 5270 493 5329 lmmodico
520 5270 733 5327 fervens
758 5286 881 5326 cum
911 5269 1113 5325 Christi
1143 5268 1362 5322 arderet
1390 5282 1596 5335 amore,

208 5361 445 5420 Deseruit
476 5364 726 5434 patriam,
759 5363 899 5417 sicut
925 5360 1245 5416 venerabilis
1271 5359 1493 5425 Abram,

279 5528 303 5589 ξ
339 5517 397 5574 S.
432 5517 765 5589 Sigebertus,
794 5527 850 5571 ut
879 5531 1040 5587 supra
1075 5523 1132 5570 et
1158 5515 1209 5569 l.
1243 5513 1518 5570 Februarii
1548 5512 1771 5567 dictum.

280 5587 306 5626 δ
339 5587 519 5643 Αιίιιιῖ
534 5605 633 5643 ms.
675 5589 923 5658 Tangere.

282 5667 302 5730 ξ
342 5659 496 5730 Angit
534 5660 849 5714 neutraliter
874 5659 1105 5728 positum
1138 5673 1234 5727 pro
1258 5657 1486 5730 ungitur.

278 5725 305 5767 ἀ
346 5725 538 5785 Μᾰηιδ
580 5730 745 5785 Italiae
772 5725 980 5801 pop-alis
1023 5725 1179 5799 (quos
1206 5746 1234 5782 a
1261 5725 1447 5781 Circes
1491 5727 1601 5782 ﬁlio
1627 5734 1776 5781 ortos

1280 333 1369 388 DE
1409 330 1563 386 VlTA
1605 330 1663 386 S.
1705 330 1993 387 AMANDI.
2027 362 2093 373 --
2128 332 2257 387 LIB.
2297 333 2340 389 Ι.

3348 331 3461 389 πὶ

1794 448 1841 508 Α
1870 442 2243 514 Cognatosque
2271 461 2397 502 suos
2418 446 2666 517 linquens
2686 444 2971 516 peregrina
2994 441 3204 516 petivit.

1874 535 1971 591 Est
1998 536 2146 592 locus
2176 536 2375 593 Oceani
2399 538 2604 593 distans
2628 554 2657 593 a
2685 538 2866 595 littore
2890 538 3095 609 magni,

1876 628 2078 699 Nempe
2103 638 2293 698 quater
2316 631 2487 695 denis,
2517 640 2576 685 ut
2598 630 2790 696 fertur,
2821 631 3054 687 millibus
3076 644 3259 701 mque;

1875 719 2053 775 Insula
2081 734 2189 790 quo
2211 722 2414 791 prmhet
2441 723 2782 778 venientibus
2809 721 2941 792 Ogia
2969 730 3216 794 portum‘

1878 812 1995 880 Quo
2023 812 2241 867 veniens
2263 827 2433 883 agnus
2454 812 2589 867 lanis
2610 813 2965 869 candentibus
2985 813 3159 877 albus,

1881 904 2160 974 Excipitur
2185 904 2344 959 niveo
2373 920 2532 975 grege
2558 906 2924 975 congaudente
2949 906 3213 976 benigne;

1881 994 2219 1065 Emicuitque
2243 995 2393 1050 brevi
2424 996 2631 1051 meritis
2658 996 2715 1052 in
2744 1005 2982 1066 tempore
3013 996 3259 1067 summis.

1884 1086 1951 1140 Et
1979 1086 2105 1156 quia
2135 1086 2431 1157 scripturas
2459 1087 2669 1142 curavit
2693 1087 2903 1143 discere
2927 1103 3135 1154 sacras,

1880 1176 2010 1243 Quis
2031 1176 2181 1231 labor
2210 1185 2292 1231 est
2316 1177 2507 1250 primo,
2541 1178 2633 1231 sed
2662 1186 2782 1248 post
2801 1178 3033 1250 pretiosa
3069 1178 3269 1234 laboris

1877 1267 2126 1333 Praemia,
2155 1266 2430 1339 multiplici
2455 1267 2711 1321 virtutum
2736 1266 2886 1338 fruge
2909 1267 3192 1343 replenda;

1878 1357 2113 1428 Quteqnc
2140 1358 2322 1413 cibant
2347 1358 2557 1413 animas
2583 1358 2795 1413 mortali
2826 1375 2990 1414 carne
3017 1370 3288 1431 gravatas,

1879 1448 2267 1516 Sanctificant,
2318 1459 2544 1514 curant,
2593 1449 2832 1515 salvant,
2884 1458 3237 1523 vegetamque
3265 1467 3453 1524 peror-

1877 1540 1992 1596 Non
2022 1550 2208 1596 sancto
2237 1541 2500 1597 desiderio
2526 1540 2788 1611 protectio
2817 1538 3025 1595 Christi

3264 1539 3452 1614 [nant;

1876 1632 2094 1698 Defuit;
2124 1631 2188 1686 ad
2219 1648 2485 1687 summum
2515 1632 2608 1687 sed
2641 1631 2784 1685 vexit
2813 1630 3023 1685 culmen
3048 1624 3311 1686 honorum

1878 1724 2026 1780 Talia
2051 1731 2402 1794 quaerentem,
2428 1724 2718 1788 sitientem,
2752 1732 2802 1778 et
2829 1732 3100 1777 amantem
3123 1720 3448 1778 Amandum.

185 1815 367 1881 Astra,
398 1816 604 1887 polum,
630 1816 870 1888 pelagus,
906 1826 1108 1885 terras;
1132 1834 1241 1889 quo
1259 1827 1450 1874 cuncta
1479 1795 1769 1892 reguntur;
1803 1795 1851 1859 Β
1947 1813 2000 1868 8.
2042 1810 2178 1867 Hinc
2209 1810 2410 1880 majora
2442 1827 2671 1883 sequens
2702 1814 2921 1882 op‘erum
2951 1810 3235 1877 miracula,
3270 1810 3445 1866 dicam

1877 1900 2066 1971 Qualia
2095 1900 2360 1972 principio
2383 1901 2591 1956 Domini
2622 1901 2845 1956 devotus
2869 1908 3082 1956 amator

1876 1990 2063 2045 Prmlia
2094 1991 2414 2063 prmtulerit,
2448 2000 2503 2045 et
2527 2001 2756 2061 quantos
2778 1991 2902 2047 inde
2928 1992 3231 2062 triumphos

1877 2082 2131 2153 Corporis
2160 2098 2225 2137 ac
2252 2082 2449 2137 mentis
2474 2090 2725 2152 superato
2750 2081 2966 2136 sustulit
2990 2081 3166 2136 hoste.

1876 2174 2039 2230 Forte
2064 2174 2187 2239 dies,
2208 2174 2398 2227 aderat
2424 2172 2688 2243 quaedam,
2718 2180 2821 2243 q’ua
2849 2171 3084 2227 instabat
3114 2172 3322 2242 agenda

1875 2266 2048 2325 Causa
2074 2265 2386 2323 monasterii
2409 2264 2521 2335 jam
2557 2263 2708 2327 dicti,
2736 2276 2949 2334 quaque
2979 2262 3268 2334 benignum

1876 2356 2072 2411 Eximii
2099 2354 2324 2409 Fratres
2357 2368 2581 2424 puerum
2611 2351 2881 2423 complere
2913 2352 3153 2406 volentes

1875 2448 2164 2519 lnjungunt
2184 2462 2376 2501 causas
2404 2446 2615 2518 operis;
2645 2445 2785 2516 quod
2807 2451 3062 2517 protenus
3088 2441 3176 2498 ille

1875 2538 2107 2608 Impiger
2130 2536 2469 2607 exsequitur,
2494 2534 2703 2589 cunctis
2730 2534 2931 2589 servire
2954 2541 3193 2604 paratus,

1878 2629 2137 2685 Subditus
2164 2628 2423 2698 obsequio
2446 2625 2676 2680 famulus
2699 2625 3005 2681 celeranter
3032 2623 3084 2678 in
3117 2638 3286 2678 omni.

1880 2719 1987 2776 Sed
2016 2721 2141 2774 dum
2170 2718 2308 2773 forte
2333 2719 2509 2772 minus
2537 2717 2648 2771 loca
2678 2723 2892 2771 sanctus
2912 2713 3123 2787 cognita
3154 2715 3364 2778 lustrat,

1876 2809 2068 2868 Obviat
2097 2809 2385 2863 immanem
2412 2806 2665 2862 horrendi
2693 2806 2937 2874 corporis
2965 2817 3193 2874 anguem

1878 2900 2113 2966 Saevum,
2138 2899 2561 2970 squamigerum,
2589 2896 2787 2960 dirum,
2810 2902 3045 2958 vastum,
3075 2890 3455 2956 truculentum,

1878 2991 2045 3061 Quen:
2076 3006 2211 3061 puer
2245 2989 2530 3059 aspiciens,
2566 2986 2873 3057 pariterque
2912 2984 3135 3038 horrore
3166 2996 3459 3053 pavescens

1879 3084 2166 3147 Terretur;
2198 3089 2396 3151 stupet,
2427 3078 2744 3142 admiratur,
2776 3085 2831 3131 et
2858 3076 3050 3130 anxius
3076 3075 3272 3137 haeret,

1874 3175 2253 3243 Attonitusque
2284 3173 2484 3237 tremit,
2515 3187 2622 3242 quo
2651 3184 2894 3240 gressum
2924 3176 3179 3232 verteret,
3214 3177 3238 3206 ο
3286 3165 3456 3237 angit.

1875 3268 2075 3324 Ctelica
2103 3265 2194 3322 sed
2223 3266 2432 3320 Domini
2466 3279 2587 3318 mox
2619 3263 2758 3317 hunc
2789 3271 2846 3315 ut
2873 3261 3044 3332 gratia
3075 3257 3243 3324 fulsit,

1874 3359 2091 3414 Corruit
2121 3359 2172 3412 in
2204 3357 2420 3421 faciem,
2450 3364 2648 3409 terram
2675 3369 2887 3425 quoque
2915 3367 3139 3422 corpore
3170 3352 3389 3422 pressit,

1877 3432 2202 3522 Suppliciter
2227 3459 2452 3512 stratus,
2477 3447 2570 3503 sed
2603 3454 2781 3501 mente
2804 3446 2872 3500 ad
2898 3446 3073 3500 sidera
3102 3454 3314 3500 vectus.

1876 3542 2013 3597 Hinc
2039 3556 2253 3611 quoque
2280 3538 2555 3600 vexillum,
2586 3547 2786 3593 nostra:
2807 3551 2913 3607 quo
2937 3551 3145 3590 summa
3166 3534 3356 3590 salutis

1876 3632 2153 3694 Consistit,
2184 3629 2357 3683 valida
2388 3628 2640 3698 opposuit
2673 3628 2869 3680 virtute
2896 3625 3149 3697 chelydro
3175 3641 3188 3654 '

1876 3721 2043 3777 Jussit
2066 3729 2121 3774 et
2148 3719 2213 3773 ad
2239 3726 2393 3772 notas
2423 3716 2569 3771 illum
2599 3731 2837 3793 remeare
2861 3715 3112 3771 latebras.

1879 3809 2082 3865 Lctifer
2107 3812 2191 3863 ast
2212 3808 2415 3866 hvdrus
2440 3807 2575 3878 signi
2604 3805 3102 3877 virtute.repulsus,

1880 3901 2153 3973 Eﬂ'ugiens
2179 3900 2358 3965 rediit,
2394 3908 2685 3968 notumque
2715 3897 2955 3967 relapsus
2983 3898 3047 3951 ad
3077 3905 3309 3962 antrum,

1891 3992 2132 4050 Ulterius
2156 3990 2434 4045 hominum
2463 4004 2721 4059 nusquam
2736 3988 3031 4058 comparuit
3063 3987 3179 4053 ulli,

1881 4087 2216 4156 Ereptusque
2245 4085 2395 4139 locus
2423 4090 2570 4137 tanto
2591 4083 2702 4153 jam
2733 4082 2909 4136 dictus
2932 4082 2999 4138 ab
3026 4082 3180 4137 hoste
3211 4089 3313 4136 est.

1878 4178 2044 4233 Fama
2070 4185 2153 4230 est
2190 4184 2465 4247 serpentes
2490 4174 2516 4213 ἀ
2543 4174 2745 4229 Marsos
2779 4172 2998 4228 turbare
3025 4182 3208 4227 suetos

1880 4270 2084 4341 Exigua
2108 4268 2321 4322 sibimet
2345 4266 2539 4321 vallum
2566 4264 2754 4320 tellure
2781 4279 2995 4336 parare,

1880 4360 2031 4427 Quod
2061 4368 2294 4428 nequeat
2340 4358 2568 4412 transire
2597 4357 2791 4411 cohors
2826 4368 3109 4409 numerosa
3142 4361 3452 4427 nocentum.

1882 4452 1985 4506 Sed
2018 4451 2235 4507 meliore
2264 4451 2347 4504 via
2378 4449 2603 4504 multum
2637 4448 2977 4520 praestantius
3008 4448 3108 4502 iste

1801 4510 1856 4570 Β
1887 4544 2136 4614 Reppulit
2167 4542 2571 4613 ignitosdivino
2600 4510 2798 4596 famine
2832 4542 2999 4595 rictus

1886 4633 2182 4704 Serpentis,
2213 4644 2431 4688 sam-tus
2458 4641 2757 4703 prostratus
2798 4632 2851 4686 in
2883 4646 3078 4702 aggere
3106 4639 3265 4686 teme

1883 4724 1985 4779 Per
2009 4724 2201 4779 vexilla
2231 4723 2428 4788 crucis,
2454 4723 2635 4794 digitis
2659 4737 2779 4792 quae
2806 4723 2979 4793 pinxit
3007 4722 3059 4777 in
3091 4722 3255 4787 arvis,

1885 4816 1996 4871 Hoc
2019 4817 2247 4887 primum
2278 4818 2508 4886 patravit
2530 4831 2691 4885 opus;
2722 4815 2864 4885 quod
2892 4814 2993 4868 rite
3018 4821 3262 4868 notatum

1879 4906 2224 4979 Linquimus,
2250 4908 2352 4960 hoc
2378 4906 2497 4960 aliis
2525 4913 2648 4975 post
2673 4914 2856 4960 narret
2882 4905 3080 4959 scheda
3110 4903 3325 4959 futuris.

1880 4998 2021 5070 Ergo
2048 4997 2238 5051 humili
2270 5005 2395 5051 voto
2424 5005 2498 5062 te,
2526 4994 2717 5051 Pastor
2750 4995 3013 5059 Amande,
3043 5008 3344 5067 precamur,

1878 5091 2174 5162 Antiquam
2210 5099 2267 5143 ut
2296 5089 2464 5160 pellas
2491 5105 2743 5160 anguem,
2770 5089 2860 5159 qui
2884 5102 3112 5158 corpora
3143 5084 3325 5142 nostra

1882 5180 1998 5235 Non
2024 5196 2219 5237 curans
2247 5181 2471 5243 laniare,
2500 5181 2695 5235 animis
2722 5179 2893 5251 magis
2917 5187 3067 5250 optat
3092 5179 3283 5235 acerba

1883 5270 2148 5326 annitico
2179 5272 2377 5326 nostris
2406 5268 2690 5325 infundere
2722 5271 2884 5327 dente
2912 5286 3140 5335 venena,

1882 5363 2301 5420 Flammivomns
2328 5362 2574 5418 flammas
2599 5371 2654 5416 et
2675 5363 2888 5434 spirans
2910 5362 3098 5435 igneus
3121 5362 3289 5436 ignes.

1882 5522 2082 5592 ferunt)
2105 5524 2213 5577 vim
2257 5525 2432 5577 inesse
2476 5531 2664 5579 contra
2692 5533 2971 5594 serpentes
3000 5524 3298 5580 naturalem
3322 5521 3453 5594 olim

1881 5595 2166 5648 creditum.
2198 5594 2335 5647 Plin.
2366 5594 2458 5648 lib.
2488 5610 2585 5658 ru,
2611 5610 2728 5664 cap.
2758 5596 2810 5649 2.
2847 5596 2945 5652 llic

1883 5665 1980 5719 hus
2008 5665 2176 5733 accipi
2203 5682 2231 5718 a
2267 5664 2458 5719 Milone
2479 5667 2746 5721 videntur.

2973 5612 3068 5667 pro
3096 5593 3445 5651 incantatori-
