3954 6342
143 356 248 422 957

143 467 318 526 Comi-t
337 475 392 522 et
425 466 686 522 eximium
709 465 913 522 caelesti
943 467 994 520 in
1021 467 1145 522 sede
1174 476 1440 532 senatum,

145 559 257 627 Qua
286 571 442 614 sacer
469 554 558 610 hic
583 555 762 610 cordis
787 556 1082 626 penetralia
1111 556 1389 625 pulchrius
1415 572 1636 622 ornans,

144 648 274 705 Lilia
304 645 562 702 lustrabat
590 646 734 710 hinc,
770 647 892 702 inde
919 649 1124 703 rosaria
1154 650 1362 716 adibat,

148 740 380 796 Alternis
407 738 614 794 vicibus
638 753 735 808 per
762 738 970 810 singula
1001 748 1178 794 castra
1206 755 1495 795 recurrens
1521 757 1535 803 ;

145 829 406 898 Quidquid
428 829 721 896 conspicuo
747 829 1004 882 virtutum
1031 828 1163 884 ﬂore
1189 829 1372 899 vigere

145 921 308 985 Vidit,
340 921 443 975 hoc
471 920 722 991 proprios
750 920 1022 975 sitientem
1051 921 1218 974 traxit
1239 921 1305 974 ad
1336 928 1507 975 actus.

212 1057 296 1110 II.
339 1056 584 1124 Dumque
613 1055 716 1109 iter
750 1054 1019 1124 inceptum
1055 1052 1196 1108 felici
1222 1053 1437 1108 tramite
1466 1053 1660 1117 adiret,

136 1149 176 1205 U
193 1148 302 1203 rbis
324 1145 582 1201 Bituricae
610 1161 718 1216 quo
749 1145 949 1215 pollent
980 1144 1179 1202 moenia
1205 1146 1353 1200 venit
1379 1163 1393 1212 ;

136 1245 188 1296 In
223 1255 326 1311 qua
357 1241 650 1309 conspicuo
676 1240 938 1295 vernabat
966 1240 1281 1309 pontificatu

144 1330 374 1386 Sanctus
402 1329 748 1385 sanctificans
777 1331 985 1401 plebem
1012 1331 1387 1404 Austrigisilus
1415 1332 1584 1398 illam,

145 1422 454 1492 Magnificus
483 1422 701 1493 praesul,
733 1424 1002 1494 rebusque
1029 1425 1254 1494 insignis
1288 1425 1530 1480 honestis

145 1513 303 1586 Cujus
332 1523 388 1570 et
415 1514 687 1585 obsequiis
713 1515 952 1571 sociatus
980 1517 1032 1570 in
1060 1516 1174 1571 aede
1202 1516 1418 1588 vigebat

146 1604 422 1676 Sulpitius,
454 1605 546 1674 qui
577 1614 704 1659 tunc
733 1615 850 1661 erat
878 1606 1311 1669 archidiaconus,
1344 1616 1400 1662 et
1429 1615 1554 1677 post

143 1696 363 1760 Exstitit
394 1696 616 1752 illustris
638 1697 844 1752 meritis
874 1706 1038 1768 atque
1065 1699 1253 1753 ordine
1276 1698 1493 1768 praesul,

145 1801 170 1831 α
194 1788 426 1845 Noverat
450 1789 539 1844 hic
568 1790 747 1858 digitis
781 1791 932 1862 ignes
958 1791 1174 1860 placare
1206 1790 1469 1856 furentes,

143 1878 490 1949 Ingentesque
519 1880 696 1934 crucis
726 1880 877 1951 signo
914 1895 1260 1951 compescere
1290 1880 1553 1936 ﬂammas.

143 1968 238 2035 Qui
266 1968 454 2024 Sancti
482 1970 687 2039 pariter
714 1969 970 2026 Sanctum
995 1971 1288 2027 clementer
1310 1972 1613 2027 Amandum

147 2059 466 2132 Suscepere,
495 2063 583 2133 pie
607 2063 823 2133 pietatis
852 2079 1034 2119 amore
1059 2066 1296 2120 colentes
1325 2083 1337 2119 :

146 2153 301 2210 Urbis
331 2164 390 2210 et
416 2156 468 2210 in
500 2172 655 2211 muro
684 2157 875 2212 cellam
905 2167 1156 2214 struxere
1180 2160 1434 2231 benigne,

141 2242 197 2298 In
224 2260 329 2314 qua
361 2245 443 2300 vir
466 2246 679 2302 Domini
709 2249 997 2304 conclusus
1025 2259 1242 2321 propter
1279 2265 1541 2315 amorem,

145 2335 424 2408 Perpetua;
447 2340 567 2394 vita:
597 2340 826 2411 degebat
853 2341 920 2395 ad
943 2343 1109 2396 ardua
1138 2344 1382 2406 tendens,

144 2425 329 2484 Cilicio
362 2436 556 2491 tectus,
587 2429 785 2486 cineris
806 2445 1128 2501 conspersus
1155 2449 1369 2488 acervo.

145 2515 341 2584 Quales
377 2528 503 2574 tunc
533 2529 751 2589 poteras
779 2521 910 2576 urbs
938 2521 1228 2577 formidare
1253 2524 1440 2579 ruinas

147 2607 271 2664 'I‘am
299 2609 498 2665 validis
527 2609 710 2666 fueras
733 2628 853 2682 qua:
880 2621 1179 2667 sustentata
1207 2614 1515 2670 columnis?

147 2699 332 2766 Qualia
367 2701 656 2756 bellantum
687 2703 882 2773 quibus
909 2713 1036 2759 tunc
1067 2705 1170 2760 tela
1197 2721 1414 2776 pavere,

148 2789 269 2856 Qua:
297 2792 661 2864 praefulgebas
683 2795 846 2849 tantis
880 2794 1098 2850 defensa
1126 2797 1412 2866 patronis?

149 2881 280 2949 Quid
307 2884 494 2939 fecere
519 2885 607 2940 alii
636 2895 694 2940 tu
728 2887 835 2942 scis
863 2905 876 2941 :
911 2901 1036 2942 nam
1066 2887 1291 2959 belliger
1321 2889 1423 2943 iste

149 2969 324 3030 Fortis
358 2975 411 3030 in
440 2991 564 3032 arce
593 2988 681 3032 tua
709 2979 996 3048 quindenis
1035 2980 1278 3034 constitit
1313 2981 1505 3045 annis;

150 3061 525 3137 Firmavitque
552 3076 672 3124 tuos
695 3069 811 3138 ejus
837 3071 1141 3126 constantia
1168 3087 1372 3128 muros.

152 3153 216 3208 At
246 3156 292 3211 si
325 3158 636 3228 conspicuis
666 3157 866 3215 renites
897 3161 1100 3217 conlisa
1130 3163 1405 3234 magistris

152 3243 264 3302 Non
296 3263 400 3303 nos
427 3250 720 3319 praecellis;
748 3253 914 3307 micat
938 3254 1028 3309 hic
1057 3255 1334 3324 speciosus
1359 3255 1638 3312 Amandus

153 3335 442 3396 Candidior
472 3341 694 3409 Phoebo,
719 3355 915 3401 cuncto
936 3347 1248 3403 rutilantior
1277 3363 1428 3415 auro,

153 3427 252 3496 Qui
283 3431 340 3485 in
367 3441 420 3488 te
447 3435 732 3492 conclusus
754 3438 959 3509 pepulit
985 3440 1094 3495 vini
1115 3455 1209 3497 ore
1233 3441 1517 3512 liquorem,

152 3520 266 3578 Non
292 3540 484 3582 somno
510 3539 660 3584 satur
689 3540 745 3586 et
768 3547 872 3586 non
902 3532 1026 3588 ullis
1055 3535 1177 3590 vitae
1205 3536 1498 3603 alimentis,

155 3613 367 3675 Hordea
394 3622 484 3692 qui
513 3637 691 3678 seram
714 3629 962 3682 sumebat
983 3629 1177 3698 pabula
1203 3631 1256 3684 in
1285 3647 1486 3698 escam,

152 3707 281 3765 Post
302 3712 490 3768 sitiens
514 3716 687 3770 tenuis
710 3717 958 3774 hauribat
983 3722 1173 3790 pocula
1199 3722 1430 3794 lymphae
1447 3765 1463 3791 ,

151 3799 548 3873 leestemque
573 3806 690 3862 solo
715 3809 880 3864 vitam
911 3822 1227 3869 constanter
1252 3818 1480 3886 agebat;

151 3893 222 3947 Et
246 3909 443 3964 corpus
471 3899 740 3969 crucians,
779 3903 1015 3960 animam
1038 3907 1293 3976 pascebat
1322 3910 1561 3968 honestis

153 3986 426 4042 Virtutum
457 3990 702 4061 dapibus,
733 3993 932 4052 Christi
962 4011 1231 4070 praecepta
1259 4013 1518 4071 secutus;

153 4075 258 4132 Pro
288 4095 396 4148 quo
422 4082 744 4154 multiplices
775 4095 918 4143 terra
944 4090 1238 4164 pelagoque
1264 4093 1479 4152 labores

154 4170 379 4239 Anxius,
405 4173 652 4242 aﬂlictus,
681 4189 1040 4253 contemptus,
1072 4201 1293 4256 egenus,
1323 4190 1568 4258 anhelus,

158 4260 481 4334 Suppliciter
509 4267 726 4326 Christo
753 4272 970 4330 laudum
995 4280 1262 4346 praeconia
1295 4281 1550 4350 reddens,

158 4353 399 4427 Pertulit,
426 4373 588 4432 atque
613 4365 735 4421 ideo
769 4365 967 4424 fruitur
991 4372 1151 4427 modo
1181 4373 1298 4429 luce
1321 4378 1547 4445 perenni
1572 4395 1588 4444 ;

156 4452 253 4518 Qui
281 4470 422 4526 saepe
446 4461 657 4527 esuriit,
683 4465 840 4518 modo
865 4469 984 4524 coeli
1015 4485 1154 4538 pane
1179 4473 1425 4540 cibatur;

155 4539 405 4602 Crebrius
431 4557 486 4604 et
512 4551 722 4618 sitiens,
750 4563 965 4624 potatur
991 4559 1137 4616 fonte
1162 4579 1416 4633 superno,

155 4633 228 4690 Ac
249 4641 520 4708 quondam
555 4643 752 4709 nudus,
781 4661 925 4702 nunc
953 4651 1077 4719 agni
1107 4661 1191 4706 est
1220 4654 1418 4710 vellere
1444 4665 1654 4727 tectus;

154 4724 251 4790 Qui
282 4730 408 4785 olim
436 4747 640 4803 pauper
663 4744 802 4800 erat,
830 4738 989 4793 modo
1017 4742 1164 4811 regni
1197 4758 1419 4801 munere
1449 4747 1621 4814 dives,

155 4815 251 4884 Qui
288 4837 497 4879 memor
521 4835 580 4880 ut
605 4829 775 4884 nostri
804 4829 894 4894 sit,
927 4846 1172 4903 corpore,
1201 4837 1361 4892 corde
1385 4853 1688 4908 precamur.

222 4952 305 5008 12.
335 4956 402 5011 Ει
415 4959 540 5028 quia
554 4970 773 5016 sanctus
797 4978 979 5019 amors
994 4981 1181 5036 emper
1198 4983 1540 5029 succrescere
1560 4973 1730 5042 novit,

154 5037 572 5133 Eultiplicesque
603 5069 700 5108 suo
729 5056 1004 5111 cumulare
1027 5058 1215 5114 labore
1243 5063 1537 5133 maniplos;

158 5127 250 5186 Vir
276 5136 491 5194 Domini
521 5132 734 5213 semper
763 5160 957 5215 magno
983 5146 1246 5218 ﬂagrabat
1274 5166 1476 5218 amore,

154 5220 382 5296 Corpore
410 5229 661 5298 lassatus,
689 5234 782 5290 sed
810 5237 1004 5292 mentis
1031 5239 1224 5295 robore
1250 5240 1404 5297 fortis
1429 5260 1444 5297 :

154 5311 419 5380 Quatenus
441 5323 508 5377 ad
533 5323 692 5379 celsa:
719 5339 1038 5397 properaret
1059 5332 1256 5386 moenia
1289 5333 1491 5400 Romae,

156 5403 266 5469 Quo
291 5410 483 5469 Petrus
507 5413 812 5486 Paulusque
845 5418 958 5473 solo
987 5421 1236 5492 coeloque
1267 5427 1479 5480 venusti

155 5494 296 5589 Celsa
321 5506 562 5576 sepulcra
597 5516 798 5574 tenent,
829 5513 1028 5568 mundo
1053 5515 1385 5584 splendentia
1417 5528 1548 5589 toto,

156 5582 401 5651 Ecclesiae
430 5597 690 5655 Proceres
716 5599 979 5672 fulgentes
1009 5582 1160 5661 more
1185 5607 1418 5665 lucernae
1442 5629 1456 5678 ;

1202 355 1290 409 DE
1329 353 1488 410 VITA
1531 354 1588 407 S.
1629 350 1913 406 AMANDI.
1954 383 2024 394 —-
2061 355 2188 412 LIB.
2231 357 2272 410 I.

3287 357 3392 416 938

1738 467 1790 528 Α
1816 468 2054 533 Quorum
2081 471 2259 543 lingua
2286 473 2428 528 valet
2455 489 2699 530 reserare
2725 483 2778 530 et
2806 475 3055 531 claudere
3085 492 3302 534 emtum.

1824 559 1967 630 Ergo
1997 561 2099 615 iter
2127 579 2430 634 aggressus,
2464 567 2696 635 quodam
2729 568 3023 623 comitante
3050 567 3322 634 ministro,

1822 650 2080 722 Squalida
2103 655 2455 722 perlustrans,
2481 668 2534 712 et
2559 658 2710 712 devia
2739 674 2962 729 qumque
2988 674 3299 729 peragrans,

1822 742 2050 798 Romam
2081 747 2324 814 pervenit
2351 748 2487 802 miro
2515 747 2817 805 ﬂammatus
2844 765 3046 805 amore.

1823 837 2020 907 Aspice
2052 855 2192 893 nunc
2222 840 2408 910 quales
2435 842 2610 896 socios
2641 844 2852 897 curavit
2877 845 3110 909 habere;

1822 926 2065 993 Petrum,
2096 929 2318 984 sidereae
2347 940 2429 985 est
2453 932 2537 986 cui
2568 923 2734 988 clavis
2767 935 2958 988 tradita
2987 944 3178 1004 portae,

1821 1015 1900 1071 Ac
1928 1017 2149 1072 Paulum
2188 1020 2371 1074 mundi
2395 1021 2665 1091 egregium
2697 1038 2794 1092 per
2818 1024 2974 1079 saecla
3006 1025 3340 1096 magistrum.

1823 1105 1870 1162 Ο
1901 1107 1945 1160 si
1967 1108 2198 1164 describi
2223 1120 2445 1178 possent
2475 1111 2718 1167 incendia
2749 1116 2969 1179 amoris,

1826 1197 2032 1252 Littera
2059 1200 2142 1254 vel
2171 1201 2336 1255 sciret
2362 1202 2544 1257 cordis
2570 1205 2800 1274 suspiria
2829 1205 2931 1259 fari
2957 1208 2968 1259 Ξ

1825 1289 2020 1346 Dicere
2049 1308 2280 1347 conarer
2305 1303 2564 1363 quantum
2596 1298 2846 1353 dilexerit
2879 1300 3013 1363 illos,

1826 1379 2078 1438 Postibus
2107 1383 2158 1436 in
2191 1400 2418 1453 quorum
2441 1389 2671 1442 sacratis
2697 1392 2879 1444 oscula
2913 1391 3046 1446 fixit.
3067 1372 3084 1390 ’

1827 1471 1966 1538 Quid
1987 1475 2178 1529 credas
2205 1475 2425 1542 faceret,
2454 1479 2496 1532 si
2532 1479 2650 1534 illos
2677 1481 2728 1534 in
2760 1498 2919 1537 carne
2948 1485 3190 1540 videret?

1827 1563 2090 1620 Omnibus
2116 1567 2318 1623 interea
2348 1585 2446 1639 per
2473 1572 2679 1639 singula
2717 1575 2911 1643 templa
2942 1576 3130 1630 diebtts

1825 1654 2114 1722 Currebat,
2143 1659 2324 1730 plures
2351 1662 2565 1717 socians
2591 1664 2691 1718 sibi
2719 1665 2922 1720 honore
2944 1667 3173 1723 sodales.

1833 1747 2099 1820 Principis
2121 1761 2174 1806 et
2206 1752 2348 1807 Petri
2381 1756 2475 1808 sed
2502 1755 2555 1808 in
2585 1757 2753 1811 tndem
2789 1759 3029 1814 intrabat
3057 1759 3299 1827 anhelus,

1749 1824 1800 1884 Β
1828 1838 1962 1895 Cum
1995 1842 2076 1896 sol
2101 1842 2342 1899 luciﬂuos
2370 1845 2560 1916 pelago
2592 1848 2829 1918 tingebat
2858 1851 3108 1908 amictus.

1897 1965 1983 2020 15.
2017 1964 2115 2020 IIis
2139 1965 2219 2020 ita
2240 1967 2506 2034 decursis,
2532 1981 2750 2040 superat
2773 1989 2892 2041 qua:
2912 1984 3060 2044 gesta
3083 1991 3372 2035 canamus:

1825 2055 1908 2108 Ad
1935 2053 2098 2110 finem
2125 2058 2295 2112 tendit
2321 2060 2443 2127 quia
2460 2061 2570 2130 jam
2599 2077 2724 2132 pars
2753 2065 2925 2133 prima
2958 2065 3138 2121 libelli.

1827 2145 2065 2202 Fervens
2088 2163 2220 2218 ergo
2247 2150 2350 2204 tide
2374 2150 2500 2205 dum
2532 2168 2716 2209 sacras
2743 2155 2937 2210 circuit
2965 2159 3128 2224 aedes,

1827 2237 2055 2293 Intravit
2077 2239 2223 2294 Petri
2251 2242 2626 2311 perpulchram
2655 2261 2884 2302 cernuus
2909 2248 3088 2304 aulam
3117 2268 3130 2304 :

1820 2329 1924 2386 Sol
1941 2346 2154 2402 quoque
2170 2331 2679 2405 ﬂammicomusjam
2701 2355 2954 2410 magnum
2976 2342 3164 2398 innare
3179 2345 3408 2414 parabat

1833 2421 2130 2486 Oceanum,
2159 2433 2212 2477 et
2241 2425 2402 2480 rutilo
2436 2425 2672 2498 fulgebat
2697 2429 2968 2500 Hesperus
3002 2442 3144 2488 ortu.

1831 2516 2045 2571 Interea
2075 2518 2256 2586 templi
2283 2520 2566 2574 custodum
2589 2536 2716 2575 cura
2749 2524 2957 2593 repellit

1830 2606 2188 2662 Commistam
2220 2610 2448 2678 plebem,
2482 2611 2797 2684 foribusque
2825 2619 3061 2685 patentia
3089 2619 3325 2688 claudit;

1833 2696 2258 2768 Subsistensque
2283 2715 2472 2769 parum
2504 2703 2588 2756 vir
2613 2714 2834 2760 sanctus
2859 2707 2913 2761 in
2939 2709 3052 2764 cede
3074 2713 3352 2778 remansit,

1832 2786 1892 2841 In
1921 2788 2172 2858 precibus
2198 2801 2411 2846 noctem
2447 2795 2668 2864 cupiens
2699 2797 2963 2856 deducere
2993 2811 3158 2857 totam
3186 2822 3200 2870 ;

1839 2878 1942 2934 Sel
1975 2890 2158 2936 custos
2183 2884 2364 2954 templi
2395 2886 2522 2940 dum
2552 2903 2704 2943 sacra
2738 2890 2925 2946 altaria
2955 2893 3166 2959 lustrat,

1838 2971 2158 3042 Pervigilem
2194 2974 2397 3030 invenit
2423 2977 2646 3046 psalmis
2677 2981 3036 3054 precibusque
3063 2987 3317 3042 beatum:

1841 3065 1987 3121 Felle
2019 3066 2182 3137 igitur
2207 3077 2382 3124 motus
2405 3071 2587 3126 mitem
2617 3073 2905 3131 violentius
2933 3094 3130 3149 urgens

1764 3179 1810 3242 ο
1841 3155 2088 3212 Czedibus
2120 3159 2346 3225 insanis,
2376 3162 2645 3229 patienter
2677 3175 2870 3222 cuncta
2900 3167 3166 3226 ferentem

1839 3247 2080 3318 Expulit,
2104 3257 2268 3318 atque
2298 3252 2471 3320 ipsum
2500 3256 2672 3324 portis
2701 3258 2882 3314 emisit
2910 3263 3130 3331 apertis.

1840 3338 1950 3395 Nec
1971 3340 2137 3395 valuit
2162 3344 2382 3398 turbare
2406 3345 2580 3400 virum
2606 3348 2885 3407 dulcedine
2919 3353 3136 3422 plenum

1837 3429 1922 3485 Ira
1956 3441 2168 3487 tumens
2197 3434 2451 3501 hominis,
2493 3437 2616 3493 tulit
2640 3440 2756 3496 haec
2785 3442 2912 3512 quia
2942 3453 3138 3500 cuncta
3165 3446 3415 3506 libenter.

1912 3547 1996 3602 M.
2036 3547 2242 3605 Interea
2271 3560 2394 3605 ante
2424 3551 2569 3610 fores
2597 3557 2777 3626 templi
2813 3559 3082 3616 residente
3114 3562 3282 3619 Beato

1840 3639 2033 3696 Mentis
2063 3643 2117 3696 in
2150 3657 2398 3712 excessu,
2425 3656 2480 3700 et
2508 3647 2701 3704 solium
2733 3659 3054 3720 penetrante
3085 3670 3416 3728 supernttm;

1837 3732 2051 3788 Janitor
2081 3735 2330 3792 aetherem
2360 3754 2484 3795 mox
2507 3739 2700 3797 Petrus
2729 3742 3019 3812 Apostolus
3049 3747 3186 3803 aulae

1839 3823 2002 3880 Veste
2027 3825 2244 3893 alacris,
2275 3829 2421 3884 vultu
2452 3831 2641 3896 dulcis,
2671 3848 2922 3892 sermone
2944 3839 3146 3906 suavis,

1837 3917 2139 3988 Apparens,
2165 3920 2373 3978 blandis
2398 3923 2602 3979 solatur
2625 3929 2848 3985 vocibus
2878 3930 3024 3985 illum
3048 3949 3062 3999 ;

1841 4009 2206 4082 Hortaturque
2237 4030 2392 4069 suum
2424 4018 2605 4073 verbis
2634 4019 2850 4088 pietatis
2879 4023 3135 4091 amicum,

1843 4101 1912 4159 Ut
1942 4104 2226 4174 repedaret
2254 4106 2380 4173 iter,
2407 4125 2516 4178 quo
2542 4123 2766 4168 venerat
2792 4115 2916 4171 inde
2944 4127 3243 4187 revertens,

1840 4192 2116 4251 Gallorum
2147 4207 2202 4253 et
2222 4200 2434 4270 populis
2460 4210 2676 4260 aeterna:
2701 4209 2908 4264 semina
2939 4211 3064 4267 vita

1840 4285 2046 4343 Divinis
2079 4299 2286 4346 sereret
2309 4292 2510 4360 verbis,
2539 4295 2868 4368 coleretque,
2900 4301 3120 4372 rigaret,

1838 4375 2250 4452 Conversosque
2281 4384 2420 4438 sacri
2454 4386 2793 4456 baptismatis
2822 4407 2982 4447 amne
3006 4395 3230 4452 lavaret.

1841 4470 2114 4538 Quatenus
2145 4475 2209 4529 ad
2240 4475 2526 4532 Dominum
2553 4483 2684 4535 tanti
2712 4487 2964 4540 mercede
2990 4487 3190 4543 laboris

1767 4534 1818 4598 θ
1842 4563 2090 4635 Frugifer
2115 4570 2399 4634 accedens,
2431 4572 2623 4626 messis
2652 4577 2915 4641 portando
2941 4577 3203 4648 maniplos

1842 4653 2092 4712 Sumeret
2121 4657 2339 4714 uberius
2368 4661 2608 4716 caelestis
2643 4665 2862 4731 praemia
2893 4667 3062 4737 regni.

1911 4781 1998 4835 15.
2039 4781 2272 4838 Sanctus
2307 4783 2615 4854 Apostolieo
2643 4788 2856 4842 tandem
2882 4805 3132 4848 sermone
3159 4795 3384 4865 potitus,

1838 4871 2104 4944 Insignem
2142 4874 2367 4930 Romam
2397 4878 2649 4946 praecelso
2681 4880 2914 4938 culmine
2943 4882 3209 4955 linquens,

1839 4963 2110 5032 Deseruit,
2139 4966 2429 5038 Gallosque
2458 4969 2591 5024 adiit
2621 4971 2889 5027 medicina
2914 4974 3166 5032 salubris.

1835 5056 1965 5124 Quae
1993 5074 2141 5130 spes,
2167 5075 2288 5126 oro,
2316 5059 2418 5114 fuit
2439 5061 2654 5118 diverso
2679 5063 2849 5119 limite
2877 5066 3091 5123 clausas

1833 5145 2034 5204 Gentes
2067 5159 2176 5204 tam
2204 5166 2372 5206 szevas
2398 5167 2564 5207 unum
2601 5153 2971 5212 indubitanter
2996 5156 3168 5224 adire,

1834 5243 2114 5314 Vaccejos,
2143 5245 2348 5312 Gallos,
2382 5247 2602 5304 Sclavos
2625 5258 2910 5319 penetrare
2935 5250 3186 5308 feroces?

1831 5336 1889 5392 In
1915 5346 2064 5392 tanta
2090 5337 2217 5393 fecit
2242 5339 2370 5409 quid
2401 5356 2575 5396 messe
2596 5343 2877 5410 operarius
2899 5360 3059 5409 unus,

1832 5428 2104 5500 Apparet;
2137 5433 2360 5507 veniens
2385 5433 2580 5486 etenim
2607 5448 2703 5502 per
2730 5433 2895 5487 multa
2927 5434 3169 5490 laborum

1831 5519 2184 5590 Argumenta,
2211 5523 2411 5575 malum
2446 5522 2585 5586 tulit,
2617 5524 2780 5592 impia
2810 5541 3034 5596 qumque
3057 5528 3336 5583 revellens.

1833 5613 1924 5670 Sic
1950 5615 2174 5684 populos
2199 5615 2538 5686 evangelicos
2568 5618 2772 5686 aptavit
2799 5619 2865 5673 ad
2895 5634 3046 5686 usus,

233 5757 255 5786 ι
293 5749 416 5807 Ilaec
459 5753 631 5809 fusius
671 5756 954 5825 explanata
996 5760 1048 5814 in
1078 5760 1192 5829 ejus
1226 5763 1365 5831 Vita,
1397 5767 1460 5820 17
1483 5769 1683 5828 Januar
1741 5791 1793 5832 c.
1823 5776 1856 5830 5

426 5850 696 5906 νηκοιη
745 5848 965 5912 CXXI.

2897 5867 2973 5926 30
