3954 6342
180 396 269 457 σει

177 520 359 579 Audiet
380 525 434 575 et
458 517 652 573 summi
678 528 864 572 vocem
889 512 1130 570 Pastoris
1153 513 1448 586 Amandus.

178 614 337 684 Euge,
359 624 513 666 serve
534 611 693 675 bone,
713 608 931 664 aeternis
951 607 1134 663 laetare
1154 607 1401 677 tropaeis;

179 708 241 763 Et
265 704 390 760 mihi
417 703 508 774 qui
526 702 808 773 quondam
836 701 1016 758 fueras
1040 701 1096 756 in
1124 712 1295 772 pauca
1325 698 1522 765 ﬁdelis,

177 797 336 854 Multa
361 808 523 865 super
548 801 781 850 statuam
804 802 878 862 te,
914 794 982 849 ad
1010 786 1200 866 gaudia
1226 798 1411 848 nostra
1441 790 1699 861 perintra.
1742 804 1747 815 ι

178 886 323 943 Tunc
348 885 441 940 tibi
465 898 595 940 caro
619 883 816 955 populo
839 882 951 940 Rex
980 883 1105 937 talia
1131 883 1273 938 dicet
1298 899 1313 936 τ

175 979 314 1036 Grex
335 976 634 1042 benedicta,
657 976 804 1041 veni,
828 970 1054 1047 regnum
1074 974 1187 1044 jam
1211 987 1366 1030 sume
1384 982 1655 1044 paratum,

177 1067 464 1137 Quaesitum
494 1066 667 1124 sacris
696 1062 903 1121 meritis
927 1066 997 1120 ab
1019 1060 1227 1137 origine
1248 1064 1456 1119 mundi.

174 1157 513 1215 Galliatanta
542 1157 617 1212 tui
645 1170 824 1212 sumes
850 1163 978 1212 tunc
1005 1170 1228 1211 munera
1254 1155 1437 1228 Regis,

174 1251 336 1307 Actus
368 1248 645 1320 magniﬁci
668 1249 716 1304 si
744 1263 888 1304 nunc
916 1248 1144 1304 imiteris
1163 1247 1393 1303 Amandi
1418 1262 1433 1313 ;

176 1340 273 1408 Qui
296 1339 479 1395 docuit
506 1339 862 1410 quodcunque
885 1354 984 1395 suo
1004 1340 1293 1411 complevit
1317 1348 1373 1395 et
1397 1347 1543 1407 actu,

176 1433 271 1502 Qui
292 1433 495 1505 jugiter
518 1444 732 1488 sacrum
756 1448 979 1489 servans
1000 1434 1216 1504 pietatis
1244 1447 1507 1499 amorem,

174 1525 239 1582 Et
263 1539 365 1595 qua
397 1525 593 1595 plenus
620 1533 739 1579 erat
762 1525 966 1580 vultum
994 1525 1237 1582 benitate
1265 1541 1544 1591 serenans,

174 1617 298 1673 Visu
322 1618 609 1688 prodebat,
640 1631 758 1686 quae
784 1618 1018 1687 pectoris
1045 1632 1170 1673 arca
1198 1627 1424 1674 teneret.

173 1710 395 1780 Subrius
415 1718 472 1764 et
493 1724 677 1776 sensu,
710 1710 975 1766 renitebat
1002 1716 1222 1782 pectore
1249 1722 1452 1777 castus,

171 1798 453 1871 Largaque
477 1801 802 1871 pauperibus
827 1801 1102 1871 prazbebat
1128 1803 1266 1858 dona
1296 1803 1598 1876 benignus:

172 1891 305 1947 Hinc
324 1892 636 1962 at'quebinc
657 1892 892 1948 medium
913 1894 1039 1949 dum
1060 1909 1118 1950 se
1134 1893 1435 1951 conformat
1455 1897 1520 1951 ad
1536 1909 1725 1951 omnes

172 1978 445 2036 Divitibus!
463 1980 631 2047 dives,
664 1992 868 2052 pauper
895 1983 1134 2039 sociatur
1161 1985 1382 2058 egenis;

172 2073 270 2142 Qui
292 2073 421 2144 vigil
447 2083 504 2130 et
524 2073 754 2145 vigilans
776 2074 964 2131 orandi
993 2076 1206 2132 deditus
1232 2078 1377 2132 omni

172 2160 459 2242 Tempore,
482 2183 680 2241 parcus
702 2179 821 2226 erat
845 2185 1116 2237 sermone,
1152 2170 1440 2241 animoque
1461 2173 1660 2227 suavis.

236 2310 291 2365 4.
330 2290 445 2380 ριιί
469 2310 697 2368 Sanctus
724 2311 1002 2381 hominum
1031 2310 1331 2367 dissolvens
1351 2310 1452 2365 rite
1476 2319 1713 2376 catenas,

171 2400 228 2459 Si
246 2417 457 2482 pueros
483 2403 691 2473 aliquos
714 2403 959 2474 captivos
987 2402 1129 2459 forte
1154 2402 1394 2470 videret,

168 2486 275 2549 Διιι
295 2509 456 2549 mare
479 2502 814 2550 transvectos
839 2494 1058 2551 venales
1087 2508 1311 2551 cernere
1335 2495 1533 2565 quiret,

171 2588 291 2645 Mox
314 2591 497 2671 pretio
525 2591 749 2661 cupidus
775 2590 1071 2651 redimebat
1099 2589 1353 2647 mercifer
1382 2590 1582 2659 amplo,

172 2679 493 2753 Vinctorum
523 2682 685 2753 duras
712 2697 969 2752 rumpens
991 2680 1297 2736 miserando
1321 2689 1559 2736 catenas.

171 2768 282 2829 Nec
306 2780 499 2845 tamen
522 2766 613 2829 hic
642 2772 820 2828 studio
843 2779 1130 2843 cmptoque
1148 2770 1333 2829 labore
1358 2773 1611 2838 carebat;

173 2860 280 2939 ﬁed
298 2881 542 2938 quorum
566 2866 761 2922 vinclis
784 2864 1028 2922 solvebat
1050 2881 1298 2937 corpora,
1322 2868 1534 2925 cunctis

170 2955 424 3041 Internas
448 2957 627 3013 cordis
650 2956 900 3015 tenebras
926 2956 1186 3014 radiando
1212 2957 1446 3028 fugabat,

170 3040 734 3120 Pellebatqueomnes
762 3064 919 3105 sacro
943 3049 1269 3120 baptismate
1297 3040 1523 3104 sordes.

170 3140 250 3198 Ac
276 3142 428 3197 vasis
456 3141 640 3197 nitidis
665 3149 909 3197 sanctum
934 3141 1265 3196 infundendo
1286 3139 1575 3210 liquorem,

172 3230 363 3308 Dulcia
392 3231 651 3303 rorigeris
681 3231 899 3286 indebat
934 3231 1091 3286 mella
1118 3230 1392 3294 canistris,

171 3320 515 3379 Perfundens
540 3332 697 3379 natos
722 3323 980 3380 doctrina:
1005 3322 1154 3378 fonte
1180 3322 1452 3391 novellos;

174 3405 397 3486 ﬂosque
427 3430 524 3485 per
551 3416 821 3472 Ecclesias
843 3416 1118 3487 linquebat
1142 3415 1376 3477 Sanctus
1403 3416 1626 3483 amicas,

173 3502 455 3560 Libertate
485 3496 664 3560 tamen
689 3508 956 3575 permissa
982 3522 1128 3562 more
1158 3507 1360 3561 salubri
1387 3524 1402 3573 ;

74 3660 77 3661 ν
174 3580 254 3651 Εἰ
282 3598 484 3668 quibus
512 3596 740 3652 eximias
763 3596 943 3667 plures
968 3607 1187 3651 tenuere
1216 3597 1507 3652 cathedras

170 3680 496 3754 Pontifices,
524 3697 818 3759 sanctoque
846 3690 990 3743 viros
1015 3698 1162 3754 actu,
1187 3704 1283 3743 ore
1304 3696 1585 3756 venustos,

168 3781 532 3849 Abbatesque
567 3778 737 3835 almos
762 3779 1063 3835 audivimus
1092 3779 1313 3834 auribus
1341 3788 1550 3835 auctos.

171 3872 335 3927 Talia
363 3870 506 3926 dona
530 3886 745 3927 omnem
769 3872 1055 3943 spargebat
1080 3870 1314 3927 Sanctus
1344 3871 1399 3926 in
1431 3873 1639 3926 orbem.

245 4006 303 4063 5.
336 4004 384 4063 Ο
412 4006 759 4062 memorande
770 4006 950 4073 Pater,
966 4021 1071 4077 qua
1094 4014 1144 4061 te
1163 4016 1307 4063 nunc
1326 4007 1483 4063 laude
1498 4002 1765 4064 celebrent

171 4096 679 4159 Nescio,tantarum
703 4096 907 4151 mirans
934 4096 1163 4169 insignia
1193 4110 1395 4152 rerum.

174 4178 433 4264 Largiris
455 4191 711 4261 pretium,
735 4200 1019 4262 captorum
1047 4191 1260 4246 vincula
1286 4190 1473 4258 solvis,

176 4283 263 4340 Ad
287 4282 605 4353 caelumque
635 4283 738 4338 hac
764 4290 882 4337 arte
917 4281 1054 4338 facis
1083 4282 1445 4338 conscendere
1477 4296 1711 4349 numos;

176 4373 249 4430 Et
272 4372 515 4444 pretium
537 4380 593 4429 et
613 4382 800 4445 captos
822 4374 998 4444 pretio
1023 4389 1185 4443 super
1210 4380 1359 4428 astra
1389 4373 1626 4443 reponis.

179 4468 252 4537 Et
276 4482 482 4523 vacuas
508 4480 745 4533 saccum,
776 4467 903 4522 dum
931 4466 1171 4537 comples
1197 4479 1421 4520 munere
1446 4465 1662 4531 caelum,

176 4559 254 4619 Et
279 4558 414 4629 quia
442 4565 714 4614 mercator
736 4556 938 4623 fueras,
969 4557 1128 4612 talem
1160 4571 1280 4612 esse
1309 4556 1551 4612 decebat.

179 4649 322 4710 Nam
350 4650 451 4721 tibi
471 4650 611 4706 dona
635 4650 739 4705 viri
768 4649 814 4706 si
844 4650 1064 4705 mittunt
1088 4648 1348 4720 religiosi,

179 4743 307 4815 Non
330 4742 541 4815 majora
570 4757 737 4814 paras
755 4740 1039 4797 servandis
1065 4741 1297 4797 claustra
1326 4739 1636 4805 crumenis;

180 4836 297 4894 Nec
325 4846 405 4903 te,
430 4843 616 4891 sancte
642 4835 823 4901 Pater,
853 4833 1025 4890 solum
1053 4833 1260 4890 servire
1284 4833 1531 4903 supernis

181 4928 481 5001 Obsequiis
509 4928 643 4985 satis
673 4935 775 4992 est,
807 4934 1102 4999 gentesque
1131 4924 1258 4980 hinc
1282 4924 1405 4979 inde
1429 4934 1647 4981 vocatas

182 5008 510 5095 Cbllegisse,
534 5034 692 5077 sacro
717 5019 942 5089 vivoque
964 5028 1022 5075 et
1040 5016 1190 5073 fonte
1220 5030 1488 5085 navasse;

184 5112 302 5171 Nec
328 5114 576 5183 speciosa
608 5120 756 5166 tuum
781 5109 893 5179 jam
921 5110 1149 5166 Francia
1178 5108 1416 5179 complet
1437 5122 1698 5171 amorem,

184 5205 436 5277 Angusta
462 5212 517 5257 et
548 5203 644 5259 tibi
675 5212 945 5258 terrarum
975 5203 1190 5258 venatio
1213 5201 1351 5257 facta
1373 5208 1478 5257 est.

261 5374 291 5403 ι
330 5349 394 5417 ιιι
418 5371 500 5417 est
523 5361 839 5418 Cantatores
866 5379 876 5414 :
905 5360 987 5417 sic
1012 5359 1281 5415 Ausonius
1302 5359 1355 5414 in
1376 5336 1779 5417 Professoribtts

188 5431 687 5501 Burdegalensibus
715 5448 884 5488 carm.
916 5431 1006 5496 l6,
1035 5431 1101 5486 ad
1130 5424 1485 5500 Nepotianum
1513 5449 1527 5485 :

349 5521 439 5585 Te;
450 5521 742 5574 fabulantem
766 5536 860 5572 non
884 5520 1088 5584 Ulysses
1111 5522 1378 5585 linqueret,

392 5620 397 5626 .
418 5583 580 5648 Liquit
598 5593 833 5636 canentes
850 5590 935 5649 qui
948 5583 1177 5635 ’melodas
1193 5583 1444 5649 Virgines,

192 5690 248 5746 id
274 5699 399 5760 est,
422 5690 642 5745 Sirenes
670 5692 1012 5747 cantatrices.
1042 5692 1118 5746 lta
1152 5690 1406 5747 Sidonius
1436 5689 1472 5745 1.
1499 5706 1571 5753 rx,
1609 5688 1771 5760 epist.

195 5761 264 5816 15
294 5781 310 5817 :
340 5759 565 5816 Melodis
593 5763 835 5817 insonare
860 5762 1115 5833 pulsibus.
1143 5761 1469 5817 Prudentius
1492 5759 1692 5832 hymno
1718 5759 1771 5817 9.

193 5830 618 5889 Cathemerinon
644 5852 655 5885 :

1264 392 1353 449 ne
1391 391 1548 448 vm
1587 362 1964 446 sTaua-xnt.
2001 418 2069 430 —
2104 384 2235 445 LIB.
2274 386 2339 444 ιι.

1758 508 1809 571 Α
1836 504 1973 575 Quin
2000 507 2185 580 pelago
2211 507 2398 563 allatos
2419 521 2483 562 ac
2505 512 2657 560 vasta
2683 517 2781 576 per
2807 512 3023 574 aequora
3046 508 3230 557 vectos

1773 1840 1826 1932 ﬁ

1786 3192 1835 3290 ὃ

3303 378 3410 434 952

1839 596 2077 668 Colligis,
2102 605 2156 652 et
2177 597 2335 667 pretii
2362 596 2584 666 cupidus
2608 608 2714 651 non
2738 592 2916 649 tardat
2938 605 3136 648 avarus

1841 688 1939 754 Te,
1965 687 2285 743 celebrande
2308 687 2487 752 Pater,
2519 700 2693 755 neque
2720 698 2879 739 carus
2902 682 3150 737 venditor
3175 678 3336 736 ullus.

1839 779 1932 835 llle
1961 779 2103 850 capit
2125 779 2286 850 Regis
2314 778 2581 848 signatam
2606 777 2822 831 nomine
2849 774 3156 844 dragmam;

1842 871 2128 944 Dragmam
2151 880 2313 941 tuque
2337 869 2522 935 refers,
2549 883 2708 939 quam
2730 865 2937 922 Christi
2970 866 3186 919 nomine
3208 862 3409 935 signes.

1840 962 2102 1018 Venditor
2129 960 2217 1016 ille
2243 976 2393 1015 suam
2418 961 2566 1016 lucra
2596 960 2661 1014 ad
2687 968 2902 1013 terrena
2928 964 3199 1028 reportat;

1841 1054 2064 1126 Emptor
2086 1063 2249 1125 tuque
2276 1061 2421 1108 tuam
2450 1053 2596 1109 lucra
2628 1053 2694 1108 ad
2723 1051 2960 1108 coelestia
2992 1064 3195 1106 servas.

1840 1145 1935 1200 Ille
1958 1160 2110 1201 suam
2140 1144 2335 1214 perdit,
2369 1143 2453 1199 vel
2479 1143 2675 1199 clausis
2701 1142 2849 1198 abdit
2874 1141 2929 1195 in
2957 1141 3119 1206 arcis,

1844 1239 2031 1309 Tuque
2061 1248 2205 1293 tuam
2231 1237 2365 1309 Regi
2392 1238 2610 1293 Christo
2636 1237 2900 1293 servando
2926 1251 3179 1291 coronam

1844 1330 2125 1403 Egregiam
2155 1329 2407 1397 fabricas,
2437 1330 2688 1400 celsoque
2720 1330 2773 1384 in
2802 1330 3003 1384 vertice
3028 1329 3204 1399 ponis.

1846 1422 2210 1494 Crudelesque
2234 1423 2389 1494 lupos
2416 1424 2573 1479 mites
2599 1424 2872 1480 convertis
2896 1424 2950 1478 in
2977 1440 3166 1494 agnos,

1844 1518 1903 1574 ιιι
1927 1517 2201 1588 caulisque
2219 1518 2375 1589 jubes
2399 1518 2571 1574 sacris
2596 1526 2775 1573 astare
2796 1530 2821 1559 ει
2856 1517 3113 1584 melodos,

1841 1608 2232 1680 Praedonesque
2259 1608 2427 1676 feros,
2456 1609 2652 1680 quibus
2678 1607 2806 1663 olim
2835 1608 2943 1663 vita
2973 1609 3174 1678 rapinae

1843 1701 1903 1756 In
1930 1701 2106 1757 studio
2135 1699 2328 1765 fuerat,
2364 1699 2546 1756 dulces
2573 1701 2690 1754 sine
2724 1697 2847 1754 felle
2874 1698 3151 1754 columbas

1810 1842 1819 1859 μ
1848 1791 2050 1860 Ειῐὶείε,
2077 1801 2142 1847 ιιι
2163 1791 2381 1863 propria
2406 1791 2713 1861 expendant
2740 1789 2830 1859 qui
2856 1789 3028 1845 aliena
3056 1790 3337 1846 vorabant.

2479 1956 2705 2014 CAPUT
2740 1959 2800 2014 Il.

1850 2108 1885 2148 δ
1921 2106 1978 2163 ὁ.
2005 2104 2228 2160 Amandi
2253 2104 2352 2158 iter
2380 2103 2466 2157 11.
2501 2100 2815 2155 Romanum.
2854 2098 2993 2155 Puer
3019 2118 3051 2154 a
3078 2099 3430 2154 submerstoac

2224 2174 2495 2229 liberatus.
2527 2172 2822 2243 Tempestas
2847 2172 3048 2227 sedata.

1923 2335 1975 2389 6.
2018 2333 2092 2388 Te
2126 2347 2298 2402 neque
2328 2339 2623 2402 praetereo,
2665 2330 2821 2393 urbs,
2867 2327 2958 2384 sed
2995 2328 3234 2382 carmine
3270 2327 3430 2382 visita

1851 2429 1898 2483 A
1926 2425 2308 2483 Centumcellis
2335 2424 2425 2481 tali
2449 2423 2765 2494 cognomine
2790 2423 2930 2477 dicta
2956 2438 2969 2486 ;
3212 2418 3428 2491 [nostro

1853 2517 1983 2586 Quae
2011 2516 2181 2586 pelagi
2211 2515 2369 2570 solita
2398 2530 2457 2568 es
2484 2513 2643 2567 discri
2671 2513 2794 2565 vina
2822 2527 2961 2580 saepe
2996 2510 3195 2575 levare,

1855 2607 1920 2663 Et
1946 2614 2136 2661 nautas
2161 2620 2401 2674 reparas,
2433 2613 2487 2658 et
2512 2602 2683 2657 lassos
2709 2601 2874 2672 erigis
2904 2609 3071 2654 artus.

1856 2701 1968 2758 Nec
1996 2710 2047 2756 te
2073 2700 2355 2771 prmtcriit,
2386 2700 2512 2754 dum
2545 2697 2775 2752 Sanctus
2807 2695 2874 2750 ab
2902 2695 3033 2749 urbe
3058 2696 3294 2751 secundo
3351 2692 3356 2697 ’

1857 2792 2164 2863 Digreditur
2190 2789 2383 2855 Roma,
2412 2789 2533 2844 navi
2561 2803 2875 2859 progressus
2901 2788 2967 2841 ab
2995 2785 3103 2849 illa,

1856 2886 1938 2942 Ad
1968 2894 2020 2941 te
2046 2885 2312 2956 pervenit,
2341 2882 2528 2939 solitos
2554 2880 2760 2934 laturus
2792 2894 3011 2950 agones,

1858 2977 2036 3049 Atque
2068 2977 2139 3032 ibi
2170 2991 2319 3031 more
2349 2990 2446 3030 suo
2478 2972 2714 3029 tenebris
2740 2987 2860 3025 cuin
2892 2970 3071 3035 noctis
3097 2982 3278 3039 opacae
3320 2966 3321 2969 “

1860 3051 2054 3127 Oraret
2083 3068 2260 3135 solus;
2292 3065 2430 3136 jam,
2461 3065 2640 3131 credo,
2671 3063 2909 3119 advertis
2934 3061 3054 3117 Iesu

1862 3159 2121 3231 Exemplo
2148 3158 2377 3214 similem
2406 3154 2663 3212 famulum
2693 3164 2935 3226 portasse
2963 3154 3222 3209 laborem.

1864 3252 1979 3307 Nox
2010 3249 2339 3306 horrorifera
2367 3258 2420 3304 et
2450 3258 2589 3303 terra
2619 3246 2843 3318 caligine
2872 3246 3041 3300 noctis

1865 3336 2085 3399 Tetrior
2112 3339 2348 3405 advenit,
2380 3338 2591 3394 Domini
2622 3337 2828 3409 fulgore
2856 3337 3131 3392 lucernam

1866 3435 2245 3506 Splendentem
2274 3430 2421 3487 fumo
2447 3431 2669 3501 cupiens
2698 3428 2910 3485 fuscare
2937 3430 3143 3484 nocivo.

1865 3528 1931 3583 Et
1957 3542 2262 3598 quanquam
2291 3523 2448 3579 solita
2477 3539 2690 3592 semper
2714 3522 2926 3577 feritate
2954 3522 3194 3588 rebellat,

1868 3619 1936 3673 Et
1959 3615 2143 3688 cupiat
2171 3615 2349 3670 radios
2378 3627 2632 3683 reparare
2661 3612 2918 3667 scelestus
2950 3612 3190 3681 iniquos;

1868 3710 2019 3766 Tunc
2052 3719 2227 3764 tamen
2257 3705 2531 3778 egregium
2558 3721 2661 3760 non
2693 3720 2854 3759 ausus
2887 3713 3104 3774 tangere
3134 3705 3438 3761 Amandum

3244 3795 3368 3870 [est.

1868 3876 2030 3951 Forte
2057 3907 2263 3948 memor
2289 3890 2484 3955 fuerat,
2515 3888 2655 3959 quod
2681 3888 2948 3960 quondam
2979 3886 3186 3943 miserit
3214 3888 3442 3960 hydrnn.

1870 3987 1951 4041 Ad
1980 3998 2225 4058 puerum,
2252 3983 2521 4053 celerique
2548 3981 2670 4053 fuga
2699 3980 3037 4050 conspexerit
3062 3979 3209 4034 illum

1870 4078 2102 4150 Aligeris
2127 4074 2353 4147 pedibus
2381 4074 2666 4130 tremulum
2701 4073 2959 4145 repedare
2987 4081 3320 4140 retrorsum;

1871 4171 2006 4228 Cum
2030 4169 2214 4240 digitis
2238 4168 2469 4240 geminis
2502 4167 2743 4222 traheret
2766 4182 2861 4222 ceu
2885 4167 3088 4238 spicula
3120 4165 3349 4223 Sanctus

1873 4263 2097 4334 Signum
2128 4262 2266 4317 forte
2296 4260 2473 4316 crucis
2498 4260 2706 4315 cunctis
2733 4258 3059 4330 penetrabile
3089 4260 3279 4313 muris.

1873 4358 2016 4426 Ergo
2040 4371 2207 4410 unum
2233 4370 2301 4410 ex
2330 4352 2548 4408 famulis
2577 4351 2898 4407 temerarius
2936 4352 3126 4421 arripit
3153 4352 3344 4416 hostis,

1875 4449 1942 4503 Et
1974 4448 2138 4503 trahit
2169 4447 2234 4501 ad
2263 4445 2503 4516 pelagus,
2529 4445 2725 4514 quaeris
2751 4443 2894 4498 cur?
2932 4451 3139 4514 mergat
3169 4450 3228 4496 ut
3257 4442 3405 4497 illum
3434 4460 3449 4507 ;

1875 4541 1961 4613 Ac.
1978 4540 2135 4610 lupus
2161 4546 2221 4591 ιιι
2249 4552 2423 4592 saevus
2451 4536 2606 4590 niveo
2639 4551 2760 4590 cum
2784 4534 2850 4588 de
2878 4548 3041 4605 grege
3071 4539 3279 4602 raptam

1880 4633 2200 4704 Lanigeram
2226 4629 2484 4700 pecudem
2514 4627 2679 4681 trahit
2704 4635 2821 4679 atra
2851 4624 3004 4679 fauce
3032 4624 3344 4688 vorandum,

1878 4725 1996 4780 Non
2020 4739 2177 4778 secus
2210 4722 2296 4776 hic
2326 4728 2508 4789 raptor
2533 4718 2658 4771 dum
2686 4715 2867 4789 praede
2898 4716 3115 4771 arderet
3142 4731 3347 4780 amore,

1877 4817 2069 4872 Ferret
2097 4823 2151 4870 et
2175 4822 2447 4883 arreptam
2476 4825 2616 4865 saeve
2646 4809 2713 4864 ad
2743 4807 3052 4864 discrimina
3086 4807 3308 4873 mortis;
3374 4818 3380 4824 '

1876 4909 1970 4965 Ille
2002 4907 2162 4963 dabat
2188 4919 2322 4974 puer
2350 4904 2451 4958 hac
2488 4902 2771 4971 repetitam
2800 4915 2927 4955 voce
2955 4899 3223 4968 loquelam
3251 4917 3265 4952 :

1879 5000 2110 5063 Christe,
2137 4997 2265 5067 juva
2299 5011 2385 5051 me
2410 5013 2424 5061 ;
2455 4994 2692 5058 Christe,
2720 4994 2868 5064 juva.
2898 4991 3016 5045 Mox
3039 4990 3125 5043 illc
3146 4997 3451 5060 protervus,

1879 5092 2067 5160 Qualis
2086 5088 2379 5146 Christus?
2419 5088 2517 5151 ait,
2542 5100 2642 5140 nec
2663 5086 2888 5139 verbum
2922 5082 3143 5137 reddere
3164 5082 3340 5139 victus

1874 5184 2126 5241 Audebat
2146 5180 2393 5252 juvenis;
2427 5179 2599 5234 donec
2622 5176 2851 5232 bellator
2874 5175 3168 5239 Amandus,

2161 5337 2232 5387 Da
2256 5346 2379 5396 puer
2403 5332 2657 5396 plectrum,
2680 5330 2876 5380 choreis

2264 5393 2282 5447 ἰ
2305 5393 2468 5447 canam
2493 5393 2743 5459 lidelibus__

2157 5460 2312 5510 Dulce
2336 5468 2533 5506 carmen
2559 5461 2611 5505 et
2633 5453 2895 5513 nrelbdum,

2222 5523 2368 5573 Gesta
2392 5519 2565 5570 Christi
2590 5517 2795 5581 insigne.

1955 5682 1983 5721 δ
2018 5680 2123 5734 lter
2149 5676 2450 5731 Romanum
2482 5687 2586 5727 non
2614 5668 2868 5740 explicat,
2902 5664 2997 5721 sed
3025 5678 3145 5734 qua:
3188 5661 3242 5716 in
3280 5656 3460 5717 reditu

1884 5753 2020 5810 mira
2054 5750 2414 5819 contigerunt.
3272 5800 3301 5833 11
