3954 6342
577 365 682 422 945
1697 351 1971 410 MILONIS
2007 347 2310 408 MONACHI
2348 347 2407 404 S.
2442 343 2706 403 AMANDI
3651 346 3724 404 ωδ

579 482 660 540 Se.
679 485 964 553 prasente,
989 475 1103 531 fera
1126 489 1230 530 non
1254 487 1445 544 passus
1467 468 1620 526 Ῑειυοθ
1647 467 1850 532 vorari:
2176 468 2230 528 Α
2251 480 2530 552 Apparens
2555 479 2720 549 piscis
2741 484 3026 533 nautarum
3054 477 3256 532 visibus
3281 477 3458 547 ingens

581 570 912 642 ωεοίβυωῐη
943 565 1220 637 ρςιιεεςῖειυθ
1250 562 1409 618 undis
1435 559 1766 629 ευιδπιενεῑθν
1793 557 1951 623 θυῖεν
2255 571 2515 628 Laetitiam
2538 571 2766 642 stupidis
2799 570 2993 625 infudit
3016 571 3287 626 mentibus
3316 570 3545 640 amplam,

584 662 820 731 Corripit
846 673 1015 722 arma,
1044 656 1188 727 capit
1215 655 1546 724 pharetram,
1570 649 1849 718 iactatque
1877 645 2125 718 sagittam

2254 664 2480 719 Retibus
2503 671 2558 718 et
2575 663 2736 734 jactis
2760 661 2979 717 fluidam
3007 677 3196 733 cepere
3219 664 3472 733 rapinam.

585 751 892 808 δεινίῦεδω
920 761 1110 819 Puero,
1139 745 1356 800 satana?
1384 743 1478 798 58d
1508 742 1612 796 Υίιθ
1641 738 1874 810 Superbo
2254 754 2387 825 Quis
2417 757 2602 827 piscis,
2633 753 2795 811 Pater
2823 754 2980 820 alme,
3012 763 3132 812 tuos
3164 769 3270 811 non
3292 755 3394 811 iret
3415 755 3477 810 ad
3501 758 3639 815 usust

582 843 922 907 Vulnificam,
948 840 1124 894 victor
1147 837 1201 892 vi
1232 837 1453 891 vincens
1483 835 1709 889 verbere
1736 829 1886 885 verbi
1923 845 1938 883 :
2254 846 2439 905 cuiius
2467 849 2604 904 fune
2626 849 2774 920 iii-iui.
2798 848 3036 920 gaudens
3065 856 3406 919 procurreret
3434 849 3586 905 omnis

576 933 680 989 Fili
708 932 801 1003 qui
831 928 1090 993 traheris,
1119 927 1206 982 dic
1232 925 1396 991 hosti,
1425 923 1561 978 dixit
1585 921 1860 977 Amandus
1884 935 1900 986 ;
2255 939 2585 1010 Obsequium
2613 940 2878 1012 umbem,
2904 955 3061 996 suum
3084 939 3130 996 si
3158 939 3400 995 credere;
3420 948 3595 1009 auium.

576 1026 747 1081 Filius
776 1023 891 1094 ipse
917 1021 1009 1076 Dei
1035 1027 1119 1074 θεῖ
1143 1018 1252 1073 VM
1278 1016 1525 1073 Chrisu‘s
1547 1012 1856 1068 θτυθίίίιυθο
2255 1032 2408 1088 Felix
2437 1032 2525 1086 ille
2549 1031 2718 1096 foret;
2751 1031 2979 1086 maculis
3001 1030 3285 1086 conclusus
3319 1030 3370 1084 in
3397 1029 3583 1100 amplis,

577 1119 747 1186 Quem
775 1114 1010 1170 sonitum
1038 1126 1247 1166 summo
1273 1107 1521 1164 extimuit
1545 1105 1771 1158 horrore
1799 1114 2093 1172 pavescens
2255 1121 2464 1178 Gauda
2495 1130 2681 1185 nauta,
2704 1133 2871 1175 vui.“
2900 1118 3002 1174 sibi
3026 1119 3097 1173 si;
3119 1117 3262 1188 quod
3282 1117 3452 1188 um,
3476 1124 3666 1186 ,ψει-ιε,

576 1209 760 1266 Hostis
785 1207 952 1270 iners,
983 1219 1082 1259 nec
1118 1210 1263 1258 stare
1289 1201 1407 1255 loco
1434 1194 1776 1268 praesumpsit
1804 1194 1857 1248 in
1889 1191 2008 1257 illo;
2258 1211 2606 1280 Exsuimuue
2637 1218 2783 1264 tuum
2807 1209 2971 1280 μεθείς
2991 1210 3120 1280 quia
3142 1207 3291 1263 uouit
3315 1207 3365 1261 iu
3390 1221 3568 1262 escam

575 1300 687 1358 Sed
719 1314 888 1370 vagus
913 1298 967 1350 in
996 1309 1196 1349 vacuas
1227 1291 1436 1362 fugiens
1465 1290 1682 1344 evanuit
1713 1303 1893 1342 auras.
2257 1303 2532 1360 [detumui-
2557 1304 2713 1369 rumi,
2744 1301 3014 1372 demum“
3041 1301 3233 1371 gaudia
3261 1307 3402 1363 rem;

575 1394 645 1450 Et
673 1391 852 1464 praeda
880 1388 1184 1452 incolumis,
1207 1385 1363 1457 pulso
1390 1383 1578 1454 procul
1601 1384 1776 1447 hoste,
1804 1378 2081 1435 remansit.
2258 1392 2446 1448 Nullus
2472 1408 2579 1448 uuu
2609 1393 2810 1458 alacer,
2837 1393 2965 1463 quia
2987 1390 3165 1447 “unus
3192 1398 3348 1461 ρει-ιε
3375 1389 3587 1445 (χιι-ειμι,

574 1482 806 1554 Belliger
833 1478 1060 1551 insignis
1088 1478 1168 1533 sic
1194 1476 1426 1532 Sanctus
1449 1475 1502 1529 in
1525 1474 1657 1529 orbe
1682 1470 1999 1541 triumphat.

2258 1483 2480 1539 Lividus
2506 1494 2592 1539 ast
2623 1483 2793 1538 hostis
2821 1498 2928 1537 non
2950 1497 3141 1552 passus
3167 1491 3228 1536 ut
3257 1480 3344 1535 illa
3374 1488 3618 1534 manerent

2257 1575 2482 1631 Laetitiae
2508 1575 2595 1645 pia
2622 1583 2746 1629 vota
2774 1575 2936 1640 viris,
2968 1573 3187 1629 turbare
3209 1572 3426 1628 tridenti

2255 1665 2579 1737 Aggreditur
2599 1664 2839 1735 pelagus,
2868 1663 3140 1734 fundoque
3170 1663 3395 1720 revolvit
3414 1663 3476 1718 ab
3501 1663 3592 1717 irno

2259 1756 2573 1826 Tempestas
2599 1756 2814 1825 inopina
2838 1756 2963 1821 ruit,
2989 1770 3324 1828 magnusque
3356 1754 3586 1810 tumultus

2254 1847 2482 1916 Ingruit,
2507 1857 2797 1918 assurgunt
2822 1848 3001 1914 undae,
3031 1848 3379 1918 quatiturque
3404 1847 3600 1911 carina;

2251 1939 2426 1994 Nauta
2450 1940 2598 1994 volat
2621 1954 2858 2005 sursum,
2886 1938 3048 1995 fluctu
3070 1949 3320 2010 portatur
3351 1939 3416 1994 ad
3441 1947 3588 2005 astra,

2249 2028 2378 2084 Inde
2403 2028 2666 2100 profunda
2689 2031 2843 2100 petit,
2873 2031 3189 2100 bibulasque
3218 2030 3447 2086 resulcat
3467 2043 3641 2086 arenas.

2250 2121 2457 2178 Gaudia
2488 2123 2707 2178 tristitia
2738 2131 2972 2190 mutant,
2999 2123 3229 2195 laetoque
3262 2123 3530 2194 propinqui

2250 2211 2443 2271 Omnia
2471 2215 2810 2286 dispergunt,
2829 2214 3040 2284 jactant
3060 2215 3378 2284 amplustria
3402 2216 3558 2281 navis,

2251 2308 2488 2378 Corpora
2510 2307 2755 2362 nituntur
2781 2306 2972 2363 saltem
3001 2303 3304 2362 subducere
3325 2307 3497 2362 morti.

2253 2399 2540 2460 Servatum
2571 2397 2774 2470 Sancto
2801 2397 2896 2454 sed
2924 2399 3026 2455 hoc
3048 2414 3150 2470 pro
3183 2413 3409 2456 munere
3435 2400 3604 2454 donum
3622 2411 3695 2463 est,

2251 2491 2399 2547 Illius
2428 2501 2488 2546 ut
2512 2492 2684 2546 virtus
2710 2492 3071 2561 meritumque
3095 2493 3388 2548 nitesceret
3410 2491 3636 2563 amplum;

2250 2582 2321 2637 Et
2341 2597 2648 2652 quanquam
2673 2581 2863 2638 validis
2896 2583 3183 2638 turbentur
3206 2583 3438 2638 motibus
3468 2596 3642 2646 omnes,

2249 2674 2330 2730 Ac
2350 2686 2376 2714 ι
2400 2681 2615 2743 proreta
2645 2674 2756 2728 suis
2779 2682 2834 2728 et
2859 2689 3072 2745 quassas
3101 2675 3414 2745 impendere
3440 2674 3616 2745 cymba:

2252 2764 2522 2822 Auxilium
2545 2773 2776 2834 nequeat
2799 2781 2814 2831 ;
2836 2778 2961 2821 non
2988 2766 3224 2835 perdunt
3247 2765 3479 2822 funditus
3499 2778 3631 2821 omne

2251 2856 2579 2924 Consilium,
2609 2855 2867 2912 Sanctum
2899 2856 2994 2912 sed
3018 2857 3163 2912 enim
3193 2857 3490 2912 celerauter
3511 2851 3735 2910 Amandum

2252 2948 2546 3006 Unanimes
2580 2950 2799 3016 adeunt,
2825 2958 2881 3005 et
2899 2963 3057 3021 opem
3084 2949 3188 3005 sibi
3217 2949 3362 3006 ferre
3388 2957 3658 3020 precantur;

2250 3041 2475 3099 Famine
2502 3042 2593 3113 qui
2619 3041 2758 3098 dulci
2786 3035 3007 3114 pavidos
3036 3043 3284 3098 animare
3312 3051 3486 3098 suetus

2179 3165 2229 3231 α
2257 3132 2474 3191 Solatur
2500 3144 2712 3200 nautas,
2747 3134 3066 3203 promittens
3089 3133 3473 3204 experiendum

2255 3228 2586 3284 Clementem
2616 3227 2923 3294 Dominum,
2954 3227 3264 3299 pellendum
3288 3242 3418 3298 pace
3440 3223 3667 3298 periclum.

2257 3321 2466 3376 Lassati
2497 3320 2713 3375 tandem
2731 3334 2921 3375 somno
2946 3327 3271 3374 sternuntur
3298 3317 3471 3374 inerti.

2255 3411 2374 3482 Ipse
2392 3410 2554 3466 etiam
2575 3409 2754 3480 justus
2777 3409 3021 3466 residens
3053 3410 3108 3464 in
3136 3425 3315 3480 puppe
3337 3408 3562 3479 quiescit.

2325 3522 2380 3579 9.
2419 3521 2499 3581 Ne
2527 3531 2727 3588 tamen,
2751 3521 3028 3577 immensis
3051 3521 3368 3578 submersus
3391 3521 3441 3575 in
3464 3515 3653 3589 :equoris
3672 3527 3737 3566 un-

2258 3703 2417 3760 Forte
2445 3704 2620 3759 minor
2650 3703 2876 3771 meritis,
2905 3705 3209 3774 charusque
3231 3703 3422 3759 lateret
3447 3701 3494 3756 in
3518 3604 3671 3759 astrisE

2258 3793 2494 3866 Iuclytus
2517 3795 2766 3849 aethereus
2789 3810 2914 3850 mox
2940 3794 3132 3849 Petrus
3161 3793 3399 3865 claviger
3418 3791 3540 3847 aulae

2261 3885 2330 3942 Se
2357 3888 2473 3942 sine
2503 3901 2606 3940 non
2636 3893 2826 3956 passus
2848 3885 3040 3942 fluctus
3069 3888 3342 3956 portarier
3364 3884 3496 3950 illos,

2258 3978 2317 4035 lu
2343 3977 2503 4048 puppi
2524 3981 2782 4032 recubum
2805 3977 3045 4034 fraterna
3071 3993 3204 4034 voce
3241 3979 3478 4036 salutans

646 1621 701 1674 7.
730 1618 914 1674 Hostis
943 1617 1110 1681 iners,
1144 1613 1442 1678 maledicte,
1472 1611 1645 1676 ferox,
1676 1606 1928 1672 crudelis,
1947 1604 2150 1676 inique,

574 1711 739 1782 Cujus
767 1724 912 1765 nunc
939 1723 1134 1763 nomen
1159 1705 1315 1762 solita
1343 1704 1558 1758 feritate
1588 1699 1856 1756 rebellans

574 1804 837 1874 Despicis,
865 1803 911 1857 is
929 1801 1200 1871 quondam
1231 1798 1424 1854 tulerat
1452 1797 1567 1862 tibi,
1597 1809 1736 1850 saeve
1761 1803 2008 1864 tyranne,

572 1897 864 1968 Imperium
895 1893 1099 1957 mundi,
1130 1892 1272 1962 quod
1301 1900 1514 1961 captum
1551 1887 1739 1942 fraude
1764 1886 2006 1940 tenebas.

573 1986 685 2042 Nec
710 1987 860 2041 locus
889 1992 971 2040 est
999 1982 1157 2047 coelo,
1190 1981 1398 2035 tibimet
1427 1993 1637 2049 quoque
1667 1986 1807 2030 terra
1840 1981 2092 2044 negatur;

575 2078 802 2134 Tartara
836 2076 950 2131 sola
979 2081 1182 2144 patent,
1220 2071 1442 2125 intranti
1469 2069 1653 2122 lin'iina
1682 2074 1867 2136 aperta

575 2167 707 2235 Qum
736 2166 970 2229 fuerant,
1000 2178 1142 2217 nunc
1172 2162 1354 2216 clausa
1384 2167 1603 2214 manent
1627 2158 1776 2212 exire
1801 2154 2020 2211 volenti.

575 2261 694 2329 Quo
723 2270 776 2314 tu
805 2255 1152 2312 flammivomi
1179 2255 1295 2330 sine
1323 2253 1428 2306 line
1449 2254 1642 2306 ardore
1670 2249 1868 2305 camini

574 2350 811 2408 Horrore
838 2351 890 2404 in
917 2349 1069 2418 piceo
1091 2345 1283 2400 vinclis
1313 2346 1564 2416 religatus
1586 2343 1796 2398 acerbis
1950 2407 1967 2422 .

576 2444 782 2509 Ureris,
818 2459 899 2497 va:
937 2455 1124 2510 vasque
1147 2454 1365 2511 gemens
1393 2438 1652 2508 plorando
1674 2436 1908 2492 sonabis.

574 2538 642 2594 Et
669 2537 714 2592 si
740 2552 880 2590 nunc
911 2533 1121 2602 aliquos
1151 2532 1404 2601 deceptor
1433 2529 1658 2584 callidus
1687 2542 1873 2598 auges,

573 2629 976 2697 Consociasque
1004 2624 1131 2679 ferae
1163 2623 1443 2678 torreudos
1473 2621 1684 2692 ignibus
1711 2618 1849 2683 ollae,

573 2723 717 2793 Quot
742 2723 942 2777 crescis
977 2718 1162 2783 lucris,
1193 2725 1371 2771 tantas
1399 2715 1499 2770 sibi
1526 2727 1772 2769 crescere
1802 2724 1990 2782 poenas

576 2817 750 2881 Scito,
773 2815 868 2870 tibi
901 2813 1018 2885 plus
1041 2813 1220 2878 noxie,
1250 2821 1331 2867 ter
1360 2809 1642 2866 maledicte
1665 2817 1901 2864 vorator.

573 2909 666 2964 Ille
689 2909 837 2962 locus
866 2908 960 2961 tibi
990 2907 1309 2977 condignus,
1340 2911 1465 2960 sunt
1489 2901 1710 2974 praemia
1736 2900 1894 2972 digna
1921 2899 2058 2954 haec.

574 2998 701 3054 Haec
731 2997 831 3052 sibi
862 3012 1025 3066 regna
1055 3003 1264 3065 parant,
1303 2995 1394 3065 qui
1418 3010 1524 3048 non
1551 2993 1644 3047 tibi
1671 2991 1884 3049 fortiter
1911 2992 2147 3047 obstant.

574 3091 644 3146 Et
671 3104 976 3160 quanquam
997 3087 1211 3159 iugibus
1242 3099 1416 3142 tecum
1444 3087 1772 3143 contendere
1792 3085 1946 3141 bellis

577 3183 800 3239 Debitor
833 3184 1048 3246 existat,
1079 3183 1170 3251 qui
1201 3182 1396 3237 coelum
1427 3182 1684 3236 scandere
1710 3187 1900 3246 curat;

578 3277 658 3333 Ne
689 3284 868 3331 tamen
901 3277 1002 3330 hoc
1028 3284 1212 3330 nostro
1237 3274 1540 3329 inlaudatus
1562 3273 1803 3328 carmine
1824 3271 2020 3336 abires,

578 3369 885 3438 Coudignas
927 3368 1136 3423 tibimet
1162 3366 1400 3436 prompsi
1454 3365 1688 3421 carbone
1723 3378 2015 3420 cammnas.

577 3463 645 3518 Et
680 3463 874 3517 merito
906 3478 919 3514 :
950 3461 1073 3532 quia
1105 3461 1271 3515 carbo
1301 3475 1486 3514 manes
1502 3474 1597 3529 per
1626 3456 1781 3512 saecla
1810 3463 2081 3526 perustus.

577 3552 782 3622 Effuge,
815 3568 977 3624 regna
1009 3559 1196 3621 parata
1221 3559 1414 3620 petens
1442 3551 1508 3606 ab
1532 3549 1739 3619 origiue
1770 3545 1976 3601 mundi.

579 3645 850 3701 Hactenus
881 3659 1028 3712 ergo,
1058 3643 1235 3706 Pater,
1269 3640 1541 3697 communi
1567 3639 1890 3709 ingessimus
1910 3635 2050 3691 hosti
2147 3701 2150 3704 ἢ

577 3735 806 3799 Probra,
831 3734 1030 3804 alapas,
1065 3736 1226 3800 risus,
1251 3734 1384 3799 iras,
1415 3733 1717 3798 maledicta,
1751 3730 2062 3790 cachinnos,

578 3824 660 3880 Ac
689 3833 866 3896 sputa,
898 3841 1003 3880 non
1026 3841 1213 3879 versus
1234 3824 1496 3879 dedimus.
1531 3823 1684 3877 Nunc
1711 3837 2017 3892 quaesumus
2039 3835 2158 3876 om-

579 3917 652 3974 Ut
674 3909 944 3987 quondam
973 3918 1122 3988 pueri
1155 3927 1444 3987 protector,
1483 3916 1679 3985 ubique
1709 3923 1921 3970 tuorum
2014 3912 2166 3986 [ηραν

582 4006 873 4061 Servorum
899 4006 977 4060 sic
1007 4007 1080 4061 sis
1108 4022 1321 4075 semper
1348 4005 1573 4060 salvalio
1602 4005 1836 4060 salvans.

579 4098 774 4152 Pastor
797 4107 997 4157 uoster,
1030 4097 1179 4162 ades,
1206 4113 1335 4168 grex
1369 4097 1748 4152 devotissimus
1782 4099 1885 4153 iste
1911 4103 2012 4161 est,
2259 4067 2446 4168 faui"
2478 4069 2531 4168 ίξι
2561 4071 2978 4168 ωμ¹¹ιῗξμθθ⁰υτξθμτ
2997 4071 3121 4128 inde
3147 4072 3355 4168 Ρθτίοίο

577 4189 827 4259 proiege’
854 4187 932 4242 rei.
953 4160 1173 4252 curam"
1191 4160 1419 4252 ἀπειθῶ,
1451 4187 1632 4258 dilige,
1660 4202 1817 4241 serva
1999 4160 2002 4161 ⁷
2260 4160 2552 4234 Naufragio
2577 4163 2740 4218 simili
2767 4165 2910 4234 quod
2933 4165 3130 4236 jactus,
3161 4165 3242 4220 ita
3267 4180 3420 4221 orsus
3443 4162 3622 4218 amico:

580 4280 688 4336 Nos
714 4281 781 4336 de
803 4279 964 4336 dente
994 4279 1125 4351 lupi,
1159 4279 1320 4350 prisci
1350 4280 1416 4333 de
1443 4278 1596 4332 fauce
1627 4277 1900 4350 chelydri;
2261 4258 2453 4314 Fra'e'
2482 4259 2747 4327 Ama“de
2782 4270 2872 4316 ιυο
2899 4260 3032 4332 Βθεῑ
3065 4276 3165 4331 Per
3189 4260 3385 4317 5330013
3413 4259 3579 4321 οδπθν

580 4375 666 4435 Et,
697 4375 902 4468 quimte
925 4373 1120 4429 fretum
1152 4372 1364 4429 Domini
1391 4373 1588 4426 virtute
1614 4371 1854 4442 nequivit

2261 4351 2338 4406 Ne
2368 4352 2577 4417 timeas,
2605 4352 2731 4422 quia
2761 4363 2915 4423 turpe
2943 4354 3036 4409 tibi
3064 4361 3147 4409 est
3176 4354 3418 4409 timuisse
3445 4353 3624 4406 timore.

2263 4442 2396 4468 Νη...
2452 4459 2751 4468 .-.-....----...
2789 4447 2972 4468 .----ε,ιε
3005 4447 3259 4468 .-n--_.-__
3287 4465 3303 4468 ,μ
3329 4449 3345 4468 1
3378 4447 3550 4468 μιμημ.
3574 4441 3624 4468 Δ..

577 4441 843 4531 Vincere:
867 4475 1088 4529 terrere,
1122 4473 1482 4536 prosternere,
1512 4463 1735 4527 habere,
1767 4476 1988 4526 vorare;
2263 4442 2417 4536 Nam,
2449 4459 2754 4516 quanquam
2789 4447 2975 4500 [umidi
3005 4447 3260 4502 ῑοηίυιιυτ
3281 4449 3346 4501 ad
3375 4447 3552 4502 mulera
3574 4441 3727 4536 θ¹¹ξ¹ξ¹⁸ν

579 4559 759 4630 Eripe,
786 4559 995 4625 Pastor,
1028 4575 1179 4624 oves,
1209 4573 1345 4629 quas
1369 4557 1421 4611 iu
1451 4572 1690 4626 prarsepe
1715 4555 1947 4611 verendo

2265 4535 2382 4592 Non
2410 4544 2462 4591 te
2489 4538 2853 4610 submergent,
2879 4553 2983 4594 nec
3012 4554 3172 4605 nunc,
3204 4540 3337 4594 mihi
3364 4538 3526 4601 crede,
3548 4529 3699 4605 peribis

579 4627 764 4708 Pas—cis
793 4653 860 4708 ab
889 4652 1118 4718 insidiis,
1147 4627 1242 4722 qui
1265 4649 1448 4706 caulas
1475 4649 1672 4705 circuit
1701 4649 1853 4714 istas,

2265 4627 2346 4682 Tu
2370 4643 2542 4698 neque
2565 4637 2728 4685 nauta
2754 4638 2897 4697 tuus,
2925 4631 3016 4702 qui
3043 4647 3284 4702 praesens
3311 4630 3516 4699 navigat
3536 4635 3692 4694 atquc!-

579 4743 658 4798 Ne
684 4744 953 4813 quondam
984 4759 1081 4812 per
1104 4711 1363 4798 'te-victor
1391 4742 1627 4796 viucaris
1655 4741 1722 4794 ab
1753 4711 1846 4794 illo
2265 4720 2518 4813 Ρθξιθΐθν
2548 4721 2643 4776 θεά
2671 4722 2944 4793 ίιυοηάεηι
2969 4739 3089 4795 ηυδε
3111 4739 3199 4778 me
3226 4738 3295 4780 ne
3315 4733 3567 4794 merser“
3581 4711 3710 4774 "Mi"

579 4836 636 4891 ιη
668 4811 842 4902 nobis,
875 4836 920 4889 si
945 4811 1040 4889 nos
1072 4833 1313 4888 imbelles
1345 4833 1564 4887 devoret
1588 4832 1780 4886 hostis.
2266 4811 2493 4882 Eripuit,
2517 4821 2570 4868 te
2593 4829 2738 4868 nunc
2760 4814 2866 4869 isto
2894 4814 3206 4870 discrimine
3231 4814 3416 4870 salvat.

2266 4905 2389 4960 Mox
2417 4919 2630 4976 quoque
2657 4915 2849 4962 ventus
2874 4907 3006 4974 abit,
3037 4916 3327 4977 tempestas
3351 4904 3548 4977 pellitur
3570 4893 3720 4955 omnis;

2264 4997 2623 5068 Placaturque
2647 4997 2817 5054 salum
2843 4999 2950 5055 cito
2979 5000 3140 5055 missa
3163 5015 3298 5069 pace
3319 5013 3415 5069 per
3437 5006 3610 5064 aequor.

2265 5087 2518 5159 Lzetaque
2545 5096 2671 5145 tunc
2699 5089 2947 5155 redeunt,
2979 5106 3100 5144 cum
3131 5105 3237 5144 nox
3264 5089 3531 5143 tenebrosa
3557 5073 3718 5136 recedit.

2263 5180 2563 5236 Incolumes
2585 5181 2720 5236 udas
2749 5191 2924 5235 nauta:
2951 5181 3250 5236 celerauter
3275 5193 3462 5235 arenas
3485 5184 3488 5190 '

2263 5270 2590 5341 lmpressere
2617 5271 2730 5325 suis
2759 5269 2982 5341 plantis.
3034 5269 3284 5326 Celeuma
3313 5275 3562 5327 canentes,

2265 5361 2410 5418 Voce
2436 5361 2546 5417 Deo
2575 5361 2858 5431 plaudunt,
2882 5359 3176 5431 famulique
3199 5362 3252 5415 in
3277 5359 3507 5414 laudibus
3531 5348 3633 5408 almi

2266 5454 2612 5526 Magnificam
2636 5454 2804 5521 illum,
2836 5469 2944 5524 quo
2970 5454 3314 5526 praecipiente
3339 5447 3564 5523 procella:

2265 5547 2557 5605 Cesserunt
2581 5547 2790 5615 validae,
2820 5558 3019 5619 pontus
3047 5549 3218 5615 stetit,
3244 5547 3384 5603 unda
3409 5541 3600 5617 quievit.

651 4969 707 5022 8.
745 4967 970 5036 Navigio
993 4967 1264 5036 quondam
1294 4964 1529 5019 medium
1565 4965 1822 5020 sulcando
1849 4979 1948 5036 per
1971 4977 2158 5035 aequor

581 5058 718 5120 lbas,
743 5073 776 5111 ο
802 5055 1085 5112 benedicte
1113 5055 1292 5121 Pater,
1321 5055 1496 5109 divina
1525 5057 1789 5110 monendo

580 5147 756 5203 Verba
786 5149 952 5202 dabas
981 5148 1173 5210 nautis,
1205 5155 1261 5201 et
1292 5149 1496 5202 semina
1520 5158 1705 5204 sancta
1727 5147 1946 5203 serebas

578 5241 685 5295 Per
714 5255 862 5293 mare
883 5237 1247 5308 ﬂuctivagum,
1264 5255 1438 5309 neque
1453 5248 1580 5295 tunc
1599 5241 1874 5310 operando
1890 5239 2117 5295 vacabas
2136 5236 2156 5295 ε’

579 5332 713 5386 Esse
741 5330 999 5385 imitanda
1029 5331 1101 5384 tui
1136 5331 1360 5386 credens
1391 5332 1636 5401 exempla
1665 5331 1938 5403 Magistri,

580 5422 682 5490 Qui
711 5423 978 5493 quondam
1006 5423 1244 5479 residens
1275 5423 1461 5478 turbas
1492 5424 1558 5478 de
1587 5438 1761 5492 puppe
1788 5421 2034 5478 docebat.

579 5513 800 5571 Talibus
830 5515 1036 5571 intento
1060 5516 1246 5588 gestis,
1277 5515 1424 5571 velut
1449 5526 1570 5572 acta
1603 5517 1918 5586 loquuntur.

651 5791 680 5823 ι
715 5779 934 5839 Proreta
958 5783 1212 5839 anteriori
1241 5781 1394 5837 navis
1423 5780 1561 5852 parti
1588 5789 1800 5852 prmest.
