3954 6342
211 357 314 414 ωδ
1296 356 1382 412 DE
1421 351 1576 410 Vt'l‘A
1613 354 1670 409 S.
1708 352 1988 410 AMANDI.
2031 384 2100 396 -
2138 354 2268 411 LIB.
2311 355 2375 409 ll.
3331 363 3436 420 9‘6

208 469 354 540 Quod
376 470 422 526 si
444 467 665 525 eterulet
692 468 981 540 perterruit
1010 468 1152 524 unda
1175 467 1446 539 profundi,
1791 474 1841 532 Α
1869 465 2002 520 Nam
2033 466 2076 520 si
2108 465 2340 521 Sanctus
2368 480 2553 528 ovans,
2586 465 2851 536 correptis
2881 464 3091 522 fortiter
3113 470 3303 534 armis,

208 562 421 621 Sorbuit
447 576 515 618 ex
540 561 646 617 illis
665 575 989 632 quemquam
1013 574 1118 616 non
1149 557 1306 615 fauce
1329 558 1531 615 voraci.
1867 556 2101 628 Expetiit
2129 558 2336 612 hostem
2364 572 2588 622 saevum,
2615 557 2919 626 fortemque
2945 567 3234 629 tyrannum

1864 647 1984 705 Jam
2012 649 2157 704 dicto
2182 649 2238 704 in
2261 656 2459 713 castro,
2487 664 2594 718 quo
2623 656 2748 703 tunc
2776 656 2938 718 caput
2969 649 3112 706 arcis
3135 650 3403 718 habebat;

807 743 1037 803 CAPUT
1071 744 1140 802 Ill
1865 737 1983 807 Quo
2012 737 2196 808 pulsus
2222 738 2431 794 cunctis
2457 738 2729 795 Gallorum
2767 738 2962 795 ﬁnibus
2990 739 3121 795 olim

1862 828 1910 883 Α
1933 829 2160 885 ducibus
2181 828 2307 884 Jesu
2335 829 2498 885 variis
2526 829 2814 900 multisque
2844 830 3061 900 tropaeis

201 912 692 998 Gaudcmesnaﬁ.‘
736 913 973 998 Amantio
1011 913 1279 998 adﬂﬁdem
1317 912 1568 998 conuersi.
1625 909 1708 980 Ej:

1861 921 2118 985 Venerat,
2146 929 2203 975 ut
2228 920 2416 986 muris,
2442 919 2618 975 ﬂuviis
2640 921 2718 977 sic
2745 921 2981 993 undique
3005 928 3221 993 septus;

469 983 754 1055 δίδδίρηίω
784 983 925 1038 Bm”
955 985 1228 1039 summa“
1257 982 1488 1038 celebri"
1861 1013 1979 1071 Non
2011 982 2190 1070 tamen
2221 1015 2310 1070 ille
2339 982 2434 1070 sua
2463 1013 2743 1071 fraudatus
2775 982 3015 1072 funditus
3040 982 3159 1072 arte
3185 982 3290 1071 est.

1860 1107 2162 1164 lnnumeris
2187 1108 2385 1163 etenim
2411 1107 2564 1163 lectis
2589 1108 2715 1164 hinc
2744 1109 2870 1164 inde
2897 1109 3170 1180 maniplis,

1859 1199 2308 1273 Principibusque
2335 1210 2527 1272 quater
2557 1201 2787 1272 geminis
2811 1203 3099 1258 comitatus
3127 1210 3182 1258 et
3207 1202 3342 1274 ipse,
3419 1210 3435 1225 ‘

1859 1292 2065 1349 Extulit
2091 1308 2244 1348 arma
2269 1291 2437 1358 foras,
2469 1293 2762 1363 ltevamque
2784 1307 2978 1349 cruore
3004 1292 3307 1349 madentem

1859 1385 2171 1452 Ostentans,
2199 1386 2395 1442 cecinit
2418 1401 2592 1442 saevus
2614 1384 2730 1440 fera
2754 1385 2981 1442 classica
3010 1386 3224 1442 cunctis

1859 1481 2100 1547 Viribus,
2131 1490 2187 1536 et
2213 1495 2447 1551 pugnam
2477 1480 2650 1535 victus
2679 1480 2973 1535 vincendus
2997 1479 3184 1545 adivit,

1857 1570 2145 1641 Promptus
2179 1572 2245 1627 ad
2275 1587 2433 1628 omne
2460 1571 2683 1627 malum.
2717 1570 2946 1629 Bellanti
2973 1572 3219 1628 cominus
3244 1579 3398 1627 atrox

1857 1660 2004 1717 Exiit
2026 1661 2153 1717 hinc
2181 1661 2336 1717 bellis
2356 1660 2657 1717 manifestis
2683 1662 2874 1718 obvius
2903 1663 3097 1730 hostis,

265 1143 352 1198 10.
391 1143 518 1198 Inde
541 1140 832 1198 salutiferis
851 1141 979 1198 dum
1005 1141 1237 1198 Sanctus
1263 1140 1536 1212 gressibus
1563 1138 1687 1203 iret,

197 1236 491 1306 Spargebat
515 1235 735 1290 verbum
762 1233 992 1305 populis,
1025 1243 1079 1288 et
1100 1241 1284 1288 sancta
1313 1232 1562 1298 docebat,

195 1327 453 1384 Gentibus
479 1327 760 1382 insinuans
786 1325 973 1381 aeterni
997 1325 1224 1395 praemia
1253 1325 1401 1396 regni
1427 1365 1442 1390 ,

193 1418 526 1476 Christicolis
548 1417 741 1473 turmis
767 1432 886 1487 quae
907 1415 1043 1472 dona
1070 1424 1329 1486 parentur
1357 1416 1409 1470 in
1435 1414 1626 1480 astris;

192 1509 365 1578 Atque
395 1507 548 1563 malis
575 1522 746 1578 poenae
767 1522 885 1577 quae
905 1514 1292 1562 conserventur
1314 1506 1366 1560 in
1394 1505 1595 1571 antris;

193 1603 388 1672 Sicque
417 1601 600 1672 plagas
636 1599 814 1655 alacer
844 1599 1151 1654 discurrens
1173 1599 1286 1653 ibat
1312 1599 1364 1652 in
1395 1611 1605 1662 omnes,

191 1693 417 1748 Sedulus
445 1701 503 1747 ut
529 1699 768 1763 quaestus
792 1691 1092 1746 animarum
1122 1689 1288 1744 ferret
1311 1686 1538 1759 Olympo
1563 1703 1579 1754 ;

189 1783 310 1840 Haec
341 1801 435 1841 sua
466 1785 584 1839 luca
613 1792 831 1855 putans,
856 1784 953 1838 has
977 1797 1158 1838 secum
1182 1783 1379 1837 ducere
1405 1794 1621 1836 curans.

186 1873 328 1947 Ergo
354 1873 542 1929 avidus
568 1874 762 1929 horum
797 1873 922 1928 dum
951 1871 1143 1927 circuit
1171 1885 1299 1925 arva
1328 1870 1542 1934 Beatus,

184 1963 499 2021 Candavum
529 1978 744 2032 pagum,
776 1977 934 2031 quem
962 1960 1118 2017 Scald
1144 1959 1457 2032 praeterﬂuit
1486 1960 1682 2027 amnis,

182 2057 400 2112 Audivit
428 2056 619 2112 vinclis
648 2055 802 2112 hoste
830 2055 1134 2111 innectente
1161 2054 1334 2110 teneri
1367 2079 1370 2082 ~

182 2150 456 2216 Criminis,
484 2161 538 2206 et
562 2150 725 2205 nimia
754 2150 962 2222 peccati
991 2149 1130 2206 mole
1153 2148 1366 2221 gravari
1393 2165 1411 2216 ;

181 2242 287 2299 Nec
314 2243 495 2300 lumen
523 2259 733 2308 verum,
761 2241 901 2312 quod
931 2243 1192 2298 mundum
1219 2241 1369 2297 fulsit
1399 2242 1452 2296 in
1479 2255 1716 2309 omnem,

180 2337 422 2393 Caecatos
456 2329 690 2392 tenebris
718 2337 953 2406 quivisse
978 2350 1272 2407 agnoscere
1299 2335 1512 2405 priscis.

178 2431 396 2488 Robore
422 2431 489 2486 de
515 2447 797 2488 nemorum
823 2427 1183 2486 ﬂammatibus
1216 2437 1338 2500 apta
1369 2429 1594 2484 caminis

179 2525 317 2580 ldola
348 2534 559 2596 compta
589 2541 748 2580 manu
781 2526 1048 2582 artiﬁcum
1074 2533 1126 2583 et
1149 2525 1441 2582 simulacra
1470 2523 1715 2579 colebant

178 2615 523 2688 Supplicibus
549 2618 688 2672 votis
718 2617 880 2672 divini
912 2617 1129 2673 nomine
1157 2615 1398 2672 honoris.

177 2704 286 2760 Heu
319 2707 494 2776 pudor
520 2714 604 2762 est
630 2706 859 2763 coluisse
887 2707 1016 2763 deos
1033 2748 1048 2772 ,
1086 2722 1221 2777 quos
1245 2705 1456 2761 ﬂamma
1483 2713 1752 2763 crematos

175 2796 230 2852 ln
258 2813 466 2867 prunas
491 2807 702 2853 mutare
724 2798 868 2852 valet
893 2799 1207 2867 cineresque
1228 2807 1517 2868 perustos;

173 2889 403 2945 Arboris
427 2899 482 2945 et
506 2891 694 2960 rigidis
722 2890 887 2946 ramis
913 2889 1127 2946 ﬂexisse
1149 2899 1402 2947 verenter

172 2980 321 3036 Colla
350 2982 582 3052 superba
607 2981 738 3049 Deo,
769 2982 911 3037 hosti
943 2980 1214 3038 substrata
1245 2981 1503 3055 maligno.

172 3072 366 3129 Nullus
390 3075 534 3129 enim
560 3075 701 3130 hanc
732 3083 930 3130 terram
959 3074 1080 3131 ﬁdei
1111 3074 1340 3136 suleavit
1362 3085 1577 3142 aratro;

173 3164 365 3222 Nullus
395 3167 447 3222 in
477 3168 580 3222 hac
597 3166 730 3237 jecit
757 3167 921 3222 divini
949 3166 1156 3222 semina
1185 3167 1358 3223 verbi.

171 3254 421 3326 Namque
447 3255 600 3313 ferox
625 3257 773 3329 regio
800 3264 856 3311 et
879 3265 1023 3312 terra
1050 3255 1359 3313 infecunda
1385 3257 1617 3314 removit

171 3345 463 3403 Pontiﬁces
491 3355 735 3414 cunctos,
761 3363 863 3404 nec
887 3348 1171 3419 quisquam
1196 3357 1281 3404 est
1310 3364 1474 3406 ausus
1498 3349 1649 3405 adire

173 3437 463 3494 Silvicolas
491 3453 674 3510 apros,
700 3453 873 3496 saevas
900 3438 1118 3497 feritate
1141 3440 1410 3496 cohortes.

171 3527 279 3586 Sed
307 3530 461 3586 labor
488 3532 591 3587 iste
616 3532 796 3603 gravis
819 3541 1005 3589 nostro
1029 3545 1274 3590 servatus
1299 3535 1547 3590 Amando
1570 3543 1675 3591 est.

170 3620 434 3690 Quterens
460 3637 590 3693 ergo
615 3623 830 3678 modum
858 3639 964 3692 quo
995 3632 1174 3680 tantos
1199 3624 1388 3679 tollere
1412 3633 1596 3694 posset

132 3734 136 3737 λ
169 3710 360 3767 Hostis
382 3713 450 3768 ab
474 3713 682 3768 insidiis
708 3714 956 3784 populos,
983 3730 1232 3784 saevoque
1257 3724 1486 3788 tyranno

1859 1751 1987 1808 Inde
2017 1753 2151 1809 dolis
2181 1753 2346 1810 variis
2369 1762 2425 1809 et
2452 1753 2598 1809 mille
2625 1754 2894 1811 coloribus
2923 1756 3116 1828 anguis

1780 1829 1830 1892 Β
1857 1843 2146 1912 Confusus,
2181 1845 2455 1910 tremelus,
2479 1846 2671 1913 lassus,
2703 1846 2968 1913 devictus,
2996 1848 3224 1906 anhelus

1856 1935 2091 2001 Obstitit,
2124 1938 2402 1995 absconsis
2426 1953 2525 2009 per
2553 1947 2702 2012 terga
2734 1939 2932 1996 reﬂexa
2953 1940 3204 2010 venenis,"

1853 2027 2066 2084 lnsidiis
2094 2045 2188 2084 sua
2216 2029 2355 2085 bella
2385 2046 2596 2101 gerens,
2624 2048 2731 2101 quo
2761 2032 2900 2088 forte
2927 2033 3156 2089 latenter

1855 2129 1883 2159 α
1907 2117 2225 2189 Subripiens
2250 2120 2427 2176 laetum
2453 2136 2551 2191 per
2575 2122 2780 2193 spicula
2814 2137 2957 2179 caeca
2979 2134 3216 2194 pararet.

1853 2206 1993 2276 Quid
2021 2207 2222 2278 majora
2254 2210 2481 2281 loquar?
2513 2213 2774 2268 subtratis
2803 2213 3043 2284 undique
3074 2213 3249 2283 bellis,

1853 2298 2113 2356 Hostibus
2135 2309 2189 2356 et
2214 2302 2378 2357 tantis
2403 2301 2620 2359 Christo
2650 2304 2960 2361 moderante
2986 2305 3242 2370 subactis,

1853 2390 2038 2447 Victor
2058 2393 2333 2450 Amandus
2356 2409 2523 2466 agens
2545 2396 2814 2465 captivum
2840 2396 3033 2452 nobilis
3055 2410 3250 2467 agmen

1852 2483 2012 2546 Exiit,
2044 2492 2098 2539 et
2124 2483 2337 2538 Satanae
2362 2494 2622 2555 pereunte
2653 2487 2936 2556 tyrannide
2960 2487 3172 2556 plebem

1853 2575 2032 2630 Deluit
2059 2585 2261 2631 aeterno
2289 2577 2482 2632 melius
2509 2578 2828 2646 baptismate
2855 2594 3014 2649 quam
3045 2577 3204 2635 Scald

1851 2667 1882 2708 δ
1905 2667 2151 2724 Flumine
2167 2668 2454 2739 suppletus
2480 2669 2612 2724 laeva
2637 2669 2703 2725 de
2730 2678 2884 2740 parte
2908 2671 3130 2726 meanti.

1851 2759 1918 2818 Et
1941 2775 2007 2815 ne
2037 2759 2173 2814 forte
2203 2760 2398 2815 iterum
2424 2761 2696 2819 redivivus
2721 2771 2964 2835 surgeret
2995 2763 3189 2831 hostis,

1851 2855 2120 2912 Cerberus
2155 2862 2320 2925 utque
2345 2852 2542 2908 trifaux
2572 2854 2784 2916 fervens
2813 2854 3008 2910 ardore
3041 2853 3267 2909 vorandi

1851 2946 2050 3004 Contra
2073 2947 2424 3002 Christicolas
2448 2955 2609 3018 caput
2640 2945 2857 3002 exitiale
2885 2947 3121 3012 levaret;

1850 3039 2038 3094 Lorica
2073 3039 2196 3094 ﬁdei
2225 3038 2468 3105 vestitos,
2503 3053 2596 3107 spe
2623 3037 2859 3108 galeatos

1849 3127 2065 3196 Imbuit,
2091 3128 2366 3194 instruxit,
2396 3128 2652 3196 ﬁrmavit,
2683 3129 3057 3194 consolidavit,

1775 3193 1822 3258 θ
1855 3193 2058 3278 Urbem
2083 3193 2378 3285 constituit,
2411 3193 2694 3291 turresque
2722 3222 2895 3277 erexit
2923 3223 3132 3292 cpimas

1850 3317 2139 3383 Prazscius,
2166 3325 2222 3372 et
2250 3331 2405 3373 saera
2435 3317 2488 3372 in
2519 3317 2696 3371 medio
2723 3316 2919 3371 vexilla
2945 3317 3179 3386 paravit,

1849 3409 1967 3466 Non
1995 3411 2145 3482 ignes
2171 3408 2388 3465 ﬂantem
2415 3409 2599 3481 patula
2626 3410 2692 3465 de
2718 3408 2874 3464 fauce
2907 3411 3215 3472 draconem,

1849 3500 1958 3558 Sed
1983 3503 2160 3557 crucis
2191 3501 2463 3571 impressit
2488 3500 2669 3570 digitis
2696 3500 2750 3553 in
2781 3499 2956 3554 fronte
2987 3501 3212 3570 ﬁguram
3238 3515 3251 3564 ;

1850 3590 2062 3662 Proque
2087 3591 2230 3646 tl]st
2257 3592 2437 3647 sonitu
2466 3592 2742 3660 signorum
2772 3592 2922 3661 ecpia
2954 3591 3094 3646 facta
3123 3601 3230 3656 est,

1851 3685 1966 3742 Rex
1998 3683 2089 3740 ubi
2112 3685 2358 3742 Christus
2385 3685 2548 3741 habet
2570 3700 2776 3752 servos,
2805 3695 3128 3755 sanctosque
3151 3683 3355 3740 ﬁdeles.

169 3801 420 3868 Qualiter
445 3811 722 3858 excuteret
748 3803 1006 3873 praedam,
1036 3803 1374 3875 spoliumque
1400 3805 1655 3872 referret;
1932 3796 2019 3852 12-
2090 3796 2214 3854 Haec
2261 3812 2473 3868 quoque
2517 3806 2695 3852 castra
2721 3812 2818 3852 suo
2860 3807 2984 3867 pom
3029 3794 3430 3852 commendavit

167 3892 406 3946 Dantem
430 3891 552 3961 jura
580 3893 728 3964 gregi
758 3892 1000 3948 Noviomi
1028 3909 1095 3948 ex
1125 3895 1258 3960 urbe
1287 3895 1521 3966 regendo
1595 3955 1600 3960 ν
1850 3887 2133 3944 Festinans
2162 3889 2296 3944 alias
2323 3891 2389 3945 ad
2415 3898 2596 3960 partes
2621 3888 2846 3961 belliger
2873 3890 2973 3957 ire,
3206 3887 3426 3962 [amico,

166 3980 505 4052 Aycharium
533 3983 705 4052 petiit,
736 4000 842 4054 quo
863 3999 1094 4039 cernuus
1121 3984 1225 4040 iret
1250 3984 1305 4040 in
1332 3984 1509 4040 aulam
1850 3980 2032 4037 Fortis
2059 3980 2150 4035 ubi
2181 3980 2390 4050 populis
2421 3981 2613 4036 ductor
2639 3996 2746 4037 non
2775 3979 2982 4036 deferet
3007 3981 3130 4036 illis.

167 4073 362 4144 Regis,
390 4084 519 4130 tunc
545 4075 745 4130 etenim
773 4075 962 4131 validis
988 4075 1255 4132 tractabat
1280 4076 1506 4132 habenis
1850 4073 1995 4130 Bavo
2023 4074 2179 4130 beate
2210 4074 2324 4138 Dei,
2358 4083 2410 4129 te
2436 4088 2674 4146 praesens
2697 4073 2891 4145 pagina
2923 4074 3101 4146 signat
3124 4092 3139 4128 :

167 4163 508 4220 Francorum
538 4181 761 4238 regnum
792 4167 1120 4238 Dagobertus
1146 4168 1374 4224 Rectum
1403 4169 1662 4238 opimum,
1850 4165 1898 4221 Α
1926 4165 2069 4220 Duce
2100 4173 2156 4219 tu
2185 4165 2393 4220 Domini
2421 4164 2690 4235 quondam
2718 4165 3014 4220 conductus
3040 4164 3307 4227 Amandn,

173 4256 323 4312 Illius
350 4265 405 4311 et
421 4255 576 4325 jussu
603 4256 817 4313 sibimet
841 4258 1092 4312 mandata
1120 4258 1351 4314 referret
1375 4277 1388 4313 :
1853 4255 2115 4330 Sprevisti
2144 4257 2423 4324 mundum,
2451 4256 2672 4312 calcasti
2701 4254 2858 4311 labile
2886 4255 3129 4320 saeclum,

171 4347 452 4415 Quatenus
481 4348 535 4404 in
569 4363 725 4405 sacro
751 4350 843 4420 qui
873 4364 932 4405 se
961 4366 1064 4405 non
1093 4349 1240 4406 fonte
1265 4350 1446 4407 lavare
1853 4348 2085 4406 Sumens
2114 4364 2264 4404 arma
2303 4349 2496 4413 erucis,
2530 4363 2760 4419 propero
2787 4349 2923 4418 pede
2947 4348 3084 4402 bella
3109 4348 3311 4418 petisti,

172 4440 248 4494 Ex
283 4439 391 4495 illis
416 4439 595 4505 vellet,
627 4441 934 4512 compulsus
964 4441 1279 4498 dilueretur.
1851 4441 1930 4497 Ac
1956 4441 2179 4496 multum
2207 4442 2432 4512 spolium
2467 4441 2768 4496 truculento
2799 4441 2866 4496 ab
2893 4441 3049 4496 hoste
3083 4440 3250 4495 tulisti
3281 4458 3293 4504 ;

173 4530 347 4585 Dante
377 4531 487 4586 Deo
513 4531 674 4586 citius
699 4547 794 4586 sua
824 4539 948 4586 vota
977 4544 1215 4588 meretur
1239 4519 1545 4588 Amandus?
1774 4555 1828 4616 ι)
1851 4531 1998 4588 [nter
2021 4547 2139 4601 qua:
2168 4532 2425 4602 praedam,
2458 4547 2619 4601 quam
2651 4531 2887 4600 gaudens
2916 4530 3158 4596 abstulit,
3184 4538 3346 4600 atque

171 4621 491 4678 Gandavum
518 4630 770 4694 properat
798 4620 969 4678 fretus
994 4624 1192 4680 virtute
1219 4639 1472 4695 superna.
1854 4623 1912 4679 ln
1941 4638 2104 4696 regno
2130 4623 2347 4693 proprio
2375 4622 2563 4693 cupiit,
2592 4624 2635 4678 si
2662 4622 2799 4676 forte
2826 4621 3014 4676 fuisset

637 4783 751 4786 μμ
978 4783 1025 4786 μ
1217 4785 1243 4786 η
1268 4784 1279 4786 ᾼ
1308 4784 1315 4786 ξ
1360 4777 1373 4786 Δ
1418 4785 1424 4786 ί
1485 4769 1529 4786 ί,
1567 4772 1581 4786 ,
1616 4785 1624 4786 ί
1854 4713 2138 4781 Possibile,
2175 4713 2409 4786 igniﬂuis
2436 4713 2758 4769 concludere
2787 4712 3024 4768 carceris
3048 4713 3259 4777 antris;

245 4769 335 4823 ll.
358 4766 614 4836 Qualibus
631 4783 760 4839 ergo
769 4782 960 4839 queam
973 4768 1190 4839 scriptis
1201 4777 1502 4825 monstrare
1515 4769 1749 4840 labores,
2479 4766 2866 4873 (ἕης)ίώ
2884 4766 3028 4868 ἆρ’,
3058 4766 3374 4874 ρηοέδξιυθ,

172 4875 322 4969 Quos
347 4877 445 4969 ibi,
473 4879 600 4932 dum
622 4877 856 4934 Verbum
885 4879 1057 4934 turbis
1084 4879 1394 4936 crudelibus
1422 4881 1604 4948 infert,
1852 4898 2228 4969 Belligerando
2254 4875 2422 4954 Mans
2449 4896 2622 4963 benis,
2646 4897 2951 4961 benedicre,
2976 4896 3152 4952 bearis

171 4965 426 5060 Pertulit,
454 4969 736 5026 immersus
760 4969 1038 5026 ﬂuviorum
1069 4973 1312 5029 crebrius
1335 4974 1529 5030 undis?
1855 4965 2110 5055 salvis“,
2141 5000 2196 5046 et
2223 4990 2353 5060 Regi
2380 5004 2588 5044 summo
2619 4998 2707 5042 tua
2736 4988 2873 5043 dona
2903 4987 3118 5043 dedisti.

174 5057 286 5151 ξθο
319 5069 522 5151 minent
554 5071 613 5116 υῐ
645 5062 826 5132 ca3W3
858 5078 1093 5132 “nquam
1121 5065 1400 5120 ἀθείεῑθΐθῑ
1432 5065 1538 5132 me:
1852 5082 2005 5150 Quod
2028 5081 2240 5151 loquor,
2268 5057 2540 5150 agnoscis;
2569 5079 2819 5150 quoniam
2849 5088 2938 5133 tua
2960 5088 3110 5149 gesta
3133 5085 3420 5148 canuntur,

173 5147 440 5239 Corripelli
468 5151 660 5222 potuit,
694 5151 993 5222 populoque
1016 5151 1228 5208 furente
1248 5154 1445 5225 fugari,

1857 5147 2072 5233 Scilicet
2099 5147 2186 5230 ille
2214 5147 2404 5239 hostis,
2438 5190 2559 5230 cum
2589 5147 2753 5228 telum
2784 5147 2990 5228 missile
3015 5171 3234 5226 vibrans

177 5236 413 5294 Vulnera
440 5256 546 5296 non
577 5255 795 5307 curans,
828 5257 930 5296 nec
964 5242 1187 5298 verbera
1218 5243 1359 5299 ferre
1389 5260 1673 5313 recusans;

1857 5265 2165 5336 Impositum
2191 5236 2430 5334 plaustro
2452 5264 2602 5334 jecit,
2629 5262 2920 5333 prostravit
2946 5268 3002 5318 et
3023 5271 3047 5302 α
3081 5277 3246 5316 unum

174 5327 362 5384 Donec
387 5329 620 5386 aether-ea
649 5331 885 5401 depulsis
915 5331 1032 5387 luce
1063 5333 1300 5388 tenebris
1697 5362 1699 5364 -

1857 5327 2548 5423 Ex'fantulis,‘canibusque
2574 5327 2705 5408 feris
2730 5353 2943 5408 venatio
2972 5350 3110 5407 facta
3137 5361 3244 5406 est.

174 5416 403 5476 Viviﬁeo
423 5429 637 5491 gentem
666 5421 783 5478 vice
806 5437 959 5478 versa
987 5423 1039 5478 in
1068 5423 1215 5479 fonte
1241 5425 1464 5481 lavaret.

1857 5447 1964 5503 Sed
1995 5416 2476 5502 tamen'incassum-
2497 5459 2592 5499 sua
2623 5451 2751 5500 tunc
2779 5443 3072 5499 tentamina
3097 5441 3267 5505 fudit;

247 5584 278 5669 ἒ
316 5583 474 5669 ςοιδξε
494 5589 773 5669 “inrepere:
800 5578 1188 5661 scripsithlilo.
1238 5649 1269 5669 ν
1366 5651 1377 5662 ο
1459 5651 1470 5662 ⁸
1659 5652 1670 5664 .

1928 5611 1950 5639 ο
1992 5599 2092 5655 Hic
2123 5610 2206 5656 est
2234 5600 2474 5655 Artimus
2496 5600 2745 5669 precibus
2771 5601 2827 5652 S.
2859 5598 3087 5656 Bavouis
3114 5598 3424 5664 suscitatus,

249 5643 278 5684 δ
305 5643 474 5716 'Legia
505 5643 833 5716 adscriptum
865 5643 1091 5720 margini
1130 5649 1502 5721 explicationis
1536 5652 1708 5720 gratia

176 5711 356 5767 Lenia.
388 5731 480 5767 seu
506 5715 654 5767 Lim.
679 5717 872 5767 ﬂuvius
892 5719 1208 5767 Cnrlraonm
1237 5721 1405 5767 alluit-
1434 5733 1488 5767 et
1508 5720 1708 5767 ϐειηιιιιε

1857 5672 1922 5728 de
1949 5643 2746 5760 qtzfaga1.;fi.;".11:ji.z,'Wa“;
2772 5643 2966 5726 “6.17;...

250 5715 359 5788 9in
388 5715 480 5788 εειι
506 5715 654 5782 Ῑιίεα.
679 5715 872 5777 fluvius
892 5715 1214 5777 Cor'tracum'
1237 5721 1407 5788 alluit,
1434 5733 1489 5777 et
1508 5715 1748 5776 (Emdavi
1857 5715 1920 5728 ““
1951 5715 2086 5760 “¹““’;

180 5781 361 5839 Scaldi
384 5781 662 5843 miscetur.
