3954 6342
600 414 607 421 ε
637 352 742 411 947
782 326 793 331 ’
1250 372 1265 388 ι
1765 347 2037 411 macrus
2080 354 2161 412 uc

2197 353 2382 413 llACHl
2418 356 2477 413 s.
2517 356 2779 413 suanm
2920 390 2925 393 τ
3688 374 3758 429 ω

635 471 877 527 Tramite
901 485 1025 524 nam
1054 469 1234 524 reduci
1258 469 1381 538 quia
1411 477 1532 539 post
1561 470 1763 524 orando
1792 471 2071 526 reductum
2223 477 2277 535 Α
2303 471 2379 527 Te
2406 487 2711 528 memorans
2734 473 2918 538 etiam,
2946 480 3131 543 portas
3156 448 3251 527 tibi
3276 474 3447 542 pandit
3467 474 3657 549 Olympi.

632 563 676 617 Α
710 562 901 617 mortis
927 560 1164 616 tenebris
1191 564 1457 615 revocasti
1487 562 1541 616 in
1576 560 1697 616 luce
1723 561 2032 618 bubulcum.
2310 561 2553 619 Plaudite
2576 563 2882 619 dulcisonos
2908 563 3071 618 tantis
3103 562 3403 619 Pastoribns
3426 566 3641 635 hymnos;

637 646 966 707 Multimodis
990 652 1109 706 aliis
1138 666 1259 706 cum
1290 652 1496 706 sanctis
1523 652 1732 707 artibus
1763 668 1892 708 usus
2168 684 2175 689 -
2305 651 2385 708 Ne
2412 653 2680 723 ingratum
2711 652 2929 724 reliquis
2954 653 3205 725 gregibus
3230 653 3450 709 videaris
3472 656 3603 712 ovile.

631 743 747 800 Hoc
774 759 881 799 uno
908 743 1095 798 didicit
1118 742 1437 798 vincendum
1469 751 1519 796 te
1548 742 1662 797 fore
1686 759 1980 814 nunquam.
2304 743 2557 800 Carmina
2585 745 2940 800 commiscens
2960 744 3185 809 chartis,
3216 754 3449 800 currente
3472 762 3667 819 camena,

629 834 675 891 0
704 851 862 905 quam
893 833 1210 905 magnificus
1235 833 1411 889 fuerat
1437 835 1551 900 tibi,
1582 834 1800 902 Sancte,
1832 837 2105 909 magister,
2304 833 2596 890 Vobiscum
2625 835 2887 902 recinam,
2912 837 3160 907 praebens
3187 837 3404 907 insignia
3433 839 3603 896 amoris

629 926 886 993 Qualibus
910 942 973 981 ac
1001 927 1168 998 signis
1189 936 1487 998 praeceptor
1510 928 1659 984 fulsit
1685 930 1960 986 Amandus
2304 924 2442 995 Erga
2470 926 2589 981 illos
2614 927 2813 981 monita
2843 927 2945 981 mei
2968 927 3086 983 sine
3106 926 3211 981 line
3238 924 3501 993 manentis,
3588 946 3589 949 ‘

626 1016 720 1071 Ille
748 1018 902 1073 tuus!
942 1031 1061 1086 quae
1091 1024 1142 1071 te
1172 1017 1335 1072 talem
1366 1016 1544 1073 fecere
1574 1020 1913 1075 ministrum!
2303 1015 2450 1082 Quos
2475 1018 2600 1086 quia
2627 1018 2944 1087 conspicuos
2976 1018 3234 1072 virtutum
3264 1033 3427 1087 penna
3451 1019 3618 1077 levavit

626 1105 870 1176 Namque
902 1107 1009 1161 tuis
1039 1108 1204 1177 gestis
1232 1107 1517 1164 Doctorem
1545 1110 1818 1165 cernimus
1846 1111 2068 1176 almum,
2234 1108 2239 1113 ’
2305 1108 2585 1165 Sidereum
2610 1110 2676 1163 ad
2706 1126 2945 1181 regnum,
2980 1109 3128 1165 vobis
3151 1111 3649 1180 properantibusilhic

627 1196 936 1267 Egregium,
968 1197 1274 1268 pulchrum,
1307 1201 1635 1265 mirandum,
1664 1202 2091 1272 gloriﬁcandum.
2304 1202 2467 1258 Posse
2495 1212 2680 1275 patere
2709 1204 2795 1275 pie
2825 1213 3198 1261 monstrarunt
3223 1204 3358 1260 ostia
3384 1204 3513 1271 vitaz.

625 1288 723 1343 Est
745 1290 880 1343 mihi
911 1290 1066 1345 dulce
1092 1299 1196 1346 tua:
1221 1300 1424 1347 textum
1449 1308 1768 1364 percurrere
1793 1295 1948 1361 vitae;
2301 1295 2403 1350 Ast
2424 1311 2523 1366 ego
2546 1295 2776 1360 delictis,
2805 1304 2864 1350 ut
2887 1298 3017 1350 setis
3046 1295 3295 1350 horridus
3321 1296 3508 1363 hircus,

625 1379 730 1436 Sed
760 1384 989 1437 retrahit
1014 1385 1330 1455 complenda
1357 1402 1537 1442 meum
1570 1387 1860 1442 modulatio
1880 1396 2171 1459 gressum,‘
2303 1386 2577 1460 Tcgminis
2604 1397 2659 1443 et
2684 1388 2835 1443 nitidi
2858 1387 3110 1442 candenti
3140 1385 3336 1441 vellere
3360 1387 3535 1454 nudus,

621 1470 701 1527 Ne
731 1481 910 1528 tamen
934 1473 990 1528 hi
1017 1488 1206 1531 versus
1227 1474 1327 1530 tibi
1356 1476 1464 1531 sint
1488 1477 1606 1532 sine
1632 1475 1842 1532 faenore
1869 1476 2004 1545 fusi;
2304 1478 2456 1535 Saeva
2482 1479 2666 1534 trahor
2693 1479 2905 1535 miserae
2935 1478 3273 1547 miserandus
3293 1478 3357 1533 ad
3384 1478 3506 1531 atria
3535 1478 3689 1536 mortis.

620 1561 805 1619 Redde
842 1566 1046 1631 vicem,
1078 1567 1438 1639 precibusque
1479 1570 1582 1625 tuis
1613 1586 1723 1636 me,
1758 1585 1959 1640 quasso,
1998 1572 2195 1643 gnberb
2303 1569 2546 1633 Tendite,
2575 1584 2761 1641 posco,
2787 1583 2999 1632 manus,
3031 1576 3194 1623 etme
3220 1567 3285 1623 de
3313 1566 3457 1622 fauce
3481 1568 3671 1623 rorantis

622 1650 876 1710 Obtineas
899 1656 1113 1711 veniam
1140 1658 1386 1714 mihimet
1410 1660 1715 1715 miserando
1737 1651 1938 1729 reatus,
2001 1660 2191 1734 [nans;
2302 1660 2497 1716 Tollite
2527 1680 2540 1715 :
2574 1668 2761 1731 raptus
2784 1660 2927 1715 enim
2948 1658 3164 1730 propria
3196 1658 3392 1712 virtute
3418 1658 3571 1713 redire

619 1744 798 1816 Atque
824 1754 919 1802 tuo
944 1746 1081 1820 Regi
1104 1751 1323 1821 junctus
1346 1765 1443 1821 per
1458 1752 1616 1808 saecla
1645 1752 1839 1810 valeto.
2302 1750 2416 1807 Non
2440 1752 2621 1816 valeo;
2646 1761 2701 1807 et
2728 1766 3034 1822 quanquam
3065 1749 3303 1820 patulum
3330 1748 3525 1805 maxilla
3550 1749 3726 1804 foramen

2222 1861 2272 1923 Β
2302 1841 2470 1911 Hujus
2497 1843 2680 1911 habet,
2711 1842 2891 1897 forsan
2923 1856 3020 1912 per
3046 1843 3147 1897 hoc
3170 1841 3453 1912 procedere
3480 1855 3669 1910 possum,

695 1920 783 1975 l5.
823 1919 1012 1992 Tuque
1036 1924 1188 1980 locus
1211 1923 1364 1992 felix,
1392 1926 1538 1997 regio
1569 1925 1859 1998 fulgentior
1884 1942 2039 1993 auro,
2222 1919 2264 1923 “
2298 1933 2356 1988 Si
2379 1931 2536 2003 juver
2564 1932 2763 1988 auxilio
2785 1942 2966 1987 vestro
2990 1933 3349 2003 precibusque
3376 1934 3593 1996 reducar,

619 2014 894 2069 Illustrata
922 2017 1012 2086 pio
1033 2016 1301 2085 iustorum
1326 2018 1544 2087 lumine,
1578 2020 1725 2075 salve
1749 2037 1765 2085 ;

2293 2026 2407 2083 Hoc
2429 2043 2643 2097 quoque
2672 2043 2769 2097 pro
2797 2026 2994 2083 Christi
3027 2026 3333 2083 faciendum
3362 2026 3556 2081 nomine
3580 2040 3710 2095 posco.

621 2106 887 2178 Plebsque
910 2110 1104 2165 decora
1133 2113 1285 2179 satis,
1316 2113 1484 2169 multo
1512 2114 1732 2171 collecta
1761 2114 1945 2172 labore
2036 2114 2044 2119 ’
2168 2138 2171 2143 ’
2278 2117 2365 2176 .Ut
2388 2134 2508 2173 cum
2541 2127 2720 2173 vestra
2750 2132 2917 2189 sagax
2948 2116 3213 2172 industria
3233 2115 3414 2186 juncta
3439 2114 3643 2185 supernis

612 2196 926 2257 Patribusa
944 2204 1202 2272 geminis,
1228 2206 1447 2275 dignum
1467 2214 1551 2262 est
1578 2216 1638 2262 ut
1665 2209 1897 2264 amando
1918 2208 2188 2280 sequaris,
2293 2210 2522 2267 Sedibus
2547 2210 2835 2274 exstiterit,
2864 2209 3112 2278 pavitans
3135 2222 3259 2279 ego,
3290 2222 3480 2278 quaeso,
3516 2202 3705 2276 requirar

617 2291 763 2359 Quos
792 2294 888 2350 tibi
917 2296 1305 2367 Cunctipolens
1333 2300 1516 2355 dulces
1541 2301 1743 2371 pietate
1768 2311 2024 2372 patronos
2292 2300 2546 2367 Ultimus,
2578 2309 2632 2357 et
2657 2296 2802 2356 Petri
2830 2299 3120 2355 concludar
3149 2298 3299 2354 clave
3332 2298 3483 2359 beati,

609 2385 1166 2458 Attrihuit,talesque
1189 2391 1336 2445 dedit
1366 2392 1653 2448 miseratus
1681 2394 1920 2461 amicos;
2290 2394 2408 2462 Quo
2430 2410 2552 2468 cum
2582 2396 2713 2459 vita,
2744 2394 2913 2459 salus,
2939 2400 2995 2447 et
3016 2408 3214 2464 perpes
3240 2391 3402 2464 gloria
3432 2390 3597 2462 palma:

608 2478 676 2532 Et
703 2479 747 2535 si
778 2488 827 2533 te
851 2489 1034 2535 noster
1055 2483 1294 2552 migrans
1322 2484 1428 2539 huc
1454 2499 1681 2554 corpore
1701 2484 1977 2541 Amandus
2289 2487 2577 2543 Vobiscum
2608 2486 2770 2542 fuerit
2797 2485 3028 2542 feliciter
3056 2502 3220 2541 omne
3245 2501 3341 2556 per
3363 2500 3541 2551 aevum,

608 2569 879 2631 Deseruit.
908 2573 1139 2640 meritis,
1163 2574 1207 2630 si
1239 2575 1432 2639 credis,
1461 2575 1661 2647 ubique
1689 2577 1973 2649 gubernat.
2287 2577 2439 2634 Tunc
2467 2578 2598 2632 mihi
2630 2578 2698 2632 sit
2725 2578 2942 2643 misero,
2967 2592 3183 2648 precor,
3215 2576 3528 2648 indulgentia
3550 2572 3693 2629 saltem

605 2659 715 2717 Nos
744 2677 959 2734 quoque
998 2664 1124 2719 dum
1161 2666 1410 2736 precibus
1441 2668 1611 2724 sacris
1638 2669 1953 2740 meritisque
1980 2677 2180 2738 tuetur,
2283 2671 2673 2729 PerChristum
2694 2671 3002 2738 Dominum,
3020 2670 3289 2743 quisaecla
3301 2685 3395 2743 per
3407 2667 3565 2724 omnia
3585 2670 3756 2739 regna".

675 2854 701 2883 ι
740 2842 1086 2904 Addebatur:
1115 2845 1263 2904 Finit
1301 2848 1433 2905 liber
1452 2867 1513 2919 ιι,
1562 2852 1715 2910 habet
1748 2868 1930 2910 versus
1956 2852 2097 2920 418,
2134 2860 2191 2910 et
2224 2814 2689 2927 subjungebantur
2716 2856 2893 2928 capita
2921 2854 3044 2913 libri
3067 2872 3150 2913 nr.

626 2990 3750 3079 Wa“

1935 3508 2182 3589 Capitula
2231 3514 2357 3579 libri.
2374 3530 2462 3572 ω.

598 3645 643 3695 l.
670 3646 877 3716 legium
913 3660 971 3699 se
1011 3654 1156 3712 poeta
1178 3649 1390 3716 laetatur
1412 3650 1641 3716 carminis
1660 3651 1736 3701 sui
1762 3654 1989 3716 tetigisse
2011 3654 2157 3716 viam,
2181 3663 2339 3715 seque
2360 3644 2579 3716 arduum
2616 3663 2738 3716 opus
2759 3656 2980 3716 scribere
3015 3655 3288 3704 ostendens
3304 3691 3319 3716 ,
3351 3652 3570 3704 lectorem
3589 3659 3707 3716 93!.
3722 3646 3756 3716 ε

665 3710 847 3780 εινὶῆαει
872 3705 1133 3780 prgc'epta
1169 3712 1349 3780 Christi
1380 3715 1674 3780 _meditetu_r,
1699 3718 1752 3780 et
1775 3705 1993 3780 hortatur
2020 3705 2216 3780 eloquio
2254 3705 2307 3765 et
2334 3715 2486 3780 docet
2509 3705 2759 3780 exemplo.
2783 3740 2847 3780 -τ
2866 3715 2913 3763 2.
2942 3714 3020 3780 De
3040 3722 3261 3780 mortuo
3284 3705 3523 3767 suscitato.
3544 3739 3596 3750 -
3612 3712 3649 3762 ὅ.
3666 3705 3757 3780 (μ

669 3770 845 3839 factum
867 3770 985 3839 illud
1012 3770 1177 3826 célare
1202 3774 1430 3827 voluerit.
1453 3802 1512 3814 -—
1536 3775 1584 3839 4.
1611 3770 1688 3839 De
1709 3775 1832 3839 fanis
1852 3770 2189 3839 destructis'et
2209 3776 2444 3839 gentibus
2478 3770 2726 3839 conversjs
2750 3789 2804 3827 ac
2828 3778 3095 3837 baptizatis.
3120 3803 3180 3813 —
3205 3778 3239 3829 5
3258 3779 3391 3837 Quod
3425 3788 3573 3828 caussa
3584 3771 3756 3839 prﬁdia-

656 3835 879 3903 tjopis_ad
904 3836 1102 3903 Sclaros
1126 3841 1424 3903 perrexerit.
1450 3865 1511 3876 —
1534 3836 1584 3887 6.
1608 3837 1783 3903 Sermo
1806 3836 1959 3903 laudis
1981 3839 2039 3903 ad
2064 3833 2240 3903 ipsum:
2267 3839 2399 3903 -ξι
2424 3838 2645 3903 Qualiter
2669 3836 2857 3903 Regem
2881 3833 3139 3903 increpans
3159 3833 3390 3903 repulsus
3409 3842 3483 3891 sit.
3505 3833 3617 3903 —A8.
3646 3833 3756 3903 Elite!

656 3895 869 3955 Priucipi
893 3900 1083 3948 veniam
1105 3895 1369 3960 postulanti
1390 3900 1579 3951 facinus
1600 3899 1815 3951 indulsit.
1841 3926 1900 3939 -
1921 3902 1969 3951 9.
1998 3895 2136 3961 Quod
2180 3900 2309 3953 idem
2344 3895 2459 3952 Bex'
2473 3900 2625 3952 ﬁlium
2645 3895 2789 3951 suum
2813 3901 2990 3951 Sancto
3011 3895 3359 3953 commendare
3380 3903 3537 3952 volens
3568 3899 3757 3961 int-9t!“

654 3970 747 4038 {te}!
774 3956 1446 4038 ροιιιειιίξειτ-έίοᾼῇυξρεφ
1472 3962 1648 4038 llein
1656 3963 1883 4038 parvulus
1903 3956 2068 4038 dum'a
2096 3962 2275 4038 Sancto
2296 3962 2620 4038 catechizatnr
2645 3962 2911 4038 eloquitur.
2934 3990 2993 4038 τ-
3013 3963 3091 4038 l_l.
3125 3962 3228 4038 lies
3260 3962 3431 4038 eadem
3456 3962 3581 4038 lange

655 4026 751 4128 iur.
777 4013 834 4055 '—
861 4020 938 4094 32.
962 4013 1055 4072 Ubi
1083 4013 1289 4074 Sanctus
1310 4013 1582 4076 Ecclesiam
1609 4013 1982 4085 Treiectensem
2005 4024 2065 4074 ad
2088 4014 2216 4140 reg:

676 4081 753 4129 olo
777 4084 937 4143 petiit.
961 4109 1021 4122 —
1047 4085 1119 4135 lt.
1147 4085 1219 4134 Ad
1242 4094 1608 4149 contemptores
1629 4086 1794 4139 Sancti
1822 4099 1989 4140 sermo
2005 4086 2135 4152 dlrig
2212 4100 2216 4137 τ

2192 4026 2359 4138 sptium
2380 4013 2612 4088 wscépn.
2637 4051 2701 4062 —
2722 4013 2798 4078 1's.
2823 4025 2961 4086 Quod
2995 4026 3058 4076 ab
3080 4013 3258 4077 eadem
3272 4013 3503 4090 “repulsus
3522 4019 3682 4074 insulam
3697 4013 3753 4067 α-

1101 4231 1329 4291 CAPUT
1361 4233 1652 4291 PRIMUM.
2193 4241 2241 4306 ο
2272 4232 2541 4289 Virtutum
2562 4231 2771 4300 laudes,
2802 4241 2861 4289 ut
2891 4234 3113 4307 dignum
3141 4242 3245 4302 est,
3282 4232 3461 4300 credo,
3491 4231 3720 4288 valebunt;

2120 4352 2123 4353 ν
2266 4323 2368 4389 Ac,
2395 4323 2440 4379 si
2470 4331 2742 4395 utcunque
2768 4332 2973 4395 queunt
2998 4325 3342 4382 extrinsecus
3367 4335 3482 4380 acta
3508 4319 3688 4382 referre.

878 4366 1122 4425 Mortuus
1149 4385 1182 4424 a
1205 4367 1264 4425 S.
1294 4368 1533 4424 Amando
1560 4366 1864 4423 suscitatus.

2266 4366 2368 4389 ην,
2396 4366 2440 4379 .,.
2472 4366 2742 4395 ...νμηηυν
2769 4366 2973 4395 νη...
2998 4366 3342 4382 unum“..-
3367 4366 3482 4380 ην...
3511 4366 3560 4378 ,ν

2264 4412 2547 4477 Conﬁteor,
2578 4415 2724 4470 nullo
2758 4424 3009 4487 poterunt
3035 4417 3401 4473 modulamine
3429 4414 3562 4472 vocis

660 4506 709 4561 l.
746 4504 1037 4577 Aspirante
1068 4503 1181 4562 Deo
1203 4503 1515 4561 describens
1540 4501 1785 4559 carmine
1815 4501 1987 4559 vitam
2262 4502 2518 4560 Promere
2536 4520 2634 4577 pro
2660 4506 2889 4572 meritis,
2921 4521 3041 4576 quae
3068 4507 3300 4576 sumpsit
3329 4504 3535 4577 praemia
3560 4502 3606 4556 in
3627 4494 3754 4555 astris.

583 4596 837 4653 Prmsulis
863 4596 1064 4669 egregii
1091 4602 1336 4652 sanctam
1360 4594 1661 4651 celeranter
1688 4590 1950 4659 Amandi,
2260 4593 2435 4650 Altius
2463 4595 2550 4651 ille
2573 4596 2740 4663 volat,
2770 4612 2928 4668 quam
2960 4599 3176 4672 garrula
3203 4598 3385 4672 lingua
3414 4599 3643 4653 recurrat-

585 4692 713 4760 Qu'ae
736 4690 908 4763 longis
936 4690 1113 4747 fuerat
1140 4689 1376 4760 periodis
1403 4688 1527 4759 jure
1550 4686 1832 4756 notanda,,
2259 4687 2340 4742 En
2367 4686 2621 4758 ﬁgmenta
2649 4698 2849 4744 canunt
2877 4681 3331 4761 lyrico'sermone
3356 4696 3544 4762 poetae;

585 4786 642 4841 Si
674 4786 819 4841 fandi
851 4784 985 4840 mihi
1006 4784 1151 4855 larga
1178 4783 1318 4840 foret
1345 4798 1442 4839 seu
1471 4796 1665 4851 magna
1692 4780 1945 4838 facultas.
2260 4782 2390 4848 Quae
2414 4779 2608 4851 relegis
2636 4797 2754 4846 cur,
2783 4780 2952 4837 lector
2978 4792 3187 4847 amans,
3218 4794 3345 4837 cum
3374 4771 3684 4835 rmlla'salati's

582 4876 700 4932 Jam
733 4878 962 4933 mediam
988 4876 1237 4933 breviore
1263 4877 1346 4932 via
1374 4874 1604 4931 festinus
1631 4874 1810 4930 eundo
1953 4908 1957 4912 -
2257 4872 2433 4928 Lucra
2460 4883 2654 4945 gerant
2670 4874 2888 4940 animis,
2921 4873 3074 4929 labor
3093 4874 3227 4941 oris,
3258 4871 3436 4943 pastio
3460 4864 3623 4926 venti?

584 4966 997 5039 Transgredior,
1026 4965 1289 5035 binosque
1317 4964 1480 5033 pedes
1505 4964 1753 5035 ponendo
1775 4963 2015 5020 vicissim
2258 4963 2396 5033 Quid
2433 4964 2529 5021 tihi
2556 4979 2826 5037 pugnaces
2854 4972 3109 5036 poterunt
3131 4973 3392 5036 praestare
3419 4951 3698 5034 phalanga?

580 5055 844 5126 Couiputo
870 5064 952 5112 ter
974 5055 1236 5126 geminos,
1267 5055 1392 5111 dum
1412 5068 1511 5123 per
1533 5053 1848 5124 compendia
1871 5068 2055 5110 curro.
2256 5057 2372 5126 Qua
2398 5067 2449 5113 te
2476 5065 2621 5114 veste
2648 5066 2790 5130 teget
2813 5058 2952 5129 palla
2976 5059 3243 5117 discordia
3270 5056 3477 5115 scissa?

583 5146 676 5200 Sic
704 5146 806 5201 iter
832 5160 1109 5202 emensum
1137 5155 1249 5212 est;
1278 5144 1498 5216 reliquae
1523 5154 1579 5201 et
1602 5146 1873 5218 praeconia
1909 5145 2102 5213 laudis,
2254 5148 2365 5206 Cur
2393 5147 2575 5204 doleas
2607 5147 2696 5203 illa
2726 5160 2897 5205 caesas
2925 5150 3027 5205 sub
3054 5149 3209 5205 clade
3232 5146 3518 5204 catervas?

581 5237 904 5294 Rhetoricus
930 5237 1018 5293 cui
1042 5252 1223 5294 sermo
1243 5236 1409 5307 jacet,
1434 5236 1683 5295 facundia
1712 5247 1941 5307 marcet,
2253 5236 2448 5294 Functi
2471 5237 2656 5293 functa
2683 5248 2902 5305 canant,
2926 5240 3112 5295 vivens
3141 5239 3328 5295 vitalia
3354 5250 3537 5310 pange.

583 5328 718 5382 llinc
745 5343 912 5383 conor
934 5329 1187 5385 brevibus
1213 5329 1530 5387 temerarius
1556 5330 1759 5387 arbiter
1785 5331 1977 5387 horum
2252 5329 2333 5385 En
2363 5328 2584 5385 meliora
2611 5344 2734 5384 meo
2762 5338 3054 5385 narrantur
3077 5330 3318 5399 carmine
3344 5337 3525 5401 gesta:

579 5416 823 5491 Pangere
851 5418 1152 5486 versiculis,
1182 5420 1327 5477 nullo
1355 5421 1672 5493 complenda
1703 5423 1910 5491 relatu;
2251 5420 2369 5475 Non
2396 5419 2623 5491 gladios,
2651 5434 2751 5475 nec
2774 5420 2877 5476 tela
2909 5420 3079 5477 refert
3104 5422 3513 5492 pharetramque
3536 5404 3745 5473 αωίιιιι

579 5508 738 5564 Orbis
763 5507 1054 5564 verbilluus
1076 5511 1121 5565 si
1149 5512 1254 5566 isto
1284 5514 1560 5583 conspiret
1584 5514 1638 5568 in
1668 5523 1844 5580 actus,
2253 5509 2359 5566 Sed
2388 5519 2652 5566 memorat
2674 5512 2869 5567 victam
2894 5510 3112 5567 Christo
3141 5511 3240 5567 sub
3262 5508 3492 5565 Praesule
3516 5507 3724 5589 ωοηωξτ

577 5602 1021 5672 Conveniantque
1045 5619 1232 5660 omnes
1260 5621 1365 5660 una
1397 5607 1499 5663 sub
1520 5607 1649 5663 sede
1672 5614 1867 5678 poetae,
2167 5609 2225 5675 1)
2250 5603 2318 5659 Et
2345 5619 2466 5674 quae
2497 5604 2634 5660 dona
2667 5605 2811 5659 dedit
2838 5619 2967 5659 caro
2995 5605 3277 5677 dignanter
3299 5602 3487 5658 amico.

575 5694 1051 5764 Argumententur,
1082 5696 1440 5764 modulentur,
1466 5698 1934 5769 philosophentur.
2253 5695 2498 5763 Qualiter
2524 5705 2580 5751 et
2612 5696 2879 5766 quondam
2910 5695 3119 5751 Domini
3146 5693 3373 5752 dilectus
3397 5686 3642 5748 Amandus

583 5784 717 5843 Vera
744 5784 959 5863 quidem
987 5786 1181 5861 fateor,
1212 5803 1317 5845 non
1345 5804 1535 5847 omnes
1562 5805 1810 5863 promere
1837 5807 1993 5847 versu
2255 5786 2440 5843 Mortis
2463 5786 2638 5842 adhuc
2664 5785 2766 5842 sub
2797 5784 2914 5860 lege
2944 5799 3192 5855 manens,
3221 5793 3279 5839 et
3306 5797 3470 5841 carne
3491 5781 3711 5855 unum.
