3954 6342
570 374 666 438 951
1699 381 1972 439 MlLONIS
2014 363 2109 438 no

2222 380 2318 438 3|"
2359 383 2416 436 S.
2458 381 2719 437 AMANDI
3647 391 3718 451 95,

568 494 806 551 Fervere
828 502 887 548 ut
911 492 1125 548 miraris
1153 507 1282 562 apes
1306 507 1402 562 per
1426 501 1601 562 prata,
1628 509 1727 564 per
1755 495 1940 550 hortos

569 585 709 654 Erga
738 598 1036 654 purpureos
1059 581 1236 648 flores,
1268 598 1330 637 ac
1360 597 1582 653 carpere
1613 598 1797 638 morsu

568 675 722 744 Quod
750 675 988 730 referant
1012 674 1237 745 pedibus
1270 690 1397 729 cara
1424 674 1490 728 ad
1517 675 1776 745 praesepia
1804 675 2000 730 curvis.

566 767 687 823 Non
713 781 870 829 secus
898 765 998 820 has
1025 765 1206 820 videas
1233 775 1420 836 gentes
1444 765 1694 820 insistere
1714 764 1980 831 Amando,

566 856 867 926 Conspicuo
891 854 1029 922 ﬂori,
1062 857 1256 928 hyeme
1282 868 1442 927 atque
1467 866 1653 912 aestate
1679 857 1904 923 virenti;

565 946 686 1014 Quo
708 955 1114 1002 sacrosanctum
1143 948 1359 1002 valeant
1387 949 1654 1018 baptisma
1684 948 1907 1014 referre,

565 1037 948 1110 Virtutumque
977 1041 1142 1110 dapes
1173 1050 1232 1094 ut
1262 1041 1435 1095 dulcia
1465 1042 1622 1096 mella
1653 1052 1946 1112 reportent,

564 1129 699 1197 Quis
724 1130 908 1186 mundi
937 1131 1195 1186 Dominus
1223 1132 1479 1202 praedulci
1504 1134 1744 1203 pascitur
1769 1133 1985 1187 haustu.

562 1223 712 1278 Fana
739 1223 934 1278 dehinc
958 1238 1128 1278 vacuo
1155 1225 1428 1278 nudantur
1458 1226 1660 1279 honore
1684 1225 1929 1294 profana,

562 1312 888 1382 lllorumque
911 1313 1132 1377 cadunt,
1162 1329 1392 1381 quorum
1417 1328 1634 1368 crevere
1656 1313 1858 1368 labore.

562 1401 692 1456 lnde
716 1403 805 1458 ubi
834 1402 959 1457 fana
988 1411 1173 1468 ruunt,
1199 1403 1282 1457 vir
1312 1412 1533 1458 sanctus
1563 1403 1756 1473 templa
1784 1402 2061 1470 reformat,

561 1490 822 1548 Basilicas
851 1501 1094 1548 statuens
1120 1501 1174 1547 et
1203 1494 1436 1548 claustra
1464 1495 1908 1550 monasteriorum
1933 1513 1947 1560 ;

562 1582 854 1647 Perfidiam
886 1584 1008 1640 fidei
1038 1585 1319 1640 contundit
1347 1586 1594 1640 acumine
1624 1585 1749 1639 fido.

565 1675 610 1731 Ο
637 1692 796 1745 quam
825 1691 1018 1746 magna
1051 1677 1165 1731 viro
1193 1692 1446 1731 concessa
1478 1685 1561 1731 est
1587 1677 1757 1747 gratia
1781 1675 1948 1744 justo,

565 1765 912 1836 Multiplicem
940 1766 1138 1821 meruit
1163 1766 1395 1821 fructum
1427 1767 1518 1836 qui
1550 1767 1789 1836 germine
1816 1769 1884 1822 ab
1911 1769 2045 1822 uno!

561 1857 738 1913 lncola
768 1859 980 1914 vivifico
1016 1869 1263 1914 sacratur
1290 1859 1435 1914 fonte
1464 1874 1779 1922 renascens,

561 1949 830 2006 Praeclara
854 1952 1109 2007 Ecclesia:
1139 1952 1408 2022 praecelsae
1430 1953 1628 2008 mcenia
1656 1960 1901 2022 surgunt.

564 2040 716 2097 Felix
748 2043 836 2097 ille
863 2044 1064 2108 obitus,
1099 2044 1326 2098 moritur
1355 2059 1461 2114 quo
1487 2044 1717 2113 plurima
1744 2044 1938 2113 pestis;

564 2135 675 2190 Sed
706 2144 884 2190 tamen
911 2135 1000 2190 illa
1025 2135 1171 2190 salus
1199 2135 1424 2190 multum
1456 2134 1667 2190 felicior
1693 2144 1889 2200 exstat,

564 2223 681 2290 Qua
713 2235 965 2296 surgente
993 2242 1101 2280 uno
1131 2225 1310 2296 plures
1342 2226 1397 2279 in
1427 2226 1592 2280 corde
1623 2233 1927 2296 resurgunt.

566 2315 693 2371 Haec
720 2326 824 2381 est,
852 2318 906 2371 ni
935 2316 1112 2382 fallor,
1144 2318 1302 2372 celsae
1330 2317 1556 2373 mutatio
1585 2317 1808 2372 dextrae.

561 2407 772 2462 Crescit
803 2424 955 2464 amor
979 2408 1199 2474 Sancto,
1230 2408 1448 2463 laudum
1477 2409 1768 2464 celebratio
1795 2407 2034 2474 Christo,

561 2496 728 2567 Cujus
757 2500 809 2554 in
845 2501 1044 2555 auxilio
1071 2502 1194 2555 dum
1221 2501 1444 2556 verbum
1473 2501 1728 2570 praedicat
1754 2502 1901 2555 omni

559 2590 618 2646 In
653 2592 868 2663 populo,
896 2593 1146 2649 foecunda
1177 2609 1332 2665 seges
1361 2594 1428 2648 de
1453 2593 1654 2664 cespite
1684 2609 1931 2665 surgens,

560 2684 758 2740 Reddit
787 2688 1144 2756 centuplicem
1180 2688 1440 2743 virtutum
1468 2689 1710 2758 gramine
1740 2687 1970 2759 frugem.

629 2778 683 2833 5.
725 2779 800 2834 Te
832 2796 1009 2851 neque
1038 2781 1344 2853 Apostolica
1376 2799 1648 2853 nunquam
1682 2792 1906 2853 purgata
1940 2781 2135 2847 securi,

557 2871 637 2924 Ac
664 2869 786 2924 fidei
817 2871 1002 2936 sulcis,
1034 2873 1139 2927 ullo
1166 2889 1340 2943 neque
1369 2889 1585 2930 vomere
1609 2874 1775 2938 culta,
1843 2890 1845 2892 ‘

559 2960 927 3018 Pertransisse
951 2966 1126 3018 virum
1158 2966 1360 3032 doleas,
1391 2966 1659 3022 Sclavinia
1695 2966 1869 3020 tellus.

560 3053 712 3108 Sicut
741 3071 904 3111 avaro
932 3060 1127 3113 etenim
1163 3075 1284 3113 cum
1321 3068 1466 3114 muta
1497 3061 1724 3130 pecunia
1757 3059 1969 3123 crescit,

556 3143 768 3200 Crescit
797 3163 968 3211 amor,
1003 3164 1379 3218 summamque
1406 3149 1601 3205 famem
1633 3151 1918 3220 completio
1944 3149 2134 3221 gignit,

558 3233 653 3289 Sic
678 3235 786 3302 hic,
814 3237 856 3292 si
889 3235 1048 3292 liceat
1076 3237 1238 3294 fatuis
1270 3239 1517 3295 conferre
1545 3241 1797 3310 benigna,

557 3325 836 3396 Crescere,
864 3346 970 3399 quo
997 3331 1190 3396 crevit,
1222 3331 1479 3386 virtutum
1507 3331 1655 3387 lucra
1681 3333 1944 3387 bonarum

556 3419 910 3476 Accumulare
938 3439 1152 3492 parans,
1190 3433 1244 3479 et
1273 3426 1487 3480 avarior
1514 3426 1743 3496 amplius
1772 3434 2011 3482 exstans.

555 3510 806 3569 Partibus
830 3523 884 3568 et
911 3515 1094 3571 multis
1119 3531 1240 3571 cum
1271 3532 1456 3588 sparso
1483 3519 1690 3573 semine
1710 3518 1859 3573 verbi

558 3603 817 3676 Surgeret
843 3608 971 3662 hinc
995 3616 1156 3679 atque
1183 3610 1307 3665 hinc
1337 3610 1566 3665 feliciter
1591 3612 1787 3683 inclyta
1814 3611 2028 3678 messis,

554 3696 830 3767 Comperit
857 3701 1108 3756 astrictos
1138 3702 1360 3757 Sclavos
1389 3718 1572 3758 errore
1604 3705 1809 3760 inimici
1836 3723 1850 3759 :

561 3788 678 3857 Quo
706 3805 765 3845 se
797 3793 1114 3862 martyrium
1142 3809 1239 3864 pro
1265 3793 1481 3850 Christo
1506 3811 1664 3865 posse
1690 3796 1885 3851 mereri

555 3882 845 3939 Confidens
875 3885 1130 3952 Sanctus,
1167 3887 1444 3958 glacialem
1477 3891 1692 3944 transiit
1714 3902 1741 3931 ι
1768 3891 1986 3946 Istrum.

555 3977 750 4047 Incipit
772 3987 825 4033 et
852 3979 1036 4048 glebas
1061 3982 1211 4037 durze
1236 3984 1584 4052 proscindere
1611 3993 1787 4048 terrae,
1856 3979 1869 3987 ’

554 4068 686 4125 lnde
710 4070 982 4140 Evangelii
1010 4087 1194 4128 semen
1222 4074 1480 4145 dispergit
1508 4076 1724 4145 ubique,

553 4159 662 4216 Per
681 4160 816 4228 loca,
840 4176 1045 4232 perque
1067 4165 1276 4230 domos,
1294 4179 1392 4234 per
1409 4177 1536 4219 rura
1560 4175 1614 4220 et
1635 4169 1865 4236 compita
1886 4165 2130 4236 iactans;

553 4251 756 4307 Fundit
781 4269 950 4324 aquas
973 4256 1134 4311 siccis
1163 4257 1372 4327 superis
1402 4257 1467 4311 de
1499 4255 1737 4312 fontibus
1763 4257 1931 4324 arvis,

556 4342 825 4417 Suggerit,
860 4347 1122 4414 immittit,
1157 4348 1446 4413 concludit,
1476 4349 1750 4418 compluit,
1777 4349 1964 4405 ambit.

551 4435 638 4491 Nil
663 4440 806 4494 facto
833 4450 1098 4510 superest,
1129 4442 1270 4512 quod
1296 4442 1515 4514 dignum
1545 4443 1712 4508 duxit,
1739 4443 2025 4514 agendum.

550 4529 601 4584 ls
631 4539 810 4586 tamen
839 4539 898 4586 ut
929 4542 1165 4605 segetem
1190 4535 1348 4605 pleno
1378 4550 1485 4590 non
1516 4535 1758 4605 gramine
1785 4538 1927 4592 votis

553 4620 899 4690 Respondere
924 4623 1070 4678 videt
1089 4625 1339 4694 propriis,
1369 4637 1690 4693 cassumque
1715 4623 1953 4680 laborem

555 4701 626 4767 Sc
655 4714 800 4769 saxis
825 4714 1026 4770 inferre
1054 4715 1261 4782 dolens,
1291 4716 1500 4771 resilire
1528 4724 1823 4772 retrorsum

551 4802 791 4859 Cernens
815 4807 1162 4875 conspicuum
1195 4805 1395 4862 ferrum
1424 4807 1683 4862 sulcantis
1708 4809 1872 4863 aratri
1897 4826 1912 4875 ;

550 4895 658 4952 Per
683 4915 1018 4970 vacuumque
1050 4909 1205 4956 tuens
1235 4901 1289 4955 in
1320 4900 1489 4970 spinis
1515 4915 1758 4970 quaerere
1789 4915 2042 4967 messem,

554 4987 905 5061 Martyriique
934 4991 1078 5061 piam
1109 5006 1209 5046 nec
1234 4991 1466 5061 palmam
1493 4992 1756 5061 prendere
1782 5007 1973 5062 posse;

553 5081 634 5134 Ad
665 5084 907 5152 proprias
941 5085 1134 5140 iterum
1167 5083 1384 5138 Christo
1409 5092 1492 5138 est
1516 5085 1808 5139 comitante
1833 5099 2082 5140 reversus

555 5173 744 5229 Pastor
773 5185 826 5231 et
853 5193 1022 5247 agnus
1048 5192 1195 5238 oves,
1224 5176 1404 5231 ovium
1432 5176 1538 5230 dux
1570 5177 1684 5246 ipse
1712 5193 1931 5232 suarum
1957 5193 1973 5241 ;

555 5267 632 5322 Ne
657 5279 830 5324 tamen
856 5271 1124 5325 incassum
1152 5278 1326 5323 tantos
1349 5269 1548 5326 fudisse
1573 5269 1784 5325 labores

554 5359 842 5425 Pteniteat,
873 5361 1195 5431 longumque
1219 5361 1320 5416 iter
1345 5371 1699 5433 pr0peranter
1721 5363 1916 5417 adisse.

627 5504 654 5564 τι
678 5491 745 5564 ιρι
764 5503 846 5564 est
875 5492 1195 5564 Damibium.
1228 5493 1300 5548 De
1332 5495 1538 5549 Sclavis
1567 5510 1728 5564 supra
1757 5503 1958 5549 actum.

630 5562 656 5602 δ
698 5562 917 5624 Marka,
961 5561 1309 5619 Teutonicum
1338 5561 1692 5629 vocabulum,
1734 5565 1959 5620 limitem
2002 5581 2125 5634 pro-

553 5635 746 5689 vincia:
767 5634 1031 5707 significat
1058 5653 1082 5707 :_
1102 5636 1242 5703 quod
1273 5636 1463 5707 saepius
1488 5636 1684 5707 legitur
1708 5637 1758 5690 in
1787 5635 1979 5690 Annal.
2001 5635 2129 5690 Ful-
2194 5687 2196 5690 ,

557 5707 709 5759 dens.
752 5720 864 5756 (evo
907 5703 1116 5758 Milonis
1158 5703 1370 5775 scriptis
1411 5725 1422 5759 :
1468 5703 1716 5761 videlicet
1763 5709 1828 5761 ad
1865 5723 1954 5760 an.
2001 5707 2125 5771 788,

558 5775 681 5836 827,
717 5775 837 5834 861,
871 5783 973 5828 etc.
1013 5776 1162 5844 Quod
1201 5777 1519 5832 vocabulum
1543 5787 1826 5832 extensum
1852 5777 1920 5831 ad
1959 5785 2128 5831 totam

559 5846 812 5899 ditionem
851 5845 928 5899 vel
961 5850 1285 5918 provinciam
1314 5849 1721 5918 significandam
1747 5865 1759 5903 :
1790 5849 1914 5903 hinc
1949 5847 2130 5921 plures

2168 501 2219 557 Α
2246 493 2355 548 Nec
2382 496 2621 565 quivisse
2651 491 2916 564 aliquem,
2935 497 3016 550 vel
3045 511 3287 566 parvum,
3312 514 3503 555 sumere
3521 501 3720 562 fructum:

2250 587 2480 644 Paucula
2506 604 2674 660 grana
2701 589 2887 659 legens
2911 590 3218 646 coelestibus
3247 591 3425 648 indidit
3451 595 3635 653 horreis.

2320 725 2372 780 6.
2415 724 2491 780 Te
2520 741 2752 796 quoque,
2786 732 2974 780 sancte
3005 723 3187 793 Sator,
3219 726 3343 781 dum
3373 743 3463 783 nos
3487 732 3727 790 comitamur

3475 819 3678 892 lentim.

2247 911 2425 981 Atque
2452 919 2601 966 tuum
2631 909 2909 980 sequimur
2934 907 3145 964 felicem
3173 911 3407 966 carmine
3430 928 3628 980 cursum,

2248 1002 2495 1073 Ignotum
2526 1001 2820 1056 transimus
2843 1000 2966 1064 iter,
2995 1015 3246 1056 sermone
3271 1010 3508 1069 meantes,

2249 1092 2368 1161 Quo
2395 1092 2573 1148 nullus
2600 1093 2798 1148 missus
2825 1091 3045 1147 milleno
3076 1107 3144 1147 ex
3174 1094 3381 1166 agmine
3406 1093 3566 1150 Iesum

2247 1183 2528 1240 Vivillcam
2557 1185 2690 1255 jecit
2716 1200 2883 1240 cornu
2915 1193 3173 1240 curvante
3200 1185 3463 1256 sagittam.

2247 1274 2364 1331 Non
2387 1274 2603 1341 Petrus,
2638 1275 2837 1332 Paulus
2866 1291 3043 1346 neque
3072 1277 3472 1334 seminiverbius
3494 1279 3615 1346 olim,

2247 1364 2477 1436 Propter
2508 1380 2644 1434 opus
2669 1366 2887 1421 solitum
2916 1368 3094 1422 veraci
3117 1383 3304 1424 errore
3331 1377 3546 1425 vocatus.

2247 1454 2417 1511 Nemo
2442 1456 2580 1511 alius
2616 1456 2804 1512 validis
2833 1473 3140 1527 quanquam
3164 1459 3393 1514 conﬁsus
3416 1459 3467 1512 in
3489 1461 3624 1516 armis

2244 1546 2498 1617 Cuspidis
2522 1547 2776 1601 eximiam
2799 1545 3027 1615 jactavit
3051 1564 3279 1604 acumen
3305 1549 3359 1604 in
3383 1549 3530 1604 illam.

2250 1638 2537 1693 Servatum
2568 1640 2780 1694 tibimet
2802 1641 2895 1694 sed
2921 1641 3027 1696 hoc
3051 1650 3347 1707 certamen,
3379 1642 3604 1708 Amande,
3623 1653 3704 1698 est:

2248 1731 2472 1801 Quoque
2491 1729 2622 1800 jugo
2651 1731 2815 1803 Regis
2845 1733 3061 1803 regidos
3089 1749 3197 1788 non
3230 1733 3450 1789 subdere
3473 1733 3622 1805 quisti,

2172 1863 2222 1923 Β
2247 1821 2341 1876 llle
2364 1837 2516 1877 amor
2542 1824 2658 1878 haec
2689 1825 2859 1877 tenuit
2887 1840 2903 1890 ;
2938 1823 3052 1879 haec
3077 1825 3232 1879 duxit
3253 1825 3468 1880 honesta
3489 1825 3692 1881 voluntas

2249 1915 2522 1982 Quatenus
2553 1913 2622 1969 ad
2651 1914 2935 1970 Dominum
2967 1915 3221 1987 perfusus
3251 1917 3397 1973 fonte
3419 1920 3596 1974 cruoris

2247 2003 2436 2060 Victus
2465 2015 2641 2062 morte
2666 2006 2902 2076 quidem,
2930 2009 3027 2063 sed
3049 2010 3226 2066 victor
3251 2024 3430 2066 amore
3453 2013 3637 2068 redires.

2246 2096 2432 2164 Qualis
2455 2096 2595 2152 forte
2623 2107 2773 2153 tuum
2802 2102 2936 2176 texit
2961 2103 3271 2157 constantia
3304 2103 3510 2172 pectus?

2247 2187 2433 2254 Qualis
2454 2196 2509 2243 et
2537 2188 2798 2244 invictum
2822 2175 3070 2246 retinens
3099 2192 3325 2248 audacia
3351 2195 3503 2249 robur

2245 2277 2400 2333 Fecit
2426 2280 2481 2333 in
2513 2280 2750 2350 ignotam
2783 2283 3055 2353 regionem
3085 2286 3310 2341 tendere
3335 2287 3586 2357 gressum?

2248 2373 2322 2426 De
2347 2387 2454 2441 qua
2481 2387 2580 2441 pro
2602 2372 2758 2428 donis
2787 2375 3078 2430 veniebant
3105 2376 3332 2432 vulnera
3360 2377 3578 2440 Francis,

2244 2463 2360 2518 Rex
2386 2464 2582 2534 quibus
2607 2481 2882 2521 armorum
2913 2467 3092 2523 valido
3117 2470 3414 2524 munimine
3441 2462 3596 2540 Septus

2247 2558 2419 2628 Terga
2449 2559 2612 2614 dabat
2641 2557 2852 2629 fugiens
2875 2560 3089 2617 Franco
3113 2563 3407 2618 comitante
3432 2562 3602 2627 feroce,

2245 2649 2326 2705 Tu
2350 2652 2494 2706 socio
2522 2651 2639 2706 sine
2667 2667 2765 2721 per
2786 2653 2814 2691 ι)
2839 2652 3055 2708 markas
3078 2665 3098 2693 ο
3136 2654 3422 2724 clusaeque
3445 2655 3624 2710 ruebas.

2244 2746 2353 2800 Sed
2377 2747 2506 2800 mihi
2530 2763 2712 2817 parce,
2737 2764 2949 2818 precor,
2974 2751 3118 2820 quod
3143 2751 3391 2808 servulus
3411 2752 3562 2807 audeo
3576 2748 3732 2821 supplex

2245 2841 2571 2912 Suppliciter
2600 2853 2776 2898 tecum
2809 2845 3092 2914 querulam
3121 2846 3372 2902 conferre
3397 2845 3639 2916 loquelam.

2241 2933 2321 2988 Ac
2349 2934 2528 2989 votiva
2559 2936 2635 2989 tui
2665 2935 2844 2991 devoti
2875 2938 3072 2992 sumito
3096 2947 3250 3004 vota,
3489 2928 3492 2931 ’

2240 3027 2369 3083 Inde
2395 3027 2686 3098 palatinam
2714 3030 2840 3100 quia
2864 3047 3008 3086 nunc
3034 3031 3304 3088 intramus
3324 3032 3379 3087 in
3405 3029 3576 3094 aulam,

2243 3117 2492 3188 Respice,
2519 3120 2737 3185 Sancte,
2761 3134 2956 3190 precor
2985 3136 3072 3176 me
3103 3137 3250 3178 nunc
3278 3122 3545 3176 miseratus
3562 3125 3731 3176 euntem.

2168 3237 2214 3301 ε
2244 3211 2426 3301 Dirige
2454 3220 2509 3266 tu
2537 3212 2828 3277 calamum,
2857 3227 2926 3267 ne
2949 3222 3162 3283 promat
3195 3215 3398 3279 inania,
3421 3222 3640 3277 nostrum,

2244 3299 2342 3363 Ne,
2378 3302 2503 3356 dum
2534 3303 2636 3357 rite
2663 3311 2784 3358 tuos
2810 3304 3060 3374 cupimus
3090 3320 3321 3362 narrare
3351 3305 3630 3378 triumphos,

2244 3391 2458 3448 Oil'ensa
2483 3393 2721 3448 inveniat
2745 3394 2940 3465 regalis
2963 3395 3109 3466 virga
3137 3396 3416 3461 locellum;

2242 3483 2362 3540 Huc
2390 3484 2632 3540 fraterna
2658 3486 2856 3542 cohors
2878 3486 3133 3556 precibus
3155 3503 3423 3544 concurre
3444 3483 3640 3543 canenti.

2313 3620 2363 3674 7.
2407 3619 2524 3674 Rex
2552 3620 2888 3691 Dagobertus
2910 3628 3050 3683 erat,
3072 3618 3429 3684 Francorum,
3451 3627 3499 3673 et
3514 3618 3612 3688 jura
3635 3623 3733 3666 tene-

2241 3711 2350 3768 Sed
2376 3712 2612 3767 tumidus
2640 3712 2811 3784 rigida
2842 3711 3066 3782 populos
3087 3711 3293 3765 ditione
3318 3709 3587 3781 premebat,
3624 3703 3730 3775 [batz

2241 3803 2452 3875 Quique
2477 3805 2760 3876 potestatis
2784 3802 3099 3874 praecellens
3119 3801 3356 3858 culmine
3379 3810 3593 3861 cunctos,

2240 3897 2344 3966 Qui
2374 3906 2500 3953 ante
2530 3897 2701 3968 ipsum
2730 3905 3004 3966 sceptrum
3029 3904 3248 3966 gentem
3281 3904 3489 3950 tenuere
3509 3906 3590 3963 per
3608 3886 3730 3944 illam:

2237 3986 2580 4057 Principibus
2608 3989 2796 4052 durus,
2829 3986 2974 4041 vitiis
2998 3985 3275 4056 subjectus
3296 3985 3547 4047 alumnus,

2238 4081 2494 4151 Turpiter
2515 4082 2750 4137 obsceno
2772 4081 2900 4135 luxu
2926 4079 3232 4136 maculatus
3257 4080 3449 4150 ubique

2236 4171 2476 4228 Infusum
2513 4171 2736 4226 Veneris
2766 4171 3017 4241 portabat
3042 4171 3094 4225 in
3121 4171 3340 4226 ossibus
3361 4170 3544 4240 ignem.

2236 4263 2317 4320 Iie
2344 4274 2520 4318 tamen
2549 4265 2602 4318 in
2629 4278 2803 4319 messe
2836 4263 2938 4318 hac
2965 4263 3132 4332 spina:
3161 4259 3496 4331 compunctio
3520 4258 3686 4323 surgat.

2235 4355 2316 4410 Ac
2341 4363 2574 4424 ereptum
2602 4356 2848 4424 deturpet
2877 4369 3032 4426 opus,
3063 4354 3342 4409 caussatio
3364 4357 3558 4413 cesset,

2234 4445 2353 4502 Non
2382 4448 2504 4502 tulit
2533 4448 2631 4504 hos
2656 4447 2966 4517 similesque
2996 4447 3182 4502 modos
3209 4444 3503 4502 constantia
3529 4434 3665 4496 nostri

2236 4538 2536 4604 Pontificis,
2566 4538 2844 4608 querulam
2875 4539 2968 4594 sed
2994 4539 3261 4609 prompsit
3293 4547 3435 4591 mota
3462 4529 3704 4602 loquelam

2154 4603 2211 4665 D
2236 4630 2348 4686 Nec
2375 4630 2556 4685 timuit
2585 4632 2821 4684 renitens
2843 4630 2968 4684 saevi
2994 4629 3274 4683 mucronis
3295 4639 3536 4688 acumen;

2234 4719 2294 4776 ln
2325 4719 2507 4774 multis
2537 4720 2722 4774 didicit
2746 4719 2867 4788 quia
2898 4721 3068 4774 victor
3094 4718 3261 4774 fidere
3283 4718 3460 4781 bellis;

2237 4811 2349 4866 Nec
2381 4811 2624 4880 pavitare
2657 4810 2824 4865 ferum
2863 4819 3079 4864 terreno
3108 4811 3160 4863 in
3187 4809 3336 4881 Rege
3363 4808 3598 4868 furorem,

2237 4902 2407 4970 Quem
2433 4901 2516 4956 his
2541 4915 2848 4971 aggressum
2877 4900 3082 4954 studuit
3115 4899 3329 4970 pulsare
3355 4894 3595 4967 loquelis:

2239 4993 2458 5049 Scilicet
2491 4993 2678 5048 aeterni
2705 4993 2750 5046 si
2778 4992 2962 5046 limina
2995 5002 3216 5064 tangere
3241 4993 3394 5063 regni

2237 5086 2488 5151 Curaret,
2516 5085 2738 5139 meliora
2769 5100 2878 5139 sine
2905 5085 3231 5140 commercia
3258 5085 3380 5138 vita:

2236 5178 2479 5234 Crimine
2501 5186 2710 5233 semoto
2739 5175 2960 5242 faceret,
2991 5193 3059 5232 ne
3089 5175 3223 5232 forte
3245 5176 3484 5247 repulsus

2234 5267 2293 5324 In
2318 5268 2482 5324 chaos
2511 5266 2705 5322 inferni
2734 5267 2996 5322 scelerum
3021 5275 3289 5323 tormenta
3313 5266 3522 5322 subiret.

2235 5359 2303 5414 Et
2326 5358 2449 5428 quia
2478 5367 2602 5414 sunt
2627 5358 2824 5414 stimuli
2845 5357 3116 5427 justorum
3143 5360 3302 5414 verba
3332 5353 3578 5425 malignis.

2231 5492 2453 5557 Markm,
2483 5506 2572 5547 seu
2605 5491 2797 5546 Marem
2834 5492 2889 5546 in
2930 5491 3215 5547 Germania
3259 5501 3314 5546 et
3350 5489 3524 5552 Italia;
3558 5488 3603 5538 et
3627 5475 3729 5532 Ρησ

2228 5564 2355 5619 fecti
2382 5563 2647 5636 limitauei
2677 5562 2896 5616 Markisi
2923 5573 2977 5636 et
3002 5562 3339 5618 Marchiones
3362 5560 3500 5615 dicti.
3601 5625 3610 5636 .

2303 5645 2325 5671 ο
2367 5633 2539 5687 Clusw
2591 5643 2715 5688 sunt
2759 5634 3016 5703 angustiae
3063 5635 3322 5697 adituum,
3365 5647 3477 5703 quae
3514 5628 3724 5703 regioni“?l

2233 5684 2490 5782 aperiunt
2499 5684 2571 5782 έι
2592 5684 3090 5782 anausim“;
3105 5684 3558 5782 ’ξέιῑίιῖείι-ᾱιίηιηιη
3571 5684 3722 5782 Ἄξιξιξξ

2234 5761 2299 5832 ad
2325 5793 2413 5830 an.
2433 5775 2535 5831 817
2558 5794 2568 5828 :
2591 5774 2894 5829 Bernartius
2923 5761 3014 5830 rea:
3035 5761 3210 5831 Ιταιίιῖ
3233 5791 3406 5829 omnes
3430 5770 3601 5827 aditu,
3619 5761 3661 5814 id
3673 5765 3724 5810 ια

2233 5849 2424 5914 clusas,
2453 5845 2640 5916 quibus
2667 5845 2722 5899 in
2748 5843 2967 5900 Italiam
2997 5847 3193 5915 aditur,
3218 5843 3467 5917 pra'sidiis
3493 5832 3686 5910 ﬁnirat“-
