3954 6342
231 375 332 430 953

228 498 344 554 Mox
371 503 429 549 ut
455 493 595 549 dicta
622 490 806 546 furens
833 489 1058 545 arrectis
1083 489 1303 544 auribus
1328 489 1529 555 hausit,

223 585 348 642 lure
371 584 534 640 licere
559 582 661 638 sibi
690 579 936 650 cupiens,
961 579 1219 650 quidquid
1244 577 1509 643 libuisset,

224 681 464 736 Derisum
489 678 726 750 graviter
751 677 1036 732 Doctorem
1058 672 1201 742 justa
1235 680 1546 728 monentem

222 769 468 826 Remulit
486 809 501 834 ,
545 783 609 824 ac
639 767 731 823 tali
755 766 996 821 viduavit
1019 764 1230 834 hospite
1257 779 1502 834 regnum.

218 861 421 932 Quique
449 858 696 930 repulsus
719 857 851 923 abit,
879 854 1165 911 Dominum
1185 868 1399 924 quoque
1417 851 1682 909 Gentibus
1709 851 1788 905 in-

1637 942 1786 1016 Hert.

824 1038 1052 1096 CAPUT
1085 1037 1171 1094 Ill.
1257 1103 1260 1106 ,

214 1179 432 1235 Reditus
453 1174 514 1235 S.
535 1177 764 1233 Amandt’
784 1177 848 1231 ab
870 1175 1076 1231 exsilio.
1095 1174 1396 1245 Baptismus
1423 1172 1482 1230 S.
1508 1171 1782 1244 Sigeberti.

277 1315 331 1370 8.
374 1311 442 1368 Et
469 1326 782 1382 quanquam
811 1309 1070 1380 Princeps
1095 1307 1260 1380 regali
1291 1325 1320 1362 a
1357 1308 1565 1364 semine
1583 1305 1756 1374 jactet

209 1407 263 1461 In
294 1405 492 1470 triviis,
525 1413 705 1459 tamen
731 1404 856 1459 huic
879 1403 1046 1472 prolis
1075 1417 1182 1456 non
1209 1401 1382 1472 surgit
1407 1401 1609 1466 arista;

205 1499 266 1554 Ni
296 1499 517 1563 veniant
547 1497 693 1553 sicco
717 1495 873 1551 stilla:
902 1497 967 1550 de
995 1494 1225 1550 nubibus
1253 1509 1402 1548 arvo.

205 1591 354 1657 Quod
383 1598 562 1644 tamen
594 1598 654 1644 ut
687 1589 901 1644 tandem
926 1589 1100 1660 potuit
1123 1603 1474 1659 cognoscere,
1502 1587 1726 1659 supplex

201 1683 472 1738 Auxilium
501 1682 711 1752 superis
741 1697 770 1736 a
797 1681 1015 1737 sedibus
1043 1682 1265 1751 expetit,
1299 1695 1464 1736 orans

202 1774 270 1831 Ut
292 1775 398 1830 sibi
429 1785 704 1832 nascatur.
738 1791 842 1844 quo
876 1783 999 1845 post
1024 1790 1121 1830 sua
1151 1785 1364 1845 sceptra
1397 1783 1670 1844 regantur.

199 1869 370 1924 Dante
399 1868 509 1924 Deo
539 1869 758 1935 meruit,
787 1871 929 1939 quod
959 1883 1111 1924 mens
1139 1869 1328 1924 devota
1357 1867 1562 1936 petivit.

198 1960 431 2017 Nuntius
456 1970 517 2016 ut
545 1961 785 2034 gaudens
812 1960 1079 2032 regalibus
1109 1960 1288 2015 intulit
1313 1959 1472 2024 aulis,

196 2056 348 2124 Quod
370 2071 504 2128 puer
530 2056 596 2110 ad
625 2056 798 2112 lucem
829 2063 1086 2121 materna.
1109 2054 1311 2124 prodiit
1339 2053 1494 2117 alvo;

194 2147 474 2204 Laudibus
499 2159 555 2204 et
577 2149 719 2204 votis
747 2157 1024 2203 auctorem
1052 2147 1217 2218 prolis
1240 2145 1449 2200 adorat.

192 2243 282 2299 Illa
319 2253 502 2299 tamen
534 2252 768 2297 mentem
793 2241 969 2296 laetam
997 2239 1269 2296 cunctatio
1295 2238 1497 2303 adurit,

193 2333 399 2389 Debeat
427 2333 482 2387 in
509 2341 696 2387 sancto
723 2331 812 2401 qui
838 2331 985 2388 fonte
1013 2330 1192 2385 levare
1217 2329 1474 2400 puellum.

194 2425 262 2482 Ut
291 2425 439 2481 redit
467 2427 532 2480 ad
559 2435 729 2480 semet
758 2425 968 2495 captiva
999 2423 1259 2479 memoria
1291 2423 1473 2494 Regis,

192 2519 514 2576 Discursare
532 2518 687 2587 jubet
719 2518 922 2573 celeres
951 2532 1048 2587 per
1071 2531 1240 2586 regna
1273 2515 1588 2570 ministros:

189 2613 264 2667 Ac
289 2611 554 2667 Sanctum
584 2611 777 2666 merito
800 2599 1004 2665 adduci'
1022 2609 1310 2665 demandat
1337 2608 1560 2662 honore.

192 2702 290 2770 Qui
321 2703 539 2757 tandem
566 2701 836 2766 inventus,
870 2699 1210 2769 monitusque
1233 2697 1431 2768 palatia
1462 2697 1634 2762 adire,

191 2795 362 2863 Regis
383 2795 495 2865 jam
523 2794 651 2849 dicti
679 2809 801 2848 sese
825 2791 1203 2861 conspectibus
1230 2788 1413 2852 infert,

191 2885 408 2956 Quique
431 2893 491 2938 ut
512 2885 700 2938 adesse
724 2882 898 2937 virum
927 2881 1120 2946 cernit,
1155 2895 1279 2934 mox
1303 2879 1484 2933 desilit
1509 2877 1622 2932 alto

188 2978 232 3035 E
259 2977 422 3042 solio,
453 2977 783 3045 rutilumque
804 2983 969 3044 caput
989 2974 1290 3028 diademate
1325 2981 1508 3037 terrae,

190 3070 390 3126 Stabat
417 3067 556 3124 forte
583 3066 664 3121 Pii
692 3081 796 3136 qua
828 3079 924 3136 pes
949 3072 1074 3119 tunc
1102 3062 1326 3134 pacifer,
1357 3070 1552 3132 arquat,

187 3161 478 3217 lnﬁectens
504 3157 733 3229 rigidum
767 3164 953 3211 sancta
976 3155 1044 3208 ad
1073 3152 1298 3224 vestigia
1324 3151 1520 3206 collum
1545 3167 1560 3216 ;

185 3249 436 3320 Purpura
465 3249 736 3320 pulvereis
761 3246 1123 3317 prosternitur
1154 3243 1277 3297 inde
1303 3239 1525 3303 favillis,

188 3343 528 3415 Linguaque,
555 3356 673 3411 qua:
702 3339 866 3394 variis
894 3337 1132 3393 dictabat
1147 3335 1271 3406 jura
1302 3333 1607 3405 phalangis,

188 3434 394 3500 Poscit,
429 3442 490 3488 ut
517 3433 758 3504 ignoscat
783 3430 958 3486 scelus
989 3427 1316 3501 indulgentia
1342 3435 1552 3482 sancta.

188 3529 260 3584 At
283 3529 432 3584 mitis
455 3525 650 3592 fuerat,
684 3526 769 3581 cui
797 3525 950 3580 dulce
974 3524 1253 3594 ignoscere
1283 3522 1500 3591 probra,

190 3623 341 3678 Felle
366 3637 580 3685 carens,
611 3620 820 3690 placida
845 3617 1046 3688 jugiter
1067 3615 1350 3670 dulcedine
1377 3612 1612 3680 fervens,

189 3713 372 3784 Ocyus
403 3726 434 3765 a
463 3719 604 3764 terra
627 3714 955 3778 prostratum
985 3706 1038 3759 in
1063 3704 1280 3774 pulvere
1308 3703 1509 3772 Regem

191 3803 403 3865 Elevat,
430 3808 487 3856 et
511 3799 671 3854 citius
700 3797 990 3853 commissa
1014 3795 1188 3864 piacla
1222 3793 1446 3848 relaxat.

265 3891 320 3948 9.
345 3891 757 3962 Alloquiturque
782 3886 980 3943 dehinc
1001 3885 1101 3941 hos
1124 3883 1385 3952 Princeps
1407 3880 1607 3937 famine
1636 3879 1776 3936 San-

779 4015 782 4018 .
1563 3970 1735 4043 [ctum
1757 3989 1770 4025 :

189 4075 450 4141 Paenitet,
474 4072 632 4138 alme,
663 4079 832 4139 tuam,
864 4069 1086 4135 Doctor,
1113 4066 1381 4139 sprevisse
1411 4063 1719 4136 loquelam:

192 4167 474 4240 Displicet,
504 4174 666 4238 atque
693 4179 817 4222 meo
846 4163 987 4234 quod
1010 4161 1166 4232 jussu
1193 4159 1389 4230 injuria
1426 4158 1566 4213 facta
1597 4164 1700 4214 est.

194 4263 304 4320 Sed
335 4276 478 4318 nunc
509 4259 618 4325 illa,
647 4272 861 4331 precor,
884 4255 1102 4327 pietatis
1127 4254 1335 4310 viscera
1369 4252 1563 4308 cedant
1588 4269 1602 4304 :

193 4357 293 4412 Est
328 4369 561 4425 quoque,
592 4351 755 4408 dante
779 4350 909 4415 Deo,
943 4348 1214 4404 immerito
1240 4345 1372 4401 mihi
1401 4345 1543 4414 ﬁlius
1569 4358 1728 4410 unus,

195 4447 370 4516 Quem
396 4455 485 4500 tua
508 4451 789 4501 consecret
815 4450 1002 4498 sancta
1031 4450 1090 4495 ut
1117 4438 1441 4504 benedictio,
1469 4451 1664 4507 posco;

196 4539 423 4596 Viviﬁco
448 4553 512 4594 ac
537 4536 740 4593 Christi
761 4535 998 4606 digneris
1023 4532 1169 4587 fonte
1197 4544 1419 4595 novare,

197 4632 374 4701 thue
401 4630 550 4685 illum
581 4630 774 4683 doceas
804 4625 982 4680 divina
1008 4624 1123 4694 lege
1151 4622 1422 4693 Magister.

197 4726 386 4794 Tuque
409 4722 569 4777 Pater
595 4718 746 4789 pueri
768 4718 962 4771 merito
991 4715 1173 4768 dicare
1201 4710 1486 4776 secundus,

196 4815 333 4870 Dum
361 4812 536 4885 gignis
557 4809 793 4867 sobolem
819 4806 1077 4879 prazclam
1098 4804 1307 4875 gemine
1336 4801 1521 4857 fontis.

199 4906 306 4961 Sed
334 4903 524 4968 Sacer,
548 4903 635 4957 his
667 4899 827 4956 dictis
851 4913 1063 4953 summo
1087 4894 1370 4950 conamine
1399 4892 1533 4948 fusis

198 5000 411 5061 Obstat,
443 5007 874 5053 commemorans
899 4989 999 5046 sibi
1019 4988 1226 5057 jussum
1251 4995 1310 5040 ut
1336 4985 1541 5040 semina
1567 4984 1718 5040 verbi

199 5091 513 5164 Spargeret,
541 5096 595 5142 ct
623 5095 811 5159 gentes
835 5081 1178 5154 baptismatis
1205 5096 1364 5134 amne
1394 5087 1653 5145 sacraret,

200 5183 315 5238 Νο..
345 5182 436 5235 uni
459 5189 681 5242 tantum
707 5177 800 5234 sed
831 5175 1012 5232 multis
1035 5174 1201 5229 aﬁ'ore
1224 5173 1469 5228 missum.

197 5273 506 5347 Egreditur,
533 5279 777 5329 remanet
802 5277 1010 5324 cassata
1035 5266 1222 5336 petitio
1247 5263 1428 5333 Regis.
1531 5277 1535 5282 ·

200 5365 303 5432 Qui
334 5365 461 5434 quia
488 5379 594 5419 non
623 5361 789 5416 valuit
820 5366 1162 5427 contemptus
1183 5354 1306 5424 jura
1334 5351 1558 5418 mereri,

199 5457 440 5514 Credidit
467 5473 497 5511 a
523 5456 721 5527 proprii
748 5453 934 5508 lateris
962 5449 1274 5506 custodibus
1299 5449 1474 5516 ipsum

199 5550 571 5616 Flectendum,
602 5549 749 5603 misit
772 5545 985 5601 socialis
1013 5541 1215 5598 amoris
1243 5541 1468 5606 amicos,

276 5703 301 5730 ιι
342 5687 532 5758 Pipare
568 5686 834 5757 praecipue
856 5681 1164 5758 degallinis
1187 5679 1401 5758 dicitur.

274 5761 302 5799 δ
343 5743 453 5815 Imb
483 5743 804 5822 Aurelianis,
830 5763 888 5809 ut
918 5743 1120 5808 dictum
1143 5766 1303 5822 supra
1333 5757 1388 5804 et
1412 5746 1480 5804 ad
1511 5745 1689 5802 Vitam
1715 5743 1775 5800 S.

208 5831 494 5902 Sigelterti.

1311 368 1398 425 DE
1441 365 1598 423 VITA
1639 367 1696 422 S.
1737 365 1998 422 AHANDI
2039 399 2108 410 -—
2147 367 2276 425 LIB.
2318 369 2406 426 ΙΙΙ.

3364 373 3470 432 9M

1816 490 1866 550 Α
1896 485 2068 540 Unam
2092 489 2326 542 animam
2365 489 2580 561 gemino
2610 487 2711 544 sub
2738 499 2957 560 pectore
2983 501 3043 547 ut
3075 506 3194 548 esse
3222 500 3464 565 putares,

1895 578 2169 634 Dadonem
2205 579 2466 635 illustrem
2493 580 2666 652 Eligio
2691 581 2985 638 comitante
3014 584 3277 657 benigno;

1891 666 1949 722 In
1980 668 2155 724 laicali
2185 670 2370 726 habitu
2399 686 2536 742 quos
2563 671 2834 742 Principis
2854 673 2977 729 aula
3007 677 3248 733 tenebat.

1891 758 2001 815 Sed
2030 770 2152 831 post
2181 763 2281 818 sub
2309 764 2534 834 pedibus
2559 773 2862 822 sternentes
2889 766 3052 824 labile
3082 768 3307 827 seclum.

1891 849 2164 908 Ecclesias
2191 855 2436 925 geminas
2459 856 2680 911 stabiles
2709 869 2892 915 texere
2919 860 3202 919 columnae.

1890 939 2098 1024 Inditus
2127 944 2215 1000 ille
2235 945 2407 1015 prior,
2439 947 2542 1001 sub
2574 947 2729 1017 cujus
2750 950 3066 1018 pontiﬁcatu

1889 1034 2098 1092 Floruit
2124 1038 2176 1092 in
2209 1039 2377 1096 titulis
2405 1040 2736 1114 Rotomagus
2761 1043 2903 1100 celsa
2927 1045 3103 1101 beatis
3128 1059 3144 1099 :

1889 1125 2123 1198 Compar
2149 1139 2203 1183 et
2224 1129 2428 1201 Eligius
2450 1131 2631 1187 divino
2655 1148 2877 1190 munere
2903 1135 3097 1200 lectus,

1889 1218 2008 1286 Quo
2032 1218 2326 1276 Noviomus
2351 1229 2410 1276 ut
2437 1222 2566 1278 urbs
2587 1223 2803 1280 vivente
2824 1225 3079 1281 Antistite
3104 1223 3272 1293 fulsit,

1890 1309 1982 1366 Sic
2006 1311 2169 1367 micat
2196 1323 2250 1368 et
2275 1314 2478 1369 tumulo
2507 1315 2692 1371 multis
2719 1317 3014 1374 virtutibus
3041 1328 3221 1375 aucto.

1889 1402 2047 1458 Salva
2079 1404 2183 1459 ﬁda
2210 1406 2362 1471 fides,
2396 1407 2523 1462 felix
2553 1409 2842 1465 concordia
2867 1419 3043 1478 aveto,

1885 1491 2174 1550 Pontiﬁces
2202 1499 2372 1552 sancti
2404 1499 2719 1554 meritorum
2744 1499 2862 1556 luce
2893 1501 3126 1564 corusci,

1886 1583 2001 1640 Non
2033 1586 2165 1642 mihi
2198 1597 2305 1643 tam
2338 1591 2516 1646 tenuis
2545 1591 2611 1646 de
2646 1592 2795 1646 vobis
2826 1607 3004 1648 sermo
3032 1603 3259 1660 mearet,

1885 1677 1949 1732 Ni
1975 1693 2070 1734 vos
2093 1682 2412 1750 conspicuos
2438 1683 2632 1738 scirem
2663 1685 2899 1740 nutrisse
2927 1696 3135 1756 poetas,

1885 1769 1984 1835 Qui
2014 1782 2239 1841 possunt
2268 1775 2496 1830 trimoda
2524 1775 2677 1831 vobis
2700 1789 2724 1817 α
2753 1777 2936 1848 pipare
2962 1777 3240 1833 Cammna.

1808 1870 1857 1930 Β
1884 1861 2072 1918 Nobile
2097 1873 2150 1919 et
2170 1866 2373 1922 auratis
2403 1881 2620 1922 carmen
2651 1876 2871 1923 cantare
2900 1869 3110 1924 cicutis.

1886 1955 1995 2010 Vos
2025 1966 2205 2012 tamen
2231 1974 2265 2014 o
2293 1968 2506 2015 nostros
2534 1961 2768 2031 petimus
2795 1961 3031 2017 revelate
3052 1961 3290 2028 labores,

1882 2047 1950 2103 Et
1974 2059 2211 2118 emptum
2239 2061 2451 2121 repetat
2467 2051 2581 2120 jam
2611 2051 2806 2122 lingua:
2833 2053 3038 2124 guttula
3068 2067 3309 2108 cursum.

1956 2140 2042 2193 10.
2085 2139 2224 2211 Ergo
2249 2157 2437 2212 preces
2466 2141 2616 2197 missi
2649 2142 2841 2196 devoto
2864 2150 3086 2212 pectore
3113 2139 3362 2208 fundunt,

1881 2232 2148 2304 Principis
2180 2245 2237 2290 ut
2266 2235 2506 2290 sobolem
2529 2246 2741 2292 sacrato
2765 2236 2946 2292 deluat
2976 2253 3153 2303 amne,

1881 2324 2085 2380 Educet
2113 2334 2273 2396 atque
2303 2326 2452 2380 illum
2484 2343 2581 2398 per
2610 2327 2776 2383 libros
2809 2343 2929 2384 rore
2955 2329 3255 2400 nigrantes.

1880 2415 1981 2483 Qui
2009 2417 2052 2472 si
2083 2416 2220 2472 forte
2247 2433 2436 2487 preces
2461 2433 2568 2472 non
2598 2417 2865 2490 Principis
2893 2421 3096 2475 abnuat
3122 2420 3275 2475 istas.

1881 2507 2052 2577 Hujus
2087 2510 2337 2564 amicitiae
2366 2511 2568 2565 tribuat
2601 2511 2910 2580 conjunctio
2945 2511 3210 2566 multum:

1879 2599 2112 2654 Errante
2145 2601 2197 2654 in
2228 2601 2422 2671 populo
2450 2613 2510 2656 ut
2537 2601 2697 2656 liceat
2721 2603 3042 2671 conquirere
3069 2602 3306 2669 lucrum,

1879 2689 2141 2745 Gentibus
2169 2699 2220 2746 et
2250 2691 2432 2746 multis
2455 2692 2694 2747 divinum
2720 2708 2976 2764 spargere
3006 2693 3282 2748 verbum.‘

1875 2782 2117 2838 Assentit
2145 2784 2357 2838 tandem
2389 2783 2673 2839 charorum
2701 2784 2901 2840 famine
2928 2786 3104 2840 victus
3128 2799 3144 2839 :

1878 2878 2052 2933 Intrat
2075 2889 2129 2934 et
2153 2880 2354 2935 invitus
2378 2881 2692 2951 praecelsam
2717 2881 2878 2953 Regis
2909 2882 2962 2936 in
2987 2871 3178 2948 aedem,

1880 2974 1909 3014 ι’
1931 2973 2184 3045 Clypiaco
2208 2975 2297 3044 qui
2325 2974 2414 3029 illo
2441 2975 2713 3032 residebat
2741 2986 2982 3048 tempore
3004 2975 3149 3030 villa.

1878 3063 2114 3121 Oﬁ'ertur
2138 3081 2274 3136 puer
2303 3067 2429 3122 huic
2457 3066 2647 3122 alienis
2672 3075 2859 3123 vectus
2883 3069 2935 3121 in
2966 3067 3108 3123 ulnis

1878 3156 1992 3223 lIle,
2019 3167 2211 3228 quater
2237 3158 2374 3214 deno
2403 3159 2490 3214 cui
2518 3158 2598 3215 sol
2619 3159 2732 3230 jam
2759 3157 2987 3216 fulserat
3017 3167 3161 3214 ortu.

1801 3227 1846 3292 ο
1878 3227 2051 3319 Quem
2082 3253 2330 3307 manibus
2360 3254 2532 3308 sacris
2565 3227 2632 3306 ut
2647 3255 2876 3324 sumpsit
2903 3254 3198 3325 Episcopus
3229 3253 3428 3323 almus,

1873 3345 1941 3400 Et
1967 3344 2086 3401 fusa
2113 3354 2194 3401 est
2220 3355 2479 3416 praestans
2509 3348 2682 3401 oratio
2715 3363 2863 3403 more
2887 3357 3070 3414 sueto;

1871 3437 1943 3492 At
1961 3438 2308 3508 consignatus
2335 3438 2737 3493 catechumenis
2765 3439 2973 3493 exstitit
3007 3438 3205 3506 infans,

1872 3529 1940 3584 Et
1966 3531 2143 3600 precis
2172 3530 2224 3584 in
2251 3530 2411 3583 ﬁnem
2441 3529 2618 3584 nullus
2644 3544 2899 3599 responsa
2928 3529 3178 3585 referret.

1872 3619 1992 3674 Non
2022 3619 2246 3674 confusa
2270 3635 2471 3673 sonans
2499 3619 2656 3674 alliso
2681 3620 2846 3674 verba
2874 3621 3092 3690 palato;

1876 3711 1982 3766 Sed
2013 3710 2168 3765 labiis
2189 3710 2384 3779 patulis
2409 3718 2463 3764 et
2487 3710 2634 3764 clara
2662 3724 2793 3764 voce
2821 3709 3036 3765 boando

1874 3798 2116 3855 Insonuit
2138 3799 2351 3869 populis
2375 3799 2696 3855 mirantibus
2723 3816 2932 3872 ocyus:
2962 3799 3155 3855 Amen.

1876 3890 2007 3946 Inde
2036 3889 2300 3946 salutiferi
2328 3891 2671 3961 baptismatis
2698 3907 2854 3946 amne.
2879 3901 3126 3959 novatus,

1877 3982 2116 4039 Viviﬁcis
2143 3982 2328 4038 retulit
2355 3982 2609 4054 Sigiberti
2641 3998 2836 4039 nomen
2865 3983 2933 4039 ab
2965 3983 3144 4049 undis,

1877 4077 1956 4132 Ac
1981 4083 2105 4146 post
2134 4075 2445 4130 Austrasias
2469 4075 2675 4130 domuit
2708 4075 2913 4130 ditione
2942 4085 3209 4131 catervas.

1949 4170 2035 4224 Il.
2078 4169 2177 4226 llic
2201 4185 2434 4236 mecum,
2460 4168 2676 4231 Lector,
2704 4167 2923 4224 laudum
2974 4181 3236 4224 concurre
3261 4164 3458 4232 relatu,

1878 4263 2052 4319 Dicito
2074 4263 2339 4319 sermonis
2360 4263 2404 4317 si
2435 4259 2556 4319 fons
2587 4261 2682 4316 tibi
2712 4260 2893 4333 largus
2920 4260 3175 4326 abundat,

1877 4354 1943 4410 Et
1970 4354 2136 4426 guttis
2156 4353 2347 4424 pluvia:
2374 4369 2432 4408 se
2458 4353 2650 4424 lingua:
2670 4362 2952 4422 comparat
2979 4350 3172 4406 imber.

1877 4445 2008 4514 Quis
2037 4447 2217 4501 docuit
2241 4460 2488 4516 puerum,
2519 4445 2610 4514 qui
2642 4459 2833 4500 sensus
2858 4457 3041 4512 quaeso
3067 4441 3238 4497 suasit

1878 4538 2142 4594 Hebraico
2168 4538 2343 4594 sonitu
2369 4539 2578 4609 ignotos
2600 4535 2843 4606 proferre
2866 4546 2888 4574 ε
2924 4533 3185 4590 fritillos?

1798 4602 1854 4663 Β
1880 4630 2012 4699 Quis
2040 4631 2346 4702 pedagogus
2375 4602 2499 4684 eum
2531 4602 2635 4684 hac
2651 4627 2816 4697 jussit
2843 4642 2975 4683 voce
3007 4627 3201 4693 boare,

1879 4722 2048 4789 Quem
2080 4722 2292 4793 vagitus
2320 4720 2493 4775 adhuc
2522 4719 2712 4791 puerili
2742 4729 2900 4776 aetate
2929 4719 3190 4776 tenebat?

1878 4814 2086 4868 Enarra
2115 4811 2269 4878 mihi,
2296 4827 2508 4882 quaeso;
2538 4811 2686 4866 dedit
2710 4826 2830 4883 quae
2851 4810 3040 4866 schola'
3065 4809 3306 4882 loquelas

1876 4905 2142 4977 lgnaras?
2171 4903 2328 4967 docili
2359 4920 2465 4974 quo
2494 4902 2674 4958 ﬂoruit
2700 4903 2788 4958 ille
2817 4902 3124 4974 magistro?

1879 4995 2097 5051 Scutica
2129 5010 2234 5050 non
2261 5003 2478 5049 teneros
2502 5009 2738 5063 unquam
2763 4991 2866 5046 ulla
2894 4991 3111 5048 lacessit
3137 5001 3308 5060 artus,

1874 5088 1986 5143 Nec
2011 5086 2240 5157 graciles
2266 5085 2415 5155 digiti
2443 5099 2662 5154 parvam
2692 5093 2913 5138 tenuere
2935 5082 3192 5139 rebellam
3219 5100 3233 5138 :

1875 5180 1942 5234 Et
1960 5178 2073 5247 jam
2101 5177 2481 5248 grandiloquos
2511 5182 2730 5245 superat
2753 5175 2961 5230 ratione
2984 5175 3272 5246 sophistas.

1879 5271 2112 5327 Vocibus
2137 5269 2377 5324 externis
2401 5267 2655 5336 loquitur,
2680 5267 2991 5336 spernitque
3013 5264 3255 5322 Latinas.

1875 5359 1923 5413 A
1949 5369 2139 5414 natura
2167 5359 2343 5413 docet.
2374 5356 2492 5412 Men
2523 5371 2642 5426 quae
2669 5355 2941 5426 suggestio
2967 5353 3184 5410 fundit?

1881 5450 1994 5506 Hoc
2020 5458 2220 5514 musto,
2252 5463 2286 5503 ο
2311 5446 2492 5502 ludam
2522 5447 2702 5502 solens
2729 5460 2932 5513 errare,
2968 5445 3217 5502 calebant

1879 5541 1980 5610 Qui
2005 5551 2228 5598 cunctas
2253 5541 2488 5596 didicere
2516 5539 2666 5595 brevi
2693 5541 2794 5595 sub
2820 5549 3062 5611 tempore
3090 5537 3322 5608 linguas,

1955 5689 1976 5716 ο
2021 5675 2264 5758 Fritillus
2293 5675 2473 5732 tabula
2496 5683 2580 5733 est
2600 5674 2818 5732 lusoria.
2861 5673 2962 5732 Hic
2984 5673 3196 5730 videtur
3231 5671 3362 5730 Milo
3380 5687 3447 5746 pr

1880 5763 2016 5805 sono
2043 5762 2311 5819 accipere.
