3954 6342
148 310 256 376 ast
1007 350 1010 353 λ
1192 309 1281 365 DE
1322 308 1480 367 VlTA
1522 306 1579 363 s.
1621 303 1908 363 ausum.
1961 333 2011 341 σ-
2060 283 2186 360 Lis.
2229 303 2321 367 tv.

3293 283 3402 345 958

160 433 3389 485 ——-—————-———-——e-—-—-——-———‘—"———-._

1302 570 1303 573 γ
1353 608 1653 708 LIBER
1704 604 2212 703 QUARTUS.

1669 793 1958 812 ..ι-σι.-

1525 897 1769 971 Capitula
1802 899 1924 981 libri
1953 914 2025 955 Iv.

150 1059 194 1111 ί.
219 1056 497 1123 Scriptnrns
524 1064 778 1123 vates‘quo
799 1057 896 1109 ﬁne
921 1059 1124 1123 Sanctus
1145 1065 1272 1123 astra
1298 1057 1545 1121 petiverit,
1572 1058 1828 1107 admodum
1864 1061 2227 1123 contremiseit,
2249 1070 2462 1121 suosque
2486 1056 2682 1123 libellos
2710 1061 2921 1123 quatuor
2946 1050 3321 1123 Evangeliornm
3347 1040 3412 1100 ll:-

208 1115 584 1181 bros'subdens,
623 1120 680 1167 ad
703 1115 864 1170 tinem
884 1125 1035 1170 sancti
1062 1120 1259 1170 Amandi
1284 1115 1459 1179 suique
1490 1115 1655 1179 operis
1675 1127 1727 1170 et
1770 1133 1922 1181 prece
1952 1121 2110 1171 tendit
2143 1128 2196 1172 et
2216 1115 2457 1171 carmine.
2484 1148 2544 1158 -
2563 1121 2611 1170 2.
2638 1115 2857 1179 Qualiter
2885 1116 3181 1181 Vasconibus
3205 1115 3409 1181 verbum

211 1183 302 1233 Dei
332 1175 600 1245 praedicans
624 1183 829 1245 Sanctus
851 1182 1076 1241 repulsus
1095 1185 1183 1240 sic,
1206 1188 1259 1232 et
1281 1184 1344 1233 de
1366 1175 1615 1245 mimilogo
1638 1195 1665 1231 a
1688 1175 1913 1233 daemone
1943 1185 2280 1245 arrepto.—3.
2306 1182 2378 1232 lle
2403 1195 2531 1232 caeco
2557 1196 2620 1232 ex
2649 1175 2792 1243 aqua,
2821 1184 2890 1245 in_
2909 1192 3002 1241 qua
3028 1179 3101 1245 vir
3128 1175 3217 1245 Dei
3242 1186 3415 1245 manus

210 1234 636 1295 larit'i'lluminato.
664 1269 721 1279 -ιι
746 1244 793 1291 4.
820 1246 892 1292 no.
913 1234 1073 1293 reditu
1103 1234 1255 1303 ipsius
1277 1248 1326 1295 in
1354 1244 1530 1291 Gallias
1554 1234 1607 1293 Et
1632 1245 1856 1293 cmnobio
1879 1234 2136 1295 :edificaio.
2155 1272 2216 1283 -
2232 1247 2280 1296 5.
2302 1245 2550 1303 Quomodo
2573 1256 2660 1306 pro
2685 1234 2746 1290 eo
2763 1234 2893 1303 quod
2916 1234 3233 1306 municipium
3257 1234 3416 1306 Name

215 1320 242 1357 a
265 1306 406 1369 Rege
424 1307 779 1369 impetraverit,
802 1307 1090 1355 Mummutus
1112 1305 1311 1355 insidias
1335 1306 1400 1355 illi
1430 1308 1691 1369 paraverit.
1720 1331 1778 1342 —-
1800 1307 1846 1356 6.
1873 1307 2125 1369 Quomodo
2168 1303 2740 1369 carnificibusdivinitus
2765 1303 3062 1369 czeqatis_yir

3133 1302 3181 1350 ei
3207 1305 3416 1358 mortem

213 1361 443 1418 evasé'rit.
462 1361 522 1433 έ-
544 1370 589 1415 7.
615 1367 876 1433 Couyersio
903 1369 1053 1433 laudis
1079 1382 1166 1429 per
1190 1361 1440 1433 energiam
1467 1368 1531 1433 ad
1551 1368 1804 1433 Sanctum.
1823 1361 2053 1433 7'8._De
2079 1369 2287 1433 muliere
2312 1382 2437 1433 caeca
2463 1367 2749 1433 llluminata.
2771 1365 2907 1433 —Q._
2926 1361 3208 1433 Allegorice
3238 1361 3380 1433 eatlei

212 1443 295 1480 res
320 1430 577 1490 repetitur.
598 1455 655 1466 —
683 1428 739 1477 10
770 1429 840 1475 De
866 1422 1098 1478 monacho
1122 1442 1208 1490 pro
1231 1422 1562 1479 inobt'dienlia
1601 1422 1805 1488 paralysi
1830 1430 2067 1480 dissoluto
2095 1439 2147 1481 et
2173 1432 2325 1481 verbo
2362 1431 2522 1481 Sancti
2562 1437 2748 1479 sanato.
2771 1451 2833 1463 --
2859 1427 2936 1490 ll.
2964 1422 3064 1474 ηε
3076 1422 3311 1490 obitu_yel

212 1481 404 1552 pultur'a
424 1493 587 1551 ipsius.
609 1515 670 1527 -
690 1492 761 1540 t2.
792 1491 914 1554 Laus
936 1492 1025 1541 loci
1048 1481 1188 1543 etde
1224 1492 1503 1542 elevations
1544 1481 1767 1553 corporis
1810 1492 1980 1554 ipsius.
2005 1519 2065 1532 -—
2092 1493 2167 1544 ιδ.
2201 1492 2372 1544 Oratio
2394 1493 2604 1545 auctoris
2636 1491 2782 1553 huius
2800 1488 2988 1551 aperis.
3009 1511 3073 1525 --
3093 1483 3172 1535 14.
3195 1481 3421 1543 Clausal;

212 1554 368 1604 titulis
387 1566 497 1604 cum
520 1565 671 1615 prece
689 1552 958 1613 completur

632 1732 643 1741 ‘
669 1716 896 1775 CAPUT
932 1714 1220 1772 PRIMUM.

197 1857 460 1916 Vascones
484 1873 518 1911 a
548 1853 607 1912 S.
646 1854 887 1910 Amantio
914 1853 1100 1909 edocti.
1133 1851 1316 1907 Circus
1348 1850 1702 1907 illuminatus.

179 1990 183 1994 ’
227 1996 279 2051 1.
318 1992 593 2050 Hactenus
622 1990 848 2047 eximios
877 1986 1060 2044 Sancti
1089 1995 1338 2043 versatus
1363 1987 1416 2042 in
1447 1995 1600 2042 actus

159 2085 433 2151 Prmsulis,
460 2091 515 2138 et
544 2096 851 2154 quanquam
880 2080 1013 2150 pede
1040 2078 1253 2143 claudo,
1292 2091 1513 2132 currere
1537 2075 1705 2147 quivi.

162 2180 261 2236 Sed
285 2194 436 2234 nunc
461 2192 549 2232 res
578 2175 861 2231 metuenda
895 2174 1053 2229 nimis
1081 2171 1381 2235 tractanda,
1416 2186 1516 2225 nec
1546 2170 1668 2225 ullis

162 2272 380 2328 Viribus
409 2267 664 2325 evolitare
688 2266 837 2331 facit,
871 2282 1033 2335 super
1060 2272 1205 2320 astra
1233 2263 1521 2335 petendum
1547 2271 1667 2318 est:

164 2366 232 2423 Ut
257 2378 516 2421 sermone
543 2376 757 2432 sequar,
783 2374 889 2429 quo
915 2374 1018 2413 non
1045 2358 1170 2412 licet
1198 2358 1276 2411 ire
1307 2356 1634 2425 pedestrem.

160 2455 330 2512 Primi
358 2467 590 2522 namque
619 2451 722 2506 mei
756 2457 1044 2521 properant
1070 2449 1171 2504 hac
1201 2448 1315 2519 lege
1339 2447 1526 2514 libelli,

166 2545 233 2602 Ut
261 2530 422 2599 labor
443 2551 497 2598 et
527 2543 776 2598 meritum
803 2541 973 2596 sancti
1000 2547 1255 2595 noscatur
1282 2538 1511 2593 Amandi
1540 2557 1553 2592 :

1760 1716 1815 1777 Α
1908 1718 1963 1773 2.
2005 1718 2121 1784 Eia,
2147 1733 2264 1790 age,
2288 1716 2596 1788 Vaccejam
2618 1716 2746 1783 late,
2768 1730 2888 1771 mea
2916 1713 3086 1779 Musa,
3108 1706 3421 1791 vagantem,

1800 1846 1807 1853 -
1847 1808 2127 1865 Fidentem
2162 1809 2348 1877 frenis,
2382 1817 2719 1879 torquentem
2748 1807 2852 1863 tela
2882 1804 3122 1870 lacertis,

1849 1899 2059 1976 Pande,
2080 1916 2210 1974 rogo
2235 1911 2290 1957 et
2311 1901 2470 1973 vulgo
2493 1901 2699 1973 vulgari
2730 1915 2861 1957 voce
2888 1906 3114 1979 notato:

1851 1990 1909 2047 Si
1937 1992 2121 2048 demas
2141 2002 2424 2064 mutesque
2454 1993 2656 2064 apices,
2686 1988 2975 2048 Wasconia
2999 1991 3190 2067 fertur.

1846 2080 1975 2149 Quae
2002 2097 2133 2153 gens
2156 2082 2289 2137 dura
2318 2083 2474 2149 satis,
2501 2082 2670 2138 variis
2696 2082 3001 2137 incursibus
3029 2064 3262 2146 itistans,

1844 2170 2044 2227 Ictibus
2073 2188 2137 2227 ac
2168 2172 2376 2228 crebris
2403 2171 2619 2227 hostilia
2648 2171 2750 2228 tela
2779 2171 3102 2241 rependens,

1740 2348 1743 2349 ν
1846 2269 2117 2325 Extremis
2149 2269 2321 2325 fuerat
2347 2270 2680 2326 Francorum
2711 2268 2909 2323 finibus
2928 2266 3123 2323 hostis.

1851 2359 1958 2416 Sed
1989 2370 2116 2415 tunc
2140 2359 2408 2416 vulnificis
2435 2361 2708 2416 substrata
2734 2368 2819 2415 est
2848 2358 3074 2430 pacifica
3096 2339 3287 2439 armis,

1847 2452 2133 2521 Frenaque
2161 2452 2385 2508 consilio
2420 2452 2635 2507 tandem
2666 2450 2933 2506 conducta
2969 2447 3171 2529 salubri

1848 2541 1964 2602 Non
1993 2542 2163 2596 laniat
2188 2556 2392 2607 morsu,
2424 2542 2518 2597 sed
2539 2541 2566 2581 ι’
2591 2541 2744 2611 pacis
2771 2540 2824 2594 in
2852 2539 3037 2596 oscula
3066 2542 3283 2617 tractat.

165 2637 404 2706 Quartus
426 2635 517 2693 hic
542 2643 625 2691 est
649 2651 792 2689 nunc
812 2676 826 2699 ,
858 2633 948 2703 qui
978 2634 1030 2687 in
1061 2631 1307 2686 manibus
1342 2628 1617 2686 cudendus
1641 2628 1745 2683 ha-
1844 2634 1956 2689 Illis
1989 2633 2497 2704 temporibus,’quis
2525 2634 2758 2689 Sanctus
2783 2634 2835 2687 in
2857 2633 2988 2713 orbe
3009 2630 3287 2719 manebat,
3382 2678 3385 2681 λ

165 2729 277 2798 Quo
311 2726 617 2798 Evangeliis
643 2723 846 2795 subjeci
872 2724 974 2780 rite
997 2723 1295 2794 quaternis.

165 2818 438 2873 Mattheus
466 2814 653 2871 effundit
682 2817 908 2869 donatus
938 2828 1161 2869 munere
1183 2816 1390 2884 primus

166 2909 346 2965 Carne
373 2907 539 2962 Deum
571 2914 777 2969 natum,
807 2904 899 2975 qui
927 2902 1165 2975 Virginis
1188 2905 1355 2959 ubera
1388 2902 1551 2957 suxit.

1528 2719 1711 2793 [betur
1729 2735 1746 2787 ;

1849 2729 1921 2784 Ut
1946 2726 2114 2784 Gallis
2140 2729 2318 2783 fuerat
2343 2743 2483 2783 saeva
2507 2726 2722 2784 feritate
2748 2708 2985 2793 rebellis,
3088 2726 3091 2729 ’
3230 2708 3234 2711 ’

1852 2818 1943 2876 Sic
1971 2828 2088 2875 erat
2113 2829 2166 2876 et
2185 2820 2421 2887 Christo,
2456 2819 2835 2890 reliquum‘qui
2863 2824 3129 2874 straverat
3150 2815 3359 2895 orbem;
3412 2864 3417 2873 .

1852 2906 2169 2982 Relligionis
2197 2913 2342 2967 enim
2368 2911 2569 2966 nudata
2600 2909 2796 2966 decore
2817 2908 3035 2978 jaceb'at

168 3000 263 3055 llic
292 3012 512 3069 quoque
543 2997 668 3052 dum
694 3005 893 3051 nostrae
926 3004 1176 3067 penetrat
1206 2994 1500 3065 prmcordia
1530 2991 1709 3047 menti:

1854 3004 1911 3059 ln
1936 3004 2112 3060 noctis
2141 3004 2403 3070 tenebris,
2424 3003 2569 3059 nulla
2601 3003 2865 3059 illustrata
2891 3001 3135 3071 lucerna,

170 3088 378 3158 Scripsi
405 3087 676 3143 hominem
705 3086 964 3157 genitum,
993 3086 1084 3155 qui
1114 3085 1305 3141 matris
1332 3086 1501 3140 ubera
1532 3083 1713 3148 linxit,

171 3167 505 3243 Perfectum,
533 3190 751 3249 purum,
775 3174 1002 3244 justum,
1036 3175 1279 3245 dignum,
1320 3173 1746 3230 immaculatum.

172 3269 538 3341 Excelsusque
569 3269 762 3324 dehinc
788 3268 1026 3323 mandati
1053 3267 1251 3323 famine
1278 3266 1512 3335 Marcus,

176 3361 290 3419 Vox
319 3361 622 3427 clamantis,
655 3361 749 3426 ait,
780 3360 995 3416 deserta
1021 3374 1117 3430 per
1145 3374 1273 3413 arva
1301 3358 1472 3414 leonis

176 3450 440 3523 Insonuit,
476 3455 568 3525 qui
595 3453 647 3509 in
677 3463 849 3510 morte
874 3453 1043 3509 oculis
1069 3450 1323 3509 dormivit
1359 3453 1580 3522 apertis.

178 3548 451 3619 Huncque,
472 3561 724 3616 sequens,
755 3554 1012 3613 quantum
1038 3543 1203 3605 valui,
1232 3542 1331 3597 sub
1359 3541 1599 3597 carmine
1624 3538 1756 3607 dixi,

177 3638 553 3707 Quadriﬁdum
581 3636 804 3690 verbum
828 3643 1071 3688 sanctum
1103 3633 1367 3703 sparsisse
1393 3648 1489 3700 per
1513 3631 1719 3686 orbem.

178 3730 632 3800 Consurgensque
666 3725 860 3779 dehinc
881 3724 1021 3793 quod
1047 3724 1226 3792 signat
1249 3723 1467 3775 nomine
1494 3720 1668 3776 Lucas

178 3814 313 3874 ιω·κά
339 3815 624 3873 sacerdotii
652 3815 852 3873 veteris
882 3814 1219 3869 sermonibus
1261 3825 1284 3852 α
1314 3812 1495 3877 infert,

180 3911 302 3979 Quo
329 3908 526 3973 crucis,
555 3914 612 3961 ut
638 3905 860 3971 vitulus,
891 3904 1140 3961 Christus
1168 3910 1437 3958 mactatur
1466 3903 1518 3957 in
1552 3916 1664 3957 ara.

181 4002 303 4071 Quo
332 3999 489 4065 lecto,
523 3999 704 4054 sedem
736 3996 1032 4052 monstravi
1060 3994 1442 4066 pontificalem,

181 4090 576 4152 Conscendisse
604 4090 801 4153 virum,
838 4087 1016 4143 fuerat
1038 4087 1131 4158 qui
1160 4087 1379 4141 victima
1407 4082 1548 4139 viva.

182 4185 443 4241 Flaminis
465 4193 519 4237 et
544 4183 682 4238 sacri
719 4179 844 4251 quia
871 4179 1043 4251 gratia
1075 4178 1188 4234 fusa
1217 4176 1411 4233 Joanni
1438 4185 1543 4240 est,

183 4276 372 4333 Evolat
400 4286 459 4331 ut
485 4275 676 4346 pennis
705 4272 895 4345 aquilae
925 4286 1089 4344 super
1114 4272 1314 4326 aethera
1343 4279 1548 4335 vectus,

1857 3092 2303 3162 Horreudumque
2332 3091 2524 3155 scelus,
2555 3092 2641 3147 cui
2673 3098 2866 3147 cuncta
2890 3089 3143 3146 nocentia
3170 3087 3389 3181 cedunt,

1858 3184 1975 3253 Quo
2002 3185 2252 3255 gignente
2281 3183 2457 3239 solent
2486 3183 2728 3255 reliquiae
2753 3196 3108 3240 concrescere
3132 3184 3341 3261 pestes,

1858 3275 2073 3331 Cultum
2088 3275 2305 3332 Christo
2317 3275 2554 3331 habilem
2571 3284 2718 3330 muta
2734 3273 2801 3329 ad
2817 3274 3106 3331 simulacra
3131 3269 3420 3357 reflectens
3480 3268 3489 3280 ‘

1857 3365 2001 3422 ldola
2029 3366 2284 3422 credebat
2312 3381 2511 3422 numen
2538 3365 2765 3422 Deitatis
2792 3365 3013 3422 habere.

1858 3456 1970 3513 Hos
1996 3457 2085 3513 ubi
2113 3472 2343 3513 vesanus
2369 3471 2615 3513 errorum
2645 3456 2905 3526 comperit
2930 3462 3083 3517 actus

1858 3551 2062 3607 Ptaesul
2087 3550 2384 3617 Amandus,
2401 3549 2468 3605 ab
2492 3549 2596 3614 his,
2613 3563 2748 3618 quos
2772 3548 3000 3605 fratrum
3021 3549 3238 3606 nomine
3253 3547 3441 3639 digno,

1858 3643 2107 3708 Fecerat,
2132 3656 2413 3708 accensus,
2437 3641 2629 3697 horum
2657 3641 2957 3698 celeranter
2979 3639 3149 3696 adivit

1862 3733 2090 3803 Belliger
2113 3734 2342 3804 insignis
2369 3742 2545 3789 terras
2570 3751 2584 3789 :
2611 3741 2671 3789 ut
2697 3735 2880 3804 prmlia
2906 3732 3108 3790 Christi

1862 3827 2116 3892 Bellaret,
2147 3826 2458 3897 pariterque
2484 3827 2568 3882 sui
2593 3826 2868 3898 signacula
2894 3824 3058 3900 Regis

1862 3918 2097 3974 invictus
2125 3919 2279 3975 miles
2304 3917 2547 3989 praefatis
2573 3918 2782 3974 inderet
2808 3916 2973 3991 arvis.

1864 4005 1935 4063 Ut
1965 4009 2009 4062 si
2040 4006 2365 4080 multiplices
2390 4023 2497 4064 non
2520 4016 2706 4079 posset
2722 4007 2847 4081 jure
2871 4018 3118 4077 catervas

1868 4099 2116 4166 Vincere,
2148 4100 2231 4156 vel
2253 4100 2535 4171 pulchram
2556 4085 2773 4171 caperet
2799 4115 2897 4173 per
2924 4100 3150 4159 vulnera
3173 4111 3441 4173 mortem:

1865 4190 2110 4262 Dumque
2138 4191 2466 4269 ibiviviﬁcis
2490 4192 2714 4247 inferret
2742 4192 2947 4267 spicula
2970 4195 3168 4263 contis,

1865 4282 1932 4338 Et
1952 4282 2147 4338 multos
2174 4290 2414 4352 aequaret
2438 4283 2624 4351 humo,
2654 4281 2951 4355 falsamque
2979 4284 3203 4341 deorum

182 4368 512 4447 Principium
533 4368 709 4431 canit,
732 4375 893 4437 atque
907 4374 1031 4421 ante
1046 4364 1227 4420 omnia
1248 4375 1488 4434 tempora
1502 4361 1709 4418 Verbun

1867 4374 2147 4431 Sterneret
2174 4376 2239 4431 ad
2271 4385 2470 4431 terram
2488 4384 2811 4432 constanter
2837 4376 3169 4449 relligionem

185 4463 386 4533 Estque
412 4460 500 4516 via
531 4459 692 4516 simili
719 4475 805 4515 me
831 4474 973 4514 nunc
999 4472 1292 4529 properare
1317 4469 1538 4510 necesse
1570 4471 1583 4507 :

187 4554 355 4608 Instat
381 4552 523 4608 enim
556 4564 860 4607 memorare
899 4550 1058 4605 itiner
1083 4564 1188 4620 quo
1213 4556 1437 4603 sanctus
1462 4546 1738 4604 Amandus
1821 4558 1827 4564 '

187 4644 350 4700 lverit
376 4644 443 4699 ad
473 4643 775 4708 Dominum,
806 4643 1031 4701 meritos
1064 4650 1377 4713 sumpturus
1402 4642 1637 4696 honores
1663 4658 1675 4694 :

188 4739 389 4795 Viserit
414 4746 469 4793 et
492 4740 735 4809 requiem
779 4737 985 4794 cnelesti
1013 4738 1066 4792 in
1099 4737 1332 4793 culmine
1352 4726 1562 4809 partam
1589 4755 1601 4767 ·

185 4833 301 4900 Quo
331 4848 418 4889 me
441 4834 584 4889 nulla
610 4833 749 4889 levat
777 4832 1039 4888 factorum
1068 4847 1241 4905 penna
1269 4833 1555 4889 bonorum.

187 4922 337 4979 Velle
361 4937 511 4978 meos
536 4923 743 4979 animos
772 4923 917 4989 urit;
946 4924 1040 4979 sed
1067 4937 1225 4993 posse
1252 4930 1505 4978 retentat.

186 5014 417 5071 Currere
438 5013 615 5085 lingua
643 5015 822 5084 cupit;
854 5014 1046 5069 stridet
1070 5015 1164 5069 sed
1188 5014 1369 5070 nescia
1394 5013 1518 5070 fari.

187 5104 379 5163 Cordis
407 5107 460 5161 in
488 5122 617 5162 aure
644 5114 823 5162 tamen
852 5106 896 5162 si
926 5107 1116 5163 sibilus
1142 5107 1229 5162 ille
1255 5108 1497 5174 resultet,

188 5197 410 5269 Impleat
433 5208 487 5254 et
515 5206 769 5264 mentem,
803 5196 1074 5252 calamum
1100 5213 1206 5267 quo
1236 5199 1385 5270 tingo
1415 5198 1645 5271 liquore,

190 5289 287 5357 Qui
317 5289 447 5345 facit
473 5289 736 5345 humanas
761 5290 965 5345 asinam
990 5288 1226 5345 formare
1254 5290 1524 5360 loquelas,

190 5377 582 5450 lndocilemque
610 5380 781 5434 virum
810 5380 1038 5450 querulo
1066 5381 1396 5437 confundere
1417 5381 1707 5455 rhythmo;

189 5467 440 5527 Cannine
464 5472 738 5529 succincte
768 5489 887 5544 qua:
919 5481 1125 5530 restant
1152 5482 1301 5547 gesta
1330 5474 1548 5543 notabo,

263 5661 293 5724 ξ
327 5646 509 5724 ροᾶει
534 5649 728 5724 Elnon,
758 5654 926 5724 effert.

1868 4469 2018 4526 Unus
2045 4470 2209 4535 iners,
2240 4468 2434 4535 facilis,
2460 4469 2600 4525 male
2627 4466 2886 4537 lubricus,
2913 4478 3077 4541 atque
3100 4469 3387 4551 superbus,

1866 4561 2062 4630 Turpis
2091 4570 2147 4615 et
2166 4562 2409 4630 impurus
2435 4562 2679 4616 scurrilia
2706 4562 2903 4631 probra
2937 4577 3246 4630 susurrans,

1866 4652 2037 4719 Quem
2070 4651 2262 4704 merito
2289 4650 2480 4722 vulgus
2505 4651 2706 4705 vocitat
2730 4653 3050 4721 cognomine
3076 4653 3322 4719 mimum,
3402 4726 3405 4733 Ι

1868 4740 2089 4797 Obstitit
2119 4738 2301 4794 infelix
2329 4737 2525 4819 stolido
2554 4741 2851 4797 bacchante
2871 4741 3157 4801 cachinno.

1870 4830 1975 4886 Sed
2005 4834 2128 4885 mox
2157 4837 2406 4899 arreptus
2427 4830 2593 4884 miser
2620 4837 2738 4884 atro
2772 4829 3038 4896 daemone,
3067 4830 3256 4902 plenus

1867 4922 1984 4990 Quo
2014 4920 2192 4976 fuerat
2216 4920 2447 4990 pridem,
2475 4935 2597 4999 cum
2629 4920 2753 4978 vita
2775 4922 2895 4993 risit
2919 4922 3212 4988 alumnum,

1867 5013 1987 5084 Ipse
2018 5013 2130 5069 suis
2160 5013 2409 5069 manibus
2436 5013 2577 5069 male
2603 5028 2736 5069 sano
2763 5014 3011 5089 membra.
3029 5013 3213 5085 furore

1867 5107 2159 5177 Discerpit,
2190 5100 2409 5172 scindit,
2438 5106 2746 5177 disrumpit,
2771 5088 2973 5178 diripit,
2999 5088 3131 5175 urit,

1865 5198 2115 5268 Anteque
2142 5213 2305 5267 quam
2332 5196 2545 5268 patulos
2572 5196 2731 5253 Erebi
2762 5207 3098 5255 transcurrat
3118 5200 3315 5270 hiatus,

1866 5289 1972 5347 Dat
1996 5298 2201 5346 certum
2228 5289 2504 5355 indicium,
2532 5289 2667 5345 duce
2688 5304 2796 5360 quo
2824 5291 3083 5348 deductus
3109 5290 3303 5350 abiret.

1867 5376 1975 5442 Ore
1997 5398 2104 5439 uno
2128 5390 2346 5455 stupeas
2374 5380 2621 5437 millenas
2642 5396 2864 5439 currere
2893 5381 3122 5453 linguas.

1762 5470 1767 5475 ’
1868 5474 2109 5533 Tandem
2143 5470 2404 5530 diStortus
2430 5480 2693 5529 vacuatus
2717 5482 2772 5531 et
2798 5475 3009 5547 hospite
3031 5484 3089 5531 et
3120 5475 3301 5543 hoste,

1864 5651 2100 5727 iectam,
2139 5648 2373 5721 explicat
2404 5648 2593 5727 Petrus
2620 5650 2686 5706 de
2722 5649 3014 5727 l_hria_sub
3037 5649 3199 5706 ﬁnem
3228 5647 3351 5706 libri
3379 5662 3435 5727 l,

264 5717 292 5764 δ
328 5721 669 5792 Vasconiam,
691 5717 811 5782 avo
830 5723 1040 5782 Milonis
1060 5726 1295 5802 Regibus
1319 5726 1620 5799 Aquitaniae
1639 5727 1766 5784 sub-
1793 5722 1847 5783 D
1865 5717 1929 5781 et
1957 5724 2165 5779 initium
2190 5717 2465 5795 sequentis
2492 5719 2692 5778 Histor.
2728 5720 2987 5778 Bearnie.
