3954 6342
610 333 717 392 959

608 449 713 517 Qui
738 449 982 524 ingratus
1016 455 1226 512 rediens
1252 457 1486 515 animam
1514 461 1775 518 violenter
1802 466 1999 536 abegit,

606 543 1003 618 Abducensque
1029 547 1159 604 facit
1184 565 1366 606 secum
1395 563 1678 623 penetrare
1702 558 2020 628 gehennam.

607 632 710 701 Qui
739 634 840 690 fuit
867 638 1110 695 incentor
1132 641 1324 711 culpae,
1353 643 1410 697 ﬁt
1439 653 1609 700 tortor
1634 647 1688 700 in
1721 647 1861 716 igne.

604 723 674 780 Et
696 727 822 796 quia
843 738 968 784 sunt
986 745 1090 785 non
1111 732 1232 787 laeta
1254 735 1405 800 satis,
1431 752 1550 807 quae
1571 741 1875 826 scribimus,
1900 744 2026 800 hinc
2038 743 2174 815 jam,

605 813 874 872 Tristibus
903 818 1141 888 omissis,
1169 821 1237 877 ad
1263 823 1438 880 dulcia
1466 838 1654 898 pergat
1681 813 1908 889 arundo.

673 924 726 980 3.
762 925 905 1000 Ergo
929 929 1018 986 ubi
1045 948 1176 1004 gens
1200 945 1386 991 sancto
1413 947 1635 995 vacuata
1665 941 1860 1000 decore
1882 947 2068 1005 relicta
2092 957 2175 1006 est

600 1016 852 1089 Antiquis
881 1024 1138 1091 tenebris,
1170 1028 1336 1083 voluit
1363 1032 1486 1101 quia
1521 1048 1776 1104 spernere
1805 1038 1980 1095 lucem

602 1106 996 1167 Transmissam
1024 1116 1262 1183 sibimet,
1292 1135 1454 1190 quam
1480 1138 1538 1179 se
1569 1125 1916 1183 substernere
1939 1130 2079 1188 luci:

599 1193 817 1254 Lucifer
846 1201 935 1258 ille
959 1205 1161 1273 nitens,
1186 1224 1307 1264 cum
1331 1209 1446 1280 jam
1477 1217 1760 1285 repedaret
1783 1219 1852 1274 ab
1877 1221 2000 1288 illis,

597 1285 848 1347 Pervenit
874 1297 1160 1365 quamdam
1192 1304 1403 1358 tandem
1437 1305 1668 1364 lassatus
1693 1309 1760 1364 ad
1787 1313 1996 1380 urbem,

595 1378 760 1450 CUJUS
789 1384 1096 1445 honoriﬁcis
1128 1395 1338 1462 excepit
1364 1397 1646 1468 episcopus
1674 1401 1821 1457 illum

594 1469 902 1542 Obsequiis,
925 1479 1225 1550 meritoque
1254 1484 1435 1542 colens
1465 1503 1777 1548 reverenter
1801 1495 2028 1564 honore,

591 1561 650 1618 lu
678 1567 924 1625 manibus
951 1573 1121 1629 sacris
1143 1575 1328 1632 latices
1361 1581 1615 1651 perfudit,
1643 1594 1698 1640 et
1726 1587 1870 1657 ipsos

591 1651 880 1712 Custodem
911 1664 1120 1718 monuit
1143 1665 1338 1723 clausis
1366 1670 1565 1728 inferre
1592 1677 1822 1733 sacellis.

589 1737 830 1802 Antistes
861 1765 1094 1822 namque
1119 1755 1164 1810 is
1193 1768 1277 1813 sat
1306 1760 1476 1818 ﬁdens
1503 1767 1728 1834 exstitit,
1760 1770 1864 1827 illis

590 1833 840 1906 Optatam
865 1841 1111 1902 invalidis
1141 1852 1367 1917 praaberi
1389 1871 1548 1926 posse
1578 1861 1861 1940 medelam.

589 1924 726 1997 Spes
747 1947 921 2004 neque
950 1945 1060 1992 tam
1088 1940 1271 1998 ﬁrmos
1299 1924 1506 2004 animos
1533 1931 1846 2009 certissima.
1862 1956 2007 2013 lusit.

590 2015 854 2111 Tempore
882 2041 987 2094 quo
1010 2030 1225 2097 quidam
1255 2037 1526 2096 residebat
1554 2044 1620 2097 ad
1647 2047 1786 2100 ostia
1819 2051 1998 2118 templi

589 2107 888 2182 Mendieus,
919 2119 1078 2176 rebus
1103 2139 1328 2196 pauper,
1352 2131 1445 2186 sed
1476 2132 1678 2191 lumine
1701 2137 1892 2196 frontis

584 2199 897 2277 Pauperior,
931 2227 1091 2282 quem
1121 2217 1222 2273 hac
1249 2221 1442 2277 aﬁ‘atur
1470 2241 1600 2284 voce
1625 2234 1877 2290 sacerdos
1903 2255 1915 2291 :

585 2292 632 2352 0
657 2296 838 2366 homo,
865 2302 909 2357 si
940 2303 1063 2360 ﬁdei
1097 2311 1296 2367 retines
1322 2315 1374 2369 in
1402 2328 1619 2386 pectore
1645 2323 1841 2391 lucem,

581 2385 752 2444 Ablue
779 2405 918 2460 aqua
946 2394 1156 2454 clausos
1183 2403 1386 2470 oculos,
1405 2385 1530 2479 qua
1560 2423 1780 2470 sanctus
1808 2418 2085 2480 Amandus

579 2473 764 2536 Abluit
794 2481 882 2538 ille
911 2501 1102 2544 manus
1126 2510 1140 2545 :
1178 2493 1278 2550 hoc
1307 2473 1544 2566 spondeo
1575 2513 1626 2559 te
1649 2513 2014 2570 renovandum

582 2564 847 2638 Unguine,
877 2573 964 2630 lux
989 2579 1201 2638 rediens
1224 2588 1382 2643 caecis
1408 2591 1580 2649 infusa
1609 2595 1862 2656 fenestris

580 2655 920 2729 Monstrabit,
956 2666 1138 2726 Sancti
1165 2686 1423 2745 quantum
1451 2683 1756 2745 benedictio
1785 2692 1944 2766 digna
1973 2706 2056 2754 est
2080 2714 2095 2754 :

577 2746 688 2806 Nec
718 2769 920 2813 vacuus
949 2763 1174 2820 credens
1197 2767 1319 2824 ﬁdei
1348 2773 1548 2830 virtute
1571 2781 1792 2837 redibis.

577 2839 705 2897 Haec
732 2847 991 2914 promissa
1011 2893 1026 2916 ,
1055 2869 1244 2914 carens
1273 2877 1395 2918 mox
1425 2881 1627 2938 pauper
1656 2871 1889 2941 lumine,
1922 2881 2150 2938 credens

577 2929 820 3005 Sumpsit
845 2955 1033 3011 aquas,
1062 2946 1360 3022 faciemque
1391 2955 1541 3025 lavit,
1569 2964 1834 3021 medicina
1861 2968 2078 3029 lavacro

575 3022 672 3079 Est
694 3030 945 3087 comitata
967 3035 1074 3104 pio.
1109 3037 1152 3092 Ο
1182 3057 1359 3099 rerum
1387 3053 1664 3110 conversio
1693 3056 1706 3108 ἔ
1736 3055 1875 3114 Caeci

576 3114 715 3172 Dum
743 3121 1025 3192 splendent
1049 3131 1211 3198 oculi,
1249 3119 1363 3192 fera
1389 3144 1578 3199 mortis
1603 3146 1781 3219 imago
1805 3152 2017 3222 repulsa
2037 3165 2139 3211 est.

574 3207 692 3304 Dic,
721 3227 868 3284 rogo,
900 3220 1141 3292 quisquis
1167 3228 1314 3294 ades,
1341 3244 1540 3302 quanta
1568 3207 1764 3296 virtute
1793 3207 2014 3304 Beatum

573 3293 728 3357 Nunc
749 3301 962 3363 fulsisse
991 3321 1168 3380 putas,
1191 3332 1311 3373 cum
1347 3338 1586 3390 praesens
1611 3345 1835 3402 corpore
1861 3338 2092 3407 adesset,

581 3385 604 3407 Α
627 3403 645 3407 Α
669 3404 696 3407 _
751 3406 754 3407 γ
1112 3403 1124 3407 ,

570 3385 649 3444 Ac
669 3404 832 3459 prece
858 3412 1020 3466 quam
1046 3403 1274 3463 celerem
1299 3412 1535 3480 quivisse.
1563 3419 1764 3478 referre
1789 3428 2070 3498 medelam,

571 3477 736 3551 Cujus
766 3484 981 3558 lympha
1020 3508 1210 3551 manus
1229 3477 1365 3556 lucis
1391 3503 1618 3576 largitur
1644 3511 1943 3574 honorem?

569 3569 711 3628 Cede
731 3574 867 3642 loco,
899 3584 1128 3652 medice,
1161 3590 1287 3645 trito
1308 3609 1428 3648 eum
1456 3599 1696 3669 pulvere,
1728 3609 1856 3676 quid
1883 3615 2036 3670 stas?

566 3659 791 3722 Pulvere
813 3672 954 3724 enim
985 3679 1175 3732 caacari
1195 3683 1380 3741 oculos
1411 3702 1500 3744 res
1524 3695 1705 3750 notior
1723 3711 1920 3758 exstat.

569 3749 693 3810 Haec
719 3758 764 3812 si
789 3763 985 3830 credis,
1017 3782 1169 3838 aqua:
1191 3788 1444 3843 superant
1475 3783 1695 3854 collyria
1727 3803 1940 3861 cuneta,

567 3843 735 3953 Quam
768 3855 979 3910 mundae
1004 3862 1206 3918 sordes.
1251 3864 1296 3922 Ο
1321 3883 1482 3937 quam
1513 3843 1958 3953 purgatiopiurad

565 3933 736 4002 Quam
766 3941 954 4000 doctus
978 3951 1235 4020 medicus,
1263 3972 1370 4026 quo
1391 3975 1581 4020 cuncta
1601 3933 1830 4028 obscurra
1853 3977 2131 4051 refulgent,

570 4024 644 4051 ἢ-.
681 4029 818 4051 -__:_-_
869 4037 900 4051 ι.
942 4039 996 4051 ._.
1113 4045 1164 4051 --.

569 4024 647 4131 De
675 4029 826 4099 cujus
851 4037 1028 4106 digitis
1059 4045 1265 4103 stillant
1284 4024 1640 4115 medicamina

572 4116 720 4176 Talia
749 4125 900 4197 signa
931 4133 1012 4186 sui
1040 4137 1271 4204 produnt
1301 4146 1523 4218 vestigia
1546 4116 1688 4222 regis

564 4210 717 4279 Quod
744 4224 1009 4290 sequitur,
1040 4242 1233 4300 perpes
1255 4234 1380 4292 hinc
1407 4210 1637 4300 Christ;
1645 4247 1811 4317 gloria
1838 4268 2070 4326 summo,

561 4304 765 4376 Dignus
793 4310 966 4368 honor
990 4315 1161 4387 Justo,
1186 4339 1293 4394 quo
1318 4343 1422 4385 non
1452 4304 1738 4404 pretiosior
1762 4345 1900 4401 alter

559 4397 640 4453 Ad
664 4403 786 4458 (τίειί
810 4420 1031 4478 regnum
1058 4415 1325 4474 sociorum
1357 4438 1424 4479 ex
1447 4430 1658 4496 agmine
1686 4437 1848 4492 venit.

557 4487 761 4599 Obvius
793 4508 978 4554 ornata
1011 4503 1136 4559 dum
1168 4524 1365 4579 sponso
1393 4487 1639 4588 lampade
1664 4487 1856 4599 pergit,

558 4579 737 4639 Manat
762 4587 1019 4649 oliviferis
1041 4611 1164 4653 mox
1192 4601 1378 4672 igneus
1406 4610 1567 4666 ardor
1590 4613 1660 4668 ab
1685 4579 1844 4685 ulnis,

553 4668 866 4778 :ccendens
891 4686 1104 4754 propria
1134 4668 1458 4778 reliquorum
1487 4702 1552 4756 de
1582 4668 1913 4778 facetaadas,

553 4755 786 4818 Fulserit
809 4774 866 4820 et
889 4783 1092 4839 quanto
1123 4755 1494 4839 demonstrant
1519 4755 1660 4846 facta
1691 4755 1906 4854 decore.I

1176 4929 1401 4990 CAPUT
1433 4935 1496 4994 ll.

550 5048 873 5110 Monasteria
893 5076 925 5112 α
949 5059 1005 5115 S.
1035 5065 1272 5151 Amantio
1297 5085 1580 5151 exstructa.
1603 5079 1907 5144 Periculum
1934 5096 2116 5151 mortis

1077 5138 1271 5194 caelitus
1294 5145 1584 5215 depulsum.

614 5279 669 5334 4.
712 5279 952 5355 Dumque
977 5289 1080 5347 iter
1102 5294 1388 5369 inemptum
1421 5307 1582 5362 variis
1607 5308 1893 5371 virtutibus
1921 5317 2038 5387 iret,

543 5369 873 5433 Francorum
901 5381 965 5436 ad
996 5400 1214 5458 regnum
1242 5392 1380 5450 felici
1408 5400 1620 5458 tramite
1651 5406 1815 5473 venit,

542 5462 818 5538 Elcgitque
847 5471 1040 5543 locum,
1064 5495 1170 5549 quo
1193 5487 1410 5542 verbum
1434 5506 1713 5564 spargeret
1739 5508 1946 5569 aptum,

541 5553 597 5608 In
630 5573 755 5626 quo,
789 5563 975 5620 devota
1009 5569 1234 5628 fratrum
1265 5553 1818 5654 comitante‘coliorte,

542 5647 641 5714 Qui
668 5654 844 5709 varias
873 5656 1069 5715 Christi
1097 5663 1328 5721 tulerant
1355 5685 1453 5738 pro
1480 5677 1693 5731 nomine
1721 5697 1926 5750 poenas,

541 5737 706 5797 Sacra
737 5752 1046 5805 monasterii
1071 5760 1370 5814 construxit
1397 5762 1628 5821 claustra
1663 5773 1874 5827 novelli.

1699 343 1972 405 MILONIS
2007 347 2310 406 MONACHI
2351 350 2410 408 S.
2453 349 2713 410 AMANDI

2203 474 2254 534 Α
2278 464 2426 521 Felix
2457 467 2542 522 illa
2568 468 2669 523 fuit
2695 470 2796 525 sub
2829 479 2978 527 tanto
3007 475 3185 531 schola
3211 481 3471 552 magistro,

2281 555 2358 612 De
2384 572 2488 627 qua
2513 560 2836 631 multiplices
2869 567 3163 632 procedunt
3183 571 3300 637 jure
3325 575 3562 646 sophista,

2278 645 2601 705 Pontiﬁcum
2631 667 2917 708 numerosa
2950 658 3164 724 cohors,
3196 661 3434 735 doctique
3451 645 3629 728 Patroni

2277 734 2548 805 Ecclesiae,
2579 742 2758 796 verbis
2781 744 2918 812 puri,
2949 747 3217 817 gestisque
3242 734 3476 810 nitentes.

2276 826 2467 894 Gallia,
2495 830 2606 900 jam
2637 834 2791 887 rediit
2819 833 3070 902 Sanctus,
3100 838 3300 907 lauare,
3329 844 3579 919 benignum
3601 865 3675 924 est,

2278 916 2481 991 Sparge
2503 922 2666 976 alacri
2696 923 2871 990 flores,
2905 929 3112 985 tibimet
3136 932 3356 990 salvatio
3377 916 3520 995 venit.

2275 1008 2388 1065 Hac
2414 1014 2613 1067 etenim
2641 1030 2746 1070 non
2773 1027 2926 1086 parte
2951 1021 3122 1088 cadis,
3153 1040 3256 1093 qua
3286 1030 3440 1084 turris
3464 1031 3644 1106 Olympo

2273 1100 2474 1156 Contra
2503 1107 2826 1175 sanguineas
2855 1111 3001 1166 acies
3028 1123 3083 1168 et
3113 1113 3252 1170 bella
3285 1117 3510 1178 Damasci

2271 1191 2435 1248 Forte
2465 1194 2584 1248 tulit
2610 1206 2790 1267 caput,
2823 1200 2960 1255 ultra
2988 1213 3044 1257 et
3073 1206 3249 1261 sidera
3273 1214 3497 1268 constitit
3519 1217 3624 1287 ipsa.

2271 1281 2405 1338 Nam
2436 1286 2480 1339 si
2507 1287 2791 1356 pervalidae
2819 1289 3020 1348 Oceani
3045 1296 3111 1350 de
3138 1306 3291 1366 parte
3315 1281 3540 1370 procella

2270 1375 2552 1447 Irruerint,
2582 1383 2726 1439 nullo
2747 1387 2974 1457 quibunt
3003 1397 3381 1454 transcendere
3401 1411 3556 1470 pacto,

2269 1468 2526 1528 Passibus
2553 1479 2781 1548 egregiis
2810 1496 2915 1550 qua
2943 1500 3186 1554 gressum
3218 1491 3334 1546 ﬁxit
3357 1468 3623 1555 Amandus:

2271 1562 2330 1620 Si
2357 1574 2533 1622 tamen
2566 1573 2765 1642 egregii
2791 1580 3014 1633 secteris
3037 1579 3189 1649 jussa
3219 1583 3469 1657 Magistri.

2267 1655 2364 1710 Est
2390 1674 2583 1728 neque,
2612 1665 2756 1732 quod
2779 1666 2973 1724 timeas
2998 1670 3228 1730 ferventi
3260 1655 3543 1747 initurbiiie,
3569 1684 3668 1742 freta

2269 1745 2384 1804 Hoc
2414 1750 2634 1807 ductore
2667 1762 2781 1821 tuo,
2812 1760 2902 1828 qui
2929 1778 3031 1817 non
3059 1765 3294 1822 debellat
3323 1770 3517 1842 iniquos

2190 1829 2241 1889 B
2265 1837 2464 1903 Armis,
2497 1844 2592 1898 sed
2615 1847 2823 1903 meritis
2851 1851 2978 1907 hinc
3004 1869 3174 1925 usque
3195 1859 3260 1912 ad
3286 1829 3453 1916 sidera
3479 1866 3610 1919 notis.

2329 1929 2382 1984 5.
2422 1931 2687 2003 Tempore
2717 1953 2824 2007 quo
2855 1942 3110 2015 princeps
3137 1963 3358 2019 regnum
3381 1950 3633 2011 Hildericus
3653 1973 3731 2029 age

2261 2019 2588 2095 lnvasasque
2618 2031 2765 2098 gravi
2797 2032 2935 2088 bello
2963 2039 3232 2094 tractabat
3257 2042 3494 2108 habenas,
3634 2047 3718 2121 [bat

2262 2112 2398 2168 Dum
2422 2115 2714 2174 fremerent
2742 2123 2964 2194 reliqute
2994 2126 3181 2185 Martis
3206 2136 3487 2190 certamine
3509 2148 3666 2208 gentes,

2261 2200 2324 2256 Et
2348 2203 2503 2274 gladii
2529 2207 2754 2277 gladios,
2789 2215 3051 2272 umbones
3080 2221 3328 2278 redderet
3353 2200 3524 2293 umbo;

2258 2291 2336 2348 Ac
2363 2294 2529 2352 frater
2554 2297 2802 2368 fratrem,
2833 2306 3044 2375 genitus
3074 2324 3345 2379 premeret
3371 2318 3639 2386 genitorem,

2259 2391 2518 2464 Saevaque
2546 2407 2782 2455 vastaret
2809 2404 3032 2472 populos
3058 2409 3334 2478 populatio
3363 2413 3553 2480 multos,

2259 2483 2600 2556 Tempestate
2632 2494 2778 2561 gravi
2813 2503 2982 2550 totum
3021 2511 3303 2570 grassante
3326 2519 3416 2574 per
3440 2507 3622 2574 orbem;

2255 2573 2370 2630 Non
2401 2579 2555 2634 turbo
2583 2582 2667 2636 hic
2699 2586 2886 2651 tenuit,
2915 2586 3161 2660 Justique
3194 2573 3437 2663 ligamine
3463 2598 3604 2652 vinxit

2253 2665 2504 2736 Brachia,
2529 2687 2627 2728 nec
2666 2683 2810 2731 tanta
2840 2693 3018 2734 rerum
3042 2685 3308 2754 vertigine
3337 2689 3510 2751 victus,

2255 2758 2434 2832 Liquit
2462 2779 2597 2834 opus
2626 2778 2886 2838 emptum,
2915 2772 3080 2829 lucris
3113 2776 3359 2834 ﬁdelibus
3381 2783 3588 2837 ardens.’

2253 2851 2358 2908 Sed
2389 2870 2568 2926 regem
2599 2862 2732 2928 petit
2752 2861 2866 2930 jam
2901 2865 3100 2920 dictum
3131 2884 3365 2926 cernuus
3393 2872 3492 2938 ille,

2250 2945 2527 3013 Quatenus
2557 2951 2631 3006 illi
2659 2953 2891 3025 aliquem
2915 2959 3180 3026 praeberet
3197 2959 3322 3028 jure
3348 2964 3582 3019 locellum.

2252 3035 2419 3093 Sacra
2443 3045 2750 3098 monasterii
2777 3054 3011 3102 strueret
3037 3066 3156 3120 qum
3183 3063 3359 3124 empta
3385 3056 3593 3119 venusti;

2248 3129 2417 3196 Quem
2448 3150 2568 3188 mox
2597 3145 2655 3190 ιιι
2681 3139 2834 3206 petiit
2862 3142 3113 3213 princeps
3137 3146 3320 3213 dedit;
3350 3150 3465 3206 inde
3489 3160 3660 3220 repente

2260 3191 2292 3196 _-
2682 3191 2697 3206 ,
2862 3191 3046 3212 rm---
3087 3191 3112 3199 η
3139 3191 3320 3213 ws...
3350 3191 3497 3206 ...ηιμ

2171 3191 2215 3253 C
2248 3221 2464 3276 Talibus
2492 3224 2543 3278 in
2576 3227 2735 3282 rebus
2761 3233 3016 3300 quoniam
3043 3191 3142 3290 fuit
3171 3237 3397 3311 impiger
3421 3241 3497 3296 ille

2248 3312 2646 3384 Ecclesiaajecit
2674 3318 2980 3378 fundamina
3009 3341 3157 3381 more
3184 3331 3383 3400 sagaci.

2246 3403 2490 3475 Dumque
2519 3409 2714 3464 ibidem
2745 3415 2936 3483 coeptis
2961 3427 3232 3487 perstaret
3258 3421 3437 3478 Justus
3462 3424 3508 3478 in
3533 3424 3630 3489 illis,

2246 3494 2566 3554 Mummulus
2594 3501 2804 3559 invidia:
2831 3505 3039 3565 facibus
3061 3509 3369 3571 ﬂammatus
3392 3515 3592 3580 acerbis,

2244 3585 2384 3643 Urbs
2410 3589 2715 3648 Ozindinsis
2742 3595 2892 3665 cujus
2917 3599 3178 3668 subjecta,
3208 3606 3376 3661 sedile

2242 3679 2481 3738 Ornabat
2505 3685 2704 3740 celsum
2733 3690 3004 3746 variorum
3033 3697 3278 3764 gramine
3307 3697 3503 3754 ﬂorum.

2236 3771 2528 3844 lndignans
2552 3780 2789 3849 graviter
2819 3780 3078 3839 Sanctum
3107 3786 3425 3858 impetrasse
3452 3790 3664 3846 locellum.

2236 3865 2488 3921 Evomuit
2511 3868 2665 3925 furiis
2688 3886 3001 3943 conceptum
3031 3889 3214 3936 mente
3237 3898 3506 3950 venenum,

2237 3955 2548 4026 Direxitque
2575 3975 2700 4016 suos
2727 3963 3033 4022 stimulante
3058 3967 3245 4027 furore
3275 3974 3530 4029 ministros

2233 4047 2479 4104 Audaces
2509 4053 2702 4108 animis
2728 4066 2889 4126 atque
2911 4065 3077 4119 armis
3109 4067 3342 4138 amplius
3369 4080 3567 4126 auctos:

2233 4140 2312 4196 Illi
2338 4158 2538 4199 acuens
2562 4146 2787 4216 gladios,
2818 4154 2906 4222 qui
2933 4157 3078 4225 pacis
3100 4158 3241 4215 lator
3269 4162 3323 4216 in
3348 4164 3482 4218 omni

2233 4229 2377 4288 Orbe
2405 4233 2523 4300 fuit,
2558 4239 2736 4306 superi
2766 4243 2853 4312 qui
2879 4249 3141 4318 prompsit
3170 4267 3367 4320 pascua
3395 4254 3544 4324 regni.

2233 4322 2404 4389 Hunc,
2438 4327 2653 4384 inimice
2677 4329 2850 4399 ferox,
2884 4350 2983 4390 cur
3014 4338 3104 4392 tali
3132 4339 3323 4398 fraude
3353 4322 3616 4414 repugnans

2233 4410 2600 4484 Persequeris,
2631 4433 2922 4492 carumque
2955 4425 3063 4481 Dco
3093 4428 3375 4488 insectaris
3401 4431 3656 4487 alumnum?

2229 4504 2510 4573 Audieras,
2543 4508 2637 4563 tibi
2668 4525 2785 4579 qua:
2819 4529 3109 4572 scansurus
3135 4521 3202 4575 ad
3231 4532 3374 4577 astra
3403 4526 3619 4593 magister

2229 4545 2510 4573 ..νων-ιω,
2544 4545 2637 4563 uu-
2668 4545 2785 4579 qua;
2819 4545 3109 4572 acauam'ua
3135 4545 3202 4575 au
3231 4545 3374 4577 aura
3403 4545 3472 4578 ma

2152 4545 2204 4606 Β
2230 4596 2495 4653 Pacilieus
2523 4601 2731 4656 dederit
2763 4607 3038 4662 servandac
3063 4609 3267 4668 foedera
3301 4616 3472 4684 pacis:

2229 4685 2339 4742 Cur
2362 4689 2554 4759 pignus
2585 4693 2862 4756 hoc,.dum
2891 4699 3167 4756 meditaris
3198 4706 3398 4771 inania,
3423 4705 3622 4762 scindis?

2227 4778 2337 4833 Cur
2371 4791 2423 4835 te
2451 4790 2594 4836 tanta
2629 4794 2773 4841 tenet
2797 4789 3017 4847 sceleris
3048 4795 3308 4852 scelerata
3335 4799 3545 4870 cupido?

2225 4867 2412 4926 Nonne
2436 4873 2633 4930 decens
2657 4875 2832 4933 fuerat
2856 4880 3076 4940 sudores
3107 4878 3316 4959 tergere
3347 4867 3530 4954 tantos,

2221 4961 2299 5016 Ac
2327 4978 2610 5022 commune
2637 4970 2833 5026 bonum
2861 4975 3044 5031 sociali
3074 4995 3269 5035 ornare
3297 4981 3502 5037 labore?

2224 5055 2324 5122 Qui
2354 5053 2554 5114 facient
2580 5061 2692 5128 alii,
2719 5065 2844 5119 dum
2864 5071 3080 5136 quarris,
3106 5070 3384 5144 Episcope,
3413 5075 3550 5138 bella.

2218 5145 2296 5200 Ae
2325 5147 2554 5204 humana
2581 5161 2728 5208 tuum
2759 5155 2803 5210 si
2831 5173 2934 5213 non
2960 5169 3151 5216 natura
3176 5174 3380 5220 reatum

2217 5235 2555 5308 Comprimit,
2587 5245 2738 5311 ordo,
2767 5251 2988 5317 gradus,
3014 5265 3187 5324 neque
3212 5264 3266 5311 te
3287 5255 3490 5311 dilectio
3513 5247 3674 5308 frenat?

2216 5325 2460 5398 Suspiee,
2495 5330 2737 5390 fulminei
2769 5339 2985 5396 venient
3012 5343 3078 5398 de
3105 5345 3336 5402 nubibus
3365 5347 3558 5409 imbres.

2211 5419 2557 5494 Placaliitque
2586 5439 2704 5483 tuos
2731 5431 2969 5489 caelestis
2999 5438 3154 5491 turbo
3175 5436 3400 5504 furores,

2207 5511 2492 5582 Angelicas
2520 5517 2679 5582 acies,
2712 5531 2969 5587 armatas,
3004 5527 3342 5594 auxiliantes,

2208 5601 2375 5658 Ferre
2401 5604 2604 5662 videbis
2632 5625 2786 5679 opem
2819 5613 2990 5683 signis
3013 5619 3319 5675 victricibus
3344 5617 3568 5688 amplam.

2208 5691 2374 5748 Ferre
2407 5712 2591 5752 necem
2623 5701 2744 5757 telis
2771 5705 2855 5758 cui
2890 5723 3029 5763 nunc
3060 5712 3325 5767 minitaris
3351 5712 3547 5783 iniquis.

2207 5783 2500 5844 Cariiitices
2524 5805 2734 5860 quoque
2755 5795 2910 5864 pulso
2935 5799 3180 5870 loquens,
3211 5805 3297 5874 qui
3320 5804 3458 5875 jussa
3480 5798 3673 5856 volebant
