3954 6342
183 355 272 437 Del
1238 351 1323 407 DE
1363 351 1519 408 VITA
1558 352 1615 407 S.
1655 351 1936 408 AMANDI.
1974 384 2043 395 --
2078 355 2205 410 LIB.
2245 353 2334 412 IV.

179 469 412 531 Patrare,
439 473 498 521 et
521 464 743 522 sceleris
767 464 973 534 pariter
998 463 1269 520 consortia
1298 463 1444 519 ferre
1469 481 1482 518 :

179 561 313 630 Quos
339 557 511 613 aliena
542 571 665 613 reos
694 557 915 612 adduxit
941 556 1126 612 missio
1153 571 1328 621 noxae,

180 652 271 718 Qui
293 649 522 706 callente
544 649 664 706 dolo
688 665 746 704 se
770 648 955 703 fallere
980 663 1137 719 posse
1163 656 1419 718 putantes

177 744 340 809 Illum,
367 742 557 814 plenus
579 749 696 796 erat
723 741 815 812 qui
837 741 955 812 puri
984 739 1218 795 fluminis
1244 740 1458 794 haustu.

177 835 469 906 Fingebant
492 833 628 910 falso
657 833 877 889 fallaces
902 832 1102 887 famine
1131 832 1286 896 falsa,

174 929 410 1000 Aptaque
433 941 559 982 rura
591 926 724 982 satis
750 943 808 982 se
837 926 1039 982 Sancto
1065 926 1350 981 ostendere
1379 937 1573 996 posse:

175 1020 230 1076 Si
253 1019 542 1075 comitetur
565 1034 660 1075 eos
685 1034 875 1074 caussa
909 1019 1194 1089 studioque
1221 1019 1425 1073 tuendi.

172 1110 403 1168 Callidus
425 1118 482 1166 et
506 1124 815 1180 quanquam
844 1110 999 1165 miles
1029 1108 1360 1165 simulaverit
1386 1122 1502 1174 ore,

173 1204 410 1260 Finxerit
431 1212 486 1259 et
513 1211 664 1260 tanto
692 1202 972 1260 mendacia
999 1202 1142 1259 dicta
1169 1202 1470 1273 Prophetze,

173 1295 335 1363 Quem
364 1303 702 1350 monstrante
730 1295 841 1350 Deo
872 1293 948 1350 nil
973 1293 1238 1359 clausum,
1269 1293 1448 1364 nilque
1469 1293 1673 1350 latebat

171 1383 446 1441 Occultum
469 1383 644 1450 fibris,
678 1383 754 1439 nil
785 1392 982 1439 tectum
1015 1383 1253 1454 pectoris
1277 1384 1469 1440 antris.

168 1475 400 1531 Auribus
425 1475 481 1530 in
507 1473 662 1544 cujus
691 1475 771 1529 sic
805 1490 958 1530 mens
985 1484 1044 1530 ut
1069 1475 1248 1545 lingua
1275 1475 1530 1542 sonabat;

167 1565 280 1622 Non
307 1574 487 1622 tamen
517 1563 733 1634 iniustis
758 1565 1023 1621 scelerum
1052 1565 1310 1621 latoribus
1341 1567 1454 1636 ipse

165 1658 402 1726 Obstitit,
429 1668 523 1736 aut
553 1659 710 1715 saevis
740 1659 1063 1714 monstravit
1093 1667 1243 1731 terga
1270 1659 1553 1714 ministris.

165 1751 332 1806 Tanta
357 1765 457 1806 nec
482 1751 712 1806 invictos
737 1751 948 1806 animos
971 1750 1200 1805 formido
1224 1765 1507 1820 pererrans

163 1840 409 1912 Dispulit,
433 1853 529 1896 aut
555 1841 804 1897 stabilem
829 1841 986 1912 liquit
1012 1843 1318 1897 constantia
1341 1850 1576 1898 mentem
1601 1859 1616 1896 :

162 1935 401 2008 Martyrii
431 1936 636 2006 jugiter
663 1935 918 2006 quoniam
946 1934 1191 1990 fervebat
1214 1949 1419 1990 amore.

160 2027 222 2080 Et
255 2042 569 2097 quanquam
600 2026 808 2082 dederit
835 2041 978 2082 nunc
1002 2025 1259 2096 temporis
1283 2025 1433 2096 optio
1461 2032 1645 2082 votum

161 2119 428 2192 Martyris,
457 2120 686 2176 emerito
712 2135 820 2175 non
850 2127 936 2175 est
963 2117 1248 2173 fraudatus
1275 2118 1500 2173 honore.

159 2209 295 2266 Hinc
321 2209 534 2281 superis
561 2211 734 2280 magis
761 2218 846 2266 est
873 2209 1139 2264 laudanda
1169 2209 1412 2278 potentia
1435 2207 1658 2274 Christi,

156 2301 306 2371 Quod
336 2303 482 2360 dedit
517 2303 643 2360 huic
673 2303 908 2374 palmam
936 2302 1104 2374 gratis
1139 2301 1256 2357 sine
1278 2301 1500 2356 vulnere
1525 2300 1736 2356 mortis.

219 2439 272 2494 6.
317 2436 546 2509 Jamque
571 2436 917 2508 supercilium
944 2436 1143 2491 montis
1172 2435 1263 2506 pia
1286 2434 1505 2490 victima
1527 2434 1696 2490 adivit

155 2529 558 2601 Percussorque
587 2527 757 2594 ferus,
784 2543 883 2584 ceu
911 2530 1182 2599 quondam
1208 2537 1430 2583 sanctus
1457 2526 1632 2594 Isaac,

160 2622 341 2694 thue
375 2622 607 2693 maligna
637 2636 831 2676 manus
857 2621 1080 2676 nimium
1112 2619 1347 2676 crudelis
1369 2619 1546 2674 Iesum

155 2716 387 2786 Quando
413 2714 596 2770 furore
619 2713 823 2780 calens,
849 2714 916 2769 ad
945 2713 1142 2769 montis
1165 2713 1399 2768 culmina
1423 2721 1622 2768 nostra:

151 2812 443 2869 Auctorem
472 2811 596 2866 vitae
621 2809 888 2880 pertraxit
917 2809 1382 2880 praecipitandum,

153 2905 210 2961 Si
238 2913 375 2961 tunc
405 2918 584 2975 posse,
617 2902 762 2958 velut
784 2901 1133 2956 furibundum
1160 2899 1316 2966 velle,
1351 2898 1650 2955 habuisset.

151 2994 305 3052 Haud
341 3008 496 3050 secus
527 2993 614 3048 hic
642 2991 846 3058 Justus,
875 3007 999 3047 cum
1029 2998 1198 3046 staret
1227 2990 1396 3056 mitis,
1429 2999 1489 3045 ut
1512 3004 1702 3062 agnus.

154 3085 458 3144 Subvacuis
482 3085 682 3157 pietate
704 3084 867 3156 lupis,
898 3097 1023 3138 mox
1047 3081 1260 3138 caelitus
1289 3089 1424 3138 atras

151 3180 404 3238 Collecta:
423 3179 594 3235 nubes
617 3177 802 3234 oculos
824 3175 1066 3232 clausere
1093 3175 1377 3239 malorum,

151 3273 260 3331 Nec
287 3275 522 3346 phoebea
549 3280 699 3342 patet
723 3271 884 3342 digno
908 3269 1042 3325 satis
1065 3267 1254 3323 ordine
1277 3267 1522 3338 lampas:

151 3365 247 3422 His
272 3364 504 3421 retrahit
526 3364 686 3434 jubar
713 3372 770 3418 et
800 3361 980 3417 radios
1005 3360 1272 3415 convertit
1292 3358 1347 3413 in
1371 3358 1617 3425 umbras,

152 3457 255 3526 Qui
280 3456 447 3512 rutilo
477 3455 707 3526 spoliare
738 3454 957 3510 student
983 3453 1270 3524 splendore
1295 3450 1591 3515 lucernam,

153 3550 359 3608 Lucida
389 3547 676 3620 diffugiunt
700 3547 894 3612 oculis,
925 3561 1030 3601 nox
1060 3545 1262 3616 ingruit
1286 3544 1461 3613 ampla
1486 3559 1500 3595 :

151 3643 582 3714 Tempestasque
613 3639 720 3693 ruit
745 3638 1029 3693 commisto
1055 3635 1316 3706 grandine
1347 3631 1589 3702 grandis.

149 3734 299 3806 Ergo
321 3732 437 3787 solo
458 3729 614 3786 strati
640 3728 850 3797 culpam
875 3726 1190 3794 justumque
1220 3723 1459 3778 fatentur

150 3822 514 3894 Supplicium,
539 3819 754 3876 veniam
784 3818 1022 3889 rogitant
1046 3834 1058 3870 :
1092 3825 1345 3870 curvatur
1371 3813 1607 3870 adorans

146 3916 210 3972 In
237 3923 441 3969 terram
465 3910 668 3976 Justus,
697 3909 915 3982 pietatis
943 3922 1126 3962 amore
1154 3905 1426 3976 repletus:

147 4007 231 4064 Ac
256 4003 499 4060 membra
526 4000 828 4072 herbigeris
853 3998 1148 4070 prosternit
1175 3997 1228 4051 in
1257 4009 1453 4066 aggere
1478 3993 1678 4066 glebis;

147 4097 265 4154 Nec
300 4095 452 4167 prius
478 4093 690 4149 absistit
720 4091 898 4146 studio
923 4097 1158 4159 votoque
1183 4086 1462 4159 precandi,

150 4190 336 4246 Donec
358 4185 576 4242 :etherei
601 4200 659 4240 se
681 4183 981 4239 submisere
1006 4180 1238 4244 furores,

150 4281 473 4338 Nimborum
500 4276 841 4344 tonitrusque
865 4273 1029 4326 etiam
1053 4284 1265 4325 cessere
1291 4267 1552 4340 fragores.

150 4371 400 4440 Dumque
422 4381 611 4423 serena
637 4365 743 4420 illis
765 4379 824 4419 se
848 4362 1078 4418 reddunt
1099 4362 1269 4416 aethra
1295 4358 1580 4423 ministris,

149 4466 396 4523 Nascunt
416 4476 580 4534 quam
609 4458 804 4515 merito
831 4458 902 4512 sit
925 4455 1157 4511 Sanctus
1181 4455 1385 4508 honore
1407 4450 1694 4506 verendus.

147 4557 228 4613 ite
255 4555 475 4612 domum
505 4551 676 4615 missi,
709 4546 1020 4616 factumque
1047 4543 1244 4600 referte
1268 4541 1529 4607 Patrono,

149 4645 456 4704 Carnifices
483 4642 618 4698 alios
641 4653 708 4694 ne
736 4647 858 4710 post
881 4652 976 4693 vos
1002 4637 1179 4690 mittat
1199 4633 1464 4689 Amando.

220 4781 275 4834 7.
317 4777 363 4835 0
393 4776 642 4840 nimium,
672 4773 864 4830 dilecte
894 4774 1026 4838 Deo,
1051 4771 1138 4828 cui
1165 4770 1360 4826 militat
1387 4769 1582 4836 aether,

142 4873 318 4944 Cujus
348 4872 402 4927 in
437 4869 635 4925 auxilio
660 4867 894 4925 caelestis
919 4866 1167 4922 machina
1199 4864 1452 4920 frendens

147 4965 297 5022 Bella
322 4970 499 5036 parat,
524 4961 703 5016 lumen
732 4959 981 5024 retrahit,
1014 4957 1328 5027 letbumque
1351 4955 1608 5010 minatur.

148 5057 257 5113 Pro
286 5055 439 5112 lituis
466 5053 722 5117 tonitrus,
746 5066 847 5121 pro
871 5049 990 5106 telis
1012 5051 1202 5121 igneus
1231 5048 1428 5112 imber,

149 5147 258 5204 Pro
283 5146 488 5219 parmis
509 5159 777 5216 quassans
804 5143 1185 5198 immurmurat
1214 5140 1415 5195 arduus
1441 5139 1578 5194 axis.

150 5213 301 5308 Quid
323 5213 632 5296 mirumest
659 5238 892 5293 servisse
914 5236 1023 5292 tuis
1048 5234 1323 5291 terrestria
1348 5233 1535 5304 jussis,

151 5333 383 5402 Quando
406 5333 673 5389 elementa
697 5331 854 5386 simul
877 5329 1217 5400 quatiuntur,
1246 5326 1418 5382 fervet
1450 5325 1731 5397 Olympus.

151 5424 290 5480 Cum
317 5425 434 5491 tibi,
461 5424 566 5479 fida
593 5422 701 5478 tuis
725 5437 868 5494 spes,
899 5435 1046 5476 mors
1070 5419 1266 5488 injusta
1295 5426 1535 5488 paratur.

154 5514 223 5572 Et
247 5529 558 5585 quanquam
585 5514 696 5569 sint
718 5527 909 5583 magna
936 5511 1088 5576 satis,
1114 5525 1233 5580 qua:
1259 5509 1489 5580 gesserit
1511 5517 1636 5563 ante
1655 5549 1670 5573 ,

293 5647 369 5704 ita
401 5647 536 5716 'Ms.,
581 5649 772 5704 Elnon.
822 5648 1050 5703 alterum
1094 5647 1254 5702 habet
1299 5645 1636 5710 Rossomtus;
1681 5653 1736 5700 at

159 5718 495 5786 Bassaniam,
525 5735 619 5776 seu
648 5719 957 5786 Rationum,
989 5719 1220 5789 posteris
1244 5719 1346 5773 dici
1385 5733 1544 5788 supra
1587 5724 1737 5771 nota-

155 5789 353 5845 vimus.

1839 463 1964 518 Plus
1989 473 2166 519 tamen
2196 466 2296 521 ista
2325 467 2517 533 nitent,
2541 482 2660 538 quae
2689 467 2810 524 coeli
2839 483 2906 525 ex
2935 483 3061 526 arce
3091 469 3379 544 refulgent.

1841 553 2072 610 Pulcher
2095 557 2311 636 ubique,
2340 558 2478 628 polo,
2513 567 2678 624 terra,
2701 569 2972 632 pontoque
2999 577 3312 631 coruscant,

1842 645 2070 715 Respice
2097 645 2318 702 diffusos
2341 646 2566 717 jamjam
2594 651 2897 706 miserando
2923 650 3137 718 deles;

1845 734 2044 808 Hisque
2065 736 2246 808 jugem
2274 740 2524 808 precibus
2550 742 2720 797 sacris
2745 741 2976 812 deposce
3000 743 3264 812 salutem;

1842 827 2118 896 Quatenus
2148 829 2377 885 invictas
2405 832 2703 888 retinentes
2728 842 2948 904 pectore
2976 834 3140 900 vires,

1843 919 1954 976 Nec
1998 922 2140 976 mala
2177 937 2277 978 nos
2312 921 2584 994 frangant,
2621 938 2722 980 nec
2757 933 2993 980 mentem
3032 941 3294 997 prospera
3330 944 3422 984 ra-

3225 1019 3426 1094 [ptent.

2454 1109 2681 1167 CAPUT
2718 1111 2802 1166 Ill.

1842 1243 2091 1300 Caecitate
2119 1254 2168 1300 et
2193 1247 2428 1318 paralysi
2451 1247 2642 1318 puniti,
2671 1258 2929 1304 sanantur
2957 1265 3050 1320 ope
3078 1245 3140 1305 S.
3169 1247 3423 1307 Amandi.

1891 1379 1945 1434 8.
1969 1370 2146 1435 lnstar
2165 1380 2286 1448 iter,
2300 1379 2630 1452 jamjamque
2645 1382 2924 1453 sequentia
2946 1391 3096 1454 gesta
3110 1388 3425 1453 retorquent

1841 1469 2114 1527 Carminis
2139 1488 2452 1539 excursum,
2480 1474 2696 1530 canitur
2725 1489 2814 1530 res
2841 1473 3002 1546 digna
3037 1473 3232 1530 relatu.

1843 1561 2047 1618 Mentio
2074 1579 2306 1636 namque
2330 1566 2432 1620 viri
2461 1567 2784 1622 venerandis
2809 1565 3056 1622 laudibus
3078 1572 3202 1638 apta
3228 1573 3331 1631 est,

1843 1653 2089 1738 Namque
2113 1656 2461 1729 Evangelium
2487 1657 2685 1728 papulo
2708 1660 2832 1714 dum
2863 1657 3122 1729 praedicat
3143 1657 3315 1724 omni,

1844 1744 2071 1802 Nescius
2095 1747 2314 1818 incwpti
2339 1763 2527 1803 curam
2555 1748 2739 1804 laxare
2761 1749 2983 1814 laboris,

1765 1831 1816 1892 B
1842 1835 2208 1907 Lassatosque
2235 1849 2390 1894 artus
2415 1839 2625 1895 modica
2649 1855 2902 1912 reparare
2928 1839 3132 1910 quiete,

1845 1925 2188 1982 Perlustrans
2213 1929 2334 2000 pagi
2365 1929 2598 1984 confinia
2631 1929 3055 1996 Bellovacensis;

1893 2017 2194 2075 Rossontus
2224 2020 2375 2077 locus
2401 2030 2504 2088 est,
2531 2037 2638 2092 quo
2667 2021 2898 2078 Sanctus
2923 2021 3070 2077 venit
3091 2018 3318 2077 anhelus

1843 2109 1959 2178 Qua
1991 2112 2234 2168 modicus
2263 2113 2394 2184 ripis
2419 2112 2616 2180 refluit,
2645 2113 2742 2170 sed
2770 2128 2982 2169 massus
3005 2112 3248 2185 opimish

1844 2198 2022 2256 Ubere
2050 2199 2310 2258 frumenti
2344 2204 2548 2275 copiosi
2581 2213 2636 2261 et
2665 2219 2888 2260 munere
2913 2204 3148 2260 Bacchi:

1839 2289 1952 2347 Nec
1977 2293 2216 2362 procula
2242 2303 2417 2351 tractu
2435 2336 2450 2362 ,
2480 2312 2642 2367 quem
2669 2311 2864 2351 cursus
2890 2296 3123 2366 complet
3194 2294 3429 2354 Oronnte

1841 2383 1942 2441 Hic
1963 2385 2138 2443 fuerat
2161 2389 2356 2445 mulier
2380 2390 2611 2462 geminis
2634 2390 2848 2445 viduata
2871 2389 3105 2446 lucernis
3128 2407 3143 2446 :

1840 2477 2042 2533 Fronte
2069 2479 2400 2536 subobscure
2431 2481 2608 2537 noctis
2636 2481 2909 2538 simulatio
2932 2497 3081 2548 vera,

1839 2566 2004 2636 Cujus
2035 2584 2226 2640 nempe
2255 2571 2473 2626 modum
2505 2572 2630 2626 dum
2658 2570 2846 2628 Justus
2873 2572 3120 2628 cominus
3148 2573 3356 2631 instans

1841 2659 2147 2727 Scrutatur,
2175 2652 2368 2718 didicit
2394 2679 2589 2719 causas
2620 2672 2942 2736 tempusque
2969 2672 3182 2738 negatae

1839 2749 2022 2816 Lucis,
2050 2759 2106 2805 et
2130 2752 2372 2824 auguriis
2389 2752 2568 2822 justas
2588 2754 2847 2826 quaesisse
2880 2754 3151 2822 tenebras,

1840 2838 2320 2911 Frondicomreque
2341 2843 2465 2897 Deae
2487 2857 2546 2897 se
2571 2843 2874 2898 deseruisse
2895 2857 3206 2901 renarrans.

1841 2928 2000 2986 Ducit
2025 2946 2145 2986 eam
2176 2932 2364 3004 rigidis
2386 2949 2660 2990 ramorum
2681 2933 2911 2990 flexibus
2935 2935 3122 3002 arbor,

1839 3021 1959 3090 Quo
1981 3033 2144 3096 caput
2164 3025 2434 3080 extulerat
2461 3042 2713 3097 perversa
2741 3026 2896 3100 fruge
2924 3027 3132 3084 colonis

1839 3110 2010 3169 Noxia
2040 3113 2344 3170 lethiferum
2373 3116 2596 3188 gignens
2627 3118 2808 3174 radice
2834 3133 3119 3187 venenum,

1840 3207 2062 3264 Rustica
2092 3210 2246 3281 plebs
2268 3182 2454 3280 prisco
2479 3226 2639 3281 quam
2670 3182 3281 3270 consecraverathosti.

1838 3300 2001 3356 Fudit
2026 3310 2082 3356 et
2109 3310 2168 3356 ut
2190 3302 2383 3356 mulier
2409 3301 2669 3374 plangens
2695 3302 3109 3374 lacrymansque
3137 3302 3420 3375 querelas,

1840 3393 2093 3449 Reddidit
2121 3394 2206 3449 his
2236 3393 2467 3450 Sanctus
2495 3394 2775 3450 miseranti
2801 3403 3023 3464 pectore
3044 3409 3246 3452 voces:

1839 3483 1957 3540 Non
1989 3485 2233 3538 miranda
2263 3483 2452 3549 refers,
2484 3485 2680 3540 mulier
2707 3493 2910 3540 caecata
2941 3493 3096 3541 reatu

1839 3584 1974 3640 Cum
2001 3584 2221 3655 proprio
2244 3583 2456 3654 plangis
2485 3582 2799 3638 discrimina
2827 3583 3057 3638 crimine
3079 3590 3252 3639 creta.

1840 3673 2031 3745 Magna
2057 3674 2150 3729 sed
2175 3674 2416 3728 admiror
2445 3688 2606 3744 quam
2633 3674 2704 3728 sit
2728 3673 3016 3729 clementia
3044 3671 3264 3740 Christi,

1839 3767 2006 3837 Cujus
2033 3767 2179 3838 larga
2211 3767 2372 3822 nimis
2398 3775 2449 3822 te
2472 3767 2586 3838 jam
2615 3766 2875 3836 patientia
2899 3774 3102 3838 portat.

1839 3857 2002 3928 Cujus
2030 3857 2097 3911 ad
2126 3856 2386 3912 offensam
2416 3855 2636 3927 proprio
2665 3855 2994 3911 famulabilis
3027 3854 3169 3912 hosti

1840 3951 2138 4006 Emeritum
2170 3951 2371 4004 retines
2397 3950 2654 4004 damnum
2673 3948 2990 4020 justumque
3014 3948 3296 4021 pudorem.

1837 4042 1910 4096 At
1937 4041 2030 4095 tibi
2058 4041 2102 4096 si
2130 4048 2374 4111 superest
2406 4039 2618 4095 amissae
2646 4055 2776 4095 cura
2807 4039 2996 4096 salutis

1838 4136 2134 4191 Assensum
2165 4134 2366 4189 nostris
2385 4133 2497 4202 jam
2529 4141 2656 4188 tunc
2685 4133 2924 4204 praebere
2948 4132 3198 4205 loquelis.

1839 4226 2018 4298 Ocyus
2046 4227 2303 4281 audacter
2333 4225 2442 4281 Dea
2472 4240 2578 4294 quo
2609 4233 2718 4279 stat
2744 4223 3018 4294 pestifera,
3052 4223 3152 4292 ito,

1841 4317 1947 4388 Spe
1975 4317 2152 4373 stabili
2185 4316 2448 4373 confirma
2475 4316 2736 4380 animum,
2767 4316 3123 4386 dextramque
3149 4314 3392 4388 bipenni,

1837 4413 2015 4468 Arbor
2040 4421 2100 4467 ut
2131 4413 2197 4468 ad
2226 4422 2400 4467 terras
2422 4410 2535 4480 jam
2564 4421 2788 4482 proruat
2809 4420 2930 4467 acta
2955 4412 3158 4478 securi,

1839 4505 2012 4572 Quam
2043 4504 2319 4560 veneraris
2344 4521 2357 4557 :
2389 4505 2532 4558 enim
2557 4503 2718 4558 citius
2743 4503 3002 4574 promitto
3033 4505 3277 4561 futurum

1839 4552 2068 4649 Credula
2100 4594 2144 4648 si
2177 4593 2366 4658 fueris,
2396 4593 2574 4648 felicia
2607 4601 2730 4647 vota
2743 4552 3067 4664 treportans,

1839 4685 1993 4754 Quod
2019 4685 2200 4756 capies
2229 4683 2460 4740 celerem
2500 4683 2864 4738 membrorum
2890 4684 3191 4756 animatque
3231 4687 3420 4744 modo.

3254 4776 3421 4852 nam.

1839 4869 1949 4925 Nec
1976 4884 2128 4924 mora
2157 4869 2282 4924 dum
2315 4878 2571 4940 properat
2600 4869 2812 4936 mulier,
2843 4869 3074 4925 ducente
3099 4868 3303 4941 puclla,

1837 4961 2133 5016 Arboream
2165 4969 2418 5016 truncare
2451 4961 2634 5024 Deam,
2662 4958 3028 5030 frondensque
3053 4973 3314 5016 cacumen

1837 5052 2135 5124 Rclligione
2163 5067 2354 5107 carens
2380 5052 2648 5107 succisum
2681 5051 2897 5106 tradere
2917 5049 3180 5117 ammis;

1835 5143 2174 5215 Perspiciens
2199 5141 2431 5199 Sanctus
2456 5142 2579 5198 fidei
2611 5141 2914 5196 venerabile
2943 5141 3126 5197 lumen

1835 5237 2065 5294 Interius
2091 5237 2315 5310 fulgere,
2346 5236 2524 5292 crucis
2551 5235 2874 5292 celebrabile
2897 5235 3110 5306 signum

1835 5329 1895 5385 In
1928 5327 2124 5384 frontis
2152 5328 2329 5384 medio
2360 5327 2578 5399 gemina
2607 5328 2750 5382 inter
2777 5337 3020 5398 tempora
3052 5326 3300 5398 sculpsit,

1842 5423 1963 5479 Mox
1986 5439 2202 5494 quoque
2234 5422 2556 5493 conspicuus
2583 5421 2794 5477 delatus
2817 5421 3030 5477 cmlitus
3062 5422 3200 5493 ignis

1842 5517 2142 5589 Splenduit,
2173 5525 2228 5572 et
2252 5516 2449 5571 clausa:
2478 5524 2698 5586 patuere
2728 5515 2781 5569 in
2806 5513 2980 5569 fronte
3007 5512 3282 5569 fenestras.

1979 5652 2202 5724 Margini
2233 5651 2454 5724 alterius
2479 5649 2596 5715 Ms.,
2630 5651 2957 5724 adscriptum
2985 5657 3125 5715 erat,
3151 5645 3418 5720 uvidus.

1975 5722 2386 5789 -,
2417 5731 2475 5777 ut
2499 5737 2659 5792 supra
2692 5722 3023 5776 adnotatum.
