3954 6342
607 342 714 407 eos
1692 356 1969 413 MlLONlS
2007 356 2307 413 nomen:
2344 360 2399 414 s.
2440 361 2704 418 AMANDl
3668 383 3736 442 ,α

607 448 699 522 Sic
725 469 1031 525 veneranda
1062 483 1253 525 manus
1271 470 1432 542 jubar
1453 471 1638 538 infert,
1669 482 1831 543 atque
1866 475 2119 545 relinquit
2200 480 2249 537 Α
2278 474 2500 544 Navigio
2531 477 2792 534 deductus
2815 486 2952 545 erat,
2983 495 3104 535 cum
3140 483 3242 539 rite
3260 462 3476 554 peractis

605 556 722 613 Nox
745 560 947 625 oculos,
978 562 1236 632 exsulque
1258 564 1371 618 dies
1398 565 1663 621 illuminat
1690 560 1885 633 orbes,

602 649 682 704 Ae
708 650 898 706 mediis
923 653 1158 707 tenebris
1181 669 1375 708 aurora
1403 658 1717 727 crepuscula
1753 658 1999 724 fundens,

604 741 829 797 Miratur
853 743 1032 800 radios
1056 744 1206 800 frons
1228 746 1491 803 illustrata
1521 764 1761 816 serenos,

601 833 773 900 Quam
802 844 981 889 tamen
1010 835 1325 892 instructam
1350 848 1560 897 veteres
1589 853 1935 898 contemnere
1957 844 2170 914 culpas;

601 923 772 980 Noxia
802 926 923 996 quis
947 927 1155 996 pridem
1185 932 1472 985 creverunt
1499 931 1720 987 vulnera
1746 934 1797 988 in
1826 934 1933 1000 illa,

596 1013 920 1070 incolumem
947 1015 1217 1086 linquens,
1241 1019 1477 1091 reliquos
1503 1021 1718 1078 visurus
1739 1024 1963 1090 amicos,

598 1105 812 1162 Dimisit
838 1105 1088 1173 Sanctus,
1126 1110 1259 1165 tanti
1287 1109 1508 1183 largitor
1537 1114 1777 1170 honoris.

662 1241 714 1297 9.
761 1240 1010 1297 Historiae
1035 1242 1322 1300 manifesta
1350 1245 1500 1312 lides,
1534 1248 1627 1304 sed
1658 1249 1918 1320 mysticus
1946 1249 2020 1305 illi

593 1332 901 1411 intellectus
936 1335 1080 1392 inest
1106 1336 1258 1393 silvis
1284 1339 1563 1396 umbratus
1590 1342 1797 1419 opacis,

591 1406 760 1489 Quem
786 1426 1005 1481 tentaho
1034 1425 1261 1498 loquens
1289 1428 1487 1487 festino
1514 1406 1750 1503 pangere
1780 1406 1941 1489 versu
1968 1453 1980 1487 :

592 1515 663 1572 Ut
691 1532 954 1573 resonans
981 1519 1203 1591 antiqua
1240 1538 1378 1577 novo
1407 1525 1723 1597 symphonia
1753 1525 1883 1581 ﬂatu

589 1596 1061 1686 Impleatarentes
1086 1626 1284 1683 supero
1308 1596 1600 1685 spiramine
1631 1633 1836 1675 versus.

585 1695 764 1752 Arbor
791 1682 970 1769 priSca
1002 1700 1122 1765 fuit,
1153 1682 1261 1771 qua
1290 1682 1454 1760 vitam
1482 1707 1715 1776 perdidit
1742 1708 1892 1778 Eva,

587 1785 795 1843 Nomen
826 1789 1030 1869 habens
1053 1791 1200 1861 vitae,
1226 1793 1272 1849 si
1298 1795 1469 1869 culpis
1496 1800 1862 1869 abstinuisset.

586 1875 694 1935 Pro
723 1868 911 1936 dolor'!
943 1885 1178 1956 anguino
1201 1868 1429 1942 nimium
1455 1889 1678 1962 decepta
1702 1909 1866 1950 suasu

586 1967 644 2022 In
672 1967 880 2025 lethum
910 1971 1058 2044 lapsa
1078 1984 1184 2040 est,
1213 1979 1437 2035 vetitum
1467 1981 1591 2035 dum
1622 1986 1851 2055 sumpsit
1875 1986 2168 2055 edendum,

586 2056 669 2113 Ad
698 2068 905 2127 certum
933 2078 1030 2134 per
1062 2063 1212 2120 lucra
1242 2083 1404 2124 ruens
1438 2071 1578 2127 male
1606 2075 1825 2131 credula
1856 2077 2131 2134 damnum.
2157 2136 2160 2140 Α

498 2174 507 2181 -
587 2148 696 2206 Sed
725 2154 905 2233 crucis
928 2155 983 2210 in
1004 2155 1148 2225 ligno
1178 2160 1287 2214 vita
1318 2163 1601 2231 moriente,
1635 2166 1766 2236 piati

588 2239 728 2298 Sunt
751 2227 1016 2299 scelerum
1053 2249 1248 2315 morbi,
1277 2260 1331 2305 et
1355 2254 1504 2308 vetiti
1529 2227 1889 2327 transgressio
1918 2261 2085 2330 pomi.

582 2337 796 2409 Aspicis
818 2341 1097 2419 antiquam
1123 2348 1375 2415 praesenti
1408 2348 1461 2404 in
1489 2351 1669 2421 stipite
1696 2352 1948 2420 formam,

583 2426 840 2500 Auguriis
866 2433 1060 2489 mulier
1080 2436 1168 2491 cui
1190 2437 1316 2492 dum
1343 2438 1636 2496 famulatur
1657 2444 1879 2515 ineptis,

584 2515 741 2604 Scire
770 2520 951 2579 futura
976 2524 1183 2593 volens,
1213 2536 1277 2596 et_
1288 2527 1403 2596 jam
1437 2534 1722 2599 praesentia
1747 2537 1945 2604 perdit,

580 2600 669 2667 Aci
690 2614 911 2671 meritas
935 2626 1136 2673 czecata
1163 2620 1309 2690 capit
1337 2637 1434 2691 pro
1463 2622 1581 2680 luce
1608 2600 1877 2683 tenebras.

586 2698 692 2758 Sed
722 2702 961 2763 Sanctus
983 2709 1204 2766 veniens
1233 2726 1447 2768 errores
1469 2716 1689 2787 dispulit
1714 2730 1881 2786 atros,

581 2792 811 2873 Arboris
826 2807 885 2877 et
911 2799 1096 2873 docuit
1124 2801 1293 2860 ﬂexus
1318 2807 1599 2865 succidere
1623 2809 1787 2873 ferro,
1837 2809 1848 2817 ’

582 2885 658 2943 De
680 2902 787 2958 quo
814 2892 1135 2973 magniﬁcus
1156 2897 1351 2952 cecinit
1372 2898 1614 2970 Baptista
1639 2900 1897 2971 Joannes,

578 2981 802 3039 Arboris
832 2986 1086 3057 eximiam
1117 2990 1287 3046 radici
1320 2993 1525 3050 instare
1548 2997 1780 3053 securim

579 3073 830 3143 Fulgenti
855 3092 1058 3153 nocuos
1085 3096 1207 3151 quae
1232 3091 1449 3139 truncat
1477 3089 1728 3143 acumine
1758 3106 1967 3155 succos,

579 3164 648 3220 Et
669 3176 885 3243 reparat
909 3169 1141 3225 celerem
1170 3173 1258 3245 pia
1292 3190 1391 3246 per
1413 3177 1637 3251 collyria
1663 3183 1855 3247 visum,

581 3255 843 3336 Unguifer
866 3270 923 3317 et
951 3264 1192 3346 medicus
1216 3268 1296 3323 sic
1324 3268 1524 3326 lumina
1552 3274 1727 3332 reddit
1750 3277 2050 3337 Amandus.

649 3398 736 3453 10.
778 3398 1000 3471 Hocque
1043 3405 1186 3473 quod
1232 3411 1583 3469 accumulans
1629 3415 1843 3471 laudum
1894 3422 2159 3488 praeconia

578 3487 879 3561 Magniﬂcis
909 3494 1076 3564 gestis
1105 3500 1415 3572 complevit,
1452 3506 1553 3561 rite
1581 3523 1858 3566 canamus.
1929 3510 2157 3584 [Justus,

574 3580 635 3636 In
658 3584 820 3656 grege
845 3587 1127 3660 Multiplici
1157 3588 1369 3650 Domini
1400 3606 1560 3666 quem
1587 3599 1716 3656 fecit
1748 3580 1998 3660 alumnus

578 3671 787 3732 Bitiam
814 3684 1031 3750 pertare
1052 3683 1262 3755 iugum,
1294 3689 1498 3744 Servlre
1528 3689 1776 3758 Tonanti,

577 3767 729 3825 Unus
754 3781 873 3826 erat
899 3772 1124 3844 reliquis
1152 3776 1408 3847 praelatus
1431 3780 1636 3839 honore
1664 3787 1916 3852 catervis,

577 3861 648 3919 Ut
674 3864 876 3919 victum
905 3866 1069 3923 sociis
1089 3876 1145 3923 et
1181 3880 1414 3941 congrua
1443 3882 1636 3929 cuncta
1656 3887 1873 3945 pararet
1903 3896 1915 3932 ;

576 3954 678 4022 Qui
705 3950 833 4011 dum
857 3969 1040 4015 monte
1068 3969 1283 4018 tumens
1306 3965 1473 4035 jussis
1496 3982 1687 4037 parere
1711 3973 1950 4041 magistri

574 4044 814 4117 Despicit
842 4057 894 4104 et
923 4050 1106 4106 vinum
1134 4053 1387 4121 plaustris
1414 4061 1751 4126 portantibus
1776 4071 1931 4119 utens

574 4137 657 4192 Ad
682 4138 903 4196 Fratres
934 4141 1145 4199 deferre
1168 4160 1313 4212 suos,
1344 4146 1652 4220 Sanctoquc
1684 4168 1897 4222 negare,

575 4228 729 4296 Quod
758 4231 975 4288 sibimet
996 4235 1245 4293 deessent
1278 4241 1500 4309 quzesita
1528 4243 1790 4309 vehicula,
1824 4248 2015 4321 pergit,

576 4321 852 4380 Sternitur
872 4325 1058 4383 infelix
1088 4331 1252 4386 subiti
1284 4332 1598 4392 discrimine
1622 4340 1819 4406 morbi,

573 4415 643 4472 Et
667 4416 782 4472 fera
805 4414 1070 4492 paralysis
1106 4412 1327 4480 vastans
1353 4427 1647 4483 crudeliter
1673 4438 1824 4487 artus

571 4506 835 4577 Occupat;
864 4514 918 4564 et
944 4500 1081 4567 laxis
1105 4513 1161 4567 in
1185 4516 1443 4572 membris
1466 4528 1653 4591 regnat
1683 4521 1938 4593 habenis;

572 4596 832 4668 Elataque
867 4600 1028 4657 nimis
1054 4612 1297 4674 sumptos
1325 4609 1538 4666 cervice
1565 4611 1770 4683 rigores

571 4683 749 4761 Ocy‘u's
774 4694 1054 4750 excutiens
1084 4696 1269 4753 herbis
1303 4698 1652 4760 ﬂaccentibus
1676 4718 1857 4777 aequat
1882 4729 1895 4763 :

571 4781 649 4836 Ac
673 4776 930 4839 miserum
957 4801 1153 4856 corpus
1179 4788 1362 4845 lethali
1388 4793 1542 4848 clade
1571 4776 1852 4867 gravatum

571 4869 749 4927 Pestis
778 4874 971 4929 acerba
1004 4874 1132 4930 feris
1160 4880 1376 4951 stringit
1403 4884 1528 4940 bin'c
1557 4887 1680 4943 inde
1707 4891 1938 4958 catenis,

575 4960 862 5034 Sanguinis
890 4964 1115 5020 arebant
1140 4968 1343 5026 sicc'ato
1370 4971 1589 5032 ﬂumine
1612 4992 1780 5046 venae,

573 5052 851 5126 Languida
875 5062 932 5110 et
961 5058 1209 5116 attractis
1234 5064 1550 5123 marcebant
1576 5070 1796 5128 brachia
1827 5089 2004 5131 nervus
2029 5094 2042 5132 :

572 5146 650 5202 Ac
682 5155 896 5203 tenuem
923 5148 1107 5205 ﬂatum
1135 5151 1202 5208 de
1229 5149 1360 5212 nare
1384 5157 1719 5231 frequentius
1742 5163 1947 5232 eﬂlans,

575 5235 854 5309 Singultus
881 5240 1109 5298 miseros
1133 5250 1311 5303 mutus
1336 5265 1587 5309 sermone
1618 5256 1869 5312 iterabat.

572 5320 934 5402 Jatn'ilttoqite
959 5328 1312 5408 progrediens
1343 5343 1537 5398 animae
1565 5346 1713 5400 calor
1736 5348 1871 5403 ostia
1902 5350 2025 5406 vita:

576 5417 899 5492 Transibat;
930 5425 1024 5481 sed
1054 5429 1231 5486 adhuc
1261 5433 1503 5490 medicus
1527 5436 1739 5493 vivebat
1767 5438 2059 5510 Amandus,

573 5512 735 5583 Cujus
761 5524 879 5572 erat
901 5521 1108 5577 meritis
1138 5540 1281 5596 aegro
1308 5527 1590 5585 tribuenda
1619 5531 1846 5588 medela.

572 5602 624 5682 is
648 5609 975 5667 monasterio
998 5612 1245 5669 Fratrum
1272 5615 1566 5677 famulante
1594 5623 1839 5681 cohorte.

640 5773 670 5803 ι
704 5761 802 5819 Ms.
831 5764 1023 5820 Elnon.
1052 5770 1241 5829 pudor.

2182 4542 2236 4607 Ι)

2280 566 2503 635 Oﬂiciis,
2533 571 2735 625 mensis
2761 572 3023 626 resideret
3046 571 3290 641 Sanctus,
3318 577 3517 637 edendis

2277 658 2536 717 Esuriens
2565 661 2758 732 epulis,
2786 661 3034 733 dapibus,
3063 666 3156 719 sed
3182 675 3361 736 pastus
3379 670 3570 744 olympi.

2278 752 2641 824 Discipulique
2671 753 2837 809 Pater
2861 770 3093 812 noscens
3118 759 3412 816 miserabile
3429 764 3610 834 vulnus,

2276 840 2497 898 Leniter
2520 845 2768 899 arridens
2799 844 3077 901 miseranti
3103 842 3318 917 pectore
3345 850 3507 910 fatur:

2276 932 2465 1004 Magna
2494 934 2710 1003 quidem
2739 936 2960 1005 patitur,
2989 938 3083 992 sed
3110 939 3283 996 adhuc
3300 943 3493 1011 potiora
3516 958 3706 1019 meretur,

2275 1021 2429 1077 Hunc
2458 1025 2712 1093 quoniam
2741 1027 2896 1082 nobis
2917 1027 3178 1097 iactantia
3204 1045 3338 1085 vana
3360 1033 3579 1091 rebellem

2274 1112 2731 1184 Contemptusque
2758 1110 2908 1182 facit,
2940 1117 3167 1173 nimium
3190 1121 3311 1190 quis
3333 1121 3527 1179 deditus
3545 1133 3673 1183 extat.

2273 1204 2421 1261 Dixit
2448 1216 2501 1262 et
2526 1207 2753 1263 electum
2776 1200 3027 1265 Fiatrnm
3058 1211 3127 1266 de
3151 1212 3305 1281 plebe
3324 1216 3531 1288 benigna

2274 1296 2677 1368 Presbyterum,
2711 1308 2911 1371 Optata:
2932 1302 3179 1372 gerulum
3204 1304 3356 1374 jubet
3376 1320 3487 1361 esse
3511 1309 3690 1377 medela,

2276 1386 2438 1442 Parte
2469 1389 2595 1443 data
2621 1390 2797 1460 panis,
2828 1390 3016 1447 calicis
3044 1406 3259 1464 quoque
3286 1396 3465 1465 pocula
3491 1396 3595 1463 laeti,

2275 1476 2444 1545 Vade,
2469 1480 2560 1543 ait,
2586 1489 2642 1535 et
2664 1483 2929 1538 monacho
2956 1482 3041 1538 fer
3062 1484 3176 1540 haec
3201 1487 3637 1555 mandatajaeeuti,

2274 1568 2500 1625 Hauriat
2526 1581 2586 1627 ut
2610 1573 2833 1630 calicem
2863 1591 2983 1631 cum
3011 1574 3160 1633 missi
3187 1578 3444 1651 fragmine
3460 1583 3606 1653 panis,

2273 1658 2523 1716 Crastina
2547 1678 2779 1734 cumque
2802 1665 2919 1721 dies
2947 1676 3240 1725 nocturnas
3267 1673 3509 1740 sparserit
3532 1673 3707 1741 umbras,

2272 1749 2341 1806 Et
2364 1752 2442 1807 sol
2467 1751 2859 1811 ﬂammicomus
2888 1768 3023 1826 puro
3044 1758 3342 1815 rutilaverit
3368 1766 3503 1827 ortu,

2194 1819 2245 1882 Β
2274 1841 2609 1914 Visurusque
2638 1844 2789 1900 illum
2819 1819 2982 1903 celeri
3014 1862 3372 1919 properavero
3394 1819 3587 1920 gressu;

2270 1935 2545 1992 Excussus
2569 1940 2800 2008 propriis
2827 1938 2980 2010 pulso
3005 1941 3264 2014 languore
3286 1945 3522 2016 grabatis,

2268 2026 2559 2083 Incolumis
2581 2039 2767 2101 surgat
2792 2030 3057 2099 solidatis,
3092 2034 3320 2105 impero,
3351 2038 3532 2105 nervis,

2270 2118 2471 2176 Obvius
2498 2138 2563 2177 ac
2583 2137 2716 2178 sano
2742 2126 2999 2194 procedat
3026 2140 3259 2199 corpore
3288 2129 3453 2185 nobis.

2271 2211 2686 2279 Quidsermone
2714 2232 2915 2284 morer,
2943 2234 3065 2273 cum
3096 2237 3203 2276 non
3234 2222 3489 2278 medicina
3514 2223 3721 2279 moretur!

2270 2304 2431 2362 Missa
2457 2309 2655 2364 etenim
2688 2313 2952 2366 monacho
2971 2312 3149 2368 Patris
3175 2314 3471 2371 benedictio
3493 2315 3626 2372 vitam

2268 2396 2544 2466 Reddidit,
2569 2408 2624 2454 et
2650 2402 2794 2455 vires
2823 2402 3031 2456 medico
3056 2404 3349 2460 mandante
3372 2407 3571 2476 recepit.

2269 2486 2411 2544 Hinc
2434 2488 2576 2545 celer
2599 2491 2778 2545 exiliit'
2799 2507 3009 2548 summo
3032 2495 3320 2550 conamine
3345 2492 3512 2568 (tellus

2266 2577 2386 2633 Jam
2419 2595 2585 2651 prope
2613 2580 2818 2649 functa,
2848 2584 2961 2639 suis
2985 2585 3134 2640 enisa
3169 2587 3386 2644 adstare
3414 2590 3648 2645 columnisl

2269 2668 2379 2725 Nec
2407 2681 2693 2748 cunctatus
2718 2673 2825 2728 iter
2846 2674 3053 2744 jussum
3085 2693 3376 2748 properare
3401 2682 3572 2749 viator,

2264 2766 2601 2823 Adventante
2630 2768 2746 2824 viro
2772 2771 3066 2840 procedens
3094 2772 3289 2829 obvius
3317 2775 3450 2830 almo

2266 2856 2514 2935 Occurrit
2545 2874 2731 2926 sanus,
2764 2871 3050 2933 gratesque
3077 2866 3324 2935 rependit
3348 2867 3566 2937 opimas:

2265 2947 2582 3027 Linguaque
2609 2965 2866 3023 percusso
2896 2953 3021 3008 dum
3045 2953 3249 3011 format
3273 2958 3428 3012 verba
3459 2957 3623 3028 palato,

2159 3036 2163 3040 ’
2263 3036 2508 3099 insonuit
2536 3059 2719 3102 sermo
2740 3045 2887 3103 clara
2907 3048 2972 3103 de
3000 3048 3153 3104 fauce
3182 3050 3465 3122 loquentis,

2188 3172 2237 3249 ὁ
2265 3132 2583 3190 Surrexisse
2612 3136 2811 3192 dehinc
2842 3138 2949 3192 vita
2972 3148 3252 3195 remeante
3278 3142 3511 3195 cadaver.

2274 3225 2551 3249 Δ.Ι..ιζ..,..ι,.
2584 3224 2830 3249 ΙΑἿ-,ιι--.Μ
2870 3229 3056 3249 ---Ξηξι
3096 3244 3209 3249 λη.--
3252 3229 3399 3249 I-._l-
3446 3240 3510 3249 --ι

2263 3225 2555 3281 Admirans
2584 3224 2834 3281 Fratrum
2864 3229 3061 3283 cecinit
3090 3244 3215 3283 cum
3251 3229 3404 3284 laude
3437 3240 3634 3285 caterva.

2264 3314 2365 3382 Qui
2399 3298 2578 3370 tamen
2603 3316 2909 3372 admonitus
2944 3332 3122 3372 mores
3149 3327 3360 3373 mutare
3388 3329 3627 3388 protervos

2264 3404 2464 3475 Sospes
2496 3421 2617 3460 cum
2650 3407 2803 3462 venia
2832 3408 2993 3463 sociis
3016 3409 3342 3466 mirantibus
3366 3412 3473 3466 ivit.

2263 3484 2498 3554 Materia:
2525 3500 2673 3556 locus
2699 3513 2783 3556 est
2814 3502 3132 3572 triplica'tum
3166 3511 3352 3560 texere
3381 3505 3560 3569 funem,

2260 3591 2463 3663 Pagina
2495 3594 2588 3649 sed
2620 3593 2789 3649 multo
2815 3610 2973 3649 versu
2996 3596 3265 3665 completa
3294 3597 3553 3653 redundat.

2260 3683 2372 3739 Nec
2399 3686 2541 3755 capit
2570 3686 2794 3741 ulterius
2815 3685 2989 3742 linalis
3013 3686 3257 3744 clausula
3280 3689 3416 3754 libri,

2261 3775 2513 3831 Pluribus
2541 3786 2596 3833 et
2622 3793 2929 3848 quanquam
2948 3780 3297 3859 Istuduissem
3325 3796 3542 3855 pangere
3558 3778 3694 3863 {verbis

2262 3868 2425 3925 Gesta
2446 3870 2833 3945 viri,quivisse
2856 3856 3034 3928 tamen
3062 3890 3171 3929 non
3195 3887 3395 3933 cuncta
3422 3884 3587 3933 notare

2261 3962 2569 4019 Conﬁteor:
2602 3979 2706 4021 nec
2733 3967 2876 4022 enim
2902 3975 3011 4022 tam
3041 3985 3208 4040 parva
3240 3973 3459 4044 peregit,
3484 3980 3536 4027 ut
3560 3969 3654 4026 ullis

2260 4053 2449 4109 Dicere
2475 4054 2737 4131 suﬂiciam
2767 4059 2985 4130 scriptis
3013 4071 3107 4116 aut
3130 4078 3382 4133 promere
3404 4064 3599 4128 metris;

2260 4147 2412 4215 Quod
2441 4149 2563 4204 ﬁdei
2589 4152 2807 4218 donum,
2839 4154 3092 4209 meritum
3121 4172 3408 4228 moresque
3426 4154 3629 4227 benigni.

2251 4245 2468 4314 Quanta
2496 4263 2596 4320 per
2620 4250 2852 4322 aegrotos
2877 4250 3108 4319 curatio,
3136 4253 3313 4325 gratia
3336 4262 3541 4327 quanta,

2260 4340 2466 4407 Virtus,
2502 4342 2658 4406 bella,
2690 4344 2862 4410 labor,
2897 4346 3180 4416 patientia,
3209 4348 3408 4419 palma,
3436 4342 3693 4414 triumphus.

2868 4437 3095 4496 CAPUT
3129 4438 3219 4496 ιν.

2366 4527 2426 4584 S.
2452 4529 2680 4590 Amandi
2701 4536 2867 4601 more,
2889 4536 3176 4617 sepultura.
3209 4536 3445 4596 Elevstio
3468 4533 3671 4603 corporis.

2538 4668 2543 4671 ι
2830 4672 2833 4675 _
2909 4605 3181 4678 Epilogus.

2337 4691 2423 4745 ll.
2459 4691 2731 4749 Hactenus
2754 4695 2819 4750 ad
2848 4695 3008 4752 ﬁnem
3041 4702 3287 4756 celerans
3307 4701 3471 4755 oratio
3491 4698 3623 4753 ducta
3645 4706 3687 4747 es

2260 4782 2501 4839 Tramite
2524 4784 2741 4853 diﬂicili,
2772 4790 2867 4844 sed
2897 4802 3043 4846 nunc
3068 4807 3164 4861 per
3192 4793 3347 4848 devia
3374 4798 3588 4862 emptum

2257 4872 2456 4929 Flectis
2476 4875 2593 4940 iter,
2625 4878 2844 4935 tumidis
2872 4892 2928 4936 et
2949 4891 3002 4936 te
3024 4885 3294 4939 convertis
3321 4884 3560 4940 habenis:

2255 4965 2460 5049 Forsan
2477 4969 2545 5023 ob
2567 4970 2689 5036 hoc,
2706 4973 2962 5031 subtriste
2983 4974 3182 5046 aliquid
3199 4980 3322 5047 quia
3339 4987 3481 5049 gesta
3503 4975 3735 5046 loquantur.

2256 5060 2399 5116 Proh
2420 5047 2447 5103 ἆ
2475 5064 2659 5119 dolor!
2692 5074 2771 5121 est
2800 5066 2959 5121 rutilo
2983 5078 3256 5140 comptum
3286 5047 3484 5143 fulgore
3505 5071 3690 5127 δεεωω,

2256 5153 2513 5226 Egregios
2533 5158 2685 5227 cujus
2714 5168 2891 5215 mores
2912 5158 3294 5232 descripsimus
3316 5180 3478 5236 usque
3500 5164 3589 5219 huc

2256 5248 2500 5315 Qualiter
2526 5251 2592 5307 ad
2618 5253 2780 5307 vitam
2806 5266 2903 5323 per
2923 5254 3112 5311 mortis
3133 5257 3296 5313 limen
3322 5258 3488 5314 eundo

2258 5334 2580 5407 Transierit,
2610 5346 2788 5413 superi
2812 5348 3088 5415 ponendus
3114 5349 3166 5403 in
3196 5350 3408 5405 aetheris
3431 5330 3557 5412 aitli,‘

2259 5432 2541 5503 Diﬂ'ugere,
2567 5444 2620 5488 et
2652 5435 2811 5489 linem
2838 5436 3142 5509 lacrymoso
3171 5454 3402 5511 pangere
3429 5432 3570 5496 canui

2256 5523 2573 5580 Calcetenus
2595 5527 2815 5582 ductum
2846 5539 3090 5585 metuens
3117 5531 3434 5587 concludere
3457 5532 3646 5586 textum.

2256 5614 2311 5669 Si
2342 5613 2542 5685 refugis
2573 5618 2831 5684 tunctum,
2865 5619 2949 5674 vel
2975 5621 3062 5676 dic
3087 5637 3182 5693 per
3209 5622 3398 5680 saecula
3424 5621 3575 5687 vivit:
