3954 6342
95 377 198 439 969

1214 366 1489 426 ADDlTlO
1523 366 1616 422 AD
1654 361 1869 421 VITAM
1906 361 1967 419 S.
2007 361 2291 420 AMANDI.

3186 309 3193 314 ’
3226 312 3366 413 ’”9·ιο

98 493 267 549 tribus
300 487 384 544 vel
410 486 692 544 monachis
716 487 816 543 sub
845 485 1081 555 regulari
1110 500 1297 540 norma
1341 483 1673 546 constitutis,
1705 486 1753 542 Α
1780 480 1943 535 latam
1994 480 2151 535 ﬁdem
2182 479 2363 536 conati
2392 488 2517 535 sunt
2545 479 2840 534 innectere.
2870 476 3078 549 Quippe
3104 477 3363 549 quoniam

98 581 553 656 superpositisque
601 579 890 634 abbatibus
938 587 991 633 et
1050 578 1300 632 omnibus
1351 575 1488 630 bene
1532 574 1676 627 ordi-

96 675 267 741 natis,
308 674 376 727 ad
424 682 755 744 postremum
804 670 1045 726 Helnone
1099 668 1346 724 ccenobio
1390 667 1677 732 aediﬁcato,

100 766 213 837 ipse
239 743 437 820 ibidem
465 778 590 821 cum
639 743 754 819 suis
800 777 969 831 usque
1014 760 1084 816 ad
1110 743 1449 815 sanctissimi
1497 758 1679 812 obitus

103 861 240 917 diem
268 858 488 914 Christo
517 856 748 913 feliciter
773 854 1043 910 militavit.

167 949 307 1017 Ergo
360 957 417 1003 et
480 948 623 1017 apud
663 946 952 1001 Martinum
1010 943 1408 1000 sanctissimum
1464 956 1526 997 ac
1555 940 1684 995 hea-

101 1039 365 1097 tissimum
394 1055 589 1111 papam
643 1046 846 1094 sanctae
893 1046 950 1092 et
993 1036 1301 1107 apostolica:
1349 1034 1491 1089 sedis
1537 1031 1686 1087 urbis

102 1133 305 1198 Romae,
326 1132 418 1203 qui
447 1130 879 1201 septuagesimns
904 1120 1126 1198 quintus
1149 1134 1270 1197 post
1289 1125 1510 1179 Petrum
1557 1139 1687 1193 apo-

103 1224 295 1281 stolum
346 1222 646 1277 Romanam
689 1221 830 1276 rexit
858 1219 1178 1282 Ecclesiam,
1209 1215 1496 1288 plurimam
1528 1213 1686 1267 fami-

103 1317 357 1374 liaritatis
386 1331 450 1370 ac
490 1315 808 1371 reverentiae
850 1312 1085 1385 gratiam
1111 1309 1361 1366 obtinuit.
1392 1306 1489 1363 Cui
1521 1308 1688 1361 etiam

46 1390 73 1433 κ’
104 1409 356 1483 przefatus
391 1408 719 1479 apostolicus
761 1407 902 1461 inter
940 1414 1136 1467 caetera
1181 1411 1343 1458 tantae
1386 1400 1691 1456 dilectionis

105 1502 259 1573 digna
287 1501 506 1565 exenia,
538 1499 738 1555 direxit
780 1497 1032 1552 volumen
1076 1492 1414 1565 synodalium
1441 1492 1691 1547 decreto-

103 1608 219 1649 rum
255 1606 377 1662 qua:
405 1591 521 1662 ipse
545 1590 749 1654 edidit,
776 1596 962 1659 utpote
999 1594 1184 1657 pastor
1221 1582 1689 1655 vigilantissimus,

105 1682 414 1738 custodiens
442 1696 565 1737 cum
609 1695 818 1735 summa
864 1675 1224 1733 sollicitudine
1254 1674 1307 1727 in
1348 1681 1508 1727 nocte
1535 1671 1693 1741 hujus

105 1772 280 1830 seculi
309 1771 518 1843 vigilias
544 1786 708 1841 supra
752 1784 967 1840 gregem
1013 1767 1351 1821 Dominicum
1391 1763 1491 1818 sibi
1520 1762 1695 1818 credi-

1779 573 1949 643 ipsam
1971 574 2256 628 excludere
2269 582 2644 644 properantes,
2660 572 3037 626 hmreticorum
3055 572 3365 641 dogmatum

1779 671 1964 717 contra
1998 664 2321 717 catholicam
2358 662 2451 718 Dei
2490 663 2786 717 Ecclesiam
2835 660 3204 717 confusionem
3236 677 3367 717 con-

1779 754 2155 820 cinnaverunt,
2185 756 2549 810 anathematis
2571 755 2776 809 ultione
2803 756 3045 826 percussi
3073 762 3219 809 sunt.

1850 846 2117 902 Praeterea
2211 847 2472 903 Mart?nus
2540 862 2677 918 papa
2749 847 3094 903 beatissimus
3164 845 3370 903 faciens

1784 940 2109 1010 exemplaria
2138 940 2376 1011 praedicti
2408 942 2697 996 voluminis
2728 941 3018 1011 synodalis,
3059 956 3156 1012 per
3182 956 3372 999 omnes

1784 1039 1990 1087 tractus
2015 1031 2252 1087 Orientis
2280 1041 2334 1086 et
2358 1031 2663 1088 Occidentis
2688 1033 2906 1097 direxit,
2936 1048 3106 1103 eaque
3134 1048 3231 1104 per
3260 1049 3377 1089 ma-

1786 1141 1891 1179 nus
1915 1125 2336 1180 orthodoxorum
2361 1123 2598 1180 ﬁdelium
2614 1126 3007 1180 disseminavit.
3033 1125 3196 1194 Cujus
3208 1127 3372 1182 etiam

1787 1215 2065 1285 exemplar
2110 1216 2163 1269 in
2217 1217 2470 1288 papyreis
2519 1216 2732 1270 schedis
2776 1217 2980 1270 editum
3009 1214 3158 1271 Patri
3187 1228 3374 1273 nostro

1787 1304 1890 1359 sibi
1920 1304 2268 1360 dilectissimo
2312 1290 2552 1375 pontiﬁci
2586 1305 2782 1359 direxit
2808 1306 3074 1371 Amando,
3106 1317 3375 1377 quatenus

1791 1396 1959 1468 ipsius
1994 1398 2319 1452 industriosa
2362 1396 2720 1452 sollicitudine
2746 1396 2982 1465 ejusdem
3013 1409 3377 1475 sacrosanctae

1790 1497 1846 1544 et
1890 1488 2225 1544 intemeratae
2280 1487 2398 1542 ﬁdei
2449 1488 2906 1559 promnlgationes
2940 1490 3233 1546 Galliarum
3283 1508 3376 1547 ec-

1792 1578 1975 1634 clesiis
2003 1578 2371 1650 vulgarentur.
2400 1578 2458 1633 ιη
2504 1576 2661 1646 hujus
2689 1580 2911 1650 insuper
2938 1581 3041 1638 ﬁne
3069 1582 3376 1649 voluminis,

1792 1670 1934 1741 quod
1960 1685 2066 1723 uno
2096 1670 2312 1740 quidem
2343 1685 2584 1740 corpore,
2637 1672 2728 1725 sed
2759 1674 2995 1743 quinque
3027 1674 3381 1730 incisionibus

1793 1760 2054 1817 librorum
2082 1763 2312 1816 divisum
2340 1771 2440 1828 est,
2466 1764 2783 1832 szepedictus
2812 1765 3073 1822 Martinus
3097 1768 3382 1838 episcopus

104 1872 211 1919 tum
254 1863 523 1917 adversus
557 1861 715 1931 lupos
757 1876 820 1915 ac
868 1859 1197 1930 praedatores
1239 1854 1493 1910 Ecclesiae
1525 1854 1697 1907 haerc-
1722 1843 1770 1904 Β
1799 1863 1997 1909 sanctae
2029 1854 2172 1909 sedis
2202 1854 2509 1924 apostolicae
2555 1856 2716 1910 etiam
2751 1857 3039 1927 specialem
3092 1859 3377 1929 epistolam

104 1956 234 2011 lices
251 1954 458 2027 Cyrum
479 1952 905 2008 Alexandrinum
927 1951 1260 2022 episcopum,
1280 1946 1527 2017 Sergium
1548 1944 1688 1999 Con-

101 2046 640 2116 slantinopolitanum
662 2044 996 2115 episcopum,
1027 2041 1324 2113 Pyrrhum,
1356 2037 1690 2103 Paulumque

98 2136 490 2211 patriarcham,
545 2149 887 2189 successores
916 2133 1083 2202 ipsius
1103 2172 1117 2195 ,
1167 2135 1553 2183 concurrentes
1586 2124 1688 2181 sibi

100 2228 343 2285 vicissim
395 2228 451 2281 in
497 2224 603 2281 hoc
649 2232 961 2289 certamen,
1006 2237 1165 2276 unam
1209 2219 1581 2290 Operationem
1630 2216 1686 2269 in

101 2321 322 2377 Christo
356 2319 586 2374 Domino
617 2326 805 2374 nostro
851 2317 961 2372 Deo
992 2313 1287 2370 divinitatis
1338 2320 1393 2366 et
1442 2307 1690 2364 humani-

101 2411 224 2465 tatis
248 2409 500 2480 profiteri
526 2408 787 2463 audentes
813 2424 828 2460 :
856 2422 977 2462 cum
1005 2405 1305 2461 orthodoxa
1338 2402 1470 2457 ﬁdes
1498 2400 1686 2455 Eccle-

101 2501 191 2558 sia:
220 2500 511 2557 catholicae
536 2500 625 2570 pio
668 2514 830 2556 sensu
868 2496 1193 2567 conﬁteatur
1228 2496 1364 2551 duas
1391 2495 1445 2548 in
1474 2492 1691 2549 Clll'lSlO

100 2594 489 2650 convenientes
511 2602 731 2648 naturas
757 2600 812 2648 et
834 2592 1195 2663 Operationes.
1221 2589 1489 2658 Operatur
1509 2587 1690 2655 itaque

101 2695 336 2756 utraque
366 2683 538 2739 forma
566 2684 747 2739 divina
791 2692 952 2752 atque
996 2683 1227 2736 humana
1263 2680 1314 2732 in
1361 2692 1467 2731 una
1509 2674 1692 2730 Salva-

102 2779 231 2835 toris
259 2778 439 2834 nostri
466 2791 697 2847 persona
719 2790 843 2831 cum
872 2773 1096 2829 alterius
1127 2769 1510 2827 communione
1544 2766 1690 2836 quod

99 2872 384 2943 proprium
414 2878 532 2935 est,
568 2866 742 2925 Verbo
786 2867 1003 2937 quidem
1047 2871 1309 2936 cperante
1348 2859 1491 2933 quod
1530 2859 1691 2915 Verbi

104 2969 209 3028 est,
236 2975 414 3017 carne
463 2968 643 3015 autem
686 2966 1015 3029 exsequente
1058 2956 1202 3026 quod
1250 2954 1433 3010 carnis
1477 2960 1592 3017 est;
1637 2958 1696 3006 et

103 3068 263 3109 unum
320 3053 516 3109 horum
552 3059 804 3107 coruscat
843 3048 1151 3114 miraculis,
1183 3047 1327 3101 aliud
1356 3054 1535 3100 autem
1570 3059 1694 3099 suc-

1795 1943 1911 1999 viro
1941 1942 2037 1998 Dei
2085 1944 2388 1998 transmisit
2432 1944 2698 2010 Amando,
2732 1962 3016 2017 perquam
3042 1948 3260 2005 decreta
3290 1967 3381 2023 sy-

1790 2035 2030 2101 nodalia,
2058 2051 2318 2106 suamque
2344 2052 2469 2107 erga
2507 2037 2681 2106 ipsum
2710 2038 2999 2110 benignam
3034 2041 3382 2097 dilectionem

1792 2125 1925 2180 satis
1972 2125 2293 2195 abundeque
2336 2128 2683 2191 monstravit,
2724 2144 2789 2183 ac
2818 2144 2886 2183 ne
2913 2128 3256 2185 afllictionum
3290 2147 3386 2186 au-

1794 2216 2015 2286 gorihus
2040 2225 2347 2271 coarctatus
2372 2232 2401 2270 a
2432 2218 2523 2287 pio
2554 2218 2751 2273 mentis
2780 2220 3058 2289 preposito
3103 2222 3385 2277 recederet

1792 2305 2091 2373 admonuit,
2131 2316 2185 2361 et
2228 2309 2571 2364 sermonibus
2616 2309 2842 2385 insuper
2886 2311 3272 2367 exhortatoriis
3318 2314 3387 2368 ad

1794 2398 2134 2455 tolerantiam
2166 2400 2572 2456 tribulatidnum
2601 2404 2797 2472 quibus
2819 2419 2849 2457 a
2879 2404 3385 2459 contrariis'divina‘.

1794 2490 2041 2560 religioni
2080 2493 2411 2563 presbyteris
2436 2508 2528 2547 seu
2559 2493 2891 2556 diaconihus,
2935 2494 3163 2564 aliisque
3204 2510 3387 2550 sacer-

1792 2584 1989 2641 dotalis
2022 2585 2182 2639 oflicii
2224 2586 2486 2640 ministris
2515 2586 2858 2657 gravabatur,
2887 2588 3129 2642 animare
3158 2590 3384 2645 studuit.

1792 2673 1900 2729 Pro
1919 2689 2148 2744 quorum
2194 2684 2383 2745 postea
2423 2677 2839 2746 augescentibus
2884 2677 2939 2731 in
2988 2678 3226 2734 deterius
3271 2694 3388 2736 sce-

1796 2764 2089 2820 leratorum
2127 2775 2343 2821 actuum
2386 2768 2849 2840 incorrigibilibus
2879 2772 3195 2827 excessibus
3223 2772 3388 2845 (sicut

1795 2856 1993 2911 librum
2020 2857 2143 2912 vitae
2172 2859 2289 2929 ejus
2325 2858 2623 2930 legentibus
2656 2860 2844 2935 liquet)
2877 2864 3040 2918 etiam
3070 2864 3385 2922 cathedram

1796 2947 2055 3019 episcopii
2108 2948 2209 3004 sibi
2251 2950 2527 3006 commissi
2574 2950 2833 3020 deseruit,
2877 2954 3262 3027 pulveremque
3296 2972 3390 3030 pe.

1797 3038 1923 3093 dum
1956 3054 2176 3095 suorum
2212 3057 2375 3111 super
2403 3051 2806 3113 contemptores
2834 3061 2945 3101 sua:
2988 3049 3391 3117 praedicationis

103 3144 310 3201 cumbit
358 3142 572 3215 injuriis
612 3158 625 3197 :
668 3149 728 3198 ut
774 3141 844 3197 sit
889 3140 1191 3212 proprietas
1241 3138 1434 3193 divinze
1486 3148 1693 3192 naturae

1802 3127 1946 3197 iuxta
1971 3133 2338 3204 evangelicum
2364 3136 2573 3191 Domini
2599 3147 2925 3210 praeceptum
2943 3140 2995 3195 in
3023 3142 3390 3199 testimonium

105 3233 332 3298 (ςιπίειί,
361 3206 619 3288 afﬁnitas
648 3246 771 3288 eum
810 3206 948 3286 νειίε
975 3206 1032 3285 έι
1058 3230 1272 3300 operari
1304 3228 1519 3293 divina;
1565 3243 1694 3298 pro-
1723 3206 1768 3271 C
1801 3221 1906 3279 illis
1935 3225 2237 3290 excutiens,
2297 3227 2363 3281 ad
2396 3227 2511 3283 loca
2565 3206 2667 3283 alia
2716 3206 3059 3301 demigravit.
3110 3233 3383 3291 Praeterea

106 3324 309 3395 prietas
338 3337 468 3378 vero
507 3322 758 3379 humanae
797 3331 1029 3387 naturae,
1060 3321 1296 3375 humana
1325 3319 1460 3374 velle
1487 3326 1541 3375 et
1569 3334 1697 3388 ope-

86 3414 217 3468 .rari
244 3413 508 3477 humane,
539 3418 601 3466 ut
620 3410 948 3482 approbetur
976 3411 1031 3465 in
1065 3424 1171 3465 una
1199 3409 1417 3481 quidem
1441 3424 1695 3479 persona,

109 3505 204 3561 sed
228 3504 284 3560 in
315 3504 521 3560 duabus
544 3504 752 3560 naturis
780 3503 922 3559 Deus
947 3512 1004 3558 et
1028 3505 1189 3560 homo
1213 3502 1532 3557 naturaliter
1555 3518 1693 3558 esse.

112 3598 285 3667 Quam
333 3597 642 3654 columnam
690 3595 1006 3653 orthodoxa:
1051 3595 1175 3651 ﬁdei
1226 3605 1412 3650 sancta
1462 3596 1699 3664 synodus

108 3689 571 3747 Chalcedonensis
613 3689 827 3753 statuit,
859 3689 1344 3757 universorumque
1376 3687 1571 3741 chorus
1599 3685 1700 3739 Pa-

107 3791 256 3841 trum
287 3780 679 3837 catholicorum
705 3780 1067 3835 confirmavit.

56 3868 64 3878 ’
105 3910 111 3918 ο
176 3875 241 3930 In
294 3874 716 3929 destructionem
775 3873 957 3944 itaque
1002 3870 1382 3942 suprascriptse
1433 3870 1704 3926 hxereseos

105 3976 277 4039 atque
297 3966 754 4037 expugnationem
782 3963 1051 4035 superbia:
1077 3971 1267 4019 contra
1302 3961 1582 4017 scientiam
1610 3960 1703 4015 Dei

108 4074 169 4114 se
194 4055 487 4122 elevantis,
521 4069 615 4112 seu
641 4065 698 4111 et
733 4054 1198 4111 conﬁrmationem
1230 4054 1539 4133 dogmatum
1566 4051 1702 4105 divi-

109 4164 330 4213 norum,
355 4162 515 4219 supra
534 4151 842 4205 nominatus
862 4147 1126 4203 Martinus
1143 4148 1361 4219 pietatis
1389 4147 1702 4212 advocatus,

109 4241 253 4296 sicut
275 4239 331 4294 in
353 4238 534 4294 Gestis
552 4238 953 4309 pontiﬁcalibus
970 4237 1188 4308 legitur,
1218 4237 1364 4291 misit
1389 4245 1444 4292 et
1474 4250 1702 4307 congre-

113 4333 262 4403 gavit
290 4331 344 4387 in
374 4330 506 4387 urbe
532 4332 703 4387 Roma
730 4333 1011 4403 episcopos
1042 4339 1257 4386 centum
1283 4338 1337 4386 et
1361 4331 1617 4402 quinque.
1648 4337 1705 4384 et

116 4421 557 4493 fecit.synodum
601 4421 896 4477 secundum
949 4421 1192 4475 instituta
1239 4420 1462 4475 Patrum
1517 4419 1705 4475 ortho-

114 4509 377 4567 doxorum
397 4509 552 4579 juxta
576 4509 906 4580 episcopium
933 4508 1318 4575 Lateranense,
1341 4509 1702 4565 residentibus

1798 3318 1961 3372 etiam
1970 3317 2081 3388 jam
2096 3321 2270 3375 dictus
2290 3322 2612 3393 apostolicus
2632 3322 2870 3392 ejusdem
2885 3324 3059 3381 Patris
3076 3342 3220 3383 cura:
3237 3328 3390 3399 Sige-

1799 3408 2014 3464 bertum
2045 3410 2334 3482 Dagoberti
2365 3412 2554 3477 filium,
2576 3430 2756 3485 regem
2783 3416 3035 3473 videlicet
3056 3418 3391 3475 Francorum

1800 3503 2187 3557 commendare
2214 3504 2443 3564 studuit.
2468 3505 2559 3574 qui
2588 3504 2715 3559 olim
2739 3507 2915 3563 adhuc
2938 3508 3133 3575 infans,
3161 3514 3394 3568 necdum

1804 3589 1984 3645 adhuc
2012 3591 2501 3661 quadragenarium
2530 3594 2740 3648 dierum
2772 3599 3039 3652 excedens
3082 3616 3393 3671 numerum,

1803 3679 1930 3735 dum
1961 3697 1991 3735 a
2021 3682 2081 3735 Β.
2114 3683 2361 3738 Amando
2403 3685 2833 3754 henediceretur,
2860 3690 3023 3745 Amen
3069 3692 3224 3749 dulce
3248 3696 3395 3765 quod

1803 3775 2032 3829 necdum
2059 3777 2305 3845 corporis
2334 3794 2434 3832 usu
2474 3777 2763 3846 didicerat,
2806 3798 2905 3852 pro
2954 3784 3087 3839 tanti
3116 3788 3393 3861 ptedagogi

1803 3867 1999 3921 merito
2029 3867 2373 3936 declaranda,
2403 3870 2548 3924 clara
2579 3885 2709 3927 voce
2730 3881 2850 3942 post
2882 3890 3051 3930 sacra:
3080 3876 3242 3933 ﬁnem
3257 3894 3397 3940 _ora-

1804 3955 1968 4012 tionis
1997 3959 2386 4028 pronuntiavit.
2425 3960 2494 4017 Ut
2531 3977 2660 4017 vero
2690 3966 2958 4034 praedictae
2988 3967 3272 4025 locutionis
3298 3986 3399 4027 no-

1806 4041 1936 4101 stite
1968 4048 2197 4102 assertio
2225 4049 2439 4105 deterso
2479 4051 2771 4108 dubietatis
2802 4055 2987 4112 nubilo
3017 4059 3391 4130 conﬁrmetur,

1802 4137 2085 4209 praefatam
2110 4139 2388 4208 epistolam
2422 4139 2660 4209 ejusdem
2687 4157 2836 4213 papae
2868 4144 2934 4199 ad
2982 4147 3040 4200 Β.
3086 4148 3391 4205 Amandum

1805 4235 2065 4291 directam
2116 4236 2241 4292 huic
2286 4246 2472 4293 nostro
2518 4241 2755 4295 sermoni
2808 4243 3132 4315 subjungcre
3169 4246 3394 4316 placuit,

1806 4325 1961 4397 cujus
1986 4328 2089 4383 iste
2121 4330 2311 4384 modus
2334 4340 2418 4385 est
2446 4349 2459 4384 :

1882 4438 1902 4472 α
1945 4422 2306 4478 Dilectissimo
2336 4423 2489 4479 fratri
2516 4423 2743 4481 AIANDO
2777 4424 3079 4484 MARTINUS.

1883 4533 1902 4567 ι
1948 4514 2329 4571 Fraternitatis
2362 4526 2483 4581 ture,
2534 4535 2551 4567 ι
2596 4527 2703 4571 etc.
2742 4516 2903 4587 (Vide
2955 4519 3090 4573 hanc
3120 4522 3392 4591 epistolam

113 4576 413 4672 episcopis,
427 4576 1089 4671 presbyteris—3813mm“
1114 4599 1430 4655 diaconiblls
1459 4615 1523 4655 ac
1550 4599 1698 4655 clero
1728 4576 1782 4637 θ
1806 4608 1942 4662 inter
1954 4605 2124 4678 Opera
2138 4606 2195 4665 S.
2214 4608 2435 4662 Martini
2448 4576 2596 4679 ῥίψω
2609 4608 2658 4674 1,
2676 4576 2883 4662 Potrol.
2902 4619 3029 4666 tom.
3045 4576 3244 4667 [.ka

117 4691 369 4747 universo
395 4706 410 4744 :
434 4698 492 4747 et
508 4689 1005 4746 condemnaverunt
1024 4687 1244 4759 Cyrum,
1272 4689 1696 4745 Alexandrinum

117 4784 452 4855 episcopum,
465 4790 523 4839 et
541 4779 815 4853 Sergium,
830 4780 1479 4851 ConstantinOpolitanum
1494 4783 1701 4853 episcoa

117 4889 264 4946 pum,
285 4873 559 4946 Pyrrhum
583 4873 749 4928 etiam
776 4886 1143 4928 successorem
1168 4872 1303 4943 ejus,
1327 4871 1550 4927 Paulum
1573 4889 1705 4944 quo-

118 4979 220 5034 que
246 4964 492 5036 ejusdem
517 4963 670 5020 urbis
696 4964 1083 5034 patriarcham,
1103 4963 1216 5031 qui,
1240 4962 1407 5018 inflati
1437 4965 1704 5035 superbiae

120 5055 331 5123 spiritu,
359 5055 621 5112 adversus
644 5062 792 5110 recta
815 5063 1017 5109 sanctae
1040 5053 1135 5108 Dei
1161 5052 1418 5109 Ecclesiae
1455 5055 1707 5125 dogmata

121 5147 381 5202 audacter
404 5154 866 5218 presumpserunt
893 5144 1135 5216 paternis
1163 5144 1565 5201 definitionibus
1586 5162 1711 5202 con-

123 5237 310 5304 traire,
338 5244 500 5309 atque
535 5238 794 5295 novitatis
823 5242 1190 5292 commentum
1215 5243 1405 5291 contra
1444 5237 1708 5295 immacu-

192 5362 218 5420 φ
254 5347 356 5404 Hic
396 5350 653 5416 calculus,
697 5348 1045 5420 quantumvis
1087 5348 1326 5404 studiose
1371 5350 1440 5403 ah
1488 5357 1710 5405 auctore

125 5418 427 5491 indagatus,
456 5430 605 5477 stare
627 5418 769 5476 haud
789 5436 1062 5491 quaquam
1090 5428 1283 5490 potest.
1310 5420 1445 5475 Cum
1470 5423 1615 5475 enim
1635 5435 1705 5475 ex

126 5488 508 5563 Baudemundo
551 5492 701 5563 (vide,
734 5488 1201 5563 Pa'trologiam;od
1238 5508 1327 5563 on.
1365 5491 1511 5563 679),
1557 5502 1612 5545 ct
1640 5507 1707 5546 ex

127 5560 242 5630 ipso
269 5559 464 5617 Milone
493 5559 650 5627 infra,
679 5559 969 5617 Amandus
983 5562 1048 5616 ad
1078 5560 1401 5616 Theoderici
1430 5559 1707 5632 principa-

130 5640 236 5685 tum
259 5633 586 5701 pervenerit,
607 5633 1072 5703 supervixeritque
1093 5632 1398 5688 Childerico
1422 5635 1560 5688 haud
1584 5642 1710 5687 ante

129 5717 325 5759 annum
371 5702 476 5759 6ιὸ
514 5702 817 5767 interfecto,
853 5702 1075 5759 omnino
1104 5704 1333 5760 Amandi
1363 5703 1540 5760 obitus
1568 5705 1707 5759 ultra

132 5774 291 5830 istum
335 5790 533 5829 annum
575 5775 952 5847 producendus
985 5784 1089 5830 est.
1140 5774 1233 5831 Sic
1278 5776 1440 5847 igitur
1477 5775 1710 5830 Amandi

132 5855 260 5899 actas
284 5843 671 5917 componenda.
714 5843 955 5900 Mortuus
999 5856 1085 5902 est
1128 5843 1405 5913 Amandus
1455 5856 1713 5919 regnante

531 5938 807 5998 ΡΑτιιοι..
841 5936 1070 5999 CXXI.

1809 4697 1916 4752 col.
1958 4697 2108 4768 155.)

1916 4842 2147 4884 τιτυιυε
2184 4843 2251 4882 DE
2289 4843 2451 4885 OBITU
2490 4845 2649 4885 ΒΕΛΤΙ
2687 4846 2889 4886 ΑΗΛΝΒΙ
2918 4846 3285 4890 εοηεεεεοιιιε.

1881 4961 2038 5018 Anno
2061 4962 2446 5018 incarnationis
2474 4963 2686 5018 Domini
2710 4964 2881 5018 nostri
2899 4962 3030 5019 Jesu
3050 4964 3253 5021 Christi
3273 4980 3399 5023 sex-

1810 5053 2108 5109 centesimo
2156 5054 2494 5124 sexagesimo
2531 5054 2711 5123 primo
2740 5066 2792 5119 ι,
2832 5055 3130 5111 indictione
3174 5068 3392 5127 quarta,

1810 5152 1999 5215 epacta
2032 5146 2221 5215 quinta
2247 5145 2477 5210 decima,
2508 5153 2866 5201 concurrente
2907 5155 3120 5217 quarto,
3161 5150 3396 5206 termino

1811 5236 2131 5292 duodecimo
2162 5235 2434 5292 Kalendas
2455 5236 2679 5308 Aprilis,
2706 5236 2919 5294 Pascha
2956 5239 3147 5310 quinto
3192 5240 3393 5299 Kalen-

1808 5359 1933 5423 post
1964 5348 2330 5423 Cbildericum
2375 5349 2731 5417 Theoderico,
2759 5367 2845 5423 ex
2856 5351 3033 5423 dictis,
3076 5361 3133 5408 et
3178 5354 3393 5423 quidem

1814 5421 1906 5476 die
1951 5421 2225 5476 Dominica
2259 5423 2313 5475 in
2354 5423 2496 5476 diem
2539 5432 2751 5476 sextum
2806 5421 3085 5478 Februarii
3131 5421 3310 5479 littera
3352 5426 3395 5478 Β

1844 5492 2088 5547 rmditum
2118 5493 2407 5557 incidente,
2431 5501 2491 5546 ut
2510 5492 2824 5563 pnelaudati
2848 5503 3102 5551 auctores
3122 5496 3388 5550 scribunt.

1805 5510 1945 5617 ll‘oto
1976 5563 2292 5617 Theudorici
2327 5564 2468 5617 regis
2526 5564 2827 5617 nrincinatu:
2857 5566 2971 5617 dies
3022 5566 3301 5617 Dominica
3333 5566 3388 5617 in

1854 5571 1945 5617 oto
1976 5563 2292 5618 Theudorici
2327 5564 2468 5634 regis
2526 5564 2827 5633 principatu:
2857 5566 2971 5621 dies
3022 5566 3301 5621 Dominica
3333 5566 3390 5619 in

1808 5643 2021 5689 sextum
2049 5634 2328 5688 Februarii
2376 5635 2737 5689 inciditannis
2786 5634 3049 5691 duntaxat
3069 5636 3172 5691 679
3193 5644 3246 5690 et
3265 5635 3387 5690 690.

1810 5705 2083 5760 Posterior
2115 5721 2285 5760 annus
2313 5704 2539 5775 Amandi
2572 5707 2775 5761 obitum
2816 5708 2991 5761 serius
3020 5706 3200 5760 differt
3226 5725 3237 5758 :
3264 5720 3393 5775 pro-

1812 5778 1934 5830 inde
1974 5776 2286 5831 retinendus
2333 5770 2617 5845 posterior,
2669 5777 3118 5846 quemadmodum
3167 5770 3392 5834 Carolus

1812 5846 1884 5901 Le
1919 5846 2100 5900 Cninte
2128 5856 2270 5901 recte
2297 5849 2502 5902 statuit.

2798 5940 2867 5999 31
