3954 6342
525 440 629 497 971
866 474 870 478 Α
1703 427 1979 486 ADDITIO
2016 427 2108 481 AD
2150 426 2359 482 VITAM
2499 428 2787 486 AMANDI.
2929 444 2943 454 ‘
3077 445 3086 453 '
3714 422 3817 482 97!

524 553 719 632 garum
749 548 1192 622 Aprilinm,‘luna
1218 536 1477 602 vicesima
1518 543 1715 616 prima,
1758 549 1951 598 octavo
1987 538 2113 596 ldus
2140 544 2192 605 Α
2221 543 2384 607 rium,
2430 542 2649 597 tertium
2690 540 3034 603 Mauricium.
3085 546 3342 612 quartum
3369 536 3644 603 Phocam,
3668 535 3817 609 cuius

528 643 833 705 Februarii,
867 641 951 696 die
978 638 1274 699 Dominica,
1299 637 1426 691 luna
1448 635 1648 707 prima,
1668 633 1804 691 obiit
1825 632 1883 688 S.
1904 632 2114 689 Aman-

530 741 630 793 dus
666 750 930 792 annorum
966 733 1187 788 circiter
1222 731 1536 803 nonaginta.

525 864 889 908 ABGUIENTUI
935 861 1040 911 QUO
1079 860 1326 900 TEMPOBE
1365 855 1905 925 ηελτυεροΝι-Ἒθδοι
1943 853 2105 895 ΔΙΔΝς

770 935 870 976 DUS
907 935 1007 973 γει.
1046 932 1219 972 NATUS
1259 931 1356 971 νει
1394 928 1706 971 DEFUNCTUS
1755 928 1881 968 SIT.-

598 1014 676 1068 De
723 1020 967 1082 tempore
1007 1007 1304 1064 nativitatis
1327 1014 1382 1062 et
1418 1020 1581 1062 cursu
1606 1005 1732 1061 vitae
1762 1012 1926 1075 atque
1962 1002 2113 1058 obitu

523 1107 665 1164 beati
695 1102 964 1177 pontificis
1001 1101 1202 1156 Christi
1231 1098 1484 1163 Amandi,
1511 1097 1690 1167 aliqua
1712 1095 1927 1151 lectioni
1977 1094 2117 1150 inse-

525 1214 645 1254 rere
682 1198 751 1253 ob
778 1196 993 1267 plenam
1021 1192 1387 1264 cognitionem
1422 1190 1714 1263 legentium
1746 1188 2115 1259 necessarium

524 1291 779 1347 duximus
804 1306 817 1341 :
846 1288 934 1356 qui
967 1286 1107 1341 sicut
1137 1283 1399 1355 probabili
1425 1291 1743 1354 argumento
1781 1280 2020 1335 historiis
2049 1293 2115 1334 ac

527 1379 799 1436 chronicis
824 1377 926 1433 sibi
950 1374 1360 1432 concinentibus
1384 1372 1848 1443 investigavimus,
1882 1383 2025 1424 anno
2046 1368 2115 1423 ab

524 1466 901 1529 lncarnatione
925 1467 1137 1522 Domini
1169 1464 1339 1520 nostri
1364 1462 1487 1519 Jcsu
1516 1462 1717 1519 Christi
1746 1462 2117 1533 quinquagen-

524 1562 717 1618 tesimo
740 1557 1136 1630 septuagesimo
1157 1558 1351 1626 primo,
1368 1551 1533 1607 Nonis
1546 1552 1666 1607 Maii
1693 1550 1913 1616 mensis,
1928 1550 1979 1605 in
1992 1564 2116 1622 pro-

523 1650 700 1706 vincia
729 1647 1167 1718 Aquitaniorum,
1199 1654 1254 1701 et
1291 1659 1428 1716 pago
1465 1643 1705 1719 prmfatze
1746 1640 1979 1712 regionis
2015 1655 2111 1695 voc

531 1742 722 1799 cabulo
746 1738 1096 1804 llerbatilico,
1112 1753 1179 1793 ex
1200 1745 1352 1807 patre
1374 1735 1602 1800 Sereno,
1630 1732 1890 1805 genitrice
1912 1731 2116 1786 Aman-

528 1835 637 1899 tia;
672 1831 971 1888 nativitatis
1002 1830 1211 1886 initium
1257 1826 1465 1891 habuit,
1493 1840 1634 1880 anno
1662 1822 1867 1879 scilicet
1888 1822 2116 1892 septimo

525 2021 752 2091 conjuge
776 2018 896 2089 jure
922 2017 1137 2088 publico
1168 2030 1348 2071 arcem
1388 2011 1599 2083 imperii
1636 2009 1871 2074 tenebat,
1900 2023 2005 2078 quo
2033 2008 2114 2063 vi-

526 2114 723 2167 delicet
768 2122 1007 2180 tempore
1030 2107 1265 2165 Joannes
1291 2105 1531 2178 pontifex
1557 2103 1814 2158 Romana:
1858 2102 2116 2159 Ecclesia:

530 2205 583 2259 in
617 2203 805 2259 ordine
831 2202 1139 2272 pontificum
1181 2197 1549 2269 sexagesimus
1576 2196 1768 2255 tertius
1799 2195 2114 2251 cathedram

522 2296 762 2367 ejusdem
821 2297 969 2350 urbis
1000 2310 1143 2351 anno
1173 2294 1255 2349 sui
1300 2292 1621 2362 praesulatus
1651 2301 1845 2348 octavo
1892 2300 2115 2349 strenue

524 2389 880 2460 gubernabat.
916 2386 1308 2457 Com‘putantur
1339 2393 1518 2441 autem
1547 2384 1615 2439 ab
1646 2398 1789 2438 anno
1815 2382 2114 2439 nativitatis

521 2481 728 2554 praefati
758 2482 856 2535 viri
886 2480 979 2535 Dei
1001 2480 1229 2535 Amandi
1254 2493 1424 2548 usque
1451 2478 1519 2532 ad
1548 2477 1754 2533 obitum
1786 2477 1953 2551 ipsius
1978 2491 2112 2547 pon-

522 2572 698 2628 tifices
748 2571 1004 2626 Romana
1050 2568 1193 2625 sedis
1240 2569 1537 2633 sexdecim,
1573 2584 1604 2622 a
1650 2567 1858 2623 Joanne
1904 2567 2114 2627 scilicet

522 2668 838 2737 incipientes
866 2665 1160 2729 numerari,
1193 2662 1346 2732 cujus
1373 2672 1566 2719 octavo
1591 2676 1734 2717 anno
1768 2660 2113 2732 pontificatus

522 2767 683 2817 natus
711 2766 817 2821 est,
849 2757 950 2812 hoc
981 2756 1142 2812 modo
1178 2773 1189 2810 :
1217 2755 1425 2826 primus
1450 2754 1590 2808 idem
1621 2753 1880 2819 Joannes,
1913 2768 2109 2811 secun-

521 2853 625 2909 dus
651 2851 995 2916 Benedictus,
1042 2850 1236 2905 tertius
1260 2849 1530 2919 Pelagius,
1577 2857 1803 2918 quartus
1848 2845 2113 2903 mirabilis

523 2944 711 3001 doctor
738 2940 991 2996 Ecclesia:
1013 2939 1325 3009 Gregorius,
1358 2938 1412 2992 in
1438 2936 1593 3008 cujus
1624 2936 1981 2993 ordinationis
2010 2935 2113 2989 ini-

521 3036 600 3091 tio
650 3035 732 3088 vir
781 3032 875 3087 Dei
901 3033 1180 3087 Amandus
1231 3031 1551 3103 vicesimum
1597 3029 1892 3086 secundum
1933 3027 2111 3084 aetatis

524 3125 714 3196 agebat
735 3138 956 3188 annum,
987 3123 1039 3176 in
1062 3123 1213 3178 obitu
1233 3136 1363 3176 vero
1383 3120 1553 3189 ipsius
1581 3135 1749 3190 prope
1772 3119 2110 3189 trigesimum

523 3218 791 3287 quintum,
818 3216 907 3285 (ιιιὶ
942 3222 1059 3269 erat
1084 3229 1258 3269 annus
1286 3230 1316 3267 a
1338 3213 1621 3268 nativitate
1646 3212 1857 3267 Domini
1887 3226 2109 3267 sexcen-

2214 634 2451 690 secundo
2475 649 2618 689 anno
2639 634 2870 705 imperii,
2893 643 2953 690 ut
2970 632 3085 703 jam
3107 633 3366 697 diximus,
3387 630 3484 702 qui
3506 639 3632 686 erat
3648 646 3817 691 annus

2214 724 2428 781 Domini
2449 725 2879 781 sexcentesimus
2900 723 3144 794 quintus,
3166 722 3467 794 Gregorius
3485 737 3635 795 papa
3661 723 3813 791 obiit,

2215 826 2340 887 post
2380 834 2543 888 quem
2586 817 2647 874 Β.
2690 817 2990 884 Amandus,
3032 817 3168 873 vixit
3206 818 3367 872 annis
3414 817 3814 888 quinquaginta

2216 925 2334 978 sex;
2368 910 2616 982 quintum
2639 909 2868 977 Romani
2903 910 3113 982 imperii
3142 910 3447 982 principem
3478 909 3809 975 Heracliam,

2212 1011 2425 1060 sextum
2456 1002 2869 1059 Constantinum
2895 1003 2950 1070 ι),
2982 1002 3273 1074 septimum
3295 1001 3546 1072 ejusdem
3580 998 3819 1065 nominis

2216 1092 2651 1159 Constantinum,
2681 1093 2834 1163 cujus
2879 1109 3024 1149 anno
3052 1095 3204 1166 regni
3252 1093 3524 1165 vigesimo
3578 1096 3742 1150 tertio
3767 1108 3811 1163 ε,

2216 1186 2310 1257 qui
2328 1194 2632 1243 eratannus
2655 1187 2947 1243 Dominieae
2965 1186 3358 1242 lncarnationis
3376 1187 3815 1244 sexcentesimo:

2216 1277 2585 1351 sexagesimus
2608 1278 2818 1350 primus
2856 1277 3104 1333 ultimum
3148 1279 3437 1349 praesentis
3466 1279 3576 1334 avi
3607 1288 3816 1350 tempus

2217 1385 2359 1442 saepe
2383 1369 2561 1426 dictus
2590 1370 2753 1426 Pater
2778 1370 3034 1442 explevit.

2288 1462 2443 1529 Quod
2492 1463 2538 1518 si
2586 1471 2643 1519 et
2684 1463 2960 1536 principes
3010 1462 3161 1534 regni
3195 1462 3542 1518 Francorum
3566 1463 3817 1533 quitem-

2216 1568 2351 1625 pore
2377 1554 2501 1609 vitae
2521 1552 2637 1628 ejus
2652 1570 2743 1626 jus
2766 1554 3318 1628 regium-tenuerunt,
3342 1554 3550 1627 aliquis
3573 1570 3813 1625 quaerere

2218 1648 2454 1705 voluerit
2492 1649 2823 1720 (quanquam
2861 1648 2913 1704 id
2943 1662 3050 1704 non
3086 1647 3247 1704 facile
3286 1658 3519 1719 propter
3556 1649 3812 1704 historia-

2219 1754 2341 1801 rum
2392 1740 2743 1811 semiplenam
2798 1741 3407 1813 indaginem'videatnr
3462 1741 3589 1798 fieri
3619 1744 3811 1813 posset.

2222 1830 2530 1902 diligentius
2579 1832 2745 1888 animi
2793 1833 3084 1889 vivacitate
3142 1835 3517 1905 perspiciens,
3585 1837 3815 1906 reperiet

428 1998 431 2001 _
523 1942 631 1999 quo
652 1925 940 1981 Justiniani
962 1937 1244 1979 successor
1261 1919 1506 1976 Justinus
1528 1917 1726 1981 minor,
1755 1930 1880 1971 cum
1905 1913 2108 1983 Sophia
2138 1914 2188 1977 B
2217 1929 2461 1994 tempore
2490 1924 2613 1979 vita;
2636 1922 2754 1993 ejus
2780 1924 2882 1981 hos
2911 1925 3053 1996 apud
3090 1925 3333 1982 Francos
3357 1927 3582 1983 ιιοιιοιιε
3610 1926 3812 1985 σηπίης

2216 2018 2370 2089 regio
2416 2019 2522 2073 hoc
2568 2019 2760 2077 ordine
2787 2037 2800 2073 :
2827 2020 3062 2090 primum
3090 2018 3483 2089 Chilpericum,
3519 2021 3813 2077 semiudum

2216 2110 2557 2177 Lotharinm,
2591 2112 2809 2167 tertium
2842 2112 3224 2183 Dagobcrtum,
3267 2121 3538 2182 quartum
3569 2112 3812 2184 Sigebee

2218 2209 2354 2267 tum,
2379 2200 2604 2271 ejusque
2630 2200 2854 2258 fratrem
2881 2201 3191 2259 Lodovenm
3219 2203 3503 2274 quintum,
3529 2202 3701 2272 cuius
3734 2204 3813 2261 ﬁli

2214 2290 2436 2348 fuerunt
2480 2292 2558 2359 bi,
2584 2293 2897 2360 Lotbarius,
2931 2292 3251 2359 Hildericus,
3282 2307 3349 2348 ac
3393 2292 3809 2350 Theodericus;

2216 2387 2314 2441 sed
2356 2386 2615 2445 Lothario
2644 2386 2698 2441 in
2724 2387 3010 2459 juventute
3043 2395 3278 2451 mortuo,
3305 2402 3373 2443 ac
3401 2386 3816 2444 deindeﬂiltb-

2216 2476 2333 2531 rico
2367 2490 2399 2530 a
2442 2475 2774 2533 Francorum
2821 2477 3142 2548 primatibus
3188 2476 3511 2542 interfecto,
3567 2478 3813 2548 regalem,

2215 2582 2378 2638 quam
2407 2582 2579 2639 nuper
2610 2577 2918 2624 tonsoratus
2955 2558 3231 2632 amiserat,
3265 2568 3663 2625 Theodericus
3684 2586 3817 2626 rem-

2216 2659 2296 2728 pit
2322 2657 2636 2729 dignitatem
2666 2676 2679 2711 2
2706 2658 2772 2713 ad
2809 2656 2960 2727 cujus
2985 2674 3156 2729 usque
3184 2666 3433 2729 tempora
3483 2660 3718 2716 beatum
3744 2661 3813 2716 rio

2216 2749 2364 2805 xisse
2392 2747 2696 2804 Amandum
2742 2749 3053 2804 chartarum
3094 2749 3479 2805 instrumentis
3509 2766 3642 2821 qua:
3691 2752 3812 2822 apud

2222 2858 2323 2897 nos
2353 2843 2616 2899 hactenus
2644 2843 2912 2899 habentur
2935 2843 3211 2898 docemur.
3247 2843 3465 2911 Quibus
3511 2845 3693 2900 etiam
3717 2846 3816 2900 die-

2214 2931 2318 2987 bus
2370 2931 2639 2987 Ebroinus
2664 2932 3032 3003 majordomus
3059 2933 3323 2990 nefandas
3367 2950 3546 3006 regno
3582 2935 3817 2992 Francc»

2216 3038 2338 3077 rum
2370 3021 2589 3079 fraudes
2619 3023 2883 3080 inferebat
2910 3024 3272 3091 calamitates,
3300 3041 3514 3097 augens
3557 3028 3633 3082 de
3660 3028 3747 3084 die
3765 3029 3811 3085 iu

2216 3114 2357 3170 diem
2384 3130 2553 3186 usque
2580 3114 2648 3171 ad
2676 3130 2855 3171 seram
2882 3116 3148 3172 scelerata
3178 3117 3393 3188 piacula
3418 3127 3702 3184 mortem;
3728 3119 3812 3189 qui

2215 3208 2436 3280 regibus
2481 3224 2604 3265 cum
2653 3209 2801 3265 omni
2847 3210 3043 3280 populo
3097 3212 3432 3281 perturbatis
3460 3204 3532 3266 ad
3562 3213 3810 3269 ultimum

523 3286 749 3360 tesimus
784 3304 1025 3374 quintus,
1058 3303 1205 3373 regni
1230 3310 1411 3358 autem
1450 3301 1643 3356 Phocae
1672 3300 1901 3357 Caesaris
1935 3315 2110 3357 annus
2137 3286 2183 3351 C
2212 3299 2456 3354 omnium
2477 3299 2741 3355 malorum
2768 3315 2989 3357 suorum
3016 3301 3291 3363 cumulum
3314 3301 3379 3357 B.
3410 3302 3809 3376 Leodegariu-

521 3402 813 3464 secundus,
844 3400 980 3453 sicut
1011 3397 1153 3453 Beda
1193 3395 1533 3452 Venerabilis
1559 3394 1841 3466 presbyter
1870 3393 1922 3447 in
1952 3394 2113 3449 chro-

524 3495 659 3552 nicis
686 3494 797 3550 suis
828 3491 1012 3547 refert.
1050 3491 1115 3546 Et
1144 3502 1203 3547 ut
1232 3498 1467 3559 emptum
1497 3501 1795 3560 persequar
1818 3484 2108 3552 calculum,

535 3604 807 3650 successor
858 3585 1108 3657 Gregorii
1157 3582 1430 3655 pontiﬁcis
1482 3581 1705 3653 quintus
1753 3579 2104 3645 Sabinianus,

523 3691 706 3740 sextus
726 3678 1055 3744 Bonifacius,
1085 3677 1344 3746 septimus
1371 3673 1509 3729 alter
1535 3672 1865 3735 Bonifacius,
1888 3678 2114 3727 octavus

522 3773 834 3838 Deusdedit,
855 3788 1031 3828 nonus
1063 3768 1391 3833 Bonifacius,
1418 3766 1662 3822 decimus
1689 3763 1983 3828 Honorius,
2013 3778 2114 3817 un-

529 3867 771 3923 decimus
795 3864 1108 3930 Severinns,
1126 3860 1475 3918 duodecimus
1488 3857 1742 3923 Joannes,
1759 3856 1950 3912 tertius
1963 3854 2111 3910 deci-

525 3973 645 4012 mus
661 3956 997 4019 Theodorus,
1013 3962 1238 4024 quartus
1253 3951 1495 4009 decimus
1509 3949 1788 4013 Martinus,
1802 3945 1908 4001 B.A
1917 3945 2112 4002 mando

525 4046 1004 4109 fainili:n-issi:r.us,
1031 4044 1253 4113 quintus
1281 4043 1522 4098 decimus
1572 4040 1868 4112 Eugenius,
1921 4039 2109 4095 sextus

522 4139 769 4195 decimus
809 4136 1128 4196 Vitalianus,
1169 4132 1322 4201 cujus
1368 4133 1526 4188 tertio
1575 4148 1718 4188 anno
1764 4130 2109 4202 pontificatus

523 4230 583 4284 Β.
624 4230 900 4285 Amandus
929 4238 1012 4284 est
1051 4226 1358 4291 defunctus,
1385 4233 1575 4293 octavo
1601 4224 1725 4279 ldus
1772 4223 1975 4279 mensis
2005 4222 2109 4279 Fe-

524 4324 725 4379 bruarii
754 4332 952 4392 :atque
984 4322 1054 4374 ita
1090 4318 1384 4388 computati
1424 4319 1491 4371 ab
1532 4332 1673 4370 anno
1718 4314 2110 4369 lncarnationis

528 4416 819 4471 Dominica:
868 4412 1331 4485 quingentesimus
1385 4406 1814 4479 septuagesimus
1877 4406 2107 4477 primus,

520 4509 612 4579 qui
661 4516 779 4563 erat
828 4523 1002 4562 annus
1050 4512 1276 4561 octavus
1324 4499 1642 4572 prtesulatus
1682 4495 1907 4553 Joannis
1931 4511 2106 4567 νίψω,

520 4616 693 4671 usque
741 4600 807 4654 ad
851 4614 1057 4653 anmun
1090 4593 1302 4651 Domini
1347 4589 1799 4647 sexcentesimum
1827 4586 2104 4654 sexagesi-

2216 3391 2445 3447 diversis
2497 3399 2890 3453 tormentorum
2944 3393 3123 3463 pugnis
3180 3393 3561 3451 excruciatum
3614 3395 3810 3453 ωλι-ἰεῦ

2214 3491 2509 3554 martyrem
2532 3481 2677 3539 fecit.
2708 3482 2763 3540 Si
2791 3483 2914 3554 quis
2939 3500 3068 3540 vero
3089 3485 3237 3545 hunc
3269 3502 3587 3543 sermonem
3613 3487 3688 3545 ab
3704 3490 3814 3545 exi-

2212 3575 2421 3647 guitate
2444 3575 2698 3647 ingenioli
2721 3577 2892 3632 nostri
2915 3577 3288 3648 depromptum
3308 3579 3469 3650 quasi
3490 3580 3683 3638 minus
3700 3583 3810 3638 ido-

2216 3679 2381 3720 neum
2408 3681 2474 3722 ac
2501 3667 2732 3722 veritate
2771 3665 3046 3724 sutiultum
3074 3669 3341 3740 probabili
3370 3684 3708 3743 argumento
3733 3675 3811 3731 iu-

2215 3758 2484 3830 vestigare
2518 3758 2772 3826 voluerit,
2811 3759 2955 3815 hunc
2978 3775 3282 3827 monemus,
3312 3771 3376 3817 ut
3396 3763 3581 3831 primo
3607 3779 3811 3823 annua

2212 3851 2394 3907 obitus
2420 3849 2630 3921 praefati
2656 3848 2983 3907 confessoris
3012 3849 3212 3913 Christi
3236 3852 3497 3921 Amandi,
3524 3856 3626 3927 qui
3661 3856 3761 3913 fuit
3778 3873 3808 3911 a

2212 3943 2502 3998 nativitate
2523 3941 2738 3998 Domini
2759 3943 3184 4001 sexcentesimns
3204 3946 3580 4017 sexagesimus
3602 3948 3811 4017 primus

2214 4034 2499 4105 diligenter
2544 4034 2821 4090 memoriae
2864 4032 3012 4105 figat,
3043 4036 3171 4106 quia
3217 4036 3271 4093 in
3300 4051 3391 4102 eo,
3425 4037 3567 4095 sicut
3600 4040 3811 4109 priores

2214 4127 2387 4183 nostri
2420 4126 2578 4183 nobis
2608 4142 2715 4182 non
2747 4126 2921 4183 solum
2952 4128 3009 4183 in
3057 4127 3234 4196 libris,
3280 4129 3380 4186 sed
3404 4130 3572 4186 etiam
3611 4131 3808 4204 lapidi-

2212 4217 2315 4274 bus
2358 4233 2429 4273 ne
2471 4217 2750 4273 obliterari
2798 4227 2983 4287 posset
3026 4220 3290 4288 scriptum
3335 4219 3710 4290 reliquerunt,
3740 4221 3808 4281 ab

2213 4308 2319 4365 hoc
2341 4307 2543 4363 mundo
2571 4309 2639 4363 ad
2665 4309 2952 4365 Dominum
2985 4310 3223 4365 transiit.
3257 4309 3411 4367 Unde
3440 4313 3548 4369 hoc
3572 4329 3809 4373 numero

2213 4404 2366 4474 quasi
2382 4402 2728 4459 fundamento
2742 4404 2795 4458 in
2813 4403 2994 4459 animo
3014 4404 3283 4461 stabiliter
3292 4405 3585 4474 collocato,
3604 4408 3680 4463 ab
3694 4408 3808 4479 ipa

2212 4494 2430 4549 demum
2458 4493 2526 4548 ad
2552 4492 2830 4562 superiora
2860 4492 3176 4549 calculanda
3202 4496 3505 4566 nonaginta
3531 4511 3806 4555 armorum

2212 4584 2410 4653 quibus
2431 4581 2568 4638 vixit
2592 4597 2877 4637 numerum
2921 4590 3215 4652 computet,
3251 4593 3307 4640 et
3332 4585 3412 4640 sic
3437 4585 3507 4640 ad
3537 4588 3808 4660 quincu-

522 4651 668 4747 mu'm
700 4692 956 4762 primum,
988 4688 1079 4760 qui
1109 4695 1226 4741 erat
1252 4698 1426 4738 annus
1482 4681 1822 4751 cpisCOpnlus
1851 4675 2105 4733 Vitaliani
2133 4651 2193 4711 D
2212 4677 2466 4731 tesimum
2486 4676 2943 4747 septuagesimum
2969 4675 3204 4747 primum
3240 4651 3807 4737 nativitatisDosnini.

518 4798 672 4854 papae
713 4782 905 4835 tertius
928 4793 979 4842 ει,
1019 4794 1126 4847 quo
1158 4775 1217 4830 S.
1255 4772 1533 4827 Amandus
1569 4770 1724 4833 obiit,
1756 4768 2109 4822 inveniuntur

522 4874 645 4928 anni
678 4872 800 4924 vitze
828 4867 1036 4940 praefati
1068 4864 1281 4935 patroni
1310 4861 1625 4934 nonaginta,
1655 4860 1852 4929 quibus
1869 4871 2107 4929 praesen-

524 4966 590 5018 tis
620 4964 743 5016 vita),
768 4975 965 5014 munus
989 4957 1242 5027 explevit.

594 5053 768 5107 Simili
821 5051 985 5107 etiam
1063 5050 1221 5105 modo
1279 5050 1325 5106 si
1385 5047 1694 5118 reipublicae
1751 5046 2109 5116 imperatores

524 5144 793 5209 revolvas,
848 5151 1057 5209 septem
1104 5142 1159 5198 in
1206 5150 1451 5211 tempore
1509 5139 1632 5194 vitae
1679 5136 1885 5209 praefati
1930 5136 2107 5192 Patris

521 5239 752 5295 Amandi
791 5237 941 5307 regio
968 5235 1141 5292 officio
1182 5235 1396 5290 functos
1440 5233 1683 5289 invenies
1724 5232 1828 5288 hoc
1864 5216 2102 5286 ordine:

523 5330 757 5400 primum
786 5327 1073 5385 Justiniani
1101 5339 1471 5383 successorem
1497 5321 1766 5378 Justinum
1810 5319 2103 5390 iuniorem,

522 5419 677 5487 cujus
703 5420 936 5490 septimo
959 5433 1101 5475 anno
1129 5416 1280 5486 regni
1308 5424 1467 5470 natus
1493 5422 1599 5479 est;
1630 5412 1924 5469 secundum
1950 5410 2107 5469 Tibe-

592 5589 621 5620 ι
654 5575 907 5633 Vitaliani
935 5570 1528 5646 pontificatus‘initium
1550 5568 1720 5639 illigat
1746 5575 1935 5623 auctor
1958 5580 2102 5621 anno

520 5648 644 5706 658.
676 5640 1085 5703 Baronius‘vero
1119 5659 1263 5698 anno
1283 5640 1408 5697 855.

588 5722 617 5762 b
646 5719 997 5775 lleraelouam
1021 5714 1359 5770 Constantini
1387 5712 1575 5777 lilium,
1601 5708 1938 5765 Constantini
1968 5707 2101 5764 alte-

517 5791 631 5846 rius
657 5807 750 5845 seu
781 5786 1091 5841 Constantis
1128 5784 1351 5838 fratrem
1381 5784 1600 5836 omittit.

593 5873 612 5899 ε
650 5863 787 5931 Ergo
808 5856 1192 5931 Constantinus
1204 5870 1288 5931 tes
1310 5852 1776 5931 menteau‘ctorisﬂ
1784 5865 1924 5931 anno
1941 5848 2100 5930 Chri-

518 5932 585 5988 sti
616 5919 980 5999 659Vreguum
1011 5928 1149 5987 iniit.
1196 5925 1293 5980 Cui
1329 5923 1536 5979 calculo
1568 5922 1709 5976 favet
1735 5919 2098 5989 Fredegarius

2210 4784 2289 4824 cae
2313 4782 2514 4823 annum
2541 4782 2649 4837 quo
2677 4776 2837 4824 natus
2863 4776 2948 4823 est
2972 4782 3117 4838 stupe
3142 4769 3320 4826 dictus
3341 4768 3509 4831 Pater
3531 4774 3806 4841 gradatim

2209 4859 2508 4930 perveniet.
2538 4857 2634 4914 llis
2666 4859 2831 4930 igitur
2855 4858 3065 4916 duobus
3106 4860 3350 4928 calculis,
3393 4877 3506 4917 uno
3532 4870 3720 4931 ortus,
3745 4875 3805 4923 et

2208 4951 2380 5009 altero
2401 4951 2582 5007 obitus
2595 4951 2883 5022 diligenter
2899 4952 3081 5009 animo
3104 4955 3522 5021 commendatis,
3544 4957 3805 5015 adhibeat

2209 5046 2314 5102 sibi
2340 5045 2597 5101 historias
2622 5062 2811 5117 regum
2836 5047 2929 5117 qui
2958 5062 3025 5103 eo
3069 5056 3311 5119 tempore
3330 5048 3429 5119 jus
3464 5051 3693 5121 regina
3720 5062 3802 5108 to-

2213 5145 2466 5203 nuerunt,
2513 5139 2737 5208 insuper
2764 5147 2820 5195 et
2844 5139 3133 5195 chronicas
3160 5140 3498 5197 veneratin.
3540 5140 3802 5211 hau,

2210 5245 2421 5286 necnon
2464 5237 2520 5284 et
2565 5228 2762 5285 librum
2807 5230 2875 5286 de
2913 5229 3268 5288 Pontificibus
3295 5232 3611 5303 apostolica:
3658 5236 3804 5291 sedis

2208 5321 2417 5380 editum
2442 5338 2455 5374 :
2482 5335 2684 5395 eosque
2711 5320 2866 5392 quasi
2893 5332 3021 5381 ante
3044 5330 3099 5383 et
3123 5332 3270 5383 retro
3296 5324 3548 5387 oculatus
3593 5325 3731 5389 hinc
3750 5336 3802 5382 et

2188 5416 2337 5479 inde
2358 5427 2551 5470 sensus
2574 5413 2862 5469 vivacitate
2895 5413 3318 5488 circumspiciat,
3342 5424 3513 5487 autne
3540 5419 3639 5488 qui
3673 5433 3797 5489 apo-

2205 5569 2261 5623 in
2295 5567 2505 5643 Chron.
2538 5583 2658 5640 cap.
2690 5568 2777 5633 8|,
2811 5568 2904 5638 qui
2936 5567 3234 5643 Heracleas
3263 5569 3336 5625 ob
3364 5572 3519 5643 regni
3557 5570 3795 5643 brevita-

2206 5648 2313 5694 tem
2346 5638 2913 5709 similiter'expuncto,
2950 5638 3364 5696 Constantinum
3389 5638 3684 5697 coristanti
3714 5642 3791 5698 lo-

2203 5726 2327 5782 cum
2356 5712 2568 5765 dedisse
2595 5726 2736 5764 anno
2757 5712 2916 5782 regni
2947 5709 3238 5782 Chlotlovei
3281 5709 3526 5778 iunioris
3555 5713 3790 5770 modo

2203 5781 2717 5856 ailirmat:_ta_rnets_i
2755 5779 3023 5836 Duronius
3065 5779 3381 5837 Constantis
3423 5783 3788 5856 principatum

2201 5853 2270 5907 ab
2302 5867 2443 5909 anno
2472 5851 2568 5906 64!
2602 5852 2829 5907 orditur.

3936 2966 3954 3021 1
