  <div class='ocr_page' id='page_1' title='image "/cluster/home/n/w/nwhite01/storage/ocr_20150623/121/hvd.32044015471642/492.png"; bbox 0 0 3954 6342; ppageno 0'>
   <div class='ocr_carea' id='block_1_1' title="bbox 150 432 250 491">
    <p class='ocr_par' dir='ltr' id='par_1_1' title="bbox 150 432 250 491">
     <span class='ocr_line' id='line_1_1' title="bbox 150 432 250 491; baseline -0.03 0"><span class='ocrx_word' id='word_1_1' title='bbox 150 432 250 491; x_wconf 78' lang='grc'><strong>975</strong></span> 
     </span>
    </p>
   </div>
   <div class='ocr_carea' id='block_1_2' title="bbox 1129 401 2474 486">
    <p class='ocr_par' dir='ltr' id='par_1_2' title="bbox 1129 401 2474 486">
     <span class='ocr_line' id='line_1_2' title="bbox 1129 401 2474 486; baseline -0.006 -5"><span class='ocrx_word' id='word_1_2' title='bbox 1129 421 1363 481; x_wconf 77' lang='lat' dir='ltr'><strong>SERMO</strong></span> <span class='ocrx_word' id='word_1_3' title='bbox 1399 419 1490 478; x_wconf 80' lang='lat' dir='ltr'><strong>ns</strong></span> <span class='ocrx_word' id='word_1_4' title='bbox 1528 401 2054 474; x_wconf 52' lang='lat' dir='ltr'><strong>missumst;</strong></span> <span class='ocrx_word' id='word_1_5' title='bbox 2093 415 2474 486; x_wconf 61' lang='lat' dir='ltr'><strong>samum.</strong></span> 
     </span>
    </p>
   </div>
   <div class='ocr_carea' id='block_1_3' title="bbox 3305 400 3415 472">
    <p class='ocr_par' dir='ltr' id='par_1_3' title="bbox 3305 400 3415 472">
     <span class='ocr_line' id='line_1_3' title="bbox 3305 400 3415 472; baseline 0.018 -3"><span class='ocrx_word' id='word_1_6' title='bbox 3305 400 3415 472; x_wconf 73' lang='grc' dir='ltr'><strong>οτι</strong></span> 
     </span>
    </p>
   </div>
   <div class='ocr_carea' id='block_1_4' title="bbox 144 523 3412 621">
    <p class='ocr_par' dir='ltr' id='par_1_4' title="bbox 144 523 3412 621">
     <span class='ocr_line' id='line_1_4' title="bbox 144 523 3412 621; baseline -0.008 -14"><span class='ocrx_word' id='word_1_7' title='bbox 144 531 335 615; x_wconf 68' lang='lat' dir='ltr'><strong>&#39;stolici,</strong></span> <span class='ocrx_word' id='word_1_8' title='bbox 360 561 520 621; x_wconf 77' lang='lat' dir='ltr'><strong>quive</strong></span> <span class='ocrx_word' id='word_1_9' title='bbox 551 554 904 618; x_wconf 77' lang='lat' dir='ltr'><strong>imperatores</strong></span> <span class='ocrx_word' id='word_1_10' title='bbox 938 544 1021 601; x_wconf 91' lang='lat' dir='ltr'><strong>vel</strong></span> <span class='ocrx_word' id='word_1_11' title='bbox 1070 543 1342 616; x_wconf 82' lang='lat' dir='ltr'><strong>principes</strong></span> <span class='ocrx_word' id='word_1_12' title='bbox 1379 538 1442 593; x_wconf 87' lang='grc' dir='ltr'><strong>Β.</strong></span> <span class='ocrx_word' id='word_1_13' title='bbox 1474 534 1718 594; x_wconf 80' lang='lat' dir='ltr'><strong>Amando</strong></span> <span class='ocrx_word' id='word_1_14' title='bbox 1747 541 1794 601; x_wconf 86' lang='grc' dir='ltr'><strong>Α</strong></span> <span class='ocrx_word' id='word_1_15' title='bbox 1824 537 1939 592; x_wconf 87' lang='lat' dir='ltr'><strong>nire</strong></span> <span class='ocrx_word' id='word_1_16' title='bbox 1968 536 2220 609; x_wconf 87' lang='lat' dir='ltr'><strong>quiverit,</strong></span> <span class='ocrx_word' id='word_1_17' title='bbox 2253 546 2593 605; x_wconf 85' lang='lat' dir='ltr'><strong>nequaquam</strong></span> <span class='ocrx_word' id='word_1_18' title='bbox 2624 532 2739 587; x_wconf 66' lang='lat' dir='ltr'><strong>haec</strong></span> <span class='ocrx_word' id='word_1_19' title='bbox 2786 533 2973 621; x_wconf 81' lang='lat' dir='ltr'><strong>nostra</strong></span> <span class='ocrx_word' id='word_1_20' title='bbox 3017 525 3161 584; x_wconf 86' lang='lat' dir='ltr'><strong>dicta</strong></span> <span class='ocrx_word' id='word_1_21' title='bbox 3199 523 3412 596; x_wconf 61' lang='lat' dir='ltr'><strong>qualia.</strong></span> 
     </span>
    </p>
   </div>
   <div class='ocr_carea' id='block_1_5' title="bbox 146 630 1710 712">
    <p class='ocr_par' dir='ltr' id='par_1_5' title="bbox 146 630 1710 712">
     <span class='ocr_line' id='line_1_5' title="bbox 146 630 1710 712; baseline -0.011 -14"><span class='ocrx_word' id='word_1_22' title='bbox 146 642 196 698; x_wconf 92' lang='lat' dir='ltr'><strong>in</strong></span> <span class='ocrx_word' id='word_1_23' title='bbox 221 656 445 712; x_wconf 88' lang='lat' dir='ltr'><strong>corpore</strong></span> <span class='ocrx_word' id='word_1_24' title='bbox 470 641 647 697; x_wconf 89' lang='lat' dir='ltr'><strong>adhuc</strong></span> <span class='ocrx_word' id='word_1_25' title='bbox 672 641 889 696; x_wconf 88' lang='lat' dir='ltr'><strong>vivente</strong></span> <span class='ocrx_word' id='word_1_26' title='bbox 913 637 1115 693; x_wconf 84' lang='lat' dir='ltr'><strong>fuerint</strong></span> <span class='ocrx_word' id='word_1_27' title='bbox 1134 635 1364 691; x_wconf 77' lang='lat' dir='ltr'><strong>solerter</strong></span> <span class='ocrx_word' id='word_1_28' title='bbox 1384 630 1710 687; x_wconf 80' lang='lat' dir='ltr'><strong>consideret.</strong></span> 
     </span>
    </p>
   </div>
   <div class='ocr_carea' id='block_1_6' title="bbox 146 723 1724 804">
    <p class='ocr_par' dir='ltr' id='par_1_6' title="bbox 146 723 1724 804">
     <span class='ocr_line' id='line_1_6' title="bbox 146 723 1724 804; baseline -0.007 -16"><span class='ocrx_word' id='word_1_29' title='bbox 146 734 252 789; x_wconf 79' lang='lat' dir='ltr'><strong>Etsi</strong></span> <span class='ocrx_word' id='word_1_30' title='bbox 277 745 398 804; x_wconf 91' lang='lat' dir='ltr'><strong>post</strong></span> <span class='ocrx_word' id='word_1_31' title='bbox 423 730 627 788; x_wconf 80' lang='lat' dir='ltr'><strong>nullam</strong></span> <span class='ocrx_word' id='word_1_32' title='bbox 658 732 858 790; x_wconf 87' lang='lat' dir='ltr'><strong>laboris</strong></span> <span class='ocrx_word' id='word_1_33' title='bbox 883 745 1107 803; x_wconf 82' lang='lat' dir='ltr'><strong>operam</strong></span> <span class='ocrx_word' id='word_1_34' title='bbox 1138 729 1215 785; x_wconf 86' lang='lat' dir='ltr'><strong>rei</strong></span> <span class='ocrx_word' id='word_1_35' title='bbox 1245 725 1530 783; x_wconf 87' lang='lat' dir='ltr'><strong>veritatem</strong></span> <span class='ocrx_word' id='word_1_36' title='bbox 1575 723 1724 779; x_wconf 86' lang='lat' dir='ltr'><strong>inve-</strong></span> 
     </span>
    </p>
   </div>
   <div class='ocr_carea' id='block_1_7' title="bbox 1823 620 2895 701">
    <p class='ocr_par' dir='ltr' id='par_1_7' title="bbox 1823 620 2895 701">
     <span class='ocr_line' id='line_1_7' title="bbox 1823 620 2895 701; baseline -0.009 -15"><span class='ocrx_word' id='word_1_37' title='bbox 1823 645 2037 701; x_wconf 89' lang='lat' dir='ltr'><strong>cnnque</strong></span> <span class='ocrx_word' id='word_1_38' title='bbox 2064 636 2213 697; x_wconf 86' lang='lat' dir='ltr'><strong>sunt,</strong></span> <span class='ocrx_word' id='word_1_39' title='bbox 2240 636 2298 683; x_wconf 90' lang='lat' dir='ltr'><strong>ut</strong></span> <span class='ocrx_word' id='word_1_40' title='bbox 2321 626 2535 698; x_wconf 84' lang='lat' dir='ltr'><strong>opinor,</strong></span> <span class='ocrx_word' id='word_1_41' title='bbox 2568 620 2895 696; x_wconf 87' lang='lat' dir='ltr'><strong>reprobabit.</strong></span> 
     </span>
    </p>
   </div>
   <div class='ocr_carea' id='block_1_8' title="bbox 1636 831 3399 869">
    <p class='ocr_par' dir='ltr' id='par_1_8' title="bbox 1636 831 3399 869">
     <span class='ocr_line' id='line_1_8' title="bbox 1636 831 3399 869; baseline -0.002 -9"><span class='ocrx_word' id='word_1_42' title='bbox 1636 831 3399 869; x_wconf 51' lang='lat' dir='ltr'><em>NW</em></span> 
     </span>
    </p>
   </div>
   <div class='ocr_carea' id='block_1_9' title="bbox 777 868 2761 1105">
    <p class='ocr_par' dir='ltr' id='par_1_9' title="bbox 777 868 2761 1105">
     <span class='ocr_line' id='line_1_9' title="bbox 777 868 2761 1105; baseline -0.014 0"><span class='ocrx_word' id='word_1_43' title='bbox 777 978 1106 1105; x_wconf 55' lang='grc' dir='ltr'><strong>εει(Μο</strong></span> <span class='ocrx_word' id='word_1_44' title='bbox 1168 975 1304 1103; x_wconf 81' lang='lat' dir='ltr'><strong>tu;</strong></span> <span class='ocrx_word' id='word_1_45' title='bbox 1346 958 2114 1101; x_wconf 69' lang='lat' dir='ltr'><strong>murmurs</strong></span> <span class='ocrx_word' id='word_1_46' title='bbox 2153 956 2257 1086; x_wconf 65' lang='grc' dir='ltr'><strong>ιε.</strong></span> <span class='ocrx_word' id='word_1_47' title='bbox 2306 906 2761 1082; x_wconf 58' lang='lat' dir='ltr'><strong>suum.</strong></span> 
     </span>
    </p>
   </div>
   <div class='ocr_carea' id='block_1_10' title="bbox 144 1154 3408 1263">
    <p class='ocr_par' dir='ltr' id='par_1_10' title="bbox 144 1154 3408 1263">
     <span class='ocr_line' id='line_1_10' title="bbox 144 1154 3408 1263; baseline 0 0"><span class='ocrx_word' id='word_1_48' title='bbox 144 1183 424 1259; x_wconf 71' lang='lat' dir='ltr'><strong>Qualiter</strong></span> <span class='ocrx_word' id='word_1_49' title='bbox 445 1200 675 1263; x_wconf 78' lang='lat' dir='ltr'><strong>corpus</strong></span> <span class='ocrx_word' id='word_1_50' title='bbox 709 1183 777 1245; x_wconf 78' lang='grc' dir='ltr'><strong>Β.</strong></span> <span class='ocrx_word' id='word_1_51' title='bbox 828 1154 1101 1246; x_wconf 73' lang='lat' dir='ltr'><strong>Amandi</strong></span> <span class='ocrx_word' id='word_1_52' title='bbox 1132 1181 1203 1263; x_wconf 73' lang='lat' dir='ltr'><strong>in</strong></span> <span class='ocrx_word' id='word_1_53' title='bbox 1230 1180 1373 1263; x_wconf 73' lang='lat'>10.00</span> <span class='ocrx_word' id='word_1_54' title='bbox 1401 1194 1529 1259; x_wconf 78' lang='lat' dir='ltr'><strong>quo</strong></span> <span class='ocrx_word' id='word_1_55' title='bbox 1561 1191 1731 1263; x_wconf 63' lang='lat' dir='ltr'><strong>pune.</strong></span> <span class='ocrx_word' id='word_1_56' title='bbox 1757 1167 2104 1263; x_wconf 49' lang='lat' dir='ltr'><strong>requiesse</strong></span> <span class='ocrx_word' id='word_1_57' title='bbox 2138 1159 3408 1263; x_wconf 56' lang='grc' dir='ltr'><strong>ταθνὲξέιῖθιξξὲειὲιξφν,ςξξὲἱίὲθάίοδίέοηο</strong></span> 
     </span>
    </p>
   </div>
   <div class='ocr_carea' id='block_1_11' title="bbox 461 1240 3081 1336">
    <p class='ocr_par' dir='ltr' id='par_1_11' title="bbox 461 1240 3081 1336">
     <span class='ocr_line' id='line_1_11' title="bbox 461 1240 3081 1336; baseline -0.008 -12"><span class='ocrx_word' id='word_1_58' title='bbox 461 1240 745 1325; x_wconf 60' lang='lat' dir='ltr'><strong>basilicae</strong></span> <span class='ocrx_word' id='word_1_59' title='bbox 765 1240 1886 1336; x_wconf 25' lang='lat' dir='ltr'><strong>Vaut—denordinationéepiscopatus</strong></span> <span class='ocrx_word' id='word_1_60' title='bbox 1921 1246 2126 1329; x_wconf 82' lang='lat' dir='ltr'><strong>ipsius</strong></span> <span class='ocrx_word' id='word_1_61' title='bbox 2160 1243 2434 1326; x_wconf 85' lang='lat' dir='ltr'><strong>septimo</strong></span> <span class='ocrx_word' id='word_1_62' title='bbox 2469 1240 2743 1305; x_wconf 82' lang='lat' dir='ltr'><strong>Kalend.</strong></span> <span class='ocrx_word' id='word_1_63' title='bbox 2771 1240 3081 1305; x_wconf 86' lang='lat' dir='ltr'><strong>Novemb.</strong></span> 
     </span>
    </p>
   </div>
   <div class='ocr_carea' id='block_1_12' title="bbox 211 1438 1722 1506">
    <p class='ocr_par' dir='ltr' id='par_1_12' title="bbox 211 1438 1722 1506">
     <span class='ocr_line' id='line_1_12' title="bbox 211 1438 1722 1506; baseline -0.009 -1"><span class='ocrx_word' id='word_1_64' title='bbox 211 1449 362 1506; x_wconf 89' lang='lat' dir='ltr'><strong>Diem</strong></span> <span class='ocrx_word' id='word_1_65' title='bbox 389 1447 705 1504; x_wconf 87' lang='lat' dir='ltr'><strong>hodiernam</strong></span> <span class='ocrx_word' id='word_1_66' title='bbox 735 1454 1095 1502; x_wconf 80' lang='lat' dir='ltr'><strong>sacrosanctae</strong></span> <span class='ocrx_word' id='word_1_67' title='bbox 1143 1443 1452 1500; x_wconf 82' lang='lat' dir='ltr'><strong>festivitatis</strong></span> <span class='ocrx_word' id='word_1_68' title='bbox 1491 1438 1722 1496; x_wconf 91' lang='lat' dir='ltr'><strong>solemni</strong></span> 
     </span>
    </p>
   </div>
   <div class='ocr_carea' id='block_1_13' title="bbox 145 1531 1721 1609">
    <p class='ocr_par' dir='ltr' id='par_1_13' title="bbox 145 1531 1721 1609">
     <span class='ocr_line' id='line_1_13' title="bbox 145 1531 1721 1609; baseline -0.01 -9"><span class='ocrx_word' id='word_1_69' title='bbox 145 1541 422 1600; x_wconf 85' lang='lat' dir='ltr'><strong>devotione</strong></span> <span class='ocrx_word' id='word_1_70' title='bbox 463 1537 834 1609; x_wconf 89' lang='lat' dir='ltr'><strong>religiosorum</strong></span> <span class='ocrx_word' id='word_1_71' title='bbox 867 1536 1153 1592; x_wconf 90' lang='lat' dir='ltr'><strong>conventui</strong></span> <span class='ocrx_word' id='word_1_72' title='bbox 1186 1532 1567 1590; x_wconf 85' lang='lat' dir='ltr'><strong>celebrabilem</strong></span> <span class='ocrx_word' id='word_1_73' title='bbox 1607 1531 1721 1601; x_wconf 86' lang='lat' dir='ltr'><strong>ipse</strong></span> 
     </span>
    </p>
   </div>
   <div class='ocr_carea' id='block_1_14' title="bbox 142 1612 1761 1700">
    <p class='ocr_par' dir='ltr' id='par_1_14' title="bbox 142 1612 1761 1700">
     <span class='ocr_line' id='line_1_14' title="bbox 142 1612 1761 1700; baseline -0.009 -9"><span class='ocrx_word' id='word_1_74' title='bbox 142 1630 368 1692; x_wconf 77' lang='lat' dir='ltr'><strong>revoluti</strong></span> <span class='ocrx_word' id='word_1_75' title='bbox 400 1630 660 1700; x_wconf 91' lang='lat' dir='ltr'><strong>temporis</strong></span> <span class='ocrx_word' id='word_1_76' title='bbox 687 1645 879 1684; x_wconf 86' lang='lat' dir='ltr'><strong>cursus</strong></span> <span class='ocrx_word' id='word_1_77' title='bbox 902 1629 1111 1683; x_wconf 80' lang='lat' dir='ltr'><strong>indicit.</strong></span> <span class='ocrx_word' id='word_1_78' title='bbox 1134 1627 1201 1682; x_wconf 85' lang='lat' dir='ltr'><strong>Et</strong></span> <span class='ocrx_word' id='word_1_79' title='bbox 1228 1626 1484 1697; x_wconf 89' lang='lat' dir='ltr'><strong>quoniam</strong></span> <span class='ocrx_word' id='word_1_80' title='bbox 1507 1620 1722 1695; x_wconf 83' lang='lat' dir='ltr'><strong>plurimi</strong></span> <span class='ocrx_word' id='word_1_81' title='bbox 1758 1612 1761 1615; x_wconf 28' lang='grc' dir='ltr'>λ</span> 
     </span>
    </p>
   </div>
   <div class='ocr_carea' id='block_1_15' title="bbox 141 1715 1725 1792">
    <p class='ocr_par' dir='ltr' id='par_1_15' title="bbox 141 1715 1725 1792">
     <span class='ocr_line' id='line_1_15' title="bbox 141 1715 1725 1792; baseline -0.006 -12"><span class='ocrx_word' id='word_1_82' title='bbox 141 1723 194 1780; x_wconf 82' lang='lat' dir='ltr'><strong>in</strong></span> <span class='ocrx_word' id='word_1_83' title='bbox 234 1722 339 1777; x_wconf 88' lang='lat' dir='ltr'><strong>hac</strong></span> <span class='ocrx_word' id='word_1_84' title='bbox 369 1715 523 1792; x_wconf 81' lang='lat' dir='ltr'><strong>plebe</strong></span> <span class='ocrx_word' id='word_1_85' title='bbox 558 1718 718 1789; x_wconf 78' lang='lat' dir='ltr'><strong>huius</strong></span> <span class='ocrx_word' id='word_1_86' title='bbox 757 1720 971 1791; x_wconf 89' lang='lat' dir='ltr'><strong>penitus</strong></span> <span class='ocrx_word' id='word_1_87' title='bbox 1009 1730 1259 1788; x_wconf 81' lang='lat' dir='ltr'><strong>expertes</strong></span> <span class='ocrx_word' id='word_1_88' title='bbox 1295 1718 1469 1773; x_wconf 89' lang='lat' dir='ltr'><strong>adhuc</strong></span> <span class='ocrx_word' id='word_1_89' title='bbox 1508 1724 1725 1772; x_wconf 66' lang='lat' dir='ltr'><strong>exstant</strong></span> 
     </span>
    </p>
   </div>
   <div class='ocr_carea' id='block_1_16' title="bbox 145 1809 1725 1873">
    <p class='ocr_par' dir='ltr' id='par_1_16' title="bbox 145 1809 1725 1873">
     <span class='ocr_line' id='line_1_16' title="bbox 145 1809 1725 1873; baseline -0.006 -3"><span class='ocrx_word' id='word_1_90' title='bbox 145 1811 386 1873; x_wconf 88' lang='lat' dir='ltr'><strong>rationis,</strong></span> <span class='ocrx_word' id='word_1_91' title='bbox 421 1828 529 1866; x_wconf 92' lang='lat' dir='ltr'><strong>non</strong></span> <span class='ocrx_word' id='word_1_92' title='bbox 556 1812 789 1867; x_wconf 90' lang='lat' dir='ltr'><strong>otiosum</strong></span> <span class='ocrx_word' id='word_1_93' title='bbox 815 1810 1065 1866; x_wconf 82' lang='lat' dir='ltr'><strong>duximus</strong></span> <span class='ocrx_word' id='word_1_94' title='bbox 1086 1810 1165 1865; x_wconf 91' lang='lat' dir='ltr'><strong>eis</strong></span> <span class='ocrx_word' id='word_1_95' title='bbox 1195 1809 1441 1864; x_wconf 89' lang='lat' dir='ltr'><strong>notitiam</strong></span> <span class='ocrx_word' id='word_1_96' title='bbox 1476 1815 1637 1862; x_wconf 72' lang='lat' dir='ltr'><strong>tanta:</strong></span> <span class='ocrx_word' id='word_1_97' title='bbox 1662 1821 1725 1861; x_wconf 88' lang='lat' dir='ltr'><strong>ac</strong></span> 
     </span>
    </p>
   </div>
   <div class='ocr_carea' id='block_1_17' title="bbox 142 1899 1726 1976">
    <p class='ocr_par' dir='ltr' id='par_1_17' title="bbox 142 1899 1726 1976">
     <span class='ocr_line' id='line_1_17' title="bbox 142 1899 1726 1976; baseline -0.003 -16"><span class='ocrx_word' id='word_1_98' title='bbox 142 1912 245 1960; x_wconf 87' lang='lat' dir='ltr'><strong>tam</strong></span> <span class='ocrx_word' id='word_1_99' title='bbox 276 1912 450 1976; x_wconf 81' lang='lat' dir='ltr'><strong>gratae</strong></span> <span class='ocrx_word' id='word_1_100' title='bbox 479 1902 715 1974; x_wconf 89' lang='lat' dir='ltr'><strong>pandere</strong></span> <span class='ocrx_word' id='word_1_101' title='bbox 749 1902 1097 1957; x_wconf 83' lang='lat' dir='ltr'><strong>celebritatis.</strong></span> <span class='ocrx_word' id='word_1_102' title='bbox 1142 1902 1370 1974; x_wconf 81' lang='lat' dir='ltr'><strong>Dignum</strong></span> <span class='ocrx_word' id='word_1_103' title='bbox 1395 1901 1591 1970; x_wconf 82' lang='lat' dir='ltr'><strong>igitur,</strong></span> <span class='ocrx_word' id='word_1_104' title='bbox 1619 1899 1726 1955; x_wconf 90' lang='lat' dir='ltr'><strong>imo</strong></span> 
     </span>
    </p>
   </div>
   <div class='ocr_carea' id='block_1_18' title="bbox 139 1994 1727 2066">
    <p class='ocr_par' dir='ltr' id='par_1_18' title="bbox 139 1994 1727 2066">
     <span class='ocr_line' id='line_1_18' title="bbox 139 1994 1727 2066; baseline -0.003 -15"><span class='ocrx_word' id='word_1_105' title='bbox 139 1994 507 2051; x_wconf 84' lang='lat' dir='ltr'><strong>necessarium</strong></span> <span class='ocrx_word' id='word_1_106' title='bbox 531 1994 820 2060; x_wconf 87' lang='lat' dir='ltr'><strong>credimus,</strong></span> <span class='ocrx_word' id='word_1_107' title='bbox 850 1995 1023 2066; x_wconf 91' lang='lat' dir='ltr'><strong>utqui</strong></span> <span class='ocrx_word' id='word_1_108' title='bbox 1050 1994 1152 2049; x_wconf 89' lang='lat' dir='ltr'><strong>ista</strong></span> <span class='ocrx_word' id='word_1_109' title='bbox 1183 1994 1461 2049; x_wconf 80' lang='lat' dir='ltr'><strong>celebrant</strong></span> <span class='ocrx_word' id='word_1_110' title='bbox 1484 2000 1539 2047; x_wconf 92' lang='lat' dir='ltr'><strong>et</strong></span> <span class='ocrx_word' id='word_1_111' title='bbox 1557 2006 1727 2063; x_wconf 89' lang='lat' dir='ltr'><strong>quare</strong></span> 
     </span>
    </p>
   </div>
   <div class='ocr_carea' id='block_1_19' title="bbox 139 2086 1722 2160">
    <p class='ocr_par' dir='ltr' id='par_1_19' title="bbox 139 2086 1722 2160">
     <span class='ocr_line' id='line_1_19' title="bbox 139 2086 1722 2160; baseline -0.003 -16"><span class='ocrx_word' id='word_1_112' title='bbox 139 2087 413 2145; x_wconf 87' lang='lat' dir='ltr'><strong>celebrent</strong></span> <span class='ocrx_word' id='word_1_113' title='bbox 452 2089 722 2160; x_wconf 83' lang='lat' dir='ltr'><strong>ignorent,</strong></span> <span class='ocrx_word' id='word_1_114' title='bbox 761 2089 1124 2160; x_wconf 78' lang='lat' dir='ltr'><strong>cognitionem</strong></span> <span class='ocrx_word' id='word_1_115' title='bbox 1173 2086 1330 2158; x_wconf 90' lang='lat' dir='ltr'><strong>hujus</strong></span> <span class='ocrx_word' id='word_1_116' title='bbox 1372 2087 1448 2142; x_wconf 91' lang='lat' dir='ltr'><strong>rei</strong></span> <span class='ocrx_word' id='word_1_117' title='bbox 1486 2087 1722 2157; x_wconf 82' lang='lat' dir='ltr'><strong>capiant,</strong></span> 
     </span>
    </p>
   </div>
   <div class='ocr_carea' id='block_1_20' title="bbox 138 2178 1722 2253">
    <p class='ocr_par' dir='ltr' id='par_1_20' title="bbox 138 2178 1722 2253">
     <span class='ocr_line' id='line_1_20' title="bbox 138 2178 1722 2253; baseline -0.004 -16"><span class='ocrx_word' id='word_1_118' title='bbox 138 2189 188 2237; x_wconf 87' lang='lat' dir='ltr'><strong>et</strong></span> <span class='ocrx_word' id='word_1_119' title='bbox 217 2181 310 2253; x_wconf 92' lang='lat' dir='ltr'><strong>qui</strong></span> <span class='ocrx_word' id='word_1_120' title='bbox 343 2181 604 2236; x_wconf 80' lang='lat' dir='ltr'><strong>hactenus</strong></span> <span class='ocrx_word' id='word_1_121' title='bbox 634 2181 813 2236; x_wconf 88' lang='lat' dir='ltr'><strong>minus</strong></span> <span class='ocrx_word' id='word_1_122' title='bbox 856 2190 981 2235; x_wconf 90' lang='lat' dir='ltr'><strong>nota</strong></span> <span class='ocrx_word' id='word_1_123' title='bbox 1025 2178 1218 2235; x_wconf 89' lang='lat' dir='ltr'><strong>festivo</strong></span> <span class='ocrx_word' id='word_1_124' title='bbox 1265 2180 1443 2235; x_wconf 90' lang='lat' dir='ltr'><strong>studio</strong></span> <span class='ocrx_word' id='word_1_125' title='bbox 1486 2181 1722 2233; x_wconf 89' lang='lat' dir='ltr'><strong>honora-</strong></span> 
     </span>
    </p>
   </div>
   <div class='ocr_carea' id='block_1_21' title="bbox 137 2267 1728 2342">
    <p class='ocr_par' dir='ltr' id='par_1_21' title="bbox 137 2267 1728 2342">
     <span class='ocr_line' id='line_1_21' title="bbox 137 2267 1728 2342; baseline -0.002 -16"><span class='ocrx_word' id='word_1_126' title='bbox 137 2270 281 2338; x_wconf 84' lang='lat' dir='ltr'><strong>bant,</strong></span> <span class='ocrx_word' id='word_1_127' title='bbox 318 2270 604 2342; x_wconf 81' lang='lat' dir='ltr'><strong>gloriosius</strong></span> <span class='ocrx_word' id='word_1_128' title='bbox 628 2287 692 2326; x_wconf 92' lang='lat' dir='ltr'><strong>ac</strong></span> <span class='ocrx_word' id='word_1_129' title='bbox 722 2271 1058 2326; x_wconf 85' lang='lat' dir='ltr'><strong>reverentius</strong></span> <span class='ocrx_word' id='word_1_130' title='bbox 1077 2267 1190 2340; x_wconf 88' lang='lat' dir='ltr'><strong>jam</strong></span> <span class='ocrx_word' id='word_1_131' title='bbox 1216 2278 1343 2325; x_wconf 87' lang='lat' dir='ltr'><strong>nota</strong></span> <span class='ocrx_word' id='word_1_132' title='bbox 1367 2270 1616 2325; x_wconf 81' lang='lat' dir='ltr'><strong>excolere</strong></span> <span class='ocrx_word' id='word_1_133' title='bbox 1645 2276 1728 2323; x_wconf 83' lang='lat' dir='ltr'><strong>at-</strong></span> 
     </span>
    </p>
   </div>
   <div class='ocr_carea' id='block_1_22' title="bbox 145 2359 1727 2434">
    <p class='ocr_par' dir='ltr' id='par_1_22' title="bbox 145 2359 1727 2434">
     <span class='ocr_line' id='line_1_22' title="bbox 145 2359 1727 2434; baseline -0.001 -17"><span class='ocrx_word' id='word_1_134' title='bbox 145 2378 244 2434; x_wconf 89' lang='lat' dir='ltr'><strong>que</strong></span> <span class='ocrx_word' id='word_1_135' title='bbox 286 2363 539 2421; x_wconf 81' lang='lat' dir='ltr'><strong>venerari</strong></span> <span class='ocrx_word' id='word_1_136' title='bbox 581 2364 813 2419; x_wconf 84' lang='lat' dir='ltr'><strong>discant.</strong></span> <span class='ocrx_word' id='word_1_137' title='bbox 861 2364 997 2431; x_wconf 84' lang='lat' dir='ltr'><strong>Quia</strong></span> <span class='ocrx_word' id='word_1_138' title='bbox 1043 2378 1171 2434; x_wconf 89' lang='lat' dir='ltr'><strong>ergo</strong></span> <span class='ocrx_word' id='word_1_139' title='bbox 1209 2359 1346 2417; x_wconf 66' lang='lat' dir='ltr'><strong>Viue</strong></span> <span class='ocrx_word' id='word_1_140' title='bbox 1383 2370 1464 2417; x_wconf 91' lang='lat' dir='ltr'><strong>ter</strong></span> <span class='ocrx_word' id='word_1_141' title='bbox 1488 2361 1629 2417; x_wconf 87' lang='lat' dir='ltr'><strong>beati</strong></span> <span class='ocrx_word' id='word_1_142' title='bbox 1662 2374 1727 2416; x_wconf 87' lang='lat' dir='ltr'><strong>ac</strong></span> 
     </span>
    </p>
   </div>
   <div class='ocr_carea' id='block_1_23' title="bbox 138 2452 1726 2524">
    <p class='ocr_par' dir='ltr' id='par_1_23' title="bbox 138 2452 1726 2524">
     <span class='ocr_line' id='line_1_23' title="bbox 138 2452 1726 2524; baseline -0.001 -13"><span class='ocrx_word' id='word_1_143' title='bbox 138 2456 316 2517; x_wconf 87' lang='lat' dir='ltr'><strong>dilecti</strong></span> <span class='ocrx_word' id='word_1_144' title='bbox 354 2455 680 2515; x_wconf 90' lang='lat' dir='ltr'><strong>confessoris</strong></span> <span class='ocrx_word' id='word_1_145' title='bbox 704 2454 905 2511; x_wconf 85' lang='lat' dir='ltr'><strong>Christi</strong></span> <span class='ocrx_word' id='word_1_146' title='bbox 927 2455 1157 2510; x_wconf 86' lang='lat' dir='ltr'><strong>Amandi</strong></span> <span class='ocrx_word' id='word_1_147' title='bbox 1183 2453 1394 2510; x_wconf 90' lang='lat' dir='ltr'><strong>libellus</strong></span> <span class='ocrx_word' id='word_1_148' title='bbox 1416 2455 1550 2510; x_wconf 89' lang='lat' dir='ltr'><strong>satis</strong></span> <span class='ocrx_word' id='word_1_149' title='bbox 1569 2452 1726 2524; x_wconf 91' lang='lat' dir='ltr'><strong>plene</strong></span> 
     </span>
    </p>
   </div>
   <div class='ocr_carea' id='block_1_24' title="bbox 142 2544 1725 2619">
    <p class='ocr_par' dir='ltr' id='par_1_24' title="bbox 142 2544 1725 2619">
     <span class='ocr_line' id='line_1_24' title="bbox 142 2544 1725 2619; baseline -0.002 -18"><span class='ocrx_word' id='word_1_150' title='bbox 142 2544 584 2619; x_wconf 84' lang='lat' dir='ltr'><strong>suﬂicienterque</strong></span> <span class='ocrx_word' id='word_1_151' title='bbox 610 2545 932 2602; x_wconf 86' lang='lat' dir='ltr'><strong>disseruisse</strong></span> <span class='ocrx_word' id='word_1_152' title='bbox 958 2545 1319 2618; x_wconf 83' lang='lat' dir='ltr'><strong>cognoscitur,</strong></span> <span class='ocrx_word' id='word_1_153' title='bbox 1348 2544 1522 2614; x_wconf 88' lang='lat' dir='ltr'><strong>qualis</strong></span> <span class='ocrx_word' id='word_1_154' title='bbox 1552 2559 1725 2614; x_wconf 86' lang='lat' dir='ltr'><strong>quan-</strong></span> 
     </span>
    </p>
   </div>
   <div class='ocr_carea' id='block_1_25' title="bbox 146 2636 1729 2717">
    <p class='ocr_par' dir='ltr' id='par_1_25' title="bbox 146 2636 1729 2717">
     <span class='ocr_line' id='line_1_25' title="bbox 146 2636 1729 2717; baseline -0.001 -24"><span class='ocrx_word' id='word_1_155' title='bbox 146 2646 344 2717; x_wconf 73' lang='lat' dir='ltr'><strong>tusque</strong></span> <span class='ocrx_word' id='word_1_156' title='bbox 371 2637 513 2693; x_wconf 86' lang='lat' dir='ltr'><strong>idem</strong></span> <span class='ocrx_word' id='word_1_157' title='bbox 547 2639 672 2693; x_wconf 87' lang='lat' dir='ltr'><strong>dum</strong></span> <span class='ocrx_word' id='word_1_158' title='bbox 703 2638 879 2693; x_wconf 87' lang='lat' dir='ltr'><strong>adhuc</strong></span> <span class='ocrx_word' id='word_1_159' title='bbox 906 2637 1251 2692; x_wconf 88' lang='lat' dir='ltr'><strong>mortalitatis</strong></span> <span class='ocrx_word' id='word_1_160' title='bbox 1295 2637 1449 2692; x_wconf 88' lang='lat' dir='ltr'><strong>istius</strong></span> <span class='ocrx_word' id='word_1_161' title='bbox 1472 2636 1729 2691; x_wconf 63' lang='lat' dir='ltr'><strong>aerumnis</strong></span> 
     </span>
    </p>
   </div>
   <div class='ocr_carea' id='block_1_26' title="bbox 1824 1428 3415 1506">
    <p class='ocr_par' dir='ltr' id='par_1_26' title="bbox 1824 1428 3415 1506">
     <span class='ocr_line' id='line_1_26' title="bbox 1824 1428 3415 1506; baseline -0.001 -18"><span class='ocrx_word' id='word_1_162' title='bbox 1824 1442 2051 1506; x_wconf 88' lang='lat' dir='ltr'><strong>patuere</strong></span> <span class='ocrx_word' id='word_1_163' title='bbox 2096 1429 2319 1503; x_wconf 83' lang='lat' dir='ltr'><strong>palatia,</strong></span> <span class='ocrx_word' id='word_1_164' title='bbox 2362 1445 2461 1502; x_wconf 91' lang='lat' dir='ltr'><strong>pro</strong></span> <span class='ocrx_word' id='word_1_165' title='bbox 2501 1428 2700 1501; x_wconf 88' lang='lat' dir='ltr'><strong>quibus</strong></span> <span class='ocrx_word' id='word_1_166' title='bbox 2744 1429 2860 1500; x_wconf 88' lang='lat' dir='ltr'><strong>ipse</strong></span> <span class='ocrx_word' id='word_1_167' title='bbox 2895 1429 2952 1484; x_wconf 91' lang='lat' dir='ltr'><strong>in</strong></span> <span class='ocrx_word' id='word_1_168' title='bbox 2997 1429 3161 1486; x_wconf 89' lang='lat' dir='ltr'><strong>terris</strong></span> <span class='ocrx_word' id='word_1_169' title='bbox 3202 1432 3415 1502; x_wconf 87' lang='lat' dir='ltr'><strong>positus</strong></span> 
     </span>
    </p>
   </div>
   <div class='ocr_carea' id='block_1_27' title="bbox 1827 1519 3413 1588">
    <p class='ocr_par' dir='ltr' id='par_1_27' title="bbox 1827 1519 3413 1588">
     <span class='ocr_line' id='line_1_27' title="bbox 1827 1519 3413 1588; baseline -0.001 -9"><span class='ocrx_word' id='word_1_170' title='bbox 1827 1538 1959 1580; x_wconf 85' lang='lat' dir='ltr'><strong>voce</strong></span> <span class='ocrx_word' id='word_1_171' title='bbox 2006 1530 2327 1578; x_wconf 84' lang='lat' dir='ltr'><strong>cantaverat</strong></span> <span class='ocrx_word' id='word_1_172' title='bbox 2373 1520 2644 1577; x_wconf 88' lang='lat' dir='ltr'><strong>indefessa</strong></span> <span class='ocrx_word' id='word_1_173' title='bbox 2684 1534 2700 1574; x_wconf 89' lang='lat'><strong>:</strong></span> <span class='ocrx_word' id='word_1_174' title='bbox 2739 1519 2916 1588; x_wconf 87' lang='lat' dir='ltr'><strong>Quam</strong></span> <span class='ocrx_word' id='word_1_175' title='bbox 2962 1521 3217 1577; x_wconf 85' lang='lat' dir='ltr'><strong>amabilia</strong></span> <span class='ocrx_word' id='word_1_176' title='bbox 3267 1535 3413 1587; x_wconf 89' lang='lat' dir='ltr'><strong>sunt,</strong></span> 
     </span>
    </p>
   </div>
   <div class='ocr_carea' id='block_1_28' title="bbox 1826 1611 3410 1686">
    <p class='ocr_par' dir='ltr' id='par_1_28' title="bbox 1826 1611 3410 1686">
     <span class='ocr_line' id='line_1_28' title="bbox 1826 1611 3410 1686; baseline 0 -17"><span class='ocrx_word' id='word_1_177' title='bbox 1826 1613 2096 1686; x_wconf 89' lang='lat' dir='ltr'><strong>inquiens,</strong></span> <span class='ocrx_word' id='word_1_178' title='bbox 2116 1612 2343 1668; x_wconf 84' lang='lat' dir='ltr'><strong>Domine</strong></span> <span class='ocrx_word' id='word_1_179' title='bbox 2370 1611 2650 1677; x_wconf 89' lang='lat' dir='ltr'><strong>virtutum,</strong></span> <span class='ocrx_word' id='word_1_180' title='bbox 2670 1611 3016 1668; x_wconf 77' lang='lat' dir='ltr'><strong>tabernacuLa</strong></span> <span class='ocrx_word' id='word_1_181' title='bbox 3048 1620 3137 1667; x_wconf 90' lang='lat' dir='ltr'><strong>tua</strong></span> <span class='ocrx_word' id='word_1_182' title='bbox 3166 1614 3179 1667; x_wconf 73' lang='grc' dir='ltr'>Ξ</span> <span class='ocrx_word' id='word_1_183' title='bbox 3209 1629 3410 1669; x_wconf 90' lang='lat' dir='ltr'><strong>concu-</strong></span> 
     </span>
    </p>
   </div>
   <div class='ocr_carea' id='block_1_29' title="bbox 1825 1704 3410 1778">
    <p class='ocr_par' dir='ltr' id='par_1_29' title="bbox 1825 1704 3410 1778">
     <span class='ocr_line' id='line_1_29' title="bbox 1825 1704 3410 1778; baseline 0.001 -18"><span class='ocrx_word' id='word_1_184' title='bbox 1825 1706 1987 1778; x_wconf 87' lang='lat' dir='ltr'><strong>piscit</strong></span> <span class='ocrx_word' id='word_1_185' title='bbox 2017 1716 2073 1761; x_wconf 90' lang='lat' dir='ltr'><strong>et</strong></span> <span class='ocrx_word' id='word_1_186' title='bbox 2115 1705 2298 1761; x_wconf 86' lang='lat' dir='ltr'><strong>deﬁcit</strong></span> <span class='ocrx_word' id='word_1_187' title='bbox 2332 1705 2386 1760; x_wconf 91' lang='lat' dir='ltr'><strong>in</strong></span> <span class='ocrx_word' id='word_1_188' title='bbox 2432 1704 2518 1760; x_wconf 89' lang='lat' dir='ltr'><strong>his</strong></span> <span class='ocrx_word' id='word_1_189' title='bbox 2557 1705 2737 1759; x_wconf 90' lang='lat' dir='ltr'><strong>anima</strong></span> <span class='ocrx_word' id='word_1_190' title='bbox 2781 1720 2920 1759; x_wconf 89' lang='lat' dir='ltr'><strong>mea.</strong></span> <span class='ocrx_word' id='word_1_191' title='bbox 2963 1704 3249 1775; x_wconf 79' lang='lat' dir='ltr'><strong>Requievit</strong></span> <span class='ocrx_word' id='word_1_192' title='bbox 3278 1722 3410 1762; x_wconf 89' lang='lat' dir='ltr'><strong>vero</strong></span> 
     </span>
    </p>
   </div>
   <div class='ocr_carea' id='block_1_30' title="bbox 1827 1795 3413 1868">
    <p class='ocr_par' dir='ltr' id='par_1_30' title="bbox 1827 1795 3413 1868">
     <span class='ocr_line' id='line_1_30' title="bbox 1827 1795 3413 1868; baseline 0 -14"><span class='ocrx_word' id='word_1_193' title='bbox 1827 1813 1973 1854; x_wconf 90' lang='lat' dir='ltr'><strong>anno</strong></span> <span class='ocrx_word' id='word_1_194' title='bbox 2005 1798 2182 1853; x_wconf 83' lang='lat' dir='ltr'><strong>aetatis</strong></span> <span class='ocrx_word' id='word_1_195' title='bbox 2208 1812 2319 1852; x_wconf 86' lang='lat' dir='ltr'><strong>suae</strong></span> <span class='ocrx_word' id='word_1_196' title='bbox 2341 1795 2714 1868; x_wconf 81' lang='lat' dir='ltr'><strong>nonagesimo,</strong></span> <span class='ocrx_word' id='word_1_197' title='bbox 2758 1812 2942 1853; x_wconf 86' lang='lat' dir='ltr'><strong>mense</strong></span> <span class='ocrx_word' id='word_1_198' title='bbox 2970 1797 3300 1864; x_wconf 82' lang='lat' dir='ltr'><strong>Februario,</strong></span> <span class='ocrx_word' id='word_1_199' title='bbox 3334 1799 3413 1855; x_wconf 80' lang='lat' dir='ltr'><strong>fe-</strong></span> 
     </span>
    </p>
   </div>
   <div class='ocr_carea' id='block_1_31' title="bbox 1826 1886 3403 1959">
    <p class='ocr_par' dir='ltr' id='par_1_31' title="bbox 1826 1886 3403 1959">
     <span class='ocr_line' id='line_1_31' title="bbox 1826 1886 3403 1959; baseline -0.001 -13"><span class='ocrx_word' id='word_1_200' title='bbox 1826 1888 1943 1946; x_wconf 90' lang='lat' dir='ltr'><strong>bris</strong></span> <span class='ocrx_word' id='word_1_201' title='bbox 1990 1898 2169 1945; x_wconf 89' lang='lat' dir='ltr'><strong>tactus</strong></span> <span class='ocrx_word' id='word_1_202' title='bbox 2208 1886 2571 1954; x_wconf 80' lang='lat' dir='ltr'><strong>incommodo,</strong></span> <span class='ocrx_word' id='word_1_203' title='bbox 2618 1887 2704 1944; x_wconf 91' lang='lat' dir='ltr'><strong>die</strong></span> <span class='ocrx_word' id='word_1_204' title='bbox 2744 1902 2958 1959; x_wconf 85' lang='lat' dir='ltr'><strong>quoque</strong></span> <span class='ocrx_word' id='word_1_205' title='bbox 2986 1889 3289 1954; x_wconf 88' lang='lat' dir='ltr'><strong>Dominico,</strong></span> <span class='ocrx_word' id='word_1_206' title='bbox 3318 1890 3403 1945; x_wconf 87' lang='lat' dir='ltr'><strong>cui</strong></span> 
     </span>
    </p>
   </div>
   <div class='ocr_carea' id='block_1_32' title="bbox 1828 1981 3411 2052">
    <p class='ocr_par' dir='ltr' id='par_1_32' title="bbox 1828 1981 3411 2052">
     <span class='ocr_line' id='line_1_32' title="bbox 1828 1981 3411 2052; baseline 0.001 -14"><span class='ocrx_word' id='word_1_207' title='bbox 1828 1997 1978 2038; x_wconf 86' lang='lat' dir='ltr'><strong>mors</strong></span> <span class='ocrx_word' id='word_1_208' title='bbox 2006 1982 2094 2037; x_wconf 87' lang='lat' dir='ltr'><strong>via</strong></span> <span class='ocrx_word' id='word_1_209' title='bbox 2122 1982 2191 2037; x_wconf 91' lang='lat' dir='ltr'><strong>ad</strong></span> <span class='ocrx_word' id='word_1_210' title='bbox 2227 1981 2459 2052; x_wconf 87' lang='lat' dir='ltr'><strong>patriam</strong></span> <span class='ocrx_word' id='word_1_211' title='bbox 2478 2022 2494 2045; x_wconf 91' lang='lat'><strong>,</strong></span> <span class='ocrx_word' id='word_1_212' title='bbox 2533 1995 2597 2036; x_wconf 88' lang='lat' dir='ltr'><strong>ac</strong></span> <span class='ocrx_word' id='word_1_213' title='bbox 2630 1982 2911 2051; x_wconf 77' lang='lat' dir='ltr'><strong>praesentis</strong></span> <span class='ocrx_word' id='word_1_214' title='bbox 2940 1982 3065 2036; x_wconf 76' lang='lat' dir='ltr'><strong>vitae</strong></span> <span class='ocrx_word' id='word_1_215' title='bbox 3095 1982 3297 2049; x_wconf 79' lang='lat' dir='ltr'><strong>exitus,</strong></span> <span class='ocrx_word' id='word_1_216' title='bbox 3324 1998 3411 2039; x_wconf 88' lang='lat' dir='ltr'><strong>se-</strong></span> 
     </span>
    </p>
   </div>
   <div class='ocr_carea' id='block_1_33' title="bbox 1829 2070 3410 2143">
    <p class='ocr_par' dir='ltr' id='par_1_33' title="bbox 1829 2070 3410 2143">
     <span class='ocr_line' id='line_1_33' title="bbox 1829 2070 3410 2143; baseline 0.002 -16"><span class='ocrx_word' id='word_1_217' title='bbox 1829 2072 2044 2142; x_wconf 87' lang='lat' dir='ltr'><strong>quentis</strong></span> <span class='ocrx_word' id='word_1_218' title='bbox 2079 2086 2144 2127; x_wconf 87' lang='lat' dir='ltr'><strong>ac</strong></span> <span class='ocrx_word' id='word_1_219' title='bbox 2179 2086 2457 2143; x_wconf 87' lang='lat' dir='ltr'><strong>nunquam</strong></span> <span class='ocrx_word' id='word_1_220' title='bbox 2499 2071 2749 2126; x_wconf 80' lang='lat' dir='ltr'><strong>ﬁniendae</strong></span> <span class='ocrx_word' id='word_1_221' title='bbox 2790 2070 2970 2127; x_wconf 71' lang='lat' dir='ltr'><strong>factus</strong></span> <span class='ocrx_word' id='word_1_222' title='bbox 3019 2081 3103 2127; x_wconf 85' lang='lat' dir='ltr'><strong>est</strong></span> <span class='ocrx_word' id='word_1_223' title='bbox 3135 2073 3410 2130; x_wconf 87' lang='lat' dir='ltr'><strong>introitus.</strong></span> 
     </span>
    </p>
   </div>
   <div class='ocr_carea' id='block_1_34' title="bbox 1825 2162 3416 2233">
    <p class='ocr_par' dir='ltr' id='par_1_34' title="bbox 1825 2162 3416 2233">
     <span class='ocr_line' id='line_1_34' title="bbox 1825 2162 3416 2233; baseline 0.001 -14"><span class='ocrx_word' id='word_1_224' title='bbox 1825 2162 1911 2219; x_wconf 81' lang='lat' dir='ltr'><strong>Ad</strong></span> <span class='ocrx_word' id='word_1_225' title='bbox 1937 2178 2101 2233; x_wconf 88' lang='lat' dir='ltr'><strong>quam</strong></span> <span class='ocrx_word' id='word_1_226' title='bbox 2137 2162 2524 2233; x_wconf 88' lang='lat' dir='ltr'><strong>multiplicibus</strong></span> <span class='ocrx_word' id='word_1_227' title='bbox 2550 2162 2712 2233; x_wconf 88' lang='lat' dir='ltr'><strong>hujus</strong></span> <span class='ocrx_word' id='word_1_228' title='bbox 2747 2163 2934 2218; x_wconf 87' lang='lat' dir='ltr'><strong>mundi</strong></span> <span class='ocrx_word' id='word_1_229' title='bbox 2972 2164 3232 2220; x_wconf 76' lang='lat' dir='ltr'><strong>aerumnis</strong></span> <span class='ocrx_word' id='word_1_230' title='bbox 3260 2164 3416 2221; x_wconf 82' lang='lat' dir='ltr'><strong>abso-</strong></span> 
     </span>
    </p>
   </div>
   <div class='ocr_carea' id='block_1_35' title="bbox 1826 2254 3414 2328">
    <p class='ocr_par' dir='ltr' id='par_1_35' title="bbox 1826 2254 3414 2328">
     <span class='ocr_line' id='line_1_35' title="bbox 1826 2254 3414 2328; baseline 0.004 -17"><span class='ocrx_word' id='word_1_231' title='bbox 1826 2254 1993 2320; x_wconf 90' lang='lat' dir='ltr'><strong>lutus,</strong></span> <span class='ocrx_word' id='word_1_232' title='bbox 2026 2256 2108 2311; x_wconf 90' lang='lat' dir='ltr'><strong>sui</strong></span> <span class='ocrx_word' id='word_1_233' title='bbox 2137 2255 2349 2309; x_wconf 84' lang='lat' dir='ltr'><strong>Domini</strong></span> <span class='ocrx_word' id='word_1_234' title='bbox 2376 2254 2678 2321; x_wconf 88' lang='lat' dir='ltr'><strong>obtutibus,</strong></span> <span class='ocrx_word' id='word_1_235' title='bbox 2706 2255 2881 2325; x_wconf 84' lang='lat' dir='ltr'><strong>plenis</strong></span> <span class='ocrx_word' id='word_1_236' title='bbox 2906 2256 3032 2313; x_wconf 89' lang='lat' dir='ltr'><strong>oleo</strong></span> <span class='ocrx_word' id='word_1_237' title='bbox 3059 2257 3414 2328; x_wconf 85' lang='lat' dir='ltr'><strong>lampadibus,</strong></span> 
     </span>
    </p>
   </div>
   <div class='ocr_carea' id='block_1_36' title="bbox 1826 2346 3417 2422">
    <p class='ocr_par' dir='ltr' id='par_1_36' title="bbox 1826 2346 3417 2422">
     <span class='ocr_line' id='line_1_36' title="bbox 1826 2346 3417 2422; baseline 0.003 -21"><span class='ocrx_word' id='word_1_238' title='bbox 1826 2348 2085 2403; x_wconf 85' lang='lat' dir='ltr'><strong>virtutum</strong></span> <span class='ocrx_word' id='word_1_239' title='bbox 2117 2346 2325 2403; x_wconf 86' lang='lat' dir='ltr'><strong>scilicet</strong></span> <span class='ocrx_word' id='word_1_240' title='bbox 2352 2347 2563 2417; x_wconf 88' lang='lat' dir='ltr'><strong>piarum</strong></span> <span class='ocrx_word' id='word_1_241' title='bbox 2592 2348 2890 2415; x_wconf 78' lang='lat' dir='ltr'><strong>fertilitate,</strong></span> <span class='ocrx_word' id='word_1_242' title='bbox 2924 2351 3120 2405; x_wconf 89' lang='lat' dir='ltr'><strong>meruit</strong></span> <span class='ocrx_word' id='word_1_243' title='bbox 3155 2366 3417 2422; x_wconf 89' lang='lat' dir='ltr'><strong>apparere</strong></span> 
     </span>
    </p>
   </div>
   <div class='ocr_carea' id='block_1_37' title="bbox 1827 2440 3413 2511">
    <p class='ocr_par' dir='ltr' id='par_1_37' title="bbox 1827 2440 3413 2511">
     <span class='ocr_line' id='line_1_37' title="bbox 1827 2440 3413 2511; baseline 0.001 -14"><span class='ocrx_word' id='word_1_244' title='bbox 1827 2457 2108 2497; x_wconf 90' lang='lat' dir='ltr'><strong>coruscus.</strong></span> <span class='ocrx_word' id='word_1_245' title='bbox 2148 2440 2402 2511; x_wconf 88' lang='lat' dir='ltr'><strong>Sepultus</strong></span> <span class='ocrx_word' id='word_1_246' title='bbox 2421 2456 2552 2496; x_wconf 87' lang='lat' dir='ltr'><strong>sane</strong></span> <span class='ocrx_word' id='word_1_247' title='bbox 2589 2452 2673 2497; x_wconf 87' lang='lat' dir='ltr'><strong>est</strong></span> <span class='ocrx_word' id='word_1_248' title='bbox 2696 2442 2878 2497; x_wconf 89' lang='lat' dir='ltr'><strong>debito</strong></span> <span class='ocrx_word' id='word_1_249' title='bbox 2920 2442 3155 2498; x_wconf 90' lang='lat' dir='ltr'><strong>ﬁdelium</strong></span> <span class='ocrx_word' id='word_1_250' title='bbox 3200 2445 3413 2499; x_wconf 89' lang='lat' dir='ltr'><strong>honore</strong></span> 
     </span>
    </p>
   </div>
   <div class='ocr_carea' id='block_1_38' title="bbox 1828 2531 3409 2595">
    <p class='ocr_par' dir='ltr' id='par_1_38' title="bbox 1828 2531 3409 2595">
     <span class='ocr_line' id='line_1_38' title="bbox 1828 2531 3409 2595; baseline 0.001 -6"><span class='ocrx_word' id='word_1_251' title='bbox 1828 2534 1885 2590; x_wconf 85' lang='lat' dir='ltr'><strong>in</strong></span> <span class='ocrx_word' id='word_1_252' title='bbox 1909 2533 2159 2588; x_wconf 87' lang='lat' dir='ltr'><strong>coenobio</strong></span> <span class='ocrx_word' id='word_1_253' title='bbox 2186 2548 2216 2586; x_wconf 88' lang='lat' dir='ltr'><strong>a</strong></span> <span class='ocrx_word' id='word_1_254' title='bbox 2252 2545 2312 2586; x_wconf 86' lang='lat' dir='ltr'><strong>se</strong></span> <span class='ocrx_word' id='word_1_255' title='bbox 2335 2531 2628 2595; x_wconf 79' lang='lat' dir='ltr'><strong>:ediﬁcato,</strong></span> <span class='ocrx_word' id='word_1_256' title='bbox 2654 2533 2739 2587; x_wconf 89' lang='lat' dir='ltr'><strong>cui</strong></span> <span class='ocrx_word' id='word_1_257' title='bbox 2765 2534 3082 2589; x_wconf 74' lang='lat' dir='ltr'><strong>ex&#39;nomine</strong></span> <span class='ocrx_word' id='word_1_258' title='bbox 3108 2534 3308 2591; x_wconf 86' lang='lat' dir='ltr'><strong>ﬂuvioli</strong></span> <span class='ocrx_word' id='word_1_259' title='bbox 3335 2536 3409 2590; x_wconf 89' lang='lat' dir='ltr'><strong>ibi</strong></span> 
     </span>
    </p>
   </div>
   <div class='ocr_carea' id='block_1_39' title="bbox 1830 2623 3416 2693">
    <p class='ocr_par' dir='ltr' id='par_1_39' title="bbox 1830 2623 3416 2693">
     <span class='ocr_line' id='line_1_39' title="bbox 1830 2623 3416 2693; baseline -0.001 -11"><span class='ocrx_word' id='word_1_260' title='bbox 1830 2624 2170 2682; x_wconf 89' lang='lat' dir='ltr'><strong>decurrentis</strong></span> <span class='ocrx_word' id='word_1_261' title='bbox 2203 2623 2460 2679; x_wconf 84' lang='lat' dir='ltr'><strong>Helnonis</strong></span> <span class='ocrx_word' id='word_1_262' title='bbox 2482 2623 2800 2679; x_wconf 89' lang='lat' dir='ltr'><strong>vocabulum</strong></span> <span class='ocrx_word' id='word_1_263' title='bbox 2830 2625 3001 2680; x_wconf 66' lang='lat' dir='ltr'><strong>haesit.</strong></span> <span class='ocrx_word' id='word_1_264' title='bbox 3027 2624 3198 2693; x_wconf 84' lang='lat' dir='ltr'><strong>Quem</strong></span> <span class='ocrx_word' id='word_1_265' title='bbox 3224 2626 3416 2682; x_wconf 88' lang='lat' dir='ltr'><strong>videli-</strong></span> 
     </span>
    </p>
   </div>
   <div class='ocr_carea' id='block_1_40' title="bbox 138 2714 3401 2801">
    <p class='ocr_par' dir='ltr' id='par_1_40' title="bbox 138 2714 3401 2801">
     <span class='ocr_line' id='line_1_40' title="bbox 138 2714 3401 2801; baseline -0 -14"><span class='ocrx_word' id='word_1_266' title='bbox 138 2714 415 2787; x_wconf 77' lang='lat' dir='ltr'><strong>teneretur</strong></span> <span class='ocrx_word' id='word_1_267' title='bbox 462 2730 754 2795; x_wconf 82' lang='lat' dir='ltr'><strong>exstiterit,</strong></span> <span class='ocrx_word' id='word_1_268' title='bbox 811 2729 1166 2801; x_wconf 84' lang='lat' dir='ltr'><strong>qualibusque</strong></span> <span class='ocrx_word' id='word_1_269' title='bbox 1212 2729 1353 2782; x_wconf 87' lang='lat' dir='ltr'><strong>inter</strong></span> <span class='ocrx_word' id='word_1_270' title='bbox 1401 2726 1727 2798; x_wconf 87' lang='lat' dir='ltr'><strong>caliginosos</strong></span> <span class='ocrx_word' id='word_1_271' title='bbox 1754 2740 1803 2801; x_wconf 82' lang='grc' dir='ltr'><strong>Β</strong></span> <span class='ocrx_word' id='word_1_272' title='bbox 1829 2725 1918 2772; x_wconf 58' lang='grc' dir='ltr'><strong>εει</strong></span> <span class='ocrx_word' id='word_1_273' title='bbox 1958 2716 2138 2770; x_wconf 67' lang='lat' dir='ltr'><strong>locum</strong></span> <span class='ocrx_word' id='word_1_274' title='bbox 2173 2714 2446 2785; x_wconf 67' lang='grc' dir='ltr'><strong>(ιυοηίιθηι</strong></span> <span class='ocrx_word' id='word_1_275' title='bbox 2475 2715 2577 2785; x_wconf 71' lang='grc' dir='ltr'><strong>ίρδί</strong></span> <span class='ocrx_word' id='word_1_276' title='bbox 2609 2715 2727 2769; x_wconf 67' lang='lat' dir='ltr'><strong>Vim</strong></span> <span class='ocrx_word' id='word_1_277' title='bbox 2754 2715 2847 2769; x_wconf 67' lang='lat' dir='ltr'><strong>Dei</strong></span> <span class='ocrx_word' id='word_1_278' title='bbox 2876 2714 3213 2772; x_wconf 63' lang='lat' dir='ltr'><strong>Francorum</strong></span> <span class='ocrx_word' id='word_1_279' title='bbox 3261 2718 3401 2789; x_wconf 68' lang='grc' dir='ltr'><strong><em>Ρνίηο</em></strong></span> 
     </span>
    </p>
   </div>
   <div class='ocr_carea' id='block_1_41' title="bbox 135 2819 1718 2897">
    <p class='ocr_par' dir='ltr' id='par_1_41' title="bbox 135 2819 1718 2897">
     <span class='ocr_line' id='line_1_41' title="bbox 135 2819 1718 2897; baseline -0.004 -18"><span class='ocrx_word' id='word_1_280' title='bbox 135 2822 293 2897; x_wconf 86' lang='lat' dir='ltr'><strong>hujus</strong></span> <span class='ocrx_word' id='word_1_281' title='bbox 354 2822 537 2878; x_wconf 66' lang='lat' dir='ltr'><strong>saeculi</strong></span> <span class='ocrx_word' id='word_1_282' title='bbox 594 2821 870 2877; x_wconf 80' lang='lat' dir='ltr'><strong>anfractus</strong></span> <span class='ocrx_word' id='word_1_283' title='bbox 916 2821 1172 2875; x_wconf 89' lang='lat' dir='ltr'><strong>virtutum</strong></span> <span class='ocrx_word' id='word_1_284' title='bbox 1224 2820 1391 2891; x_wconf 90' lang='lat' dir='ltr'><strong>signis</strong></span> <span class='ocrx_word' id='word_1_285' title='bbox 1439 2819 1718 2884; x_wconf 86' lang='lat' dir='ltr'><strong>claruerit,</strong></span> 
     </span>
    </p>
   </div>
   <div class='ocr_carea' id='block_1_42' title="bbox 135 2912 1722 2988">
    <p class='ocr_par' dir='ltr' id='par_1_42' title="bbox 135 2912 1722 2988">
     <span class='ocr_line' id='line_1_42' title="bbox 135 2912 1722 2988; baseline -0.005 -12"><span class='ocrx_word' id='word_1_286' title='bbox 135 2933 348 2975; x_wconf 90' lang='lat' dir='ltr'><strong>necnon</strong></span> <span class='ocrx_word' id='word_1_287' title='bbox 369 2925 423 2974; x_wconf 90' lang='lat' dir='ltr'><strong>et</strong></span> <span class='ocrx_word' id='word_1_288' title='bbox 445 2932 606 2987; x_wconf 88' lang='lat' dir='ltr'><strong>quam</strong></span> <span class='ocrx_word' id='word_1_289' title='bbox 634 2916 790 2988; x_wconf 82' lang='lat' dir='ltr'><strong>longe</strong></span> <span class='ocrx_word' id='word_1_290' title='bbox 819 2916 953 2971; x_wconf 91' lang='lat' dir='ltr'><strong>sitos</strong></span> <span class='ocrx_word' id='word_1_291' title='bbox 976 2915 1347 2979; x_wconf 89' lang='lat' dir='ltr'><strong>illustraverit,</strong></span> <span class='ocrx_word' id='word_1_292' title='bbox 1370 2922 1530 2982; x_wconf 91' lang='lat' dir='ltr'><strong>atque</strong></span> <span class='ocrx_word' id='word_1_293' title='bbox 1552 2912 1617 2968; x_wconf 91' lang='lat' dir='ltr'><strong>de</strong></span> <span class='ocrx_word' id='word_1_294' title='bbox 1645 2921 1722 2968; x_wconf 90' lang='lat' dir='ltr'><strong>te-</strong></span> 
     </span>
    </p>
   </div>
   <div class='ocr_carea' id='block_1_43' title="bbox 134 3004 1720 3081">
    <p class='ocr_par' dir='ltr' id='par_1_43' title="bbox 134 3004 1720 3081">
     <span class='ocr_line' id='line_1_43' title="bbox 134 3004 1720 3081; baseline -0.006 -12"><span class='ocrx_word' id='word_1_295' title='bbox 134 3012 368 3069; x_wconf 84' lang='lat' dir='ltr'><strong>nebrosa</strong></span> <span class='ocrx_word' id='word_1_296' title='bbox 396 3009 557 3081; x_wconf 89' lang='lat' dir='ltr'><strong>hujus</strong></span> <span class='ocrx_word' id='word_1_297' title='bbox 586 3008 766 3065; x_wconf 75' lang='lat' dir='ltr'><strong>szeculi</strong></span> <span class='ocrx_word' id='word_1_298' title='bbox 799 3006 1054 3080; x_wconf 62' lang='lat' dir='ltr'><strong>Egypto,</strong></span> <span class='ocrx_word' id='word_1_299' title='bbox 1100 3006 1348 3061; x_wconf 87' lang='lat' dir='ltr'><strong>columna</strong></span> <span class='ocrx_word' id='word_1_300' title='bbox 1378 3005 1534 3076; x_wconf 88' lang='lat' dir='ltr'><strong>legis,</strong></span> <span class='ocrx_word' id='word_1_301' title='bbox 1582 3004 1720 3059; x_wconf 85' lang='lat' dir='ltr'><strong>divi—</strong></span> 
     </span>
    </p>
   </div>
   <div class='ocr_carea' id='block_1_44' title="bbox 132 3097 1723 3176">
    <p class='ocr_par' dir='ltr' id='par_1_44' title="bbox 132 3097 1723 3176">
     <span class='ocr_line' id='line_1_44' title="bbox 132 3097 1723 3176; baseline -0.008 -13"><span class='ocrx_word' id='word_1_302' title='bbox 132 3119 329 3176; x_wconf 62' lang='lat' dir='ltr'><strong>naque</strong></span> <span class='ocrx_word' id='word_1_303' title='bbox 355 3102 545 3176; x_wconf 77' lang='lat' dir='ltr'><strong>gratiae</strong></span> <span class='ocrx_word' id='word_1_304' title='bbox 569 3102 906 3173; x_wconf 88' lang='lat' dir='ltr'><strong>protectione</strong></span> <span class='ocrx_word' id='word_1_305' title='bbox 930 3106 1230 3170; x_wconf 62' lang='lat' dir='ltr'><strong>praeeunte,</strong></span> <span class='ocrx_word' id='word_1_306' title='bbox 1248 3114 1347 3170; x_wconf 90' lang='lat' dir='ltr'><strong>per</strong></span> <span class='ocrx_word' id='word_1_307' title='bbox 1371 3098 1487 3153; x_wconf 87' lang='lat' dir='ltr'><strong>vias</strong></span> <span class='ocrx_word' id='word_1_308' title='bbox 1510 3097 1723 3167; x_wconf 88' lang='lat' dir='ltr'><strong>piorum</strong></span> 
     </span>
    </p>
   </div>
   <div class='ocr_carea' id='block_1_45' title="bbox 134 3188 1726 3267">
    <p class='ocr_par' dir='ltr' id='par_1_45' title="bbox 134 3188 1726 3267">
     <span class='ocr_line' id='line_1_45' title="bbox 134 3188 1726 3267; baseline -0.005 -15"><span class='ocrx_word' id='word_1_309' title='bbox 134 3194 484 3267; x_wconf 83' lang='lat' dir='ltr'><strong>profectttum</strong></span> <span class='ocrx_word' id='word_1_310' title='bbox 546 3192 861 3248; x_wconf 86' lang='lat' dir='ltr'><strong>mansiones</strong></span> <span class='ocrx_word' id='word_1_311' title='bbox 916 3191 982 3245; x_wconf 90' lang='lat' dir='ltr'><strong>ad</strong></span> <span class='ocrx_word' id='word_1_312' title='bbox 1031 3200 1231 3244; x_wconf 88' lang='lat' dir='ltr'><strong>terram</strong></span> <span class='ocrx_word' id='word_1_313' title='bbox 1287 3188 1726 3261; x_wconf 84' lang='lat' dir='ltr'><strong>repromissionis</strong></span> 
     </span>
    </p>
   </div>
   <div class='ocr_carea' id='block_1_46' title="bbox 136 3278 1723 3361">
    <p class='ocr_par' dir='ltr' id='par_1_46' title="bbox 136 3278 1723 3361">
     <span class='ocr_line' id='line_1_46' title="bbox 136 3278 1723 3361; baseline -0.003 -21"><span class='ocrx_word' id='word_1_314' title='bbox 136 3283 251 3361; x_wconf 85' lang='lat' dir='ltr'><strong>(per</strong></span> <span class='ocrx_word' id='word_1_315' title='bbox 277 3300 444 3356; x_wconf 81' lang='lat' dir='ltr'><strong>quam</strong></span> <span class='ocrx_word' id='word_1_316' title='bbox 475 3282 648 3353; x_wconf 88' lang='lat' dir='ltr'><strong>patria</strong></span> <span class='ocrx_word' id='word_1_317' title='bbox 680 3281 975 3337; x_wconf 85' lang='lat' dir='ltr'><strong>viventium</strong></span> <span class='ocrx_word' id='word_1_318' title='bbox 1001 3278 1282 3352; x_wconf 82' lang='lat' dir='ltr'><strong>figuratur)</strong></span> <span class='ocrx_word' id='word_1_319' title='bbox 1309 3280 1455 3350; x_wconf 88' lang='lat' dir='ltr'><strong>quali</strong></span> <span class='ocrx_word' id='word_1_320' title='bbox 1489 3280 1597 3334; x_wconf 85' lang='lat' dir='ltr'><strong>fine</strong></span> <span class='ocrx_word' id='word_1_321' title='bbox 1624 3280 1723 3335; x_wconf 86' lang='lat' dir='ltr'><strong>mi-</strong></span> 
     </span>
    </p>
   </div>
   <div class='ocr_carea' id='block_1_47' title="bbox 136 3372 1724 3452">
    <p class='ocr_par' dir='ltr' id='par_1_47' title="bbox 136 3372 1724 3452">
     <span class='ocr_line' id='line_1_47' title="bbox 136 3372 1724 3452; baseline -0.003 -21"><span class='ocrx_word' id='word_1_322' title='bbox 136 3375 406 3452; x_wconf 80' lang='lat' dir='ltr'><strong>graverit;</strong></span> <span class='ocrx_word' id='word_1_323' title='bbox 456 3375 540 3430; x_wconf 90' lang='lat' dir='ltr'><strong>his</strong></span> <span class='ocrx_word' id='word_1_324' title='bbox 568 3375 784 3429; x_wconf 89' lang='lat' dir='ltr'><strong>interim</strong></span> <span class='ocrx_word' id='word_1_325' title='bbox 827 3373 1168 3445; x_wconf 90' lang='lat' dir='ltr'><strong>posthabitis,</strong></span> <span class='ocrx_word' id='word_1_326' title='bbox 1206 3373 1272 3428; x_wconf 87' lang='lat' dir='ltr'><strong>ad</strong></span> <span class='ocrx_word' id='word_1_327' title='bbox 1296 3373 1596 3444; x_wconf 87' lang='lat' dir='ltr'><strong>indaganda</strong></span> <span class='ocrx_word' id='word_1_328' title='bbox 1627 3372 1724 3427; x_wconf 87' lang='lat' dir='ltr'><strong>ali—</strong></span> 
     </span>
    </p>
   </div>
   <div class='ocr_carea' id='block_1_48' title="bbox 135 3466 1725 3541">
    <p class='ocr_par' dir='ltr' id='par_1_48' title="bbox 135 3466 1725 3541">
     <span class='ocr_line' id='line_1_48' title="bbox 135 3466 1725 3541; baseline -0.004 -15"><span class='ocrx_word' id='word_1_329' title='bbox 135 3484 242 3541; x_wconf 85' lang='lat' dir='ltr'><strong>qua</strong></span> <span class='ocrx_word' id='word_1_330' title='bbox 282 3468 351 3525; x_wconf 87' lang='lat' dir='ltr'><strong>de</strong></span> <span class='ocrx_word' id='word_1_331' title='bbox 380 3467 564 3524; x_wconf 90' lang='lat' dir='ltr'><strong>multis</strong></span> <span class='ocrx_word' id='word_1_332' title='bbox 610 3467 916 3522; x_wconf 88' lang='lat' dir='ltr'><strong>divinorum</strong></span> <span class='ocrx_word' id='word_1_333' title='bbox 966 3482 1190 3538; x_wconf 78' lang='lat' dir='ltr'><strong>cperunt</strong></span> <span class='ocrx_word' id='word_1_334' title='bbox 1236 3466 1575 3536; x_wconf 89' lang='lat' dir='ltr'><strong>magnalibus</strong></span> <span class='ocrx_word' id='word_1_335' title='bbox 1604 3479 1725 3535; x_wconf 73' lang='lat' dir='ltr'><strong>quae</strong></span> 
     </span>
    </p>
   </div>
   <div class='ocr_carea' id='block_1_49' title="bbox 135 3558 1721 3632">
    <p class='ocr_par' dir='ltr' id='par_1_49' title="bbox 135 3558 1721 3632">
     <span class='ocr_line' id='line_1_49' title="bbox 135 3558 1721 3632; baseline -0.003 -15"><span class='ocrx_word' id='word_1_336' title='bbox 135 3562 281 3617; x_wconf 89' lang='lat' dir='ltr'><strong>circa</strong></span> <span class='ocrx_word' id='word_1_337' title='bbox 322 3561 495 3632; x_wconf 88' lang='lat' dir='ltr'><strong>ipsum</strong></span> <span class='ocrx_word' id='word_1_338' title='bbox 526 3561 752 3631; x_wconf 87' lang='lat' dir='ltr'><strong>ejusque</strong></span> <span class='ocrx_word' id='word_1_339' title='bbox 790 3559 1168 3629; x_wconf 90' lang='lat' dir='ltr'><strong>corpusculum</strong></span> <span class='ocrx_word' id='word_1_340' title='bbox 1205 3568 1326 3629; x_wconf 92' lang='lat' dir='ltr'><strong>post</strong></span> <span class='ocrx_word' id='word_1_341' title='bbox 1354 3558 1472 3628; x_wconf 91' lang='lat' dir='ltr'><strong>ejus</strong></span> <span class='ocrx_word' id='word_1_342' title='bbox 1509 3559 1721 3614; x_wconf 91' lang='lat' dir='ltr'><strong>obitum</strong></span> 
     </span>
    </p>
   </div>
   <div class='ocr_carea' id='block_1_50' title="bbox 134 3652 1725 3723">
    <p class='ocr_par' dir='ltr' id='par_1_50' title="bbox 134 3652 1725 3723">
     <span class='ocr_line' id='line_1_50' title="bbox 134 3652 1725 3723; baseline -0.002 -14"><span class='ocrx_word' id='word_1_343' title='bbox 134 3654 318 3717; x_wconf 83' lang='lat' dir='ltr'><strong>divina</strong></span> <span class='ocrx_word' id='word_1_344' title='bbox 369 3653 654 3708; x_wconf 88' lang='lat' dir='ltr'><strong>clementia</strong></span> <span class='ocrx_word' id='word_1_345' title='bbox 684 3692 699 3718; x_wconf 89' lang='lat'><strong>,</strong></span> <span class='ocrx_word' id='word_1_346' title='bbox 734 3667 1044 3722; x_wconf 88' lang='lat' dir='ltr'><strong>quanquam</strong></span> <span class='ocrx_word' id='word_1_347' title='bbox 1084 3652 1384 3722; x_wconf 89' lang='lat' dir='ltr'><strong>impolitum</strong></span> <span class='ocrx_word' id='word_1_348' title='bbox 1427 3652 1725 3723; x_wconf 85' lang='lat' dir='ltr'><strong>dirigamus</strong></span> 
     </span>
    </p>
   </div>
   <div class='ocr_carea' id='block_1_51' title="bbox 131 3741 1727 3813">
    <p class='ocr_par' dir='ltr' id='par_1_51' title="bbox 131 3741 1727 3813">
     <span class='ocr_line' id='line_1_51' title="bbox 131 3741 1727 3813; baseline -0.001 -14"><span class='ocrx_word' id='word_1_349' title='bbox 131 3746 405 3803; x_wconf 85' lang='lat' dir='ltr'><strong>sermonis</strong></span> <span class='ocrx_word' id='word_1_350' title='bbox 426 3741 683 3798; x_wconf 79' lang='lat' dir='ltr'><strong>ofﬁcium.</strong></span> <span class='ocrx_word' id='word_1_351' title='bbox 725 3742 802 3797; x_wconf 86' lang='lat' dir='ltr'><strong>Ea</strong></span> <span class='ocrx_word' id='word_1_352' title='bbox 831 3757 960 3813; x_wconf 87' lang='lat' dir='ltr'><strong>ergo</strong></span> <span class='ocrx_word' id='word_1_353' title='bbox 997 3758 1115 3813; x_wconf 83' lang='lat' dir='ltr'><strong>quae</strong></span> <span class='ocrx_word' id='word_1_354' title='bbox 1152 3742 1458 3810; x_wconf 83' lang='lat' dir='ltr'><strong>referimus,</strong></span> <span class='ocrx_word' id='word_1_355' title='bbox 1490 3760 1520 3797; x_wconf 93' lang='lat' dir='ltr'><strong>a</strong></span> <span class='ocrx_word' id='word_1_356' title='bbox 1548 3742 1727 3798; x_wconf 88' lang='lat' dir='ltr'><strong>Patri-</strong></span> 
     </span>
    </p>
   </div>
   <div class='ocr_carea' id='block_1_52' title="bbox 126 3833 1722 3904">
    <p class='ocr_par' dir='ltr' id='par_1_52' title="bbox 126 3833 1722 3904">
     <span class='ocr_line' id='line_1_52' title="bbox 126 3833 1722 3904; baseline 0.001 -15"><span class='ocrx_word' id='word_1_357' title='bbox 126 3833 238 3892; x_wconf 88' lang='lat' dir='ltr'><strong>bus</strong></span> <span class='ocrx_word' id='word_1_358' title='bbox 275 3833 509 3890; x_wconf 86' lang='lat' dir='ltr'><strong>ﬁdeliter</strong></span> <span class='ocrx_word' id='word_1_359' title='bbox 547 3833 909 3889; x_wconf 87' lang='lat' dir='ltr'><strong>referentibus</strong></span> <span class='ocrx_word' id='word_1_360' title='bbox 934 3834 1257 3900; x_wconf 90' lang='lat' dir='ltr'><strong>audivimus,</strong></span> <span class='ocrx_word' id='word_1_361' title='bbox 1290 3850 1521 3904; x_wconf 90' lang='lat' dir='ltr'><strong>quorum</strong></span> <span class='ocrx_word' id='word_1_362' title='bbox 1560 3833 1722 3890; x_wconf 89' lang='lat' dir='ltr'><strong>ﬁdem</strong></span> 
     </span>
    </p>
   </div>
   <div class='ocr_carea' id='block_1_53' title="bbox 128 3924 1721 3997">
    <p class='ocr_par' dir='ltr' id='par_1_53' title="bbox 128 3924 1721 3997">
     <span class='ocr_line' id='line_1_53' title="bbox 128 3924 1721 3997; baseline -0.001 -16"><span class='ocrx_word' id='word_1_363' title='bbox 128 3924 492 3995; x_wconf 89' lang='lat' dir='ltr'><strong>omnipotenti</strong></span> <span class='ocrx_word' id='word_1_364' title='bbox 517 3924 736 3981; x_wconf 88' lang='lat' dir='ltr'><strong>Christo</strong></span> <span class='ocrx_word' id='word_1_365' title='bbox 765 3925 1178 3990; x_wconf 90' lang='lat' dir='ltr'><strong>committimus,</strong></span> <span class='ocrx_word' id='word_1_366' title='bbox 1209 3925 1350 3996; x_wconf 89' lang='lat' dir='ltr'><strong>apud</strong></span> <span class='ocrx_word' id='word_1_367' title='bbox 1376 3942 1535 3997; x_wconf 90' lang='lat' dir='ltr'><strong>quem</strong></span> <span class='ocrx_word' id='word_1_368' title='bbox 1558 3926 1721 3982; x_wconf 88' lang='lat' dir='ltr'><strong>etiam</strong></span> 
     </span>
    </p>
   </div>
   <div class='ocr_carea' id='block_1_54' title="bbox 128 4014 1718 4095">
    <p class='ocr_par' dir='ltr' id='par_1_54' title="bbox 128 4014 1718 4095">
     <span class='ocr_line' id='line_1_54' title="bbox 128 4014 1718 4095; baseline -0.001 -22"><span class='ocrx_word' id='word_1_369' title='bbox 128 4025 357 4095; x_wconf 78' lang='lat' dir='ltr'><strong>peracta</strong></span> <span class='ocrx_word' id='word_1_370' title='bbox 391 4016 545 4087; x_wconf 89' lang='lat' dir='ltr'><strong>quasi</strong></span> <span class='ocrx_word' id='word_1_371' title='bbox 578 4016 855 4082; x_wconf 86' lang='lat' dir='ltr'><strong>instantia,</strong></span> <span class='ocrx_word' id='word_1_372' title='bbox 902 4024 958 4072; x_wconf 90' lang='lat' dir='ltr'><strong>et</strong></span> <span class='ocrx_word' id='word_1_373' title='bbox 1000 4031 1098 4087; x_wconf 91' lang='lat' dir='ltr'><strong>pro</strong></span> <span class='ocrx_word' id='word_1_374' title='bbox 1141 4017 1497 4088; x_wconf 69' lang='lat' dir='ltr'><strong>praesentibus</strong></span> <span class='ocrx_word' id='word_1_375' title='bbox 1532 4014 1718 4073; x_wconf 86' lang='lat' dir='ltr'><strong>haberi</strong></span> 
     </span>
    </p>
   </div>
   <div class='ocr_carea' id='block_1_55' title="bbox 1828 2806 3415 2880">
    <p class='ocr_par' dir='ltr' id='par_1_55' title="bbox 1828 2806 3415 2880">
     <span class='ocr_line' id='line_1_55' title="bbox 1828 2806 3415 2880; baseline 0.002 -17"><span class='ocrx_word' id='word_1_376' title='bbox 1828 2823 1957 2878; x_wconf 91' lang='lat' dir='ltr'><strong>ccps</strong></span> <span class='ocrx_word' id='word_1_377' title='bbox 1976 2807 2311 2879; x_wconf 89' lang='lat' dir='ltr'><strong>Dagobertus</strong></span> <span class='ocrx_word' id='word_1_378' title='bbox 2334 2806 2568 2862; x_wconf 89' lang='lat' dir='ltr'><strong>silvestri</strong></span> <span class='ocrx_word' id='word_1_379' title='bbox 2591 2821 2745 2861; x_wconf 89' lang='lat' dir='ltr'><strong>coma</strong></span> <span class='ocrx_word' id='word_1_380' title='bbox 2768 2822 2789 2844; x_wconf 81' lang='grc' dir='ltr'>ι</span> <span class='ocrx_word' id='word_1_381' title='bbox 2814 2822 2919 2862; x_wconf 91' lang='lat' dir='ltr'><strong>non</strong></span> <span class='ocrx_word' id='word_1_382' title='bbox 2944 2808 3221 2879; x_wconf 87' lang='lat' dir='ltr'><strong>indignum</strong></span> <span class='ocrx_word' id='word_1_383' title='bbox 3243 2825 3415 2880; x_wconf 83' lang='lat' dir='ltr'><strong>prona</strong></span> 
     </span>
    </p>
   </div>
   <div class='ocr_carea' id='block_1_56' title="bbox 1828 2900 3416 2973">
    <p class='ocr_par' dir='ltr' id='par_1_56' title="bbox 1828 2900 3416 2973">
     <span class='ocr_line' id='line_1_56' title="bbox 1828 2900 3416 2973; baseline 0.001 -17"><span class='ocrx_word' id='word_1_384' title='bbox 1828 2902 2033 2972; x_wconf 85' lang='lat' dir='ltr'><strong>indigni</strong></span> <span class='ocrx_word' id='word_1_385' title='bbox 2059 2900 2288 2957; x_wconf 88' lang='lat' dir='ltr'><strong>contulit</strong></span> <span class='ocrx_word' id='word_1_386' title='bbox 2314 2900 2618 2965; x_wconf 89' lang='lat' dir='ltr'><strong>devotione,</strong></span> <span class='ocrx_word' id='word_1_387' title='bbox 2645 2909 2764 2955; x_wconf 90' lang='lat' dir='ltr'><strong>rata</strong></span> <span class='ocrx_word' id='word_1_388' title='bbox 2793 2900 2968 2973; x_wconf 85' lang='lat' dir='ltr'><strong>legum</strong></span> <span class='ocrx_word' id='word_1_389' title='bbox 2999 2902 3278 2957; x_wconf 81' lang='lat' dir='ltr'><strong>sanctione</strong></span> <span class='ocrx_word' id='word_1_390' title='bbox 3304 2912 3416 2958; x_wconf 83' lang='lat' dir='ltr'><strong>sta-</strong></span> 
     </span>
    </p>
   </div>
   <div class='ocr_carea' id='block_1_57' title="bbox 1828 2990 3418 3063">
    <p class='ocr_par' dir='ltr' id='par_1_57' title="bbox 1828 2990 3418 3063">
     <span class='ocr_line' id='line_1_57' title="bbox 1828 2990 3418 3063; baseline -0.001 -14"><span class='ocrx_word' id='word_1_391' title='bbox 1828 2992 2059 3049; x_wconf 89' lang='lat' dir='ltr'><strong>bilitum.</strong></span> <span class='ocrx_word' id='word_1_392' title='bbox 2084 2990 2248 3060; x_wconf 87' lang='lat' dir='ltr'><strong>Cujus</strong></span> <span class='ocrx_word' id='word_1_393' title='bbox 2270 2991 2394 3047; x_wconf 89' lang='lat' dir='ltr'><strong>licet</strong></span> <span class='ocrx_word' id='word_1_394' title='bbox 2414 2991 2607 3046; x_wconf 91' lang='lat' dir='ltr'><strong>crebra</strong></span> <span class='ocrx_word' id='word_1_395' title='bbox 2631 2991 2987 3061; x_wconf 89' lang='lat' dir='ltr'><strong>plurimorum</strong></span> <span class='ocrx_word' id='word_1_396' title='bbox 3007 2993 3260 3063; x_wconf 88' lang='lat' dir='ltr'><strong>opinione</strong></span> <span class='ocrx_word' id='word_1_397' title='bbox 3276 2992 3418 3048; x_wconf 89' lang='lat' dir='ltr'><strong>didi-</strong></span> 
     </span>
    </p>
   </div>
   <div class='ocr_carea' id='block_1_58' title="bbox 1829 3084 3419 3159">
    <p class='ocr_par' dir='ltr' id='par_1_58' title="bbox 1829 3084 3419 3159">
     <span class='ocr_line' id='line_1_58' title="bbox 1829 3084 3419 3159; baseline 0 -16"><span class='ocrx_word' id='word_1_398' title='bbox 1829 3087 1968 3143; x_wconf 87' lang='lat' dir='ltr'><strong>cerit</strong></span> <span class='ocrx_word' id='word_1_399' title='bbox 1998 3086 2362 3146; x_wconf 88' lang='lat' dir='ltr'><strong>sanctitatem.</strong></span> <span class='ocrx_word' id='word_1_400' title='bbox 2396 3085 2627 3156; x_wconf 91' lang='lat' dir='ltr'><strong>amplius</strong></span> <span class='ocrx_word' id='word_1_401' title='bbox 2648 3093 2828 3140; x_wconf 90' lang='lat' dir='ltr'><strong>tamen</strong></span> <span class='ocrx_word' id='word_1_402' title='bbox 2862 3086 2943 3159; x_wconf 91' lang='lat' dir='ltr'><strong>(ut</strong></span> <span class='ocrx_word' id='word_1_403' title='bbox 2974 3086 3029 3140; x_wconf 92' lang='lat' dir='ltr'><strong>in</strong></span> <span class='ocrx_word' id='word_1_404' title='bbox 3064 3086 3246 3142; x_wconf 89' lang='lat' dir='ltr'><strong>libello</strong></span> <span class='ocrx_word' id='word_1_405' title='bbox 3275 3084 3419 3143; x_wconf 63' lang='lat' dir='ltr'><strong>Vita</strong></span> 
     </span>
    </p>
   </div>
   <div class='ocr_carea' id='block_1_59' title="bbox 1828 3178 3419 3253">
    <p class='ocr_par' dir='ltr' id='par_1_59' title="bbox 1828 3178 3419 3253">
     <span class='ocr_line' id='line_1_59' title="bbox 1828 3178 3419 3253; baseline 0.001 -18"><span class='ocrx_word' id='word_1_406' title='bbox 1828 3181 1946 3253; x_wconf 88' lang='lat' dir='ltr'><strong>ejus</strong></span> <span class='ocrx_word' id='word_1_407' title='bbox 1991 3178 2207 3251; x_wconf 83' lang='lat' dir='ltr'><strong>legitur)</strong></span> <span class='ocrx_word' id='word_1_408' title='bbox 2253 3178 2506 3234; x_wconf 88' lang='lat' dir='ltr'><strong>eumdem</strong></span> <span class='ocrx_word' id='word_1_409' title='bbox 2566 3179 2739 3235; x_wconf 88' lang='lat' dir='ltr'><strong>isdem</strong></span> <span class='ocrx_word' id='word_1_410' title='bbox 2788 3179 3043 3250; x_wconf 87' lang='lat' dir='ltr'><strong>princeps</strong></span> <span class='ocrx_word' id='word_1_411' title='bbox 3091 3180 3143 3234; x_wconf 92' lang='lat' dir='ltr'><strong>in</strong></span> <span class='ocrx_word' id='word_1_412' title='bbox 3195 3179 3287 3235; x_wconf 88' lang='lat' dir='ltr'><strong>ﬁlii</strong></span> <span class='ocrx_word' id='word_1_413' title='bbox 3332 3182 3419 3237; x_wconf 89' lang='lat' dir='ltr'><strong>sui</strong></span> 
     </span>
    </p>
   </div>
   <div class='ocr_carea' id='block_1_60' title="bbox 1829 3271 3414 3342">
    <p class='ocr_par' dir='ltr' id='par_1_60' title="bbox 1829 3271 3414 3342">
     <span class='ocr_line' id='line_1_60' title="bbox 1829 3271 3414 3342; baseline -0.001 -15"><span class='ocrx_word' id='word_1_414' title='bbox 1829 3271 2099 3342; x_wconf 81' lang='lat' dir='ltr'><strong>Sigeberti</strong></span> <span class='ocrx_word' id='word_1_415' title='bbox 2128 3278 2319 3327; x_wconf 88' lang='lat' dir='ltr'><strong>contra</strong></span> <span class='ocrx_word' id='word_1_416' title='bbox 2341 3278 2593 3325; x_wconf 83' lang='lat' dir='ltr'><strong>naturam</strong></span> <span class='ocrx_word' id='word_1_417' title='bbox 2622 3271 2857 3326; x_wconf 88' lang='lat' dir='ltr'><strong>mirabili</strong></span> <span class='ocrx_word' id='word_1_418' title='bbox 2887 3280 3110 3341; x_wconf 85' lang='lat' dir='ltr'><strong>propter</strong></span> <span class='ocrx_word' id='word_1_419' title='bbox 3132 3272 3414 3327; x_wconf 84' lang='lat' dir='ltr'><strong>infantiam</strong></span> 
     </span>
    </p>
   </div>
   <div class='ocr_carea' id='block_1_61' title="bbox 1828 3363 3416 3433">
    <p class='ocr_par' dir='ltr' id='par_1_61' title="bbox 1828 3363 3416 3433">
     <span class='ocr_line' id='line_1_61' title="bbox 1828 3363 3416 3433; baseline 0.001 -14"><span class='ocrx_word' id='word_1_420' title='bbox 1828 3363 2119 3431; x_wconf 89' lang='lat' dir='ltr'><strong>locutione,</strong></span> <span class='ocrx_word' id='word_1_421' title='bbox 2149 3366 2250 3419; x_wconf 92' lang='lat' dir='ltr'><strong>sub</strong></span> <span class='ocrx_word' id='word_1_422' title='bbox 2282 3378 2379 3419; x_wconf 92' lang='lat' dir='ltr'><strong>sua</strong></span> <span class='ocrx_word' id='word_1_423' title='bbox 2402 3364 2692 3433; x_wconf 77' lang='lat' dir='ltr'><strong>praesentia</strong></span> <span class='ocrx_word' id='word_1_424' title='bbox 2723 3364 2941 3419; x_wconf 89' lang='lat' dir='ltr'><strong>Christo</strong></span> <span class='ocrx_word' id='word_1_425' title='bbox 2967 3374 3214 3421; x_wconf 89' lang='lat' dir='ltr'><strong>sanctum</strong></span> <span class='ocrx_word' id='word_1_426' title='bbox 3258 3381 3416 3420; x_wconf 77' lang='lat' dir='ltr'><strong>suum</strong></span> 
     </span>
    </p>
   </div>
   <div class='ocr_carea' id='block_1_62' title="bbox 1828 3458 3414 3528">
    <p class='ocr_par' dir='ltr' id='par_1_62' title="bbox 1828 3458 3414 3528">
     <span class='ocr_line' id='line_1_62' title="bbox 1828 3458 3414 3528; baseline -0.001 -13"><span class='ocrx_word' id='word_1_427' title='bbox 1828 3459 2174 3525; x_wconf 84' lang='lat' dir='ltr'><strong>miriﬁcante,</strong></span> <span class='ocrx_word' id='word_1_428' title='bbox 2200 3458 2397 3514; x_wconf 88' lang='lat' dir='ltr'><strong>meruit</strong></span> <span class='ocrx_word' id='word_1_429' title='bbox 2421 3472 2717 3528; x_wconf 83' lang='lat' dir='ltr'><strong>agnoscere</strong></span> <span class='ocrx_word' id='word_1_430' title='bbox 2756 3458 3119 3514; x_wconf 88' lang='lat' dir='ltr'><strong>manifestam.</strong></span> <span class='ocrx_word' id='word_1_431' title='bbox 3145 3458 3414 3515; x_wconf 69' lang='lat' dir='ltr'><strong>Prtedieto</strong></span> 
     </span>
    </p>
   </div>
   <div class='ocr_carea' id='block_1_63' title="bbox 1828 3543 3415 3621">
    <p class='ocr_par' dir='ltr' id='par_1_63' title="bbox 1828 3543 3415 3621">
     <span class='ocr_line' id='line_1_63' title="bbox 1828 3543 3415 3621; baseline -0.002 -14"><span class='ocrx_word' id='word_1_432' title='bbox 1828 3550 1998 3621; x_wconf 87' lang='lat' dir='ltr'><strong>igitur</strong></span> <span class='ocrx_word' id='word_1_433' title='bbox 2025 3551 2078 3605; x_wconf 92' lang='lat' dir='ltr'><strong>in</strong></span> <span class='ocrx_word' id='word_1_434' title='bbox 2104 3549 2222 3603; x_wconf 93' lang='lat' dir='ltr'><strong>loco</strong></span> <span class='ocrx_word' id='word_1_435' title='bbox 2243 3548 2368 3617; x_wconf 89' lang='lat' dir='ltr'><strong>quia</strong></span> <span class='ocrx_word' id='word_1_436' title='bbox 2394 3548 2623 3617; x_wconf 89' lang='lat' dir='ltr'><strong>amplius</strong></span> <span class='ocrx_word' id='word_1_437' title='bbox 2638 3543 2826 3618; x_wconf 66' lang='lat' dir='ltr'><strong>ipsum</strong></span> <span class='ocrx_word' id='word_1_438' title='bbox 2849 3549 3058 3603; x_wconf 61' lang='lat' dir='ltr'><strong>caeteris</strong></span> <span class='ocrx_word' id='word_1_439' title='bbox 3077 3564 3109 3603; x_wconf 90' lang='lat' dir='ltr'><strong>a</strong></span> <span class='ocrx_word' id='word_1_440' title='bbox 3127 3563 3186 3604; x_wconf 93' lang='lat' dir='ltr'><strong>se</strong></span> <span class='ocrx_word' id='word_1_441' title='bbox 3211 3549 3415 3604; x_wconf 89' lang='lat' dir='ltr'><strong>consti-</strong></span> 
     </span>
    </p>
   </div>
   <div class='ocr_carea' id='block_1_64' title="bbox 1827 3638 3416 3711">
    <p class='ocr_par' dir='ltr' id='par_1_64' title="bbox 1827 3638 3416 3711">
     <span class='ocr_line' id='line_1_64' title="bbox 1827 3638 3416 3711; baseline 0.002 -17"><span class='ocrx_word' id='word_1_442' title='bbox 1827 3641 1960 3694; x_wconf 86' lang='lat' dir='ltr'><strong>tutis</strong></span> <span class='ocrx_word' id='word_1_443' title='bbox 1983 3638 2256 3711; x_wconf 87' lang='lat' dir='ltr'><strong>diligendo</strong></span> <span class='ocrx_word' id='word_1_444' title='bbox 2296 3638 2551 3704; x_wconf 82' lang='lat' dir='ltr'><strong>excoluit,</strong></span> <span class='ocrx_word' id='word_1_445' title='bbox 2591 3639 2757 3694; x_wconf 88' lang='lat' dir='ltr'><strong>etiam</strong></span> <span class='ocrx_word' id='word_1_446' title='bbox 2800 3638 3197 3709; x_wconf 90' lang='lat' dir='ltr'><strong>corpusculum</strong></span> <span class='ocrx_word' id='word_1_447' title='bbox 3246 3640 3416 3711; x_wconf 78' lang='lat' dir='ltr'><strong>ipsius</strong></span> 
     </span>
    </p>
   </div>
   <div class='ocr_carea' id='block_1_65' title="bbox 1829 3729 3413 3802">
    <p class='ocr_par' dir='ltr' id='par_1_65' title="bbox 1829 3729 3413 3802">
     <span class='ocr_line' id='line_1_65' title="bbox 1829 3729 3413 3802; baseline 0.001 -16"><span class='ocrx_word' id='word_1_448' title='bbox 1829 3730 2217 3802; x_wconf 88' lang='lat' dir='ltr'><strong>discipulorum</strong></span> <span class='ocrx_word' id='word_1_449' title='bbox 2245 3743 2468 3785; x_wconf 90' lang='lat' dir='ltr'><strong>suorum</strong></span> <span class='ocrx_word' id='word_1_450' title='bbox 2492 3730 2752 3801; x_wconf 87' lang='lat' dir='ltr'><strong>obsequio</strong></span> <span class='ocrx_word' id='word_1_451' title='bbox 2775 3729 3039 3785; x_wconf 89' lang='lat' dir='ltr'><strong>tumulum</strong></span> <span class='ocrx_word' id='word_1_452' title='bbox 3062 3732 3313 3801; x_wconf 85' lang='lat' dir='ltr'><strong>‘sumpsit,</strong></span> <span class='ocrx_word' id='word_1_453' title='bbox 3338 3733 3413 3787; x_wconf 90' lang='lat' dir='ltr'><strong>si-</strong></span> 
     </span>
    </p>
   </div>
   <div class='ocr_carea' id='block_1_66' title="bbox 1829 3823 3415 3896">
    <p class='ocr_par' dir='ltr' id='par_1_66' title="bbox 1829 3823 3415 3896">
     <span class='ocr_line' id='line_1_66' title="bbox 1829 3823 3415 3896; baseline 0.003 -18"><span class='ocrx_word' id='word_1_454' title='bbox 1829 3832 1940 3887; x_wconf 89' lang='lat' dir='ltr'><strong>cut,</strong></span> <span class='ocrx_word' id='word_1_455' title='bbox 1977 3824 2142 3879; x_wconf 88' lang='lat' dir='ltr'><strong>etiam</strong></span> <span class='ocrx_word' id='word_1_456' title='bbox 2172 3830 2497 3879; x_wconf 90' lang='lat' dir='ltr'><strong>testamento</strong></span> <span class='ocrx_word' id='word_1_457' title='bbox 2535 3823 2763 3878; x_wconf 90' lang='lat' dir='ltr'><strong>terribili</strong></span> <span class='ocrx_word' id='word_1_458' title='bbox 2810 3824 3017 3896; x_wconf 89' lang='lat' dir='ltr'><strong>scripto</strong></span> <span class='ocrx_word' id='word_1_459' title='bbox 3067 3840 3166 3895; x_wconf 91' lang='lat' dir='ltr'><strong>pro</strong></span> <span class='ocrx_word' id='word_1_460' title='bbox 3215 3826 3316 3882; x_wconf 90' lang='lat' dir='ltr'><strong>hac</strong></span> <span class='ocrx_word' id='word_1_461' title='bbox 3354 3840 3415 3882; x_wconf 86' lang='lat' dir='ltr'><strong>re</strong></span> 
     </span>
    </p>
   </div>
   <div class='ocr_carea' id='block_1_67' title="bbox 1830 3908 3411 3985">
    <p class='ocr_par' dir='ltr' id='par_1_67' title="bbox 1830 3908 3411 3985">
     <span class='ocr_line' id='line_1_67' title="bbox 1830 3908 3411 3985; baseline 0.002 -18"><span class='ocrx_word' id='word_1_462' title='bbox 1830 3911 1991 3983; x_wconf 84' lang='lat' dir='ltr'><strong>(Vide</strong></span> <span class='ocrx_word' id='word_1_463' title='bbox 2021 3911 2341 3983; x_wconf 74' lang='lat' dir='ltr'><strong>Patrofogiw</strong></span> <span class='ocrx_word' id='word_1_464' title='bbox 2367 3921 2493 3966; x_wconf 83' lang='lat' dir='ltr'><strong>tom.</strong></span> <span class='ocrx_word' id='word_1_465' title='bbox 2529 3908 2880 3980; x_wconf 84' lang='lat' dir='ltr'><strong>LXXXVII,</strong></span> <span class='ocrx_word' id='word_1_466' title='bbox 2909 3911 3009 3967; x_wconf 84' lang='lat' dir='ltr'><strong>col.</strong></span> <span class='ocrx_word' id='word_1_467' title='bbox 3048 3912 3232 3985; x_wconf 74' lang='grc'><strong>1271),</strong></span> <span class='ocrx_word' id='word_1_468' title='bbox 3266 3915 3411 3984; x_wconf 90' lang='lat' dir='ltr'><strong>quod</strong></span> 
     </span>
    </p>
   </div>
   <div class='ocr_carea' id='block_1_68' title="bbox 1828 4009 3416 4078">
    <p class='ocr_par' dir='ltr' id='par_1_68' title="bbox 1828 4009 3416 4078">
     <span class='ocr_line' id='line_1_68' title="bbox 1828 4009 3416 4078; baseline 0.003 -14"><span class='ocrx_word' id='word_1_469' title='bbox 1828 4009 1891 4065; x_wconf 83' lang='lat' dir='ltr'><strong>in</strong></span> <span class='ocrx_word' id='word_1_470' title='bbox 1915 4009 2154 4065; x_wconf 85' lang='lat' dir='ltr'><strong>archivio</strong></span> <span class='ocrx_word' id='word_1_471' title='bbox 2181 4010 2352 4065; x_wconf 86' lang='lat' dir='ltr'><strong>nostri</strong></span> <span class='ocrx_word' id='word_1_472' title='bbox 2389 4011 2702 4066; x_wconf 90' lang='lat' dir='ltr'><strong>monasterii</strong></span> <span class='ocrx_word' id='word_1_473' title='bbox 2732 4012 2996 4068; x_wconf 89' lang='lat' dir='ltr'><strong>hactenus</strong></span> <span class='ocrx_word' id='word_1_474' title='bbox 3025 4021 3294 4078; x_wconf 87' lang='lat' dir='ltr'><strong>servatur,</strong></span> <span class='ocrx_word' id='word_1_475' title='bbox 3321 4014 3416 4069; x_wconf 87' lang='lat' dir='ltr'><strong>de-</strong></span> 
     </span>
    </p>
   </div>
   <div class='ocr_carea' id='block_1_69' title="bbox 129 4097 3413 4181">
    <p class='ocr_par' dir='ltr' id='par_1_69' title="bbox 129 4097 3413 4181">
     <span class='ocr_line' id='line_1_69' title="bbox 129 4097 3413 4181; baseline 0.005 -20"><span class='ocrx_word' id='word_1_476' title='bbox 129 4106 314 4164; x_wconf 89' lang='lat' dir='ltr'><strong>futura</strong></span> <span class='ocrx_word' id='word_1_477' title='bbox 347 4108 619 4164; x_wconf 89' lang='lat' dir='ltr'><strong>credimus</strong></span> <span class='ocrx_word' id='word_1_478' title='bbox 648 4127 660 4163; x_wconf 89' lang='lat'><strong>:</strong></span> <span class='ocrx_word' id='word_1_479' title='bbox 694 4109 778 4165; x_wconf 90' lang='lat' dir='ltr'><strong>cui</strong></span> <span class='ocrx_word' id='word_1_480' title='bbox 808 4109 1171 4176; x_wconf 85' lang='lat' dir='ltr'><strong>mendacium,</strong></span> <span class='ocrx_word' id='word_1_481' title='bbox 1202 4110 1327 4181; x_wconf 90' lang='lat' dir='ltr'><strong>quia</strong></span> <span class='ocrx_word' id='word_1_482' title='bbox 1355 4125 1417 4165; x_wconf 82' lang='lat' dir='ltr'><strong>ex</strong></span> <span class='ocrx_word' id='word_1_483' title='bbox 1451 4111 1594 4166; x_wconf 89' lang='lat' dir='ltr'><strong>malo</strong></span> <span class='ocrx_word' id='word_1_484' title='bbox 1616 4120 1717 4176; x_wconf 89' lang='lat' dir='ltr'><strong>est,</strong></span> <span class='ocrx_word' id='word_1_485' title='bbox 1751 4104 1797 4168; x_wconf 89' lang='lat' dir='ltr'><strong>C</strong></span> <span class='ocrx_word' id='word_1_486' title='bbox 1829 4100 2019 4155; x_wconf 73' lang='grc' dir='ltr'><strong>εΐθνίῑ·</strong></span> <span class='ocrx_word' id='word_1_487' title='bbox 2045 4097 2164 4155; x_wconf 76' lang='grc' dir='ltr'><strong>Νοη</strong></span> <span class='ocrx_word' id='word_1_488' title='bbox 2198 4109 2376 4156; x_wconf 57' lang='lat' dir='ltr'><strong>tamen</strong></span> <span class='ocrx_word' id='word_1_489' title='bbox 2415 4100 2469 4156; x_wconf 79' lang='grc' dir='ltr'><strong>ίυ</strong></span> <span class='ocrx_word' id='word_1_490' title='bbox 2500 4101 2616 4172; x_wconf 71' lang='lat' dir='ltr'><strong>ipsa</strong></span> <span class='ocrx_word' id='word_1_491' title='bbox 2645 4117 2751 4175; x_wconf 69' lang='lat' dir='ltr'><strong>qua</strong></span> <span class='ocrx_word' id='word_1_492' title='bbox 2778 4118 2922 4159; x_wconf 77' lang='grc' dir='ltr'><strong>ηυηο</strong></span> <span class='ocrx_word' id='word_1_493' title='bbox 2950 4103 3242 4175; x_wconf 70' lang='grc' dir='ltr'><strong>νειιυῖθεείι</strong></span> <span class='ocrx_word' id='word_1_494' title='bbox 3267 4104 3413 4175; x_wconf 67' lang='grc' dir='ltr'><strong>Ροδί-</strong></span> 
     </span>
    </p>
   </div>
   <div class='ocr_carea' id='block_1_70' title="bbox 133 4199 1723 4273">
    <p class='ocr_par' dir='ltr' id='par_1_70' title="bbox 133 4199 1723 4273">
     <span class='ocr_line' id='line_1_70' title="bbox 133 4199 1723 4273; baseline 0 -14"><span class='ocrx_word' id='word_1_495' title='bbox 133 4199 422 4273; x_wconf 77' lang='lat' dir='ltr'><strong>diSplieere</strong></span> <span class='ocrx_word' id='word_1_496' title='bbox 462 4201 855 4270; x_wconf 81' lang='lat' dir='ltr'><strong>cognoscimus.</strong></span> <span class='ocrx_word' id='word_1_497' title='bbox 898 4200 1013 4257; x_wconf 83' lang='lat' dir='ltr'><strong>Non</strong></span> <span class='ocrx_word' id='word_1_498' title='bbox 1055 4202 1201 4256; x_wconf 90' lang='lat' dir='ltr'><strong>enim</strong></span> <span class='ocrx_word' id='word_1_499' title='bbox 1256 4201 1401 4258; x_wconf 90' lang='lat' dir='ltr'><strong>beati</strong></span> <span class='ocrx_word' id='word_1_500' title='bbox 1452 4203 1555 4258; x_wconf 88' lang='lat' dir='ltr'><strong>viri</strong></span> <span class='ocrx_word' id='word_1_501' title='bbox 1606 4219 1723 4259; x_wconf 91' lang='lat' dir='ltr'><strong>me-</strong></span> 
     </span>
    </p>
   </div>
   <div class='ocr_carea' id='block_1_71' title="bbox 133 4292 1725 4366">
    <p class='ocr_par' dir='ltr' id='par_1_71' title="bbox 133 4292 1725 4366">
     <span class='ocr_line' id='line_1_71' title="bbox 133 4292 1725 4366; baseline 0.001 -18"><span class='ocrx_word' id='word_1_502' title='bbox 133 4292 241 4348; x_wconf 84' lang='lat' dir='ltr'><strong>rita</strong></span> <span class='ocrx_word' id='word_1_503' title='bbox 275 4300 335 4347; x_wconf 90' lang='lat' dir='ltr'><strong>ut</strong></span> <span class='ocrx_word' id='word_1_504' title='bbox 373 4292 519 4347; x_wconf 88' lang='lat' dir='ltr'><strong>clara</strong></span> <span class='ocrx_word' id='word_1_505' title='bbox 554 4293 860 4349; x_wconf 87' lang='lat' dir='ltr'><strong>hominibus</strong></span> <span class='ocrx_word' id='word_1_506' title='bbox 909 4305 1205 4364; x_wconf 88' lang='lat' dir='ltr'><strong>appareant</strong></span> <span class='ocrx_word' id='word_1_507' title='bbox 1239 4294 1536 4350; x_wconf 87' lang='lat' dir='ltr'><strong>mendaciis</strong></span> <span class='ocrx_word' id='word_1_508' title='bbox 1565 4304 1725 4366; x_wconf 88' lang='lat' dir='ltr'><strong>egent</strong></span> 
     </span>
    </p>
   </div>
   <div class='ocr_carea' id='block_1_72' title="bbox 136 4387 1723 4459">
    <p class='ocr_par' dir='ltr' id='par_1_72' title="bbox 136 4387 1723 4459">
     <span class='ocr_line' id='line_1_72' title="bbox 136 4387 1723 4459; baseline 0 -16"><span class='ocrx_word' id='word_1_509' title='bbox 136 4387 331 4453; x_wconf 88' lang='lat' dir='ltr'><strong>astrui,</strong></span> <span class='ocrx_word' id='word_1_510' title='bbox 380 4388 476 4442; x_wconf 89' lang='lat' dir='ltr'><strong>sed</strong></span> <span class='ocrx_word' id='word_1_511' title='bbox 522 4387 782 4458; x_wconf 88' lang='lat' dir='ltr'><strong>ampliora</strong></span> <span class='ocrx_word' id='word_1_512' title='bbox 816 4403 976 4458; x_wconf 89' lang='lat' dir='ltr'><strong>quam</strong></span> <span class='ocrx_word' id='word_1_513' title='bbox 1008 4387 1265 4458; x_wconf 87' lang='lat' dir='ltr'><strong>explicari</strong></span> <span class='ocrx_word' id='word_1_514' title='bbox 1292 4387 1473 4444; x_wconf 90' lang='lat' dir='ltr'><strong>verbis</strong></span> <span class='ocrx_word' id='word_1_515' title='bbox 1501 4398 1723 4459; x_wconf 85' lang='lat' dir='ltr'><strong>queant,</strong></span> 
     </span>
    </p>
   </div>
   <div class='ocr_carea' id='block_1_73' title="bbox 141 4481 1726 4554">
    <p class='ocr_par' dir='ltr' id='par_1_73' title="bbox 141 4481 1726 4554">
     <span class='ocr_line' id='line_1_73' title="bbox 141 4481 1726 4554; baseline 0.001 -16"><span class='ocrx_word' id='word_1_516' title='bbox 141 4489 352 4538; x_wconf 89' lang='lat' dir='ltr'><strong>remota</strong></span> <span class='ocrx_word' id='word_1_517' title='bbox 377 4481 523 4537; x_wconf 90' lang='lat' dir='ltr'><strong>omni</strong></span> <span class='ocrx_word' id='word_1_518' title='bbox 552 4483 906 4553; x_wconf 79' lang='lat' dir='ltr'><strong>ambiguitate</strong></span> <span class='ocrx_word' id='word_1_519' title='bbox 935 4483 1134 4539; x_wconf 90' lang='lat' dir='ltr'><strong>debent</strong></span> <span class='ocrx_word' id='word_1_520' title='bbox 1162 4483 1330 4540; x_wconf 90' lang='lat' dir='ltr'><strong>credi.</strong></span> <span class='ocrx_word' id='word_1_521' title='bbox 1368 4482 1475 4538; x_wconf 91' lang='lat' dir='ltr'><strong>Sed</strong></span> <span class='ocrx_word' id='word_1_522' title='bbox 1504 4484 1630 4554; x_wconf 91' lang='lat' dir='ltr'><strong>quia</strong></span> <span class='ocrx_word' id='word_1_523' title='bbox 1659 4485 1726 4540; x_wconf 89' lang='lat' dir='ltr'><strong>de</strong></span> 
     </span>
    </p>
   </div>
   <div class='ocr_carea' id='block_1_74' title="bbox 133 4573 1725 4647">
    <p class='ocr_par' dir='ltr' id='par_1_74' title="bbox 133 4573 1725 4647">
     <span class='ocr_line' id='line_1_74' title="bbox 133 4573 1725 4647; baseline 0.003 -18"><span class='ocrx_word' id='word_1_524' title='bbox 133 4573 219 4629; x_wconf 89' lang='lat' dir='ltr'><strong>his</strong></span> <span class='ocrx_word' id='word_1_525' title='bbox 249 4587 358 4629; x_wconf 92' lang='lat' dir='ltr'><strong>nou</strong></span> <span class='ocrx_word' id='word_1_526' title='bbox 380 4588 479 4643; x_wconf 91' lang='lat' dir='ltr'><strong>pro</strong></span> <span class='ocrx_word' id='word_1_527' title='bbox 508 4574 589 4629; x_wconf 89' lang='lat' dir='ltr'><strong>sui</strong></span> <span class='ocrx_word' id='word_1_528' title='bbox 626 4575 790 4644; x_wconf 86' lang='lat' dir='ltr'><strong>(quod</strong></span> <span class='ocrx_word' id='word_1_529' title='bbox 820 4575 1151 4645; x_wconf 83' lang='lat' dir='ltr'><strong>impossibile</strong></span> <span class='ocrx_word' id='word_1_530' title='bbox 1180 4578 1284 4647; x_wconf 89' lang='lat' dir='ltr'><strong>est)</strong></span> <span class='ocrx_word' id='word_1_531' title='bbox 1313 4576 1598 4646; x_wconf 80' lang='lat' dir='ltr'><strong>dignitate,</strong></span> <span class='ocrx_word' id='word_1_532' title='bbox 1629 4578 1725 4633; x_wconf 86' lang='lat' dir='ltr'><strong>sed</strong></span> 
     </span>
    </p>
   </div>
   <div class='ocr_carea' id='block_1_75' title="bbox 133 4651 1727 4739">
    <p class='ocr_par' dir='ltr' id='par_1_75' title="bbox 133 4651 1727 4739">
     <span class='ocr_line' id='line_1_75' title="bbox 133 4651 1727 4739; baseline 0.004 -20"><span class='ocrx_word' id='word_1_533' title='bbox 133 4680 233 4735; x_wconf 88' lang='lat' dir='ltr'><strong>pro</strong></span> <span class='ocrx_word' id='word_1_534' title='bbox 269 4667 442 4721; x_wconf 90' lang='lat' dir='ltr'><strong>nostri</strong></span> <span class='ocrx_word' id='word_1_535' title='bbox 473 4675 793 4736; x_wconf 87' lang='lat' dir='ltr'><strong>paupertate</strong></span> <span class='ocrx_word' id='word_1_536' title='bbox 823 4666 1077 4738; x_wconf 86' lang='lat' dir='ltr'><strong>ingenioli</strong></span> <span class='ocrx_word' id='word_1_537' title='bbox 1122 4666 1302 4737; x_wconf 87' lang='lat' dir='ltr'><strong>aliqua</strong></span> <span class='ocrx_word' id='word_1_538' title='bbox 1342 4651 1727 4739; x_wconf 78' lang='lat' dir='ltr'><strong>praeloqueudo</strong></span> 
     </span>
    </p>
   </div>
   <div class='ocr_carea' id='block_1_76' title="bbox 134 4754 1728 4831">
    <p class='ocr_par' dir='ltr' id='par_1_76' title="bbox 134 4754 1728 4831">
     <span class='ocr_line' id='line_1_76' title="bbox 134 4754 1728 4831; baseline 0.004 -20"><span class='ocrx_word' id='word_1_539' title='bbox 134 4754 441 4826; x_wconf 76' lang='lat' dir='ltr'><strong>tetigimus;</strong></span> <span class='ocrx_word' id='word_1_540' title='bbox 472 4771 617 4810; x_wconf 90' lang='lat' dir='ltr'><strong>nunc</strong></span> <span class='ocrx_word' id='word_1_541' title='bbox 645 4755 828 4811; x_wconf 89' lang='lat' dir='ltr'><strong>divina</strong></span> <span class='ocrx_word' id='word_1_542' title='bbox 859 4772 956 4812; x_wconf 89' lang='lat' dir='ltr'><strong>nos</strong></span> <span class='ocrx_word' id='word_1_543' title='bbox 981 4767 1256 4830; x_wconf 59' lang='lat' dir='ltr'><strong>praeeunte</strong></span> <span class='ocrx_word' id='word_1_544' title='bbox 1283 4757 1571 4814; x_wconf 88' lang='lat' dir='ltr'><strong>clementia</strong></span> <span class='ocrx_word' id='word_1_545' title='bbox 1600 4775 1728 4831; x_wconf 89' lang='lat' dir='ltr'><strong>pro-</strong></span> 
     </span>
    </p>
   </div>
   <div class='ocr_carea' id='block_1_77' title="bbox 133 4844 1023 4918">
    <p class='ocr_par' dir='ltr' id='par_1_77' title="bbox 133 4844 1023 4918">
     <span class='ocr_line' id='line_1_77' title="bbox 133 4844 1023 4918; baseline 0.001 -18"><span class='ocrx_word' id='word_1_546' title='bbox 133 4844 370 4915; x_wconf 86' lang='lat' dir='ltr'><strong>positum</strong></span> <span class='ocrx_word' id='word_1_547' title='bbox 398 4844 553 4900; x_wconf 89' lang='lat' dir='ltr'><strong>nobis</strong></span> <span class='ocrx_word' id='word_1_548' title='bbox 583 4845 686 4900; x_wconf 89' lang='lat' dir='ltr'><strong>iter</strong></span> <span class='ocrx_word' id='word_1_549' title='bbox 716 4860 1023 4918; x_wconf 90' lang='lat' dir='ltr'><strong>carpamus.</strong></span> 
     </span>
    </p>
   </div>
   <div class='ocr_carea' id='block_1_78' title="bbox 200 4935 1726 5015">
    <p class='ocr_par' dir='ltr' id='par_1_78' title="bbox 200 4935 1726 5015">
     <span class='ocr_line' id='line_1_78' title="bbox 200 4935 1726 5015; baseline 0.003 -25"><span class='ocrx_word' id='word_1_550' title='bbox 200 4935 362 4991; x_wconf 84' lang='lat' dir='ltr'><strong>Anno</strong></span> <span class='ocrx_word' id='word_1_551' title='bbox 402 4937 563 5007; x_wconf 84' lang='lat' dir='ltr'><strong>igitur</strong></span> <span class='ocrx_word' id='word_1_552' title='bbox 589 4937 978 4995; x_wconf 90' lang='lat' dir='ltr'><strong>incarnationis</strong></span> <span class='ocrx_word' id='word_1_553' title='bbox 1011 4937 1304 4995; x_wconf 85' lang='lat' dir='ltr'><strong>Domiuieae</strong></span> <span class='ocrx_word' id='word_1_554' title='bbox 1330 4940 1726 5015; x_wconf 80' lang='lat' dir='ltr'><strong>sexcentesimo</strong></span> 
     </span>
    </p>
   </div>
   <div class='ocr_carea' id='block_1_79' title="bbox 137 5027 1728 5107">
    <p class='ocr_par' dir='ltr' id='par_1_79' title="bbox 137 5027 1728 5107">
     <span class='ocr_line' id='line_1_79' title="bbox 137 5027 1728 5107; baseline 0.004 -27"><span class='ocrx_word' id='word_1_555' title='bbox 137 5027 475 5107; x_wconf 77' lang='lat' dir='ltr'><strong>sexagesimo</strong></span> <span class='ocrx_word' id='word_1_556' title='bbox 502 5027 678 5097; x_wconf 91' lang='lat' dir='ltr'><strong>primo</strong></span> <span class='ocrx_word' id='word_1_557' title='bbox 708 5045 813 5099; x_wconf 91' lang='lat' dir='ltr'><strong>qua</strong></span> <span class='ocrx_word' id='word_1_558' title='bbox 842 5029 1105 5085; x_wconf 90' lang='lat' dir='ltr'><strong>Conditor</strong></span> <span class='ocrx_word' id='word_1_559' title='bbox 1130 5039 1186 5085; x_wconf 91' lang='lat' dir='ltr'><strong>et</strong></span> <span class='ocrx_word' id='word_1_560' title='bbox 1210 5029 1542 5104; x_wconf 84' lang='lat' dir='ltr'><strong>Redemptor</strong></span> <span class='ocrx_word' id='word_1_561' title='bbox 1571 5048 1728 5087; x_wconf 90' lang='lat' dir='ltr'><strong>mun-</strong></span> 
     </span>
    </p>
   </div>
   <div class='ocr_carea' id='block_1_80' title="bbox 136 5117 1723 5195">
    <p class='ocr_par' dir='ltr' id='par_1_80' title="bbox 136 5117 1723 5195">
     <span class='ocr_line' id='line_1_80' title="bbox 136 5117 1723 5195; baseline 0.004 -22"><span class='ocrx_word' id='word_1_562' title='bbox 136 5117 309 5174; x_wconf 89' lang='lat' dir='ltr'><strong>danos</strong></span> <span class='ocrx_word' id='word_1_563' title='bbox 339 5120 629 5177; x_wconf 88' lang='lat' dir='ltr'><strong>miseratus</strong></span> <span class='ocrx_word' id='word_1_564' title='bbox 656 5137 870 5178; x_wconf 88' lang='lat' dir='ltr'><strong>errores</strong></span> <span class='ocrx_word' id='word_1_565' title='bbox 909 5123 1159 5179; x_wconf 62' lang='lat' dir='ltr'><strong>humanae</strong></span> <span class='ocrx_word' id='word_1_566' title='bbox 1185 5123 1435 5195; x_wconf 86' lang='lat' dir='ltr'><strong>dignatus</strong></span> <span class='ocrx_word' id='word_1_567' title='bbox 1463 5134 1549 5180; x_wconf 91' lang='lat' dir='ltr'><strong>est</strong></span> <span class='ocrx_word' id='word_1_568' title='bbox 1573 5124 1723 5181; x_wconf 86' lang='lat' dir='ltr'><strong>uniri</strong></span> 
     </span>
    </p>
   </div>
   <div class='ocr_carea' id='block_1_81' title="bbox 141 5210 1727 5282">
    <p class='ocr_par' dir='ltr' id='par_1_81' title="bbox 141 5210 1727 5282">
     <span class='ocr_line' id='line_1_81' title="bbox 141 5210 1727 5282; baseline 0.006 -19"><span class='ocrx_word' id='word_1_569' title='bbox 141 5217 382 5276; x_wconf 72' lang='lat' dir='ltr'><strong>naturae,</strong></span> <span class='ocrx_word' id='word_1_570' title='bbox 425 5210 534 5267; x_wconf 92' lang='lat' dir='ltr'><strong>Deo</strong></span> <span class='ocrx_word' id='word_1_571' title='bbox 579 5212 841 5282; x_wconf 85' lang='lat' dir='ltr'><strong>bonisque</strong></span> <span class='ocrx_word' id='word_1_572' title='bbox 894 5214 1105 5267; x_wconf 89' lang='lat' dir='ltr'><strong>cunctis</strong></span> <span class='ocrx_word' id='word_1_573' title='bbox 1147 5213 1397 5270; x_wconf 90' lang='lat' dir='ltr'><strong>amabilis</strong></span> <span class='ocrx_word' id='word_1_574' title='bbox 1446 5214 1727 5272; x_wconf 90' lang='lat' dir='ltr'><strong>Amandus</strong></span> 
     </span>
    </p>
   </div>
   <div class='ocr_carea' id='block_1_82' title="bbox 138 5282 1723 5373">
    <p class='ocr_par' dir='ltr' id='par_1_82' title="bbox 138 5282 1723 5373">
     <span class='ocr_line' id='line_1_82' title="bbox 138 5282 1723 5373; baseline 0.006 -22"><span class='ocrx_word' id='word_1_575' title='bbox 138 5304 263 5367; x_wconf 81' lang='lat' dir='ltr'><strong>post</strong></span> <span class='ocrx_word' id='word_1_576' title='bbox 288 5296 455 5354; x_wconf 88' lang='lat' dir='ltr'><strong>multa</strong></span> <span class='ocrx_word' id='word_1_577' title='bbox 486 5299 751 5355; x_wconf 86' lang='lat' dir='ltr'><strong>bonorum</strong></span> <span class='ocrx_word' id='word_1_578' title='bbox 786 5309 1001 5355; x_wconf 89' lang='lat' dir='ltr'><strong>actuum</strong></span> <span class='ocrx_word' id='word_1_579' title='bbox 1040 5300 1272 5373; x_wconf 88' lang='lat' dir='ltr'><strong>insignia</strong></span> <span class='ocrx_word' id='word_1_580' title='bbox 1293 5304 1361 5360; x_wconf 89' lang='lat' dir='ltr'><strong>ad</strong></span> <span class='ocrx_word' id='word_1_581' title='bbox 1395 5304 1517 5360; x_wconf 84' lang='lat' dir='ltr'><strong>coeli</strong></span> <span class='ocrx_word' id='word_1_582' title='bbox 1545 5282 1723 5361; x_wconf 80' lang='lat' dir='ltr'><strong>aulam</strong></span> 
     </span>
    </p>
   </div>
   <div class='ocr_carea' id='block_1_83' title="bbox 138 5389 1726 5472">
    <p class='ocr_par' dir='ltr' id='par_1_83' title="bbox 138 5389 1726 5472">
     <span class='ocr_line' id='line_1_83' title="bbox 138 5389 1726 5472; baseline 0.007 -31"><span class='ocrx_word' id='word_1_583' title='bbox 138 5389 453 5472; x_wconf 79' lang='lat' dir='ltr'><strong>perenniter</strong></span> <span class='ocrx_word' id='word_1_584' title='bbox 481 5406 602 5446; x_wconf 88' lang='lat' dir='ltr'><strong>cum</strong></span> <span class='ocrx_word' id='word_1_585' title='bbox 635 5391 872 5458; x_wconf 89' lang='lat' dir='ltr'><strong>Christo,</strong></span> <span class='ocrx_word' id='word_1_586' title='bbox 904 5392 991 5447; x_wconf 91' lang='lat' dir='ltr'><strong>cui</strong></span> <span class='ocrx_word' id='word_1_587' title='bbox 1022 5392 1220 5450; x_wconf 85' lang='lat' dir='ltr'><strong>devote</strong></span> <span class='ocrx_word' id='word_1_588' title='bbox 1256 5396 1501 5462; x_wconf 85' lang='lat' dir='ltr'><strong>servivit,</strong></span> <span class='ocrx_word' id='word_1_589' title='bbox 1532 5410 1726 5469; x_wconf 87' lang='lat' dir='ltr'><strong>regna-</strong></span> 
     </span>
    </p>
   </div>
   <div class='ocr_carea' id='block_1_84' title="bbox 1826 4193 3414 4268">
    <p class='ocr_par' dir='ltr' id='par_1_84' title="bbox 1826 4193 3414 4268">
     <span class='ocr_line' id='line_1_84' title="bbox 1826 4193 3414 4268; baseline 0.001 -19"><span class='ocrx_word' id='word_1_590' title='bbox 1826 4200 1914 4251; x_wconf 89' lang='lat' dir='ltr'><strong>tus</strong></span> <span class='ocrx_word' id='word_1_591' title='bbox 1963 4204 2049 4249; x_wconf 92' lang='lat' dir='ltr'><strong>cst</strong></span> <span class='ocrx_word' id='word_1_592' title='bbox 2092 4193 2342 4261; x_wconf 90' lang='lat' dir='ltr'><strong>basilica,</strong></span> <span class='ocrx_word' id='word_1_593' title='bbox 2376 4193 2471 4251; x_wconf 89' lang='lat' dir='ltr'><strong>sed</strong></span> <span class='ocrx_word' id='word_1_594' title='bbox 2513 4196 2567 4251; x_wconf 92' lang='lat' dir='ltr'><strong>in</strong></span> <span class='ocrx_word' id='word_1_595' title='bbox 2610 4195 2777 4251; x_wconf 88' lang='lat' dir='ltr'><strong>altera</strong></span> <span class='ocrx_word' id='word_1_596' title='bbox 2820 4195 2910 4267; x_wconf 87' lang='lat' dir='ltr'><strong>qui</strong></span> <span class='ocrx_word' id='word_1_597' title='bbox 2943 4197 3119 4253; x_wconf 89' lang='lat' dir='ltr'><strong>adhuc</strong></span> <span class='ocrx_word' id='word_1_598' title='bbox 3144 4206 3414 4268; x_wconf 89' lang='lat' dir='ltr'><strong>superest,</strong></span> 
     </span>
    </p>
   </div>
   <div class='ocr_carea' id='block_1_85' title="bbox 1824 4278 3415 4362">
    <p class='ocr_par' dir='ltr' id='par_1_85' title="bbox 1824 4278 3415 4362">
     <span class='ocr_line' id='line_1_85' title="bbox 1824 4278 3415 4362; baseline 0.003 -19"><span class='ocrx_word' id='word_1_599' title='bbox 1824 4289 2086 4362; x_wconf 90' lang='lat' dir='ltr'><strong>principis</strong></span> <span class='ocrx_word' id='word_1_600' title='bbox 2114 4290 2481 4360; x_wconf 87' lang='lat' dir='ltr'><strong>apostolorum</strong></span> <span class='ocrx_word' id='word_1_601' title='bbox 2528 4290 2669 4347; x_wconf 84' lang='lat' dir='ltr'><strong>Petri</strong></span> <span class='ocrx_word' id='word_1_602' title='bbox 2699 4291 2917 4348; x_wconf 90' lang='lat' dir='ltr'><strong>nomine</strong></span> <span class='ocrx_word' id='word_1_603' title='bbox 2961 4278 3239 4357; x_wconf 88' lang='lat' dir='ltr'><strong>dedicata;</strong></span> <span class='ocrx_word' id='word_1_604' title='bbox 3295 4307 3415 4362; x_wconf 63' lang='lat' dir='ltr'><strong>qua:</strong></span> 
     </span>
    </p>
   </div>
   <div class='ocr_carea' id='block_1_86' title="bbox 1825 4383 3415 4455">
    <p class='ocr_par' dir='ltr' id='par_1_86' title="bbox 1825 4383 3415 4455">
     <span class='ocr_line' id='line_1_86' title="bbox 1825 4383 3415 4455; baseline 0.003 -20"><span class='ocrx_word' id='word_1_605' title='bbox 1825 4383 2079 4453; x_wconf 90' lang='lat' dir='ltr'><strong>quoniam</strong></span> <span class='ocrx_word' id='word_1_606' title='bbox 2102 4399 2201 4453; x_wconf 88' lang='lat' dir='ltr'><strong>pro</strong></span> <span class='ocrx_word' id='word_1_607' title='bbox 2224 4384 2305 4438; x_wconf 90' lang='lat' dir='ltr'><strong>sui</strong></span> <span class='ocrx_word' id='word_1_608' title='bbox 2335 4385 2600 4453; x_wconf 87' lang='lat' dir='ltr'><strong>parvitate</strong></span> <span class='ocrx_word' id='word_1_609' title='bbox 2627 4385 2763 4439; x_wconf 91' lang='lat' dir='ltr'><strong>tanti</strong></span> <span class='ocrx_word' id='word_1_610' title='bbox 2791 4384 3041 4455; x_wconf 73' lang='lat' dir='ltr'><strong>pnesulis</strong></span> <span class='ocrx_word' id='word_1_611' title='bbox 3065 4384 3273 4440; x_wconf 89' lang='lat' dir='ltr'><strong>tumulo</strong></span> <span class='ocrx_word' id='word_1_612' title='bbox 3297 4384 3415 4440; x_wconf 84' lang='lat' dir='ltr'><strong>visa</strong></span> 
     </span>
    </p>
   </div>
   <div class='ocr_carea' id='block_1_87' title="bbox 1825 4473 3419 4551">
    <p class='ocr_par' dir='ltr' id='par_1_87' title="bbox 1825 4473 3419 4551">
     <span class='ocr_line' id='line_1_87' title="bbox 1825 4473 3419 4551; baseline 0.003 -21"><span class='ocrx_word' id='word_1_613' title='bbox 1825 4473 1929 4530; x_wconf 83' lang='lat' dir='ltr'><strong>fuit</strong></span> <span class='ocrx_word' id='word_1_614' title='bbox 1954 4475 2274 4551; x_wconf 80' lang='lat' dir='ltr'><strong>incongrua,</strong></span> <span class='ocrx_word' id='word_1_615' title='bbox 2318 4485 2480 4547; x_wconf 88' lang='lat' dir='ltr'><strong>atque</strong></span> <span class='ocrx_word' id='word_1_616' title='bbox 2507 4477 2670 4535; x_wconf 90' lang='lat' dir='ltr'><strong>etiam</strong></span> <span class='ocrx_word' id='word_1_617' title='bbox 2713 4480 2952 4533; x_wconf 89' lang='lat' dir='ltr'><strong>secundo</strong></span> <span class='ocrx_word' id='word_1_618' title='bbox 2995 4478 3149 4533; x_wconf 80' lang='lat' dir='ltr'><strong>sexui</strong></span> <span class='ocrx_word' id='word_1_619' title='bbox 3193 4485 3419 4548; x_wconf 84' lang='lat' dir='ltr'><strong>propter</strong></span> 
     </span>
    </p>
   </div>
   <div class='ocr_carea' id='block_1_88' title="bbox 1826 4569 3415 4641">
    <p class='ocr_par' dir='ltr' id='par_1_88' title="bbox 1826 4569 3415 4641">
     <span class='ocr_line' id='line_1_88' title="bbox 1826 4569 3415 4641; baseline 0.003 -19"><span class='ocrx_word' id='word_1_620' title='bbox 1826 4569 2218 4623; x_wconf 86' lang='lat' dir='ltr'><strong>monachorum</strong></span> <span class='ocrx_word' id='word_1_621' title='bbox 2263 4569 2570 4624; x_wconf 89' lang='lat' dir='ltr'><strong>habitacula</strong></span> <span class='ocrx_word' id='word_1_622' title='bbox 2607 4570 2915 4637; x_wconf 89' lang='lat' dir='ltr'><strong>inaccessa,</strong></span> <span class='ocrx_word' id='word_1_623' title='bbox 2967 4569 3235 4641; x_wconf 89' lang='lat' dir='ltr'><strong>frequenti</strong></span> <span class='ocrx_word' id='word_1_624' title='bbox 3288 4569 3415 4626; x_wconf 85' lang='lat' dir='ltr'><strong>reli-</strong></span> 
     </span>
    </p>
   </div>
   <div class='ocr_carea' id='block_1_89' title="bbox 1828 4658 3419 4737">
    <p class='ocr_par' dir='ltr' id='par_1_89' title="bbox 1828 4658 3419 4737">
     <span class='ocr_line' id='line_1_89' title="bbox 1828 4658 3419 4737; baseline 0.006 -25"><span class='ocrx_word' id='word_1_625' title='bbox 1828 4658 2100 4728; x_wconf 83' lang='lat' dir='ltr'><strong>giosorum</strong></span> <span class='ocrx_word' id='word_1_626' title='bbox 2126 4661 2365 4715; x_wconf 90' lang='lat' dir='ltr'><strong>virorum</strong></span> <span class='ocrx_word' id='word_1_627' title='bbox 2393 4664 2683 4718; x_wconf 91' lang='lat' dir='ltr'><strong>conventui</strong></span> <span class='ocrx_word' id='word_1_628' title='bbox 2709 4665 2883 4719; x_wconf 90' lang='lat' dir='ltr'><strong>visum</strong></span> <span class='ocrx_word' id='word_1_629' title='bbox 2914 4674 2999 4721; x_wconf 91' lang='lat' dir='ltr'><strong>est</strong></span> <span class='ocrx_word' id='word_1_630' title='bbox 3024 4665 3183 4721; x_wconf 89' lang='lat' dir='ltr'><strong>aliam</strong></span> <span class='ocrx_word' id='word_1_631' title='bbox 3208 4666 3419 4737; x_wconf 84' lang='lat' dir='ltr'><strong>magni-</strong></span> 
     </span>
    </p>
   </div>
   <div class='ocr_carea' id='block_1_90' title="bbox 1829 4750 3416 4830">
    <p class='ocr_par' dir='ltr' id='par_1_90' title="bbox 1829 4750 3416 4830">
     <span class='ocr_line' id='line_1_90' title="bbox 1829 4750 3416 4830; baseline 0.008 -27"><span class='ocrx_word' id='word_1_632' title='bbox 1829 4750 2015 4805; x_wconf 86' lang='lat' dir='ltr'><strong>tudine</strong></span> <span class='ocrx_word' id='word_1_633' title='bbox 2033 4760 2383 4821; x_wconf 81' lang='lat' dir='ltr'><strong>praestantem</strong></span> <span class='ocrx_word' id='word_1_634' title='bbox 2413 4753 2609 4811; x_wconf 85' lang='lat' dir='ltr'><strong>debere</strong></span> <span class='ocrx_word' id='word_1_635' title='bbox 2633 4756 2911 4823; x_wconf 64' lang='lat' dir='ltr'><strong>aedificari,</strong></span> <span class='ocrx_word' id='word_1_636' title='bbox 2939 4774 3058 4829; x_wconf 80' lang='lat' dir='ltr'><strong>quae</strong></span> <span class='ocrx_word' id='word_1_637' title='bbox 3086 4774 3152 4813; x_wconf 87' lang='lat' dir='ltr'><strong>ex</strong></span> <span class='ocrx_word' id='word_1_638' title='bbox 3184 4767 3416 4830; x_wconf 88' lang='lat' dir='ltr'><strong>utroque</strong></span> 
     </span>
    </p>
   </div>
   <div class='ocr_carea' id='block_1_91' title="bbox 1827 4843 3410 4925">
    <p class='ocr_par' dir='ltr' id='par_1_91' title="bbox 1827 4843 3410 4925">
     <span class='ocr_line' id='line_1_91' title="bbox 1827 4843 3410 4925; baseline 0.005 -26"><span class='ocrx_word' id='word_1_639' title='bbox 1827 4858 1961 4925; x_wconf 82' lang='lat' dir='ltr'><strong>sexu</strong></span> <span class='ocrx_word' id='word_1_640' title='bbox 1987 4859 2017 4897; x_wconf 89' lang='lat' dir='ltr'><strong>a</strong></span> <span class='ocrx_word' id='word_1_641' title='bbox 2046 4843 2337 4900; x_wconf 88' lang='lat' dir='ltr'><strong>conflueuti</strong></span> <span class='ocrx_word' id='word_1_642' title='bbox 2362 4846 2453 4901; x_wconf 90' lang='lat' dir='ltr'><strong>illo</strong></span> <span class='ocrx_word' id='word_1_643' title='bbox 2478 4846 2743 4904; x_wconf 72' lang='lat' dir='ltr'><strong>sufﬁceret</strong></span> <span class='ocrx_word' id='word_1_644' title='bbox 2778 4850 3109 4905; x_wconf 87' lang='lat' dir='ltr'><strong>multitudini</strong></span> <span class='ocrx_word' id='word_1_645' title='bbox 3139 4850 3410 4925; x_wconf 76' lang='lat' dir='ltr'><strong>populari.</strong></span> 
     </span>
    </p>
   </div>
   <div class='ocr_carea' id='block_1_92' title="bbox 1826 4936 3414 5016">
    <p class='ocr_par' dir='ltr' id='par_1_92' title="bbox 1826 4936 3414 5016">
     <span class='ocr_line' id='line_1_92' title="bbox 1826 4936 3414 5016; baseline 0.006 -24"><span class='ocrx_word' id='word_1_646' title='bbox 1826 4936 2108 5007; x_wconf 86' lang='lat' dir='ltr'><strong>Completo</strong></span> <span class='ocrx_word' id='word_1_647' title='bbox 2173 4937 2354 5009; x_wconf 90' lang='lat' dir='ltr'><strong>itaque</strong></span> <span class='ocrx_word' id='word_1_648' title='bbox 2409 4940 2518 4994; x_wconf 92' lang='lat' dir='ltr'><strong>Deo</strong></span> <span class='ocrx_word' id='word_1_649' title='bbox 2579 4941 2896 4998; x_wconf 86' lang='lat' dir='ltr'><strong>devotorqu</strong></span> <span class='ocrx_word' id='word_1_650' title='bbox 2959 4954 3176 5014; x_wconf 88' lang='lat' dir='ltr'><strong>sumptu</strong></span> <span class='ocrx_word' id='word_1_651' title='bbox 3247 4959 3414 5016; x_wconf 90' lang='lat' dir='ltr'><strong>opere</strong></span> 
     </span>
    </p>
   </div>
   <div class='ocr_carea' id='block_1_93' title="bbox 1828 5026 3415 5105">
    <p class='ocr_par' dir='ltr' id='par_1_93' title="bbox 1828 5026 3415 5105">
     <span class='ocr_line' id='line_1_93' title="bbox 1828 5026 3415 5105; baseline 0.007 -22"><span class='ocrx_word' id='word_1_652' title='bbox 1828 5027 1972 5083; x_wconf 89' lang='lat' dir='ltr'><strong>illius</strong></span> <span class='ocrx_word' id='word_1_653' title='bbox 2001 5026 2235 5095; x_wconf 86' lang='lat' dir='ltr'><strong>aediﬁcii,</strong></span> <span class='ocrx_word' id='word_1_654' title='bbox 2265 5037 2479 5101; x_wconf 89' lang='lat' dir='ltr'><strong>tempus</strong></span> <span class='ocrx_word' id='word_1_655' title='bbox 2505 5030 2691 5087; x_wconf 87' lang='lat' dir='ltr'><strong>aderat</strong></span> <span class='ocrx_word' id='word_1_656' title='bbox 2716 5050 2823 5105; x_wconf 91' lang='lat' dir='ltr'><strong>quo</strong></span> <span class='ocrx_word' id='word_1_657' title='bbox 2859 5033 2946 5089; x_wconf 92' lang='lat' dir='ltr'><strong>ille</strong></span> <span class='ocrx_word' id='word_1_658' title='bbox 2975 5035 3198 5090; x_wconf 89' lang='lat' dir='ltr'><strong>deberet</strong></span> <span class='ocrx_word' id='word_1_659' title='bbox 3237 5044 3415 5094; x_wconf 83' lang='lat' dir='ltr'><strong>trans-</strong></span> 
     </span>
    </p>
   </div>
   <div class='ocr_carea' id='block_1_94' title="bbox 1828 5118 1979 5173">
    <p class='ocr_par' dir='ltr' id='par_1_94' title="bbox 1828 5118 1979 5173">
     <span class='ocr_line' id='line_1_94' title="bbox 1828 5118 1979 5173; baseline 0.007 -1"><span class='ocrx_word' id='word_1_660' title='bbox 1828 5118 1979 5173; x_wconf 88' lang='lat' dir='ltr'><strong>ferri.</strong></span> 
     </span>
    </p>
   </div>
   <div class='ocr_carea' id='block_1_95' title="bbox 1903 5200 3415 5289">
    <p class='ocr_par' dir='ltr' id='par_1_95' title="bbox 1903 5200 3415 5289">
     <span class='ocr_line' id='line_1_95' title="bbox 1903 5200 3415 5289; baseline 0.009 -23"><span class='ocrx_word' id='word_1_661' title='bbox 1903 5211 2015 5268; x_wconf 91' lang='lat' dir='ltr'><strong>lllis</strong></span> <span class='ocrx_word' id='word_1_662' title='bbox 2032 5200 2216 5286; x_wconf 61' lang='lat' dir='ltr'><strong>&#39;igitur</strong></span> <span class='ocrx_word' id='word_1_663' title='bbox 2247 5213 2440 5271; x_wconf 89' lang='lat' dir='ltr'><strong>diebus</strong></span> <span class='ocrx_word' id='word_1_664' title='bbox 2466 5226 2750 5289; x_wconf 90' lang='lat' dir='ltr'><strong>supererat</strong></span> <span class='ocrx_word' id='word_1_665' title='bbox 2777 5219 2955 5275; x_wconf 90' lang='lat' dir='ltr'><strong>adhuc</strong></span> <span class='ocrx_word' id='word_1_666' title='bbox 2982 5221 3233 5278; x_wconf 91' lang='lat' dir='ltr'><strong>humanis</strong></span> <span class='ocrx_word' id='word_1_667' title='bbox 3254 5220 3415 5279; x_wconf 87' lang='lat' dir='ltr'><strong>rebus</strong></span> 
     </span>
    </p>
   </div>
   <div class='ocr_carea' id='block_1_96' title="bbox 1827 5296 3410 5384">
    <p class='ocr_par' dir='ltr' id='par_1_96' title="bbox 1827 5296 3410 5384">
     <span class='ocr_line' id='line_1_96' title="bbox 1827 5296 3410 5384; baseline 0.008 -26"><span class='ocrx_word' id='word_1_668' title='bbox 1827 5305 2169 5360; x_wconf 87' lang='lat' dir='ltr'><strong>venerandus</strong></span> <span class='ocrx_word' id='word_1_669' title='bbox 2196 5305 2398 5363; x_wconf 88' lang='lat' dir='ltr'><strong>Christi</strong></span> <span class='ocrx_word' id='word_1_670' title='bbox 2423 5308 2705 5366; x_wconf 87' lang='lat' dir='ltr'><strong>confessor</strong></span> <span class='ocrx_word' id='word_1_671' title='bbox 2728 5296 3164 5384; x_wconf 84' lang='lat' dir='ltr'><strong>mirabiliumque</strong></span> <span class='ocrx_word' id='word_1_672' title='bbox 3184 5329 3410 5384; x_wconf 87' lang='lat' dir='ltr'><strong>operum</strong></span> 
     </span>
    </p>
   </div>
   <div class='ocr_carea' id='block_1_97' title="bbox 1825 5396 3412 5475">
    <p class='ocr_par' dir='ltr' id='par_1_97' title="bbox 1825 5396 3412 5475">
     <span class='ocr_line' id='line_1_97' title="bbox 1825 5396 3412 5475; baseline 0.007 -25"><span class='ocrx_word' id='word_1_673' title='bbox 1825 5404 2070 5468; x_wconf 84' lang='lat' dir='ltr'><strong>patrator</strong></span> <span class='ocrx_word' id='word_1_674' title='bbox 2099 5396 2304 5469; x_wconf 87' lang='lat' dir='ltr'><strong>Eligius</strong></span> <span class='ocrx_word' id='word_1_675' title='bbox 2331 5398 2393 5467; x_wconf 72' lang='grc' dir='ltr'><strong>ι’,</strong></span> <span class='ocrx_word' id='word_1_676' title='bbox 2433 5399 2524 5472; x_wconf 92' lang='lat' dir='ltr'><strong>qui</strong></span> <span class='ocrx_word' id='word_1_677' title='bbox 2555 5399 2870 5473; x_wconf 82' lang='lat' dir='ltr'><strong>beatissimo</strong></span> <span class='ocrx_word' id='word_1_678' title='bbox 2899 5403 3141 5475; x_wconf 80' lang='lat' dir='ltr'><strong>pontifici</strong></span> <span class='ocrx_word' id='word_1_679' title='bbox 3164 5404 3412 5461; x_wconf 88' lang='lat' dir='ltr'><strong>Amando</strong></span> 
     </span>
    </p>
   </div>
   <div class='ocr_carea' id='block_1_98' title="bbox 140 5466 3414 5561">
    <p class='ocr_par' dir='ltr' id='par_1_98' title="bbox 140 5466 3414 5561">
     <span class='ocr_line' id='line_1_98' title="bbox 140 5466 3414 5561; baseline 0.006 -28"><span class='ocrx_word' id='word_1_680' title='bbox 140 5466 297 5537; x_wconf 85' lang='lat' dir='ltr'><strong>turus</strong></span> <span class='ocrx_word' id='word_1_681' title='bbox 321 5484 587 5539; x_wconf 89' lang='lat' dir='ltr'><strong>ascendit.</strong></span> <span class='ocrx_word' id='word_1_682' title='bbox 622 5482 731 5539; x_wconf 88' lang='lat' dir='ltr'><strong>Nec</strong></span> <span class='ocrx_word' id='word_1_683' title='bbox 760 5485 1031 5542; x_wconf 90' lang='lat' dir='ltr'><strong>immerito</strong></span> <span class='ocrx_word' id='word_1_684' title='bbox 1062 5486 1113 5542; x_wconf 91' lang='lat' dir='ltr'><strong>ei</strong></span> <span class='ocrx_word' id='word_1_685' title='bbox 1138 5482 1439 5542; x_wconf 90' lang='lat' dir='ltr'><strong>introeunti</strong></span> <span class='ocrx_word' id='word_1_686' title='bbox 1477 5466 1721 5544; x_wconf 69' lang='lat' dir='ltr'><strong>coelestia</strong></span> <span class='ocrx_word' id='word_1_687' title='bbox 1750 5466 1805 5528; x_wconf 81' lang='grc' dir='ltr'><strong>Ῐ)</strong></span> <span class='ocrx_word' id='word_1_688' title='bbox 1828 5466 1958 5542; x_wconf 77' lang='lat' dir='ltr'><strong>dum</strong></span> <span class='ocrx_word' id='word_1_689' title='bbox 1986 5466 2265 5545; x_wconf 74' lang='lat' dir='ltr'><strong>adviveret</strong></span> <span class='ocrx_word' id='word_1_690' title='bbox 2287 5466 2466 5546; x_wconf 74' lang='lat' dir='ltr'><strong>fuerat</strong></span> <span class='ocrx_word' id='word_1_691' title='bbox 2493 5466 2977 5561; x_wconf 75' lang='lat' dir='ltr'><strong>familiarissimus,</strong></span> <span class='ocrx_word' id='word_1_692' title='bbox 3009 5512 3075 5553; x_wconf 93' lang='lat' dir='ltr'><strong>ac</strong></span> <span class='ocrx_word' id='word_1_693' title='bbox 3103 5496 3414 5553; x_wconf 87' lang='lat' dir='ltr'><strong>sanctitatis</strong></span> 
     </span>
    </p>
   </div>
   <div class='ocr_carea' id='block_1_99' title="bbox 210 5616 1713 5696">
    <p class='ocr_par' dir='ltr' id='par_1_99' title="bbox 210 5616 1713 5696">
     <span class='ocr_line' id='line_1_99' title="bbox 210 5616 1713 5696; baseline 0.007 -26"><span class='ocrx_word' id='word_1_694' title='bbox 210 5626 237 5656; x_wconf 74' lang='grc' dir='ltr'>ι</span> <span class='ocrx_word' id='word_1_695' title='bbox 271 5616 329 5671; x_wconf 88' lang='lat' dir='ltr'><strong>ln</strong></span> <span class='ocrx_word' id='word_1_696' title='bbox 358 5631 526 5696; x_wconf 75' lang='lat' dir='ltr'><strong>regno</strong></span> <span class='ocrx_word' id='word_1_697' title='bbox 557 5617 889 5696; x_wconf 58' lang='lat' dir='ltr'><strong>Francorum</strong></span> <span class='ocrx_word' id='word_1_698' title='bbox 935 5621 1064 5696; x_wconf 56' lang='lat' dir='ltr'><strong>subs</strong></span> <span class='ocrx_word' id='word_1_699' title='bbox 1104 5622 1322 5696; x_wconf 83' lang='lat' dir='ltr'><strong>regibus</strong></span> <span class='ocrx_word' id='word_1_700' title='bbox 1348 5624 1560 5696; x_wconf 78' lang='lat' dir='ltr'><strong>ﬂagetla</strong></span> <span class='ocrx_word' id='word_1_701' title='bbox 1607 5629 1713 5680; x_wconf 70' lang='lat' dir='ltr'><strong>cri-</strong></span> 
     </span>
    </p>
   </div>
   <div class='ocr_carea' id='block_1_100' title="bbox 140 5689 1715 5762">
    <p class='ocr_par' dir='ltr' id='par_1_100' title="bbox 140 5689 1715 5762">
     <span class='ocr_line' id='line_1_100' title="bbox 140 5689 1715 5762; baseline 0.01 -23"><span class='ocrx_word' id='word_1_702' title='bbox 140 5700 285 5739; x_wconf 82' lang='lat' dir='ltr'><strong>mum</strong></span> <span class='ocrx_word' id='word_1_703' title='bbox 308 5728 323 5751; x_wconf 93' lang='lat'><strong>,</strong></span> <span class='ocrx_word' id='word_1_704' title='bbox 357 5697 417 5762; x_wconf 84' lang='lat' dir='ltr'><strong>ut</strong></span> <span class='ocrx_word' id='word_1_705' title='bbox 442 5689 928 5762; x_wconf 72' lang='lat' dir='ltr'><strong>loquiturGregor.</strong></span> <span class='ocrx_word' id='word_1_706' title='bbox 967 5689 1292 5749; x_wconf 54' lang='lat' dir='ltr'><strong>Turonflib.</strong></span> <span class='ocrx_word' id='word_1_707' title='bbox 1325 5689 1377 5749; x_wconf 73' lang='lat' dir='ltr'><strong>vt</strong></span> <span class='ocrx_word' id='word_1_708' title='bbox 1398 5689 1501 5760; x_wconf 61' lang='lat' dir='ltr'><strong>,&#39;c.</strong></span> <span class='ocrx_word' id='word_1_709' title='bbox 1529 5698 1600 5751; x_wconf 71' lang='lat'><strong>24</strong></span> <span class='ocrx_word' id='word_1_710' title='bbox 1620 5736 1635 5760; x_wconf 92' lang='lat'><strong>,</strong></span> <span class='ocrx_word' id='word_1_711' title='bbox 1662 5699 1715 5754; x_wconf 87' lang='lat' dir='ltr'><strong>id</strong></span> 
     </span>
    </p>
   </div>
   <div class='ocr_carea' id='block_1_101' title="bbox 145 5758 1714 5838">
    <p class='ocr_par' dir='ltr' id='par_1_101' title="bbox 145 5758 1714 5838">
     <span class='ocr_line' id='line_1_101' title="bbox 145 5758 1714 5838; baseline 0.01 -30"><span class='ocrx_word' id='word_1_712' title='bbox 145 5766 226 5838; x_wconf 58' lang='lat' dir='ltr'><strong>est</strong></span> <span class='ocrx_word' id='word_1_713' title='bbox 267 5758 760 5838; x_wconf 27' lang='lat' dir='ltr'><strong>prolixos’eapillos</strong></span> <span class='ocrx_word' id='word_1_714' title='bbox 789 5758 982 5838; x_wconf 71' lang='lat' dir='ltr'><strong>gerere</strong></span> <span class='ocrx_word' id='word_1_715' title='bbox 1026 5764 1241 5838; x_wconf 82' lang='lat' dir='ltr'><strong>licebat.</strong></span> <span class='ocrx_word' id='word_1_716' title='bbox 1280 5758 1415 5822; x_wconf 81' lang='lat' dir='ltr'><strong>Hinc</strong></span> <span class='ocrx_word' id='word_1_717' title='bbox 1454 5758 1714 5838; x_wconf 60' lang='lat' dir='ltr'><strong>praedium</strong></span> 
     </span>
    </p>
   </div>
   <div class='ocr_carea' id='block_1_102' title="bbox 141 5825 1316 5902">
    <p class='ocr_par' dir='ltr' id='par_1_102' title="bbox 141 5825 1316 5902">
     <span class='ocr_line' id='line_1_102' title="bbox 141 5825 1316 5902; baseline 0.009 -22"><span class='ocrx_word' id='word_1_718' title='bbox 141 5825 441 5902; x_wconf 18' lang='lat' dir='ltr'><strong>Eh‘m’uense</strong></span> <span class='ocrx_word' id='word_1_719' title='bbox 470 5825 761 5902; x_wconf 24' lang='lat' dir='ltr'><strong>regefhaud</strong></span> <span class='ocrx_word' id='word_1_720' title='bbox 788 5825 1062 5902; x_wconf 71' lang='lat' dir='ltr'><strong>ﬁtdigunm</strong></span> <span class='ocrx_word' id='word_1_721' title='bbox 1099 5836 1316 5891; x_wconf 80' lang='lat' dir='ltr'><strong>dicitur.</strong></span> 
     </span>
    </p>
   </div>
   <div class='ocr_carea' id='block_1_103' title="bbox 214 5899 1718 5967">
    <p class='ocr_par' dir='ltr' id='par_1_103' title="bbox 214 5899 1718 5967">
     <span class='ocr_line' id='line_1_103' title="bbox 214 5899 1718 5967; baseline 0.009 -15"><span class='ocrx_word' id='word_1_722' title='bbox 214 5899 241 5940; x_wconf 79' lang='lat' dir='ltr'><strong>b</strong></span> <span class='ocrx_word' id='word_1_723' title='bbox 284 5900 491 5957; x_wconf 76' lang='lat' dir='ltr'><strong>Milonis</strong></span> <span class='ocrx_word' id='word_1_724' title='bbox 535 5899 796 5959; x_wconf 77' lang='lat' dir='ltr'><strong>calculum</strong></span> <span class='ocrx_word' id='word_1_725' title='bbox 831 5899 927 5961; x_wconf 73' lang='lat' dir='ltr'><strong>hoc</strong></span> <span class='ocrx_word' id='word_1_726' title='bbox 975 5906 1137 5961; x_wconf 85' lang='lat' dir='ltr'><strong>etiam</strong></span> <span class='ocrx_word' id='word_1_727' title='bbox 1186 5907 1238 5962; x_wconf 90' lang='lat' dir='ltr'><strong>in</strong></span> <span class='ocrx_word' id='word_1_728' title='bbox 1291 5909 1408 5964; x_wconf 84' lang='lat' dir='ltr'><strong>loco</strong></span> <span class='ocrx_word' id='word_1_729' title='bbox 1462 5909 1718 5967; x_wconf 84' lang='lat' dir='ltr'><strong>aberrare</strong></span> 
     </span>
    </p>
   </div>
   <div class='ocr_carea' id='block_1_104' title="bbox 1828 5626 3413 5753">
    <p class='ocr_par' dir='ltr' id='par_1_104' title="bbox 1828 5626 3413 5753">
     <span class='ocr_line' id='line_1_104' title="bbox 1828 5626 3413 5753; baseline 0.008 -72"><span class='ocrx_word' id='word_1_730' title='bbox 1828 5632 2063 5710; x_wconf 71' lang='lat' dir='ltr'><strong>emetat.</strong></span> <span class='ocrx_word' id='word_1_731' title='bbox 2109 5626 2321 5753; x_wconf 42' lang='lat' dir='ltr'><strong>Quliappe.</strong></span> <span class='ocrx_word' id='word_1_732' title='bbox 2341 5636 2478 5689; x_wconf 88' lang='lat' dir='ltr'><strong>teste</strong></span> <span class='ocrx_word' id='word_1_733' title='bbox 2509 5630 2568 5686; x_wconf 86' lang='lat' dir='ltr'><strong>S.</strong></span> <span class='ocrx_word' id='word_1_734' title='bbox 2599 5634 2856 5703; x_wconf 59' lang='lat' dir='ltr'><strong>Audoeno</strong></span> <span class='ocrx_word' id='word_1_735' title='bbox 2883 5638 2937 5693; x_wconf 92' lang='lat' dir='ltr'><strong>in</strong></span> <span class='ocrx_word' id='word_1_736' title='bbox 2968 5637 3106 5720; x_wconf 69' lang='lat' dir='ltr'><strong>Yitae</strong></span> <span class='ocrx_word' id='word_1_737' title='bbox 3152 5637 3208 5693; x_wconf 89' lang='lat' dir='ltr'><strong>S.</strong></span> <span class='ocrx_word' id='word_1_738' title='bbox 3255 5636 3413 5710; x_wconf 76' lang='lat' dir='ltr'><strong>Eligii</strong></span> 
     </span>
     <span class='ocr_line' id='line_1_105' title="bbox 1828 5697 3410 5753; baseline 0.001 -2"><span class='ocrx_word' id='word_1_739' title='bbox 1828 5697 1920 5752; x_wconf 75' lang='grc' dir='ltr'><strong>Μ).</strong></span> <span class='ocrx_word' id='word_1_740' title='bbox 1942 5714 2002 5753; x_wconf 89' lang='lat' dir='ltr'><strong>ll.</strong></span> <span class='ocrx_word' id='word_1_741' title='bbox 2032 5713 2082 5753; x_wconf 81' lang='lat' dir='ltr'><strong>C.</strong></span> <span class='ocrx_word' id='word_1_742' title='bbox 2113 5699 2164 5752; x_wconf 69' lang='grc'><strong>1.</strong></span> <span class='ocrx_word' id='word_1_743' title='bbox 2235 5700 2390 5753; x_wconf 75' lang='lat' dir='ltr'><strong>limus</strong></span> <span class='ocrx_word' id='word_1_744' title='bbox 2416 5711 2622 5753; x_wconf 77' lang='lat' dir='ltr'><strong>tantum</strong></span> <span class='ocrx_word' id='word_1_745' title='bbox 2649 5722 2809 5753; x_wconf 77' lang='lat' dir='ltr'><strong>nsmm</strong></span> <span class='ocrx_word' id='word_1_746' title='bbox 2837 5710 2905 5753; x_wconf 76' lang='lat' dir='ltr'><strong>nd</strong></span> <span class='ocrx_word' id='word_1_747' title='bbox 2924 5710 3131 5753; x_wconf 68' lang='lat' dir='ltr'><strong>imh’nm</strong></span> <span class='ocrx_word' id='word_1_748' title='bbox 3156 5709 3301 5753; x_wconf 59' lang='grc' dir='ltr'><strong>τιξηηί</strong></span> <span class='ocrx_word' id='word_1_749' title='bbox 3323 5709 3410 5753; x_wconf 68' lang='grc' dir='ltr'><strong>ἰη-</strong></span> 
     </span>
    </p>
   </div>
   <div class='ocr_carea' id='block_1_105' title="bbox 1824 5697 3410 5792">
    <p class='ocr_par' dir='ltr' id='par_1_105' title="bbox 1824 5697 3410 5792">
     <span class='ocr_line' id='line_1_106' title="bbox 1824 5697 3410 5792; baseline 0.008 -42"><span class='ocrx_word' id='word_1_750' title='bbox 1824 5697 2002 5792; x_wconf 31' lang='lat' dir='ltr'><strong>libi},</strong></span> <span class='ocrx_word' id='word_1_751' title='bbox 2032 5697 2390 5792; x_wconf 45' lang='lat' dir='ltr'><strong>hEligius</strong></span> <span class='ocrx_word' id='word_1_752' title='bbox 2416 5697 2622 5792; x_wconf 57' lang='lat' dir='ltr'><strong>tantum</strong></span> <span class='ocrx_word' id='word_1_753' title='bbox 2649 5722 2809 5785; x_wconf 77' lang='lat' dir='ltr'><strong>usque</strong></span> <span class='ocrx_word' id='word_1_754' title='bbox 2837 5709 3131 5792; x_wconf 51' lang='lat' dir='ltr'><strong>adim&#39;tium</strong></span> <span class='ocrx_word' id='word_1_755' title='bbox 3156 5709 3301 5792; x_wconf 73' lang='lat' dir='ltr'><strong>regni</strong></span> <span class='ocrx_word' id='word_1_756' title='bbox 3312 5697 3410 5792; x_wconf 37' lang='lat' dir='ltr'><strong>ﬁt:</strong></span> 
     </span>
    </p>
   </div>
   <div class='ocr_carea' id='block_1_106' title="bbox 1824 5769 3414 5850">
    <p class='ocr_par' dir='ltr' id='par_1_106' title="bbox 1824 5769 3414 5850">
     <span class='ocr_line' id='line_1_107' title="bbox 1824 5769 3414 5850; baseline 0.008 -28"><span class='ocrx_word' id='word_1_757' title='bbox 1824 5769 2507 5850; x_wconf 47' lang='lat' dir='ltr'><strong>ﬂorisLetharii&#39;mansit</strong></span> <span class='ocrx_word' id='word_1_758' title='bbox 2541 5776 2595 5829; x_wconf 75' lang='lat' dir='ltr'><strong>in</strong></span> <span class='ocrx_word' id='word_1_759' title='bbox 2639 5769 2871 5849; x_wconf 46' lang='lat' dir='ltr'><strong>corpore.</strong></span> <span class='ocrx_word' id='word_1_760' title='bbox 2906 5778 3019 5832; x_wconf 79' lang='lat' dir='ltr'><strong>Non</strong></span> <span class='ocrx_word' id='word_1_761' title='bbox 3062 5795 3188 5849; x_wconf 79' lang='lat' dir='ltr'><strong>ergo</strong></span> <span class='ocrx_word' id='word_1_762' title='bbox 3212 5769 3414 5850; x_wconf 45' lang='lat' dir='ltr'><strong>&quot;attigit</strong></span> 
     </span>
    </p>
   </div>
   <div class='ocr_carea' id='block_1_107' title="bbox 1825 5839 3416 5918">
    <p class='ocr_par' dir='ltr' id='par_1_107' title="bbox 1825 5839 3416 5918">
     <span class='ocr_line' id='line_1_108' title="bbox 1825 5839 3416 5918; baseline 0.009 -26"><span class='ocrx_word' id='word_1_763' title='bbox 1825 5839 2147 5918; x_wconf 64' lang='lat' dir='ltr'><strong>Theoderici</strong></span> <span class='ocrx_word' id='word_1_764' title='bbox 2175 5843 2316 5918; x_wconf 80' lang='lat' dir='ltr'><strong>regis</strong></span> <span class='ocrx_word' id='word_1_765' title='bbox 2338 5839 2854 5917; x_wconf 66' lang='lat' dir='ltr'><strong>pt&#39;incipalum,&#39;qun</strong></span> <span class='ocrx_word' id='word_1_766' title='bbox 2877 5839 3416 5918; x_wconf 48' lang='lat' dir='ltr'><strong>temporeuAmand‘us</strong></span> 
     </span>
    </p>
   </div>
   <div class='ocr_carea' id='block_1_108' title="bbox 1828 5912 3415 5989">
    <p class='ocr_par' dir='ltr' id='par_1_108' title="bbox 1828 5912 3415 5989">
     <span class='ocr_line' id='line_1_109' title="bbox 1828 5912 3415 5989; baseline 0.007 -22"><span class='ocrx_word' id='word_1_767' title='bbox 1828 5912 2056 5969; x_wconf 82' lang='lat' dir='ltr'><strong>denatus</strong></span> <span class='ocrx_word' id='word_1_768' title='bbox 2098 5923 2198 5971; x_wconf 84' lang='lat' dir='ltr'><strong>eSt.</strong></span> <span class='ocrx_word' id='word_1_769' title='bbox 2233 5912 2393 5971; x_wconf 80' lang='lat' dir='ltr'><strong>Certe</strong></span> <span class='ocrx_word' id='word_1_770' title='bbox 2440 5912 2653 5987; x_wconf 55' lang='lat' dir='ltr'><strong>vulgato</strong></span> <span class='ocrx_word' id='word_1_771' title='bbox 2704 5912 2777 5974; x_wconf 56' lang='lat' dir='ltr'><strong>Sf</strong></span> <span class='ocrx_word' id='word_1_772' title='bbox 2807 5912 3037 5977; x_wconf 77' lang='lat' dir='ltr'><strong>Amaudi</strong></span> <span class='ocrx_word' id='word_1_773' title='bbox 3088 5928 3415 5989; x_wconf 71' lang='lat' dir='ltr'><strong>testamenta</strong></span> 
     </span>
    </p>
   </div>
  </div>
