3954 6342
528 322 644 385 975

1487 323 1720 385 SERMO
1756 326 1847 437 13E
1880 325 2411 385 TRANSLATIONE
2445 327 2504 384 S.
2541 326 2827 385 AMANDI.

3697 331 3797 388 976

535 459 708 531 ipsius
735 473 842 515 non
868 457 1106 529 ignarus.
1129 457 1230 515 Hic
1252 458 1524 528 itaque-ad
1545 448 1938 516 dedicationem
1961 476 2098 516 nova

2215 441 2449 497 Amandi
2496 442 2820 513 corpusculo
2873 440 3274 513 incorruptione
3323 440 3693 524 membrorum
3744 454 3798 502 et

535 549 781 606 ecclesiae
825 557 989 617 atque
1029 551 1097 604 ad
1141 546 1545 603 transferendas
1574 548 1626 603 in
1654 549 1798 629 illam
1830 549 1969 604 sacri
1993 564 2112 604 cor-

534 642 683 712 poris
712 641 963 709 reliquias
1002 641 1055 695 in
1100 641 1232 696 urbe
1258 639 1669 713 Noviomagensi
1708 650 1960 708 venerat;
1994 642 2113 713 pln-

535 734 670 785 rima
699 731 894 800 quippe
922 730 975 784 in
1003 746 1112 785 sua:
1138 731 1388 786 dioecesis
1417 730 1776 787 sollicitudine
1800 731 2112 802 sagacitatis

535 823 797 877 industria
843 822 1095 893 pollebat.
1147 823 1245 879 Ubi
1283 840 1412 879 vero
1442 823 1647 879 tumulo
1687 839 1844 879 sacro
1882 823 2111 879 removit

531 910 940 980 cooperculum,
972 913 1200 981 .reperit
1254 913 1589 984 insperatum
1651 913 1846 969 divina:
1896 913 2110 969 Virtutis

537 1000 879 1066 miraculum,
903 1002 1277 1071 corpusculum
1300 1003 1504 1057 scilicet
1533 1003 1703 1057 sancti
1733 1003 1928 1067 Patris,
1955 1002 2108 1057 ιιιοίὺί

530 1093 955 1148 ante'sexdecim
997 1109 1166 1148 annos
1193 1095 1425 1162 positum
1479 1092 1664 1149 fuerat
1712 1094 2104 1164 incorruptum.

531 1166 675 1236 Tum
697 1183 912 1237 demum
941 1192 1051 1238 tam
1081 1183 1342 1253 inopinati
1375 1183 1709 1253 stupefactus
1737 1184 1976 1239 novitate
2004 1185 2105 1239 mi-

532 1272 728 1338 raculi,
753 1274 956 1342 gratias
980 1274 1088 1345 egit
1114 1290 1339 1329 summa:
1376 1274 1672 1338 Divinitati,
1699 1275 1822 1345 quia
1847 1275 2107 1331 sanctitas

533 1364 623 1432 qui
654 1364 707 1417 in
735 1364 981 1419 claritate
1001 1365 1289 1428 claruerat,
1318 1365 1371 1419 in
1404 1375 1614 1420 mortuo
1642 1380 1749 1419 non
1784 1365 2002 1420 latebat.
2028 1365 2107 1420 Ne

535 1453 621 1508 cui
652 1452 795 1507 forte
844 1453 947 1508 hoc
983 1454 1285 1524 prodigium
1328 1454 1573 1509 videatur
1606 1452 1942 1519 incredibile,
2000 1468 2106 1508 non

535 1544 706 1600 defuit
735 1545 910 1601 adhuc
945 1548 1037 1616 qui
1076 1547 1375 1603 mirabilius
1402 1547 1605 1618 aliquid
1640 1549 1693 1602 in
1737 1548 1904 1619 ipsius
1932 1547 2107 1603 sancti

537 1636 643 1690 viri
672 1636 1041 1692 sacratissimo
1064 1652 1289 1706 corpore
1310 1648 1492 1693 nostra
1517 1639 1568 1693 in
1604 1628 1763 1694 aetate
1789 1638 2105 1693 miraculum

529 1741 588 1781 se
626 1726 913 1782 conﬁrmat
940 1727 1137 1783 vidisse
1166 1746 1180 1784 :
1209 1729 1351 1798 quod
1371 1730 1534 1784 etiam
1564 1730 1617 1784 in
1638 1729 1893 1786 alterode
1923 1729 2105 1785 eleva-

2214 535 2530 591 meritorum
2554 576 2571 603 ,
2622 536 2668 590 si
2699 536 2789 607 qui
2823 536 3119 591 intererant
3162 537 3255 607 qui
3282 551 3347 592 eo
3380 537 3602 593 vivente
3629 539 3699 595 de
3723 540 3795 595 si-

2212 642 2439 699 gnorum
2465 627 2633 698 ipsius
2663 628 3031 697 magnitudine
3068 628 3476 697 dubitaverant,
3505 630 3559 685 in
3588 642 3798 689 mortuo

2211 719 2356 788 quod
2399 719 2677 791 multiplici
2721 721 2931 777 timoris
2964 721 3236 777 anxietate
3265 732 3629 792 pavescerent
3658 725 3798 780 vide-

2209 808 2361 865 bant.
2401 808 2502 877 Qui
2555 816 2738 866 autem
2782 826 2847 867 eo
2890 813 3073 867 audito
3128 827 3237 867 non
3278 811 3701 883 obtemperasse
3744 833 3799 873 se

2210 901 2329 972 ejus
2363 901 2669 958 salubribus
2719 902 2936 958 monitis
2962 904 3339 968 meminerant,
3368 918 3430 960 se
3472 906 3595 961 inec
3623 909 3796 976 parvi-

2207 994 2716 1063 pendisse'summo
2768 997 3020 1051 mmroris
3064 995 3301 1051 lamento
3341 996 3698 1068 plangebant.
3736 1000 3799 1054 At

2208 1082 2300 1153 qui
2332 1082 2449 1152 ejus
2476 1083 2791 1153 magisterio
2818 1092 3087 1155 praecepta
3117 1085 3299 1140 vitalia
3327 1085 3604 1140 nuntianti
3638 1086 3800 1142 inhae-

2208 1183 2425 1239 serant,
2470 1189 2530 1230 se
2559 1174 2673 1230 haec
2700 1185 2755 1230 et
2797 1176 3017 1231 auribus
3057 1175 3291 1230 audiisse
3313 1185 3371 1231 et
3396 1177 3619 1232 actibus
3647 1192 3799 1233 exer-

2207 1263 2382 1318 cuisse
2409 1264 2730 1334 gaudebant.
2767 1262 2838 1320 Ut
2865 1280 2997 1320 vero
3020 1265 3192 1321 turbis
3219 1266 3473 1336 quamvis
3500 1267 3686 1323 adhuc
3710 1268 3798 1323 de—

2209 1352 2574 1410 siderantibus
2603 1353 2894 1424 praedictus
2918 1356 3144 1411 antistes
3166 1355 3372 1425 Eligius
3400 1357 3562 1411 duxit
3589 1358 3797 1413 satisfa~

2205 1456 2381 1515 ctum,
2403 1450 2855 1519 pretiosissimum
2884 1451 3113 1522 depositi
3142 1451 3452 1521 corpusculi
3480 1452 3796 1508 thesaurum

2209 1540 2369 1597 altius
2407 1541 2582 1597 telluri
2629 1543 2713 1612 (ut
2742 1552 2869 1599 tunc
2896 1544 3061 1599 moris
3088 1542 3227 1613 erat)
3283 1544 3519 1598 credidit
3564 1545 3798 1601 abscon-

2206 1631 2465 1698 dendum,
2494 1632 2744 1689 videlicet
2788 1642 2849 1688 ut
2875 1633 3127 1689 omnibus
3154 1618 3262 1689 non
3292 1635 3383 1704 pie
3424 1636 3800 1704 quaerentibus

2207 1721 2515 1778 inveniendi
2565 1722 2694 1778 illud
2752 1732 3041 1795 negaretur
3109 1724 3355 1781 facultas.
3417 1724 3577 1780 lllius
3625 1726 3805 1797 itaque

538 1815 690 1871 tione
718 1816 1017 1888 incorrupti
1037 1817 1316 1873 cadaveris
1344 1819 1461 1889 ejus
1486 1833 1738 1874 sermone
1775 1819 1977 1884 habito,
2013 1819 2098 1889 qui

2210 1811 2579 1869 translationis
2618 1828 2683 1869 ac
2717 1813 3004 1883 sepulturae
3032 1812 3196 1870 decus
3227 1824 3280 1869 et
3312 1814 3407 1885 qui
3437 1814 3685 1870 aderant
3717 1832 3804 1871 vo-

529 1907 761 1963 voluerit
814 1917 1001 1964 nostra
1053 1908 1448 1981 qualiacunque
1494 1911 1603 1967 sint
1641 1910 1850 1980 legere,
1907 1911 2106 1983 poterit

527 2014 874 2070 cognoscere.
923 1999 982 2055 Si
1023 2002 1168 2057 enim
1207 2012 1449 2059 aromata
1476 2004 1957 2075 pigmentariorum
1986 2012 2105 2062 arte

524 2089 757 2146 conﬁcta
822 2091 1054 2147 humana
1102 2107 1443 2164 nequaquam
1488 2105 1613 2166 post
1648 2105 1876 2153 mortem
1920 2099 2105 2155 sinunt

533 2192 848 2253 putrescere
906 2183 1204 2252 cadavera;
1270 2185 1443 2241 multo
1502 2187 1673 2260 magis
1737 2189 1883 2244 credi
1949 2189 2105 2246 decet

528 2272 665 2328 tanti
726 2274 939 2344 patroni
1009 2275 1203 2329 merita
1271 2275 1599 2331 mirabilium
1676 2292 1896 2348 operum
1959 2278 2100 2333 indi-

534 2365 634 2420 ciis
690 2366 958 2421 declarata
1011 2382 1230 2422 servare
1278 2368 1517 2438 potuisse
1568 2370 1840 2438 membra,
1884 2370 2103 2427 vascula

528 2456 777 2513 videlicet
842 2472 937 2512 sua
999 2458 1053 2513 in
1109 2459 1303 2530 quibus
1377 2460 1785 2528 babitaverant,
1854 2463 2101 2519 inconta-

518 2549 744 2604 minata.
788 2549 1136 2621 Deportatum
1179 2551 1359 2621 itaque
1409 2551 1551 2608 beati
1578 2552 1851 2622 pontiﬁcis
1870 2554 2100 2610 Amandi

520 2642 895 2711 corpusculum
927 2643 1027 2698 sibi
1056 2653 1373 2713 praeparatae
1409 2644 1706 2714 eademque
1733 2645 1820 2700 die
1842 2645 2102 2702 dedicata:

518 2732 753 2788 basilicae
793 2733 1015 2788 intravit
1043 2733 1428 2790 habitaculum.
1474 2734 1551 2790 lbi
1581 2726 1751 2806 usque
1780 2737 1834 2791 in
1863 2753 2099 2808 sequen-

518 2832 628 2881 tem
661 2810 802 2880 diem
834 2826 1189 2882 famulantum
1220 2838 1303 2884 est
1334 2829 1592 2899 obsequio
1618 2831 1971 2897 custoditum,
2000 2832 2097 2887 do-

516 2929 619 2971 nec
662 2915 931 2985 completa
976 2931 1008 2970 a
1047 2915 1270 2987 praefato
1316 2919 1557 2974 antistite
1603 2919 1773 2991 Eligio
1809 2922 2100 2976 missarum

518 3006 745 3062 solemni
772 3007 1165 3073 celebratione,
1210 3009 1400 3081 ingens
1435 3012 1801 3081 spectaculum
1830 3014 2100 3068 universm

516 3096 661 3167 plebi
688 3098 917 3167 praebuit
942 3099 1010 3153 ad
1038 3099 1138 3155 has
1160 3101 1445 3170 exsequias
1470 3112 1824 3174 congregatae.
1853 3102 2096 3160 Colloca-

521 3196 632 3243 tum
663 3188 859 3243 etenim
888 3189 941 3243 in
971 3190 1148 3245 medio
1174 3191 1356 3261 templi
1382 3194 1521 3247 atrio
1546 3210 1726 3250 coram
1755 3196 1948 3251 altario
1976 3211 2096 3252 cor—

515 3292 618 3349 pus
657 3267 1012 3335 honoriﬁcum
1058 3280 1308 3336 omnibus
1354 3282 1827 3345 circumstantibus
1869 3288 2101 3357 praebuit

515 3369 987 3440 contemplandum
1012 3411 1029 3437 ,
1088 3372 1440 3443 ejusdemque
1481 3376 1847 3431 venerabilem
1890 3378 2098 3433 vultum

516 3459 784 3514 detectum
814 3460 1157 3531 cupientibus
1196 3464 1367 3519 turbis
1404 3467 1725 3521 monstravit
1755 3468 2094 3537 intuendum,

513 3548 781 3630 paciferos
826 3550 1045 3622 insuper
1081 3552 1248 3623 ipsius
1292 3554 1462 3609 sancti
1513 3555 1676 3626 pedes
1710 3566 1870 3629 atque
1904 3574 2099 3617 manus

514 3642 781 3698 concessit
850 3644 1081 3699 osculari
1152 3645 1412 3701 virtutum
1475 3648 1828 3718 operatrices.
1910 3649 2097 3718 Qualis

514 3743 856 3804 quantusque
888 3735 959 3790 ibi
1008 3744 1198 3807 stupor
1225 3738 1419 3809 gaudio
1462 3741 1654 3796 mistus
1682 3740 1878 3807 fuerit,
1913 3742 2092 3799 excel—

513 3824 678 3880 lentia
702 3835 810 3880 tam
841 3827 1101 3883 mirabilis
1129 3828 1254 3885 facti
1283 3830 1479 3899 prodit.
1503 3830 1869 3899 inenarrabile
1892 3835 2094 3890 etenim

514 3923 646 3971 tunc
671 3914 1005 3975 Christicolis
1035 3921 1212 3976 inerat
1233 3924 1511 3992 gaudium,
1541 3940 1663 3979 cum
1692 3926 1892 3997 gemini
1922 3942 2096 3984 sacer-

513 4004 666 4058 dotes
703 4005 977 4063 Amandus
1021 4018 1183 4078 atque
1232 4011 1434 4081 Eligius
1462 4014 1649 4069 ordine
1684 4023 1740 4069 et
1782 4017 1977 4071 merito
2006 4018 2091 4073 in-

516 4094 671 4165 clyti,
693 4096 841 4151 velut
868 4098 972 4154 duo
999 4099 1284 4157 luminaria
1317 4105 1501 4157 mundi
1529 4104 1771 4161 caelestia
1799 4108 2009 4164 meritis
2037 4117 2093 4166 et

506 4174 732 4241 terrena
768 4188 1097 4259 complentes
1136 4192 1391 4246 virtutum
1437 4194 1638 4257 radiis,
1686 4210 1869 4251 coram
1910 4197 2093 4255 divino

513 4277 709 4333 altario
732 4279 892 4349 positi
916 4279 1166 4351 suffragia
1192 4284 1495 4339 orationum
1519 4301 1739 4341 suarum
1765 4287 2093 4359 largirentur

515 4376 683 4429 turba:
731 4374 1140 4444 circumstanli;
1191 4394 1331 4434 unus
1362 4379 1556 4435 horum
1602 4394 1853 4452 superata
1883 4387 2090 4457 antiqui

2204 1902 2276 1957 tis
2296 1902 2639 1959 celebravere
2677 1902 3006 1960 solemnibus
3046 1912 3210 1976 atque
3245 1906 3359 1961 suis
3387 1908 3641 1977 posteris
3670 1907 3805 1964 cele-

2204 1993 2469 2049 brandum
2498 1994 2730 2051 decretis
2760 2002 2998 2051 statuere
3026 1996 3354 2064 salubribus,
3385 2012 3569 2052 sacrae
3601 1999 3805 2055 scilicet

2205 2083 2475 2139 encaenias
2499 2083 2736 2140 basilicae
2754 2125 2769 2151 ,
2797 2093 2959 2154 atque
2989 2086 3076 2141 die
3108 2086 3297 2141 eadem
3327 2087 3613 2156 deportati
3647 2087 3802 2144 cada-

2205 2174 2350 2231 veris
2377 2175 2681 2247 prodigium
2708 2175 3082 2243 memorabile,
3113 2178 3255 2248 quod
3280 2178 3555 2236 hactenus
3582 2196 3618 2236 a
3651 2181 3801 2237 nobis

2204 2282 2494 2323 numeroso
2532 2268 2852 2339 populorum
2892 2279 3034 2326 cmtu
3079 2271 3146 2325 ad
3191 2271 3306 2326 haec
3353 2271 3640 2328 solemnia
3687 2288 3805 2329 con-

2203 2359 2422 2428 fluente,
2463 2361 2834 2418 anniversarie
2877 2363 3107 2433 septimo
3150 2362 3528 2419 Kalendarum
3574 2363 3804 2420 Novem-

2202 2452 2381 2508 brium
2409 2451 2523 2518 die,
2564 2452 2748 2508 debito
2776 2451 3083 2509 celebratur
3120 2453 3346 2509 honore.
3379 2451 3683 2510 Ordinatis
3709 2454 3801 2524 igi-

2201 2552 2291 2600 tur
2314 2545 2564 2600 omnibus
2594 2553 2759 2615 atque
2795 2545 3063 2602 universis
3103 2562 3223 2617 quae
3267 2547 3337 2601 ad
3385 2556 3663 2603 ornatum
3710 2548 3806 2606 loci

2205 2636 2318 2691 sive
2345 2635 2614 2705 stipendia
2644 2628 2850 2693 ordinis
2881 2636 3164 2691 monastici
3192 2636 3572 2706 pertinebant,
3598 2653 3702 2708 pro
3726 2637 3803 2693 fa-

2203 2727 2403 2783 cultate
2445 2743 2541 2783 sua
2578 2729 2717 2783 bene
2742 2738 3211 2800 congruenterque
3238 2729 3564 2800 dispositis,
3610 2730 3803 2802 singuli

2203 2819 2403 2890 quique
2447 2819 2687 2876 ﬁdelium
2728 2821 2793 2875 ad
2848 2821 3065 2893 pr0pria
3108 2822 3437 2891 repedarunt
3482 2825 3802 2895 gaudentes,

2202 2911 2405 2982 gratias
2426 2921 2627 2968 sanctae
2649 2920 2703 2967 et
2729 2911 3016 2967 individua:
3038 2911 3291 2967 Trinitati
3318 2927 3495 2983 super
3524 2914 3806 2968 inenarra-

2202 3001 2400 3057 bilibus
2429 3001 2546 3071 ejus
2575 3010 2794 3073 agentes
2820 3002 3156 3079 muneribus,
3186 3003 3384 3071 quibus
3408 3002 3484 3057 ab
3516 3003 3682 3058 initio
3708 3018 3802 3058 sat-

2204 3091 2308 3146 culi
2337 3092 2587 3147 omnibus
2621 3107 2679 3148 se
2709 3093 2761 3147 in
2786 3092 3019 3148 veritate
3041 3092 3410 3163 quaerentibus
3435 3102 3531 3149 est
3556 3093 3803 3149 misereri

2203 3182 2471 3255 dignatus.
2505 3182 2786 3243 Rationem
2817 3191 2877 3239 ut
2910 3184 3178 3240 credimus
3214 3183 3503 3240 hodiernae
3536 3182 3802 3241 festivita-

2202 3274 2272 3330 tis
2303 3276 2652 3340 reddidimus,
2680 3292 2741 3332 ac
2765 3278 2893 3346 quid
2920 3278 2972 3332 in
3004 3294 3064 3333 ea
3099 3277 3327 3333 colimus
3351 3317 3368 3344 ,
3399 3286 3694 3350 utcunque
3719 3278 3801 3333 his

2200 3368 2542 3440 paucissimis
2570 3369 2910 3425 sermonibus
2937 3369 3363 3441 explicavimus,
3395 3385 3580 3427 sacra
3618 3371 3800 3427 videli-

2201 3470 2289 3515 cet
2327 3459 2565 3516 basilicae
2610 3460 3005 3516 dedicationem
3055 3469 3216 3531 atque
3270 3461 3702 3518 translationem
3738 3462 3796 3519 in

2201 3550 2373 3621 ipsam
2401 3549 2673 3620 pontiﬁcis
2702 3549 2903 3605 Christi
2930 3550 3160 3605 Amandi
3189 3551 3631 3608 memorabilem.

2268 3641 2537 3698 Prmterea
2564 3650 2623 3696 ut
2650 3643 2815 3697 etiam
2844 3642 3146 3698 veneranda
3177 3642 3296 3712 ejus
3333 3641 3669 3701 solemnitas
3693 3643 3795 3702 diei

2198 3737 2343 3793 trino
2368 3752 2473 3791 non
2506 3736 2757 3791 indecora
2788 3735 2861 3791 sit
2892 3735 3117 3800 calculo,
3156 3737 3312 3791 tertia
3343 3737 3687 3806 supradicta
3709 3751 3794 3792 ee-

2197 3828 2435 3884 lebritati
2461 3843 2626 3885 causa
2662 3828 2957 3894 concurrit,
2986 3829 3310 3898 episcopalis
3330 3828 3550 3884 scilicet
3572 3828 3794 3885 honoris

2197 3920 2514 3992 assumptio,
2543 3920 2670 3991 quia
2700 3920 3054 3975 reverendum
3092 3930 3379 3991 patronum
3410 3930 3671 3976 nostrum
3700 3920 3795 3975 bo-

2197 4009 2382 4065 dierna
2412 4010 2498 4065 die
2527 4009 2907 4066 venerabiliter
2936 4009 3223 4065 recolitnus
3253 4010 3598 4077 ordinatum,
3630 4020 3793 4080 atque

2196 4100 2352 4156 saluti
2377 4100 2730 4172 plurimorum
2756 4116 2989 4172 superna
3022 4101 3287 4173 dirigente
3313 4102 3615 4158 clementia
3650 4119 3789 4175 pon-

2197 4191 2396 4248 tiﬁcem
2424 4192 2638 4249 cmlitus
2678 4194 2885 4248 datum.
2920 4193 3045 4250 Haec
3076 4209 3205 4266 ergo
3237 4210 3455 4250 summo
3483 4196 3790 4252 devotionis

2195 4284 2375 4341 ofﬁcio
2402 4286 2785 4344 honestissime
2810 4286 3171 4355 celebremus,
3194 4288 3560 4361 eumdemque
3583 4291 3790 4346 oratio-

2194 4395 2323 4434 num
2351 4389 2656 4436 nostrarum
2682 4380 2985 4449 adiutorem
3024 4397 3089 4438 ac
3126 4382 3538 4454 suﬁ'ragatorem
3568 4402 3789 4456 quaera-

511 4463 683 4518 hostis
714 4465 994 4535 tyrannide
1018 4466 1129 4537 jam
1158 4465 1284 4522 dum
1328 4467 1547 4525 Christo
1583 4471 1786 4527 scilicet
1835 4489 1964 4545 rege
1991 4489 2090 4530 suo
2120 4513 2169 4575 Β
2196 4487 2335 4526 mus.
2367 4470 2663 4526 Plurimum
2691 4474 2887 4544 quippe
2929 4473 2981 4528 in
3021 4472 3332 4529 caelestibus
3375 4475 3602 4530 sedibus
3648 4479 3789 4532 obti-

511 4555 566 4608 in
589 4554 793 4610 caelesti
820 4556 988 4627 gloria
1029 4558 1389 4627 triumphans,
1417 4560 1557 4615 alter
1586 4562 1727 4616 inter
1751 4563 1899 4617 varia
1930 4562 2088 4635 hujus

496 4634 696 4700 mundi
726 4649 1025 4703 certamina
1070 4664 1170 4719 pro
1207 4650 1395 4704 eodem
1444 4660 1503 4705 ut
1533 4651 1859 4708 invincihilis
1898 4655 2087 4721 agoni-

514 4736 658 4791 theta
685 4736 952 4793 desudans
987 4753 1002 4792 :
1037 4755 1175 4793 unus
1202 4755 1267 4795 ex
1306 4741 1391 4794 bis
1418 4750 1479 4795 ut
1506 4742 1763 4798 emeritus
1795 4743 1947 4798 miles
1971 4744 2086 4814 jam

513 4827 631 4881 sine
655 4826 836 4881 labore
861 4828 1080 4897 praemia
1105 4829 1424 4885 indefectiva
1457 4845 1763 4898 recensens,
1795 4833 1932 4887 alter
1957 4850 2087 4889 con-

514 4932 596 4977 tra
621 4938 937 4977 numerosos
965 4922 1122 4993 hujus
1141 4923 1266 4977 vitae
1288 4923 1499 4978 labores
1518 4940 1583 4980 ac
1606 4925 1916 4996 multiplicia
1939 4928 2086 4998 peri-

2196 4578 2325 4617 ncre
2351 4578 2509 4633 posse
2538 4563 2777 4619 creditur
2802 4564 2913 4635 jam
2940 4579 3063 4620 cum
3092 4562 3309 4620 Christo
3341 4561 3571 4635 positus,
3610 4568 3703 4622 cui
3732 4568 3787 4622 in

2195 4651 2354 4706 terris
2381 4662 2730 4709 conversatus
2763 4654 2819 4708 in
2854 4654 3106 4710 omnibus
3142 4655 3297 4710 bonis
3331 4656 3547 4711 actibus
3573 4657 3788 4712 servire

2193 4743 2399 4799 studuit
2423 4743 2742 4799 indefessus.
2785 4744 2869 4800 Ah
2915 4744 3047 4815 ipsis
3090 4745 3355 4815 siquidem
3392 4747 3649 4815 pueritia
3674 4764 3787 4803 sua:

2193 4833 2502 4904 crepundiis
2532 4833 2727 4890 divinis
2762 4833 3011 4889 famulari
3042 4835 3207 4904 elegit
3232 4835 3531 4905 obsequiis,
3561 4851 3635 4892 ac
3675 4847 3789 4893 toto

2192 4924 2355 4979 corde
2378 4923 2606 4978 viviﬁcis
2625 4924 2837 4980 Domini
2868 4925 2950 4979 sui
2979 4925 3199 4979 obedire
3226 4925 3517 4980 mandatis.
3545 4925 3672 4981 Nec
3690 4927 3789 4983 im-

515 5011 635 5066 cula
683 5013 893 5067 sudoris
938 5022 1192 5083 gravatus
1240 5013 1511 5069 anxietate
1558 5016 1856 5085 persistens
1899 5035 1911 5070 :
1950 5032 2090 5073 unus
2192 5013 2389 5068 merito
2418 5011 2711 5081 apostolico
2740 5013 2997 5069 vocabulo
3038 5016 3224 5070 vivens
3260 5016 3461 5069 meruit
3503 5015 3786 5088 insigniri,

514 5104 707 5158 horum
740 5103 863 5174 jure
902 5104 1226 5175 pontilicali,
1266 5120 1416 5160 more
1444 5106 1694 5161 videlicet
1722 5116 2089 5177 suo,.peracto
2191 5118 2422 5175 quorum
2456 5104 2703 5174 exempla
2751 5106 3061 5176 concupivit
3102 5106 3301 5162 imitari
3334 5126 3348 5161 :
3380 5107 3657 5177 siquidem
3691 5124 3786 5165 ex-

511 5194 693 5249 ofﬁcio
717 5209 1008 5264 reposans,
1048 5195 1186 5251 alter
1214 5197 1442 5252 necdum
1483 5199 1782 5253 terminatis
1811 5199 2089 5256 solemniis
2188 5196 2350 5251 celsis
2395 5210 2581 5252 eorum
2628 5196 2839 5252 meritis
2875 5196 3068 5268 dignus
3117 5197 3333 5255 habitus
3377 5207 3465 5253 est
3506 5199 3787 5271 particeps

512 5294 573 5341 ut
616 5285 854 5355 pontifex
896 5286 1170 5343 Christum
1221 5288 1534 5359 pontiﬁcum
1583 5291 1887 5360 pontificem
1924 5293 2088 5348 inter—
2189 5285 2330 5354 ﬁeri,
2360 5287 2451 5358 qui
2480 5288 2691 5358 patria.
2729 5290 3044 5358 parentibus
3071 5304 3134 5345 ac
3156 5290 3409 5346 omnibus
3432 5292 3628 5347 mundi
3660 5308 3784 5363 pos—

510 5376 732 5447 pellans.
772 5375 1069 5449 Fragrante
1108 5380 1270 5452 igitur
1294 5380 1349 5435 in
1378 5381 1745 5437 sacratissimo
1774 5380 1957 5438 famuli
1986 5382 2083 5439 Dei
2188 5383 2522 5440 sessionibus
2544 5383 2762 5454 spretis,
2788 5382 2988 5440 Christi
3015 5383 3177 5454 elegit
3203 5383 3499 5455 discipulus
3528 5383 3701 5451 efﬁci,
3721 5394 3782 5439 ut

511 5547 901 5622 Mummolenus
941 5550 1232 5622 φείσομαι,
1280 5550 1439 5622 Eligii
1480 5565 1791 5622 successor,
1843 5552 2084 5609 subscri-

512 5566 901 5604 mummonenus
941 5566 1232 5673 ﬁumina,
1280 5566 1439 5622 tangit
1492 5566 1791 5618 successor,
1843 5566 2076 5609 subscri-

511 5620 922 5695 psissglegitur.
959 5689 969 5695 Δ
1000 5635 1069 5675 on
1111 5636 1239 5695 ergo
1261 5621 1491 5695 Amandi
1517 5620 1746 5695 elevatio
1791 5623 1950 5695 tribui
1978 5638 2076 5695 po-

514 5689 620 5763 test
646 5690 833 5763 Eligit).
867 5689 972 5746 Sed
996 5706 1096 5747 nec
1120 5689 1220 5761 ipsi
1239 5692 1403 5747 etiam
1420 5691 1803 5763 Mummoleno,
1825 5692 1916 5763 qui
1935 5689 2078 5749 anno

515 5760 655 5815 circa
703 5760 805 5817 684
851 5762 1099 5828 decessit,
1143 5760 1280 5817 ante
1328 5776 1499 5817 annos
1552 5762 1771 5818 circiter
1827 5760 2073 5819 undecim

2188 5558 2446 5631 quam'S.
2485 5560 2716 5617 Amandi
2753 5576 2954 5633 corpus
2995 5578 3027 5618 e
3070 5561 3193 5618 loco
3231 5568 3551 5617 moveretur

2188 5646 2331 5686 anno
2359 5639 2481 5700 post
2506 5630 2710 5688 obitum
2735 5641 2889 5689 sexto
2917 5633 3127 5689 decimo
3160 5631 3360 5687 factum
3388 5640 3499 5697 est,
3534 5640 3615 5686 uti

2187 5646 2331 5756 itan
2359 5639 2481 5756 post
2506 5630 2710 5688 obitum
2735 5630 2889 5689 sexto
2917 5633 3127 5689 decimo
3160 5631 3360 5687 factum
3388 5640 3499 5697 est,
3534 5631 3615 5686 uti

2211 5717 2278 5756 ur
2315 5718 2366 5757 In
2397 5718 2473 5756 ra.
