3954 6342
206 330 305 387 977

1189 319 1426 379 SERMO
1461 319 1550 377 DE
1586 318 1792 375 ELEV.
1832 315 2034 375 CORP.
2076 316 2135 375 S.
2174 318 2456 409 .AMANDI.

3359 315 3466 373 978

202 444 368 499 heres
390 436 559 510 ipsius
581 445 881 495 mereretur
904 434 1155 501 inveniri,
1200 449 1299 506 pro
1342 448 1450 504 quo
1500 431 1779 487 universas
1802 439 1857 495 Λ
1880 433 2045 489 etiam
2104 433 2361 506 angelicis
2412 432 2693 505 spiritibus
2717 428 2803 488 ’ac
2846 431 3115 489 universis
3156 428 3465 503 agminibus

90 590 93 599 μ
174 531 496 603 .voluptates
530 530 720 586 caduci
759 534 1158 600 contempserat
1198 525 1406 582 mundi.
1443 523 1554 579 Nec
1594 531 1774 579 tamen
1880 523 2027 591 cmli,
2059 532 2166 581 etc.

200 632 403 682 tantum
425 622 737 695 apostolicis
762 621 959 694 dignus
980 629 1067 678 est
1088 619 1339 677 laudibus
1365 618 1656 688 adaquari,
1682 614 1779 672 sed

208 727 3425 775 _________________________________________

733 841 1052 944 SEBMO
1122 840 1253 940 DE
1322 831 1944 938 ELEV-ATIONE
2016 828 2485 930 CORPORIS
2555 820 2900 958 IPSIUS,

824 1006 972 1083 Qua:
997 1006 1171 1087 facta
1199 1014 1288 1068 est
1320 1024 1359 1066 a
1385 1005 1719 1065 Lorrmuo
1754 993 2009 1059 custode
2047 1010 2144 1055 xu
2171 990 2445 1054 Kalend.
2485 990 2797 1054 Octobris.

252 1192 389 1262 Quia
418 1206 583 1263 opera
612 1190 997 1261 omnipotentis
1023 1189 1121 1245 Dei
1148 1202 1408 1244 enarrare
1444 1184 1564 1242 fore
1594 1186 1764 1240 hono«

185 1282 413 1350 rﬂicttm,
440 1300 539 1356 per
563 1282 890 1354 Raphaelem
919 1280 1300 1352 archangelum
1330 1278 1569 1334 caelestis
1596 1276 1766 1333 medi-

182 1379 314 1436 cina:
352 1378 607 1434 docemur
647 1373 881 1445 bajulum
925 1374 1078 1446 (Τοῦ.
1105 1389 1200 1438 xu,
1232 1374 1321 1443 7);
1362 1372 1586 1443 dignum
1616 1368 1764 1425 arbié

183 1481 406 1536 tramur,
438 1471 547 1526 imo
574 1469 936 1526 necessarium
957 1510 972 1534 ,
1005 1467 1362 1523 elevationem
1402 1464 1647 1535 corporis
1678 1478 1764 1518 sa-

178 1564 466 1622 cratissimi
513 1562 785 1635 pontiﬁcis
826 1561 1031 1618 Christi
1081 1561 1308 1616 Amaudi
1355 1558 1763 1616 memorabilem

175 1669 278 1711 non
312 1662 510 1709 tacere.
552 1652 649 1708 Est
676 1652 871 1722 quippe
900 1652 953 1707 in
985 1667 1045 1707 ea
1076 1658 1132 1707 et
1163 1650 1329 1706 divini
1361 1648 1604 1704 miraculi
1636 1664 1764 1720 por-

174 1743 249 1799 tio
275 1758 384 1798 non
414 1742 657 1807 minima,
685 1751 739 1796 et
767 1741 1006 1810 ejusdem
1036 1741 1180 1797 beati
1207 1741 1310 1796 viri
1336 1740 1514 1797 laudis
1542 1755 1607 1796 ac
1637 1754 1762 1795 san-

172 1834 373 1889 ctitatis
403 1834 657 1889 materies
684 1833 920 1888 inﬂnita.

238 1924 409 1997 Igitur
436 1940 578 1979 anno
608 1922 773 1980 Verbi
814 1940 1035 1981 carnem
1075 1924 1237 1993 facti,
1267 1925 1473 1981 scilicet
1505 1923 1630 1979 Filii
1662 1923 1757 1980 Dei

168 2030 263 2087 pro
295 2014 471 2070 salute
497 2030 560 2068 ac
582 2013 954 2085 redemptione
981 2015 1203 2070 humani
1230 2014 1445 2086 generis
1467 2013 1756 2077 incarnati,

167 2106 612 2177 octingentesimo
643 2120 819 2169 nono,
858 2105 954 2175 qui
982 2113 1101 2159 erat
1135 2120 1310 2160 annus
1336 2121 1364 2159 a
1396 2105 1624 2160 transitu
1652 2102 1754 2159 viri

165 2190 255 2248 Dei
299 2190 531 2247 Amandi
569 2193 899 2248 centesimus
954 2195 1432 2265 quinquagesimus
1459 2236 1475 2259 ,
1522 2195 1753 2265 plurima

164 2280 305 2337 ultra
338 2281 558 2338 solitum
594 2298 857 2352 aquarttm
886 2284 1167 2341 inundatio
1192 2284 1356 2350 facta,
1379 2286 1563 2341 multis
1592 2286 1646 2340 in
1677 2286 1755 2341 lo-

162 2371 238 2427 cis
262 2380 445 2428 metas
471 2387 598 2428 suas
625 2383 955 2439 excesserat,
984 2384 1146 2446 atque
1179 2376 1627 2446 circumjacentes
1653 2376 1752 2431 ﬂu-

162 2460 402 2517 minibus
440 2477 599 2533 agros
633 2464 894 2518 damnosa
932 2472 1175 2536 segetum
1219 2467 1542 2522 vacuatioue
1583 2467 1749 2522 nuda-
1776 2494 1825 2556 Β

160 2560 337 2607 verat.
378 2551 529 2620 Quod
566 2553 789 2623 periculi
827 2554 1027 2609 malum
1067 2555 1378 2626 adeousque
1404 2567 1742 2624 excreverat,

160 2651 220 2698 ut
246 2644 418 2698 etiam
449 2644 637 2700 incola:
668 2644 977 2702 ﬂuminibus
1004 2647 1238 2716 proximi
1269 2648 1575 2704 habitacula
1600 2650 1747 2704 avita

159 2743 489 2807 cogerentur
525 2736 795 2800 deserere,
827 2747 884 2793 et
914 2737 966 2792 in
998 2738 1320 2796 sublimibus
1344 2740 1623 2806 colliculis,
1656 2734 1751 2796 do-

159 2842 258 2884 nec
322 2828 738 2893 decrescerent,
787 2830 1012 2885 mutatis
1069 2830 1431 2889 tabernaculis
1480 2833 1745 2891 habitare.

159 2919 285 2975 Haec
314 2935 447 2976 vero
481 2922 913 2978 eserescentium
963 2937 1227 2993 aquarum
1271 2924 1426 2995 copia
1460 2926 1527 2980 de
1566 2925 1652 2980 die
1693 2925 1748 2981 iu

159 3010 304 3067 diem
352 3020 645 3083 augmento
684 3013 936 3067 imbrium
978 3012 1372 3078 intumescens,
1420 3015 1584 3071 etiam
1623 3031 1749 3073 oras

156 3100 307 3157 ﬂuvii
350 3103 609 3160 vocabulo
640 3103 806 3176 Scarp
842 3104 1120 3161 nimietate
1151 3122 1249 3162 sua
1289 3107 1625 3180 impleverat,
1656 3110 1749 3180 qui

156 3193 459 3251 beatissimi
513 3197 723 3267 patroni
771 3198 944 3253 nostri
971 3198 1204 3254 Amandi
1238 3201 1444 3257 tumulo
1462 3217 1600 3273 pene
1620 3218 1752 3258 cou-

158 3286 343 3356 tiguus
371 3325 388 3351 ,
434 3301 541 3341 non
584 3287 814 3357 amplius
857 3289 927 3345 ab
968 3305 1035 3347 eo
1064 3306 1228 3361 quam
1267 3293 1458 3365 viginti
1500 3294 1749 3365 passibus

159 3376 417 3432 distabat.
474 3378 575 3446 Qui
623 3380 941 3451 quotidiano
998 3392 1277 3440 cremento
1336 3384 1746 3456 superetﬂuens,

162 3467 216 3522 in
246 3477 454 3524 tantum
485 3473 747 3538 excrevit,
790 3481 850 3528 ut
872 3474 940 3531 ad
966 3484 1368 3531 sacrosanctam
1394 3477 1748 3549 sacratissimi

152 3560 401 3630 corporis
437 3562 767 3632 sepulturam
826 3565 1139 3631 accederet,
1195 3576 1359 3638 atque
1402 3583 1567 3625 omne
1615 3570 1747 3627 illud

151 3651 395 3707 aediculae
439 3652 611 3722 ipsius
665 3656 898 3724 spatium
940 3658 1083 3726 quod
1123 3657 1268 3713 circa
1316 3659 1481 3728 pedes
1515 3659 1742 3727 adjacet,

150 3741 459 3811 superfusis
505 3742 662 3812 aquis
708 3742 994 3812 impleret,
1042 3745 1357 3816 siccumque
1401 3750 1747 3820 pergentibus

149 3830 237 3886 ibi-
260 3830 541 3900 gradiendi
573 3832 677 3887 iter
696 3841 939 3903 negaret.

225 3920 397 3991 Hujus
432 3923 613 3994 itaque
644 3924 1108 3983 incommoditatis
1134 3927 1307 3984 tristis
1342 3939 1593 3996 eventus,
1629 3945 1745 3987 mo-

146 4011 454 4069 nachorum
492 4014 685 4070 animis
718 4030 1009 4072 mmrorem
1069 4032 1177 4072 non
1222 4018 1492 4074 modicum
1536 4019 1740 4089 intulit,

147 4105 426 4177 praecipue
452 4121 584 4163 vero
613 4108 979 4164 venerabilem
1006 4108 1345 4176 Lotharium,
1377 4113 1520 4169 sacri
1552 4114 1742 4184 templi

147 4195 243 4253 illo
280 4196 337 4251 in
379 4205 624 4269 tempore
659 4200 937 4266 mdituum,
966 4215 1072 4256 non
1108 4200 1458 4259 mediocriter
1485 4203 1737 4274 perculit.

88 4320 110 4336 ς
147 4285 317 4357 Cujus
362 4290 573 4361 sagacis
615 4290 781 4346 animi
822 4291 1145 4348 industriam
1192 4308 1526 4367 operumque
1559 4295 1741 4352 effica-

147 4381 318 4446 ciam,
344 4390 400 4437 et
432 4397 661 4453 corpora
690 4382 953 4438 librorum
993 4392 1181 4440 nostro
1206 4385 1427 4442 archivo
1454 4388 1646 4455 indita,
1675 4403 1741 4445 ac

145 4473 317 4529 totius
356 4474 589 4530 ctenobii
632 4475 688 4529 in
732 4474 924 4531 melius
956 4466 1338 4547 augmentata,
1381 4478 1594 4535 etiamsi
1646 4480 1739 4535 hu-

146 4580 314 4621 mana
356 4565 539 4639 lingua
583 4575 790 4633 taceat,
832 4567 1054 4626 fabricae
1081 4580 1352 4626 structura
1382 4570 1600 4627 clamat.
1639 4571 1739 4630 ilic

146 4657 316 4728 igitur
350 4657 550 4714 insoliti
585 4667 866 4729 permotus
902 4661 1145 4717 novitate
1178 4661 1388 4728 diluvii,
1418 4677 1602 4720 secum
1629 4680 1740 4722 cos-

144 4748 228 4819 pit
265 4756 604 4819 pertractare
642 4758 822 4806 mente
862 4752 1042 4822 sagaci
1090 4752 1286 4824 quibus
1353 4754 1527 4811 modis
1561 4756 1739 4811 immi-

145 4840 298 4896 uenti
318 4850 658 4898 succurreret
682 4843 944 4913 periculo,
968 4853 1061 4898 aut
1090 4844 1182 4900 tali
1208 4861 1269 4901 ac
1291 4853 1458 4902 tantae
1477 4848 1735 4919 perniciei

145 4929 295 5003 quali
334 4932 625 4989 obsisteret
669 4931 945 5005 suﬂ‘ragio.
994 4934 1273 4992 Sollicitus
1302 4938 1452 4993 enim
1490 4948 1628 5005 erat,
1668 4956 1736 4997 ne

142 5040 321 5095 usque
350 5026 417 5080 ad
452 5026 828 5097 pretiosissimi
859 5028 1099 5084 thesauri
1134 5030 1457 5101 depositum,
1488 5032 1629 5087 sacri
1660 5033 1738 5087 vi-

142 5113 344 5171 delicet
365 5115 545 5171 Patris
570 5118 968 5187 corpusculum,
992 5117 1152 5175 altius
1174 5120 1373 5186 telluri,
1402 5130 1458 5176 ut
1482 5123 1533 5177 in
1563 5122 1735 5178 altero

1872 1178 1973 1235 bus
2018 1181 2087 1236 ad
2130 1178 2320 1235 altiora
2362 1177 2685 1250 subrigeret,
2722 1176 3076 1248 eamdemque
3101 1177 3355 1252 deinceps
3385 1178 3460 1235 ab

1869 1274 2018 1332 omni
2065 1274 2167 1329 hac
2210 1272 2476 1329 alluvione
2523 1271 2849 1327 tutissimam
2902 1272 3202 1342 limosaque
3240 1271 3458 1344 pallude

1866 1367 2288 1424 secretissimam
2324 1380 2420 1421 sua
2438 1364 2759 1436 provisione
2790 1364 3058 1421 redderet.

1938 1459 2035 1515 Die
2060 1458 2225 1531 igitur
2247 1457 2540 1514 constituta
2564 1456 2884 1512 clericorum
2909 1464 3125 1511 caterva
3148 1454 3216 1510 ad
3244 1463 3457 1512 tantum

1863 1566 2002 1622 opus
2055 1557 2380 1621 congregata
2405 1589 2420 1613 ,
2478 1546 2718 1604 fossores
2780 1548 3122 1604 necessarios
3186 1546 3456 1616 adhibuit,

1865 1650 2028 1710 atque
2096 1640 2430 1710 sarcophago
2476 1638 2738 1695 elevando
2790 1638 3077 1709 plurimam
3119 1637 3456 1710 diligentiam

1863 1729 2142 1801 impendit.
2177 1728 2331 1797 Quod
2363 1744 2572 1797 summa
2604 1729 2833 1794 cautela,
2865 1738 2924 1785 ut
2950 1730 3175 1802 dignum
3207 1738 3347 1795 erat,
3376 1728 3454 1785 le-

1860 1820 2066 1886 vatum,
2092 1820 2144 1875 in
2181 1821 2399 1876 sinistra
2429 1828 2585 1890 parte
2606 1819 2801 1891 deponi
2832 1821 2981 1889 fecit,
3009 1838 3074 1878 ac
3100 1822 3292 1879 festiva
3319 1822 3457 1879 cele-

1858 1909 2057 1966 britate
2100 1926 2199 1981 per
2241 1910 2417 1982 ampla
2455 1911 2586 1967 tedis
2626 1913 2799 1982 spatia
2853 1911 3036 1983 lychni
3082 1912 3449 1969 relucentibus

1860 2002 2151 2058 missarum
2176 2001 2436 2057 solemnia
2462 2017 2562 2072 pro
2593 2003 2729 2056 tanti
2755 2003 2999 2073 praesulis
3046 2004 3255 2059 honore
3284 2004 3447 2059 devo-

1859 2094 2065 2149 tissime
2088 2108 2334 2159 exorsus,
2355 2108 2519 2165 super
2539 2094 2786 2149 eumdem
2807 2094 3069 2149 tumulum
3086 2096 3345 2165 implevit.
3380 2094 3451 2151 Et

1856 2183 2103 2253 quamvis
2126 2183 2180 2237 in
2195 2184 2425 2239 circuitu
2442 2183 2608 2253 ipsius
2621 2182 2853 2252 sepulcri
2877 2184 3129 2254 aquatilis
3143 2187 3336 2241 humor
3357 2201 3453 2241 ex-

1857 2273 2125 2329 trinsecus
2136 2272 2416 2329 fueritnon
2434 2283 2613 2330 tamen
2637 2274 2962 2331 intrinsecus
2986 2276 3264 2333 lutulentis
3281 2277 3452 2332 sordi-

1854 2364 1955 2421 bus
1981 2381 2075 2422 seu
2103 2382 2256 2437 aqua:
2280 2368 2503 2438 guttulis
2535 2366 2792 2423 introitus
2814 2369 3008 2439 patuit.
3047 2368 3155 2424 Nec
3177 2370 3451 2425 immerito

1854 2456 2109 2512 credibile
2128 2466 2234 2521 est,
2258 2458 2423 2512 Deum
2446 2457 2537 2528 qui
2553 2457 2794 2512 omnium
2827 2467 3198 2514 creaturarum
3223 2468 3448 2514 naturas

1850 2563 1949 2619 pro
1981 2565 2080 2604 suo
2107 2549 2335 2605 arbitrio
2376 2550 2429 2603 in
2477 2564 2824 2619 quascunque
2846 2549 2980 2603 -vult
3013 2566 3193 2605 reruut
3238 2550 3447 2620 species

1851 2640 2223 2705 transformat,
2236 2657 2301 2696 ac
2317 2641 2666 2696 tumescentia
2684 2642 2856 2695 maria
2871 2642 3089 2711 proprio
3105 2651 3236 2696 nutu
3259 2642 3445 2698 arenis

1850 2730 2003 2799 quasi
2018 2730 2242 2786 habenis
2258 2729 2565 2786 fortissimis
2581 2730 2771 2795 frenat,
2793 2732 2955 2786 etiam
2970 2732 3147 2788 dilecti
3164 2733 3248 2788 sui
3282 2733 3443 2788 cada-

1849 2823 1989 2887 veri,
2017 2821 2149 2876 tanti
2165 2822 2384 2878 honoris
2398 2821 2716 2878 beneficium
2732 2835 2993 2892 praestare
3003 2822 3244 2893 potuisse
3261 2840 3272 2876 :
3294 2833 3353 2878 ut
3369 2823 3447 2878 in-

1852 2920 1934 2967 tra
1956 2913 2123 2982 ipsius
2135 2929 2284 2969 urna:
2295 2913 2593 2978 vasculum,
2608 2929 2715 2984 quo
2735 2914 3031 2984 pretiosum
3050 2914 3337 2971 tenebatur
3354 2916 3444 2970 deo

1850 3003 2118 3073 positum,
2160 3002 2294 3058 nihil
2341 3003 2567 3059 intraret
2607 3003 2849 3059 sordium
2886 3022 2899 3058 :
2936 3013 2998 3059 ut
3036 3005 3248 3060 cunctis
3285 3003 3443 3059 ﬂeret

1851 3093 2094 3165 ejusdem
2133 3096 2427 3151 venerandi
2462 3096 2734 3167 pontiﬁcis
2772 3096 3028 3151 meritum
3068 3096 3439 3152 manifestum.

1921 3185 2163 3257 Expletis
2185 3186 2350 3258 igitur
2392 3186 2679 3243 missarum
2705 3189 3000 3256 solemniis,
3028 3191 3214 3259 paucis
3240 3205 3426 3246 secum

1853 3293 1991 3350 quos
2014 3278 2187 3334 voluit
2207 3294 2275 3335 ex
2297 3280 2575 3336 monachis
2606 3282 2848 3346 retentis,
2888 3291 3117 3337 czeteros
3142 3282 3437 3338 abscedere

1847 3371 1996 3437 fecit,
2038 3386 2103 3427 ac
2155 3386 2263 3426 non
2323 3380 2431 3427 tam
2486 3375 2775 3430 temerario
2839 3389 2995 3441 ausu,
3038 3390 3202 3445 quam
3258 3375 3435 3431 fidelis

1851 3462 2017 3518 animi
2095 3463 2379 3518 devotione
2448 3462 2682 3528 fervens,
2764 3464 3050 3534 explorare
3124 3466 3435 3537 diligentius

1848 3556 2025 3611 amica
2066 3556 2382 3611 curiositate
2430 3556 2583 3611 duxit
2636 3562 2957 3628 cengruum,
3002 3557 3131 3627 quid
3166 3559 3266 3613 sub
3306 3573 3437 3614 ocu-

1848 3645 1914 3701 lis
1945 3647 2180 3717 positum
2221 3647 2365 3701 intra
2416 3654 2627 3703 uterum
2667 3663 2823 3703 suum
2867 3658 3078 3704 teneret
3113 3650 3257 3705 vasis
3285 3664 3437 3706 rece-

1846 3738 2121 3809 ptaculum
2150 3754 2164 3804 ;
2198 3738 2466 3809 simulque
2510 3738 2789 3795 :estimans
2830 3740 3195 3795 necessarium
3247 3748 3305 3794 ut
3357 3741 3426 3797 ad

1772 3846 1819 3913 ο
1850 3829 2190 3887 devotionem
2254 3830 2619 3885 venerandam
2663 3833 3039 3901 quaerentium,
3085 3831 3153 3888 de
3204 3832 3429 3904 pulvere

1848 3921 2031 3978 carnis
2058 3922 2172 3977 sive
2199 3924 2266 3978 de
2286 3922 2501 3978 ossibus
2529 3921 2672 3979 illius
2693 3923 2907 3980 tolleret
2930 3924 3262 3995 aliquantam
3304 3940 3431 3997 por-

1848 4012 2143 4068 tiunculam
2172 4008 2548 4081 reliquiarum.
2580 4013 2790 4070 Interea
2811 4016 2960 4071 omni
2987 4016 3263 4072 dubietate
3292 4019 3424 4072 sub-

1844 4112 2012 4170 mota,
2041 4103 2184 4158 idem
2228 4103 2565 4160 archicustos
2584 4105 2652 4160 ad
2683 4105 2946 4163 tumulum
2982 4106 3096 4177 jam
3144 4110 3433 4180 superﬁcie

1841 4195 2136 4266 pavimenti
2185 4195 2421 4267 positum
2474 4196 2749 4253 humiliter
2776 4199 3025 4267 accessit,
3058 4207 3221 4272 atque
3265 4218 3423 4272 Oper-

1841 4288 1965 4343 culo
1986 4287 2178 4359 lapidis
2202 4303 2309 4359 quo
2338 4289 2624 4358 tegebatur
2654 4301 2865 4346 remoto
2910 4291 3223 4365 diligentius
3255 4294 3427 4350 intro-

1842 4381 2038 4451 spexit.
2065 4381 2132 4436 Et
2156 4395 2284 4437 ecce
2311 4381 2507 4437 obtulit
2568 4398 2627 4438 se
2669 4382 2948 4441 obtutibus
2977 4385 3121 4441 illius
3160 4386 3242 4440 vir
3288 4403 3425 4441 cauo

1840 4474 2016 4543 capite
2042 4476 2371 4529 reverendus
2410 4475 2751 4530 abstinentia:
2808 4490 2871 4530 ac
2913 4473 3242 4546 jejuniorum
3278 4494 3420 4531 mar-

1840 4578 1967 4621 core
1992 4563 2189 4633 quibus
2242 4562 2532 4619 comitibus
2576 4564 2787 4619 vixerat
2829 4564 3078 4635 pallidus,
3132 4566 3426 4622 sanctitate

1839 4670 2051 4710 morum
2119 4654 2545 4724 meritorumque
2614 4657 2940 4726 praecipuus,
3017 4657 3428 4729 incorruptione

1838 4759 2053 4816 quoque
2080 4746 2446 4801 membrorum
2482 4761 2648 4821 suave
2687 4745 3043 4819 fragrantium
3091 4750 3245 4820 quasi
3302 4766 3424 4805 aro-

1838 4838 2070 4894 maticus
2114 4854 2178 4894 ac
2218 4847 2332 4895 toto
2375 4853 2603 4910 corpore
2636 4840 3114 4910 incontaminatus,
3155 4843 3258 4898 hoc
3306 4844 3423 4900 solo

1836 4932 1981 5003 quod
2011 4934 2065 4987 iu
2095 4932 2340 5003 sepulcro
2385 4932 2598 5003 iacebat
2629 4935 2916 4993 dormienti
2966 4936 3296 5003 simillimus,
3330 4954 3418 4993 ve-

1836 5022 2106 5077 stimentis
2131 5023 2526 5093 pontificalibus
2563 5025 2790 5082 honesta
2818 5026 3220 5096 pulchritudine
3255 5028 3418 5084 ador-

1836 5124 2016 5169 natus.
2072 5115 2182 5172 Res
2216 5117 2436 5173 raritate
2485 5118 2567 5173 sui
2601 5120 2755 5175 valde
2800 5120 3085 5187 mirabilis,
3134 5129 3297 5191 atque
3321 5135 3419 5191 pro

144 5219 397 5262 sermone
425 5207 679 5272 diximus,
708 5224 739 5285 ᾳ
769 5210 939 5264 beata:
974 5211 1251 5266 memoria;
1277 5212 1520 5268 antistite
1547 5214 1734 5283 Elegia
1759 5216 1813 5277 ι)
1836 5206 1919 5259 sui
1967 5206 2331 5277 magnitudine
2383 5209 2619 5263 humano
2646 5224 2896 5266 sermone
2934 5212 3025 5267 vix
3059 5211 3414 5283 explicabilis.

143 5295 462 5366 defossum,
508 5299 696 5354 eadem
741 5314 1002 5369 aquarum
1067 5300 1336 5358 aﬂluentia
1398 5314 1727 5374 penetraret,

142 5394 310 5459 atque
353 5389 528 5460 ipsum
583 5389 895 5446 circumﬂua
952 5393 1354 5451 humectatioue
1391 5403 1446 5450 et
1482 5396 1727 5468 improbo

142 5493 281 5535 ausu
336 5480 693 5553 contingendo
747 5482 990 5538 violaret.
1051 5482 1290 5540 Tandem
1328 5501 1459 5557 ergo
1505 5488 1723 5559 ancipiti

142 5568 419 5625 dubietate
449 5572 696 5626 submota
726 5573 792 5627 ad
822 5573 926 5629 hoc
961 5588 1020 5629 se
1048 5573 1267 5631 salubre
1291 5577 1574 5632 consilium
1610 5593 1730 5633 sus-

141 5658 310 5724 tulit,
355 5660 538 5715 divino
582 5660 684 5734 (ut
711 5664 857 5718 credi
890 5664 1086 5735 decet)
1132 5666 1389 5722 instinctu
1437 5671 1727 5735 animatus,

144 5760 414 5821 quatenus
447 5754 617 5823 ipsam
652 5756 792 5811 sacri
828 5756 1132 5827 corpusculi
1155 5772 1345 5812 urnam
1373 5758 1440 5814 de
1466 5759 1730 5816 inferiori~

1840 5295 1941 5364 Qui
1971 5298 2114 5352 enim
2138 5307 2418 5369 putaverat
2442 5316 2499 5355 se
2528 5302 2841 5372 putrefacta:
2868 5304 3069 5371 carnis,
3096 5305 3175 5360 uti
3207 5304 3415 5360 inmor-

1834 5390 1942 5444 tuis
1963 5388 2081 5444 ﬁeri
2115 5390 2333 5456 assolet,
2358 5392 2612 5463 reliquias
2656 5394 3021 5464 inventurum,
3041 5398 3246 5469 reperit
3270 5398 3415 5453 ultra

1831 5482 2267 5548 aestimationem,
2297 5484 2534 5539 inviolati
2562 5489 2807 5557 corporis
2846 5491 3198 5546 memorabile
3225 5489 3410 5560 prodi-

1833 5574 2001 5646 giutn.
2040 5574 2196 5642 Quali
2232 5577 2346 5631 haec
2371 5578 2507 5631 visio
2529 5578 2685 5649 digna
2715 5581 2992 5648 miraculo,
3016 5596 3289 5654 quamque
3314 5581 3413 5635 im-

1833 5683 2020 5722 menso
2068 5677 2286 5738 stupore
2333 5669 2576 5738 proxima
2625 5670 2807 5739 fuerit,
2837 5673 3141 5744 eloquentia
3183 5672 3411 5728 humani

1830 5761 2032 5833 ingenii
2064 5760 2213 5816 eil'ari
2240 5762 2443 5831 nequit,
2472 5763 2604 5833 quin
2634 5763 2813 5821 minus
2840 5767 3064 5823 ariditas
3086 5765 3261 5823 nostri
3284 5778 3379 5826 σοι
3401 5799 3418 5839 ·,
