3966 6334
488 219 590 275 979

1489 215 1721 274 SERMO
1759 217 1847 272 DE
1885 216 2084 272 ELEV.
2119 215 2319 272 CORP.
2364 216 2421 272 S.
2464 216 2751 273 AMANDI.

3664 230 3767 285 980

489 337 665 393 monis
718 336 834 391 haec
882 334 1156 406 explicare
1202 343 1261 390 ut
1310 336 1483 401 decet,
1534 335 1870 391 tenuissimis
1896 333 2076 389 valeat
2103 338 2153 399 Α
2181 334 2478 406 deposuit:
2533 334 2768 405 lapidum
2819 334 2983 391 etiam
3012 352 3264 402 censores.
3317 354 3526 398 necnon
3578 353 3770 404 etea-

485 434 685 490 vcrbis.
746 434 1091 506 Stupefactus
1137 437 1321 509 igitur,
1358 443 1420 490 ut
1443 449 1542 504 par
1583 443 1726 502 erat,
1753 442 1860 490 tam
1894 432 2069 504 inopi-

490 527 600 581 nati
632 528 836 585 visione
877 527 1522 601 portenti,omnipotenti
1566 526 1679 581 Deo
1727 524 1925 581 debitis
1949 523 2069 577 lau-

488 616 648 674 dibus
710 620 1004 687 benedixit,
1054 630 1436 691 tantorumque
1508 619 1773 675 donorum
1828 614 2072 688 largitori

490 710 838 782 gratiaseg'lt.
867 711 1223 783 Congaudens
1250 714 1411 770 etiam
1445 712 1580 766 tanti
1608 709 1916 765 inventione
1955 708 2073 762 the-

490 802 658 866 sauri,
690 817 794 857 non
819 804 1031 860 modico
1061 806 1257 861 iterum
1283 804 1450 876 cmpit
1476 802 2073 871 sollicitudinisangore

490 894 745 959 cruciari,
771 896 938 951 multa
971 897 1154 952 animo
1178 897 1418 961 volvens,
1441 896 1569 967 quid
1598 910 1666 951 ex
1692 894 1811 966 ipso
1834 893 1904 950 ad
1930 902 2074 949 com-

491 987 936 1042 memorationem
961 989 1304 1059 sequentium
1330 1004 1429 1059 pro
1462 1002 1684 1043 munere
1705 987 1927 1042 deberet
1975 998 2077 1038 au-

490 1076 641 1131 ferri.

564 1168 665 1224 Ubi
706 1184 837 1223 vero
887 1168 1236 1225 ﬂuctuantem
1289 1170 1531 1225 animum
1581 1169 1819 1224 anchora
1861 1165 2073 1222 consilii

494 1258 780 1321 stabilivit,
813 1260 1052 1315 casulam
1081 1276 1186 1330 qua
1216 1270 1332 1315 erat
1365 1261 1604 1326 indutus,
1644 1275 1673 1313 a
1704 1256 2073 1314 sacratissimo

491 1347 607 1414 ejus
630 1349 768 1403 collo
791 1350 1032 1415 abstulit,
1070 1351 1427 1420 eamdemque
1481 1352 1533 1404 in
1595 1349 1734 1405 latus
1784 1357 2074 1417 utrumque
2132 1352 2137 1353 ⁷

490 1457 734 1505 versans,
766 1458 974 1499 cannas
1020 1444 1345 1499 arundinum
1376 1443 1638 1511 ﬂuviales,
1677 1458 1797 1513 quer.
1825 1443 1924 1497 sub
1954 1442 2075 1511 ipso

473 1532 619 1595 ,olim
673 1533 862 1602 positze
902 1533 1118 1589 fuerant
1147 1544 1371 1606 prepter
1421 1535 1702 1589 humorem
1752 1531 2072 1602 aquatilem,

478 1624 766 1689 subduxit,
792 1624 954 1695 idque
993 1627 1106 1682 suis
1134 1626 1420 1682 desideriis
1471 1627 1651 1681 minus
1696 1639 1817 1680 esse
1846 1639 2077 1695 perpen-

2172 427 2470 483 mcntarios
2515 427 2783 495 adhibuit,
2828 429 3042 499 aliaque
3087 432 3368 503 perplura,
3399 446 3523 505 qua:
3567 438 3639 492 ad
3670 439 3773 498 hoc

2171 533 2307 591 opus
2338 527 2462 590 apta
2485 518 2825 585 videbantur,
2840 522 3148 591 exquisivit.
3164 523 3373 594 Corpus
3392 539 3527 582 vero
3544 538 3775 583 venera-
3834 560 3857 589 .

2172 613 2279 668 bile
2300 627 2329 667 a
2358 615 2444 669 die
2475 614 2797 671 duodecimo
2823 612 3186 671 Kalendarum
3207 614 3529 673 Octobrium
3578 618 3775 690 quibus

2173 706 2440 762 elevatum
2455 714 2561 775 est,
2588 723 2758 778 usque
2778 709 2845 764 ad
2874 708 3147 764 decimum
3168 709 3535 767 Kalendarum
3553 711 3777 768 Novem.

2171 798 2350 854 brium
2374 799 2568 870 quibus
2593 800 2896 855 restitutum
2926 807 3030 864 est,
3078 816 3175 872 per
3224 801 3445 872 triginta
3488 802 3635 857 duos
3663 802 3777 861 dies

2173 902 2334 961 supra
2364 898 2562 945 terram
2584 905 2807 946 manere
2830 892 3099 961 permisit,
3127 907 3190 947 ac
3213 892 3302 946 die
3323 893 3544 958 eodem,
3572 906 3775 963 magno

2175 983 2327 1050 cleri,
2358 983 2650 1055 populique
2679 993 2947 1039 conventu
2975 994 3331 1055 congregato,
3356 985 3413 1040 in
3440 985 3592 1041 ~loco
3644 1001 3779 1057 pra-

2177 1085 2368 1147 parato
2396 1076 2739 1132 recollocavit
2768 1094 2781 1128 :
2814 1090 3116 1146 urnamque
3141 1077 3395 1147 sepulcri,
3413 1093 3525 1132 non
3542 1084 3606 1131 ut
3620 1086 3777 1133 antea

2175 1167 2353 1224 fuerat
2380 1168 2432 1221 in
2455 1167 2939 1238 profunditioribus
2952 1168 3155 1238 posuit,
3171 1168 3266 1223 sed
3286 1168 3343 1222 in
3370 1169 3776 1239 superioribus,

2178 1260 2253 1315 ita
2284 1267 2343 1313 ut
2364 1258 2772 1315 fundamentum
2799 1260 2942 1315 illius
2970 1260 3158 1325 videri,
3201 1269 3256 1315 et
3305 1261 3493 1315 lumen
3539 1260 3648 1315 sub
3692 1261 3778 1317 illo

2178 1348 2401 1406 accendi
2429 1360 2632 1420 posset,
2660 1349 2968 1415 collocavit,
3001 1362 3164 1420 atque
3206 1352 3259 1406 in
3286 1366 3356 1407 eo
3397 1351 3554 1407 illum
3586 1352 3777 1422 psalmi

2178 1441 2503 1497 versiculum
2535 1459 2548 1495 :
2587 1441 2718 1496 Haec
2742 1442 2942 1512 requies
2969 1459 3083 1497 mea
3108 1444 3161 1496 in
3181 1442 3438 1497 amulum
3461 1443 3677 1503 siccati.
3697 1444 3777 1497 hic

2179 1534 2446 1600 habitabo,
2475 1533 2731 1605 quoniam
2761 1533 2891 1605 elegi
2917 1551 3055 1599 eam,
3094 1535 3507 1606 suprascripsit.
3566 1534 3778 1590 Utram-

2178 1641 2285 1696 que
2366 1642 2494 1681 vero
2568 1624 2924 1680 elevationem
2983 1625 3236 1681 videlicet
3300 1625 3562 1695 corporis
3618 1634 3778 1695 atque

482 1718 643 1781 dens,
695 1717 799 1772 nisi
832 1719 998 1774 etiam
1026 1735 1094 1773 ex
1135 1734 1363 1789 corpore
1399 1717 1636 1788 aliquam
1666 1716 1878 1773 tolleret
1900 1715 2073 1771 invio—
2102 1722 2150 1782 B
2179 1719 2599 1779 restitutionem,
2621 1717 2893 1775 celebrem
2918 1733 3035 1774 esse
3064 1718 3212 1781 fecit,
3241 1717 3355 1773 suis
3370 1718 3545 1773 etiam
3572 1732 3778 1772 succa-

488 1808 717 1865 latorum
745 1810 1044 1880 portionem
1076 1810 1470 1875 membrorum,
1515 1809 1680 1863 vertit
1718 1809 1972 1873 audaces,
2013 1813 2074 1859 ut

485 1899 563 1955 ita
590 1902 788 1968 dicam,
820 1904 885 1957 ad
910 1903 1142 1958 cadaver
1170 1902 1477 1958 venerabile
1500 1917 1712 1967 manus,
1756 1914 2074 1972 unguesque

483 1991 786 2060 spiritualis
832 1992 987 2047 vituli
1036 2008 1239 2047 cornua
1277 1992 1624 2062 producentis
1646 2000 1702 2046 et
1728 1992 1957 2063 ungulas
1987 2005 2074 2047 se-

486 2082 618 2138 cuit.
652 2082 782 2148 Quaz
815 2093 936 2152 post
958 2083 1161 2139 obitum
1186 2083 1331 2139 illius
1352 2092 1539 2140 contra
1566 2091 1817 2139 naturam
1854 2078 1928 2137 ita
1972 2098 2070 2139 ex-

488 2185 795 2239 ereverant,
822 2185 881 2230 ut
919 2178 1084 2231 etiam
1111 2178 1351 2232 manicas
1383 2192 1639 2233 manuum
1653 2176 1771 2245 ejus
1792 2184 2074 2233 cremento

487 2281 585 2321 suo
630 2274 997 2336 penetrarent.
1048 2267 1267 2325 Necnon
1314 2279 1368 2325 et
1406 2270 1629 2325 barbam
1655 2269 1947 2340 pontiﬁcis,
1979 2282 2075 2324 no-

486 2359 585 2413 stri
636 2358 847 2415 scilicet
873 2360 1124 2427 Aaronis,
1178 2369 1303 2431 post
1348 2361 1680 2432 sepulturam
1724 2361 1868 2417 illius
1893 2375 2075 2417 recre-

484 2461 728 2508 scentem
758 2454 1010 2509 totondit.
1769 2459 1791 2469 ‘

558 2546 682 2601 Haec
709 2562 837 2602 vero
862 2549 1043 2603 omnia
1068 2547 1171 2603 sibi
1213 2561 1427 2603 summo
1476 2547 1780 2604 develionis
1809 2549 2075 2619 obsequio

488 2641 809 2706 recondens,
845 2656 948 2697 nec
967 2641 1070 2697 sibi
1111 2649 1287 2697 tamen
1340 2641 1559 2710 suisque
1597 2642 1879 2698 desideriis
1930 2640 2077 2697 sum-

487 2748 609 2789 cere
636 2736 882 2801 credens,
907 2735 973 2791 ad
1003 2751 1065 2791 os
1090 2735 1519 2791 sacratissimum
1563 2750 1664 2806 per
1698 2736 1840 2805 quod
1880 2734 2076 2790 divinae

488 2828 671 2897 pietati
697 2831 905 2885 crebrae
934 2829 1237 2885 orationum
1273 2842 1463 2900 preces
1517 2827 1734 2884 fuerant
1796 2826 1948 2893 fusae,
2009 2840 2073 2883 ac

488 2921 653 2976 variis
706 2923 914 2993 populis
966 2921 1277 2992 frequentes
1348 2922 1763 2993 prtedicationes
1826 2922 2068 2988 directae,

488 3030 651 3070 ausus
690 3025 773 3070 est
805 3031 1023 3071 manum
1052 3016 1287 3082 mittere,
1312 3024 1473 3086 atque
1498 3018 1542 3072 si
1575 3017 1809 3087 aliquem
1845 3015 1910 3072 de
1940 3016 2072 3071 den-

488 3106 631 3160 tibus
663 3106 802 3161 illius
827 3114 1009 3175 posset
1036 3107 1300 3172 eximere,
1328 3107 1536 3163 studuit
1562 3086 1892 3179 pertentare.
1957 3105 2071 3163 Sed
2098 3086 2143 3151 Ο

487 3207 543 3253 et
567 3214 688 3253 eum
715 3199 819 3253 huc
848 3215 943 3269 pro
976 3200 1289 3254 eorumdem
1330 3199 1585 3255 ﬁrmitate
1630 3200 1879 3269 nequiret
1906 3197 2071 3269 perﬁ-

490 3302 639 3355 cere,
693 3289 867 3344 fabrili
926 3290 1303 3356 instrumento,
1338 3292 1516 3346 tenaci
1559 3291 1810 3347 videlicet
1866 3289 2072 3361 forcipe

492 3398 643 3448 usus,
668 3382 736 3438 de
754 3383 981 3456 gingivis
992 3383 1342 3453 pulcherrimi
1358 3383 1470 3439 oris
1487 3385 1619 3439 duos
1643 3384 1832 3440 dentes
1858 3384 2069 3451 eduxit,

491 3474 794 3530 rubicundo
842 3476 1026 3540 ebore,
1056 3484 1114 3529 ut
1146 3475 1295 3530 credi
1346 3475 1526 3540 decet,
1567 3490 1631 3530 ac
1675 3476 1899 3545 antiquo
1951 3490 2074 3546 sap-

492 3568 648 3637 phiro
687 3568 1055 3639 pretiosiores.
1110 3566 1302 3623 Mirum
1371 3568 1518 3623 dictu
1568 3565 1779 3623 ﬁdelem
1825 3581 2075 3638 quaerens

493 3659 811 3723 auditorem,
838 3657 979 3728 quod
1011 3667 1202 3714 contra
1232 3667 1481 3713 naturam
1521 3662 1632 3714 est!
1669 3658 1866 3714 mortui
1912 3659 2074 3715 cada-

494 3751 638 3806 veris
679 3752 1021 3807 dedentibus
1067 3752 1276 3807 eductis
1332 3750 1490 3806 stilla:
1526 3748 1797 3806 ﬁnxerunt
1839 3751 2075 3816 cruoris,

495 3840 757 3911 hujnsque
784 3844 1119 3898 monumenti
1148 3857 1319 3913 usque
1348 3842 1399 3896 in
1425 3842 1569 3897 diem
1582 3840 1903 3897 hodiern‘um
1930 3842 2077 3898 testi-

495 3935 732 3989 monium
782 3948 971 3989 acerra
1010 3935 1215 4002 pratbet
1262 3934 1477 3999 eborea,
1523 3933 1702 3989 adhuc
1747 3935 1937 3990 eodem
1969 3950 2076 4006 quo

495 4023 672 4092 infusa
713 4024 888 4079 fuerat
931 4025 1208 4095 sanguine,
1248 4040 1369 4081 cum
1402 4026 1472 4082 ibi
1505 4026 1755 4082 servandi
1793 4027 2076 4083 mitteren-

498 4126 603 4179 tur,
633 4117 881 4171 mirabile
911 4118 1088 4174 dictu!
1116 4127 1416 4185 cruentata,
1449 4129 1557 4176 etc.

567 4200 733 4278 Igitur
780 4207 987 4264 ablatas
1012 4208 1078 4264 de
1101 4224 1330 4280 corpore
1374 4210 1475 4266 viri
1519 4212 1614 4266 Dei
1641 4211 2082 4283 Amandisupra-

497 4306 831 4353 memoratas
877 4299 1133 4371 reliquias
1188 4316 1426 4373 congruo
1470 4301 1589 4359 loco
1644 4303 1825 4359 debito
1872 4304 2081 4364 honore

569 4449 593 4512 ξι
629 4436 781 4493 Hanc
820 4438 1101 4512 historiam
1127 4440 1289 4512 paulo
1317 4441 1477 4499 aliter
1520 4443 1775 4500 describit
1820 4444 2081 4503 Alcuinus

495 4508 886 4586 epigrammate
914 4510 1004 4586 5i,
1031 4508 1313 4586 postquam
1346 4512 1398 4569 in
1439 4514 1610 4570 tribus
1649 4516 2078 4586 praecedentibus

492 4578 561 4631 de
587 4578 809 4658 basilica
828 4580 884 4635 S.
902 4578 1127 4658 Ama'mli
1155 4578 1208 4658 et
1237 4586 1567 4658 monasterio
1596 4578 1691 4658 pe'r
1714 4586 2077 4643 Giselbertum

494 4651 781 4718 praesulem
836 4655 1118 4717 restitutis,
1166 4657 1233 4710 de
1281 4657 1506 4713 ecclesia
1533 4651 1807 4713 SfMariae
1832 4659 1969 4713 etde
1998 4668 2081 4715 tu-

500 4720 645 4774 mulo
662 4721 717 4776 S.
751 4723 980 4779 Amandi
1012 4726 1139 4794 egit.
1170 4724 1262 4793 Sic
1283 4729 1429 4783 canit
1455 4730 1844 4799 epigrammate
1872 4728 1940 4783 54
1971 4748 1983 4783 :

594 4813 720 4880 pum
743 4828 879 4864 sacra
908 4819 1163 4879 praesentis
1186 4813 1405 4880 pervadit
1427 4820 1594 4873 limina
1620 4821 1793 4880 templi

592 4873 1093 4945 Saepius__accroscens
1112 4873 1383 4945 cumulatur
1404 4883 1602 4945 gurgite
1626 4873 1826 4932 ﬁumen.

594 4938 699 5005 l_\'on
722 4939 1087 5005 tulitArnonus
1109 4940 1275 4991 fmdari
1305 4938 1484 5005 templa
1500 4938 1753 4994 sacerdos.

594 4999 817 5070 {usserat
840 5004 889 5070 in
914 5002 1093 5052 melius
1114 5007 1337 5053 renovari
1367 4999 1469 5055 haec
1491 5008 1650 5070 omnia
1676 5007 1872 5070 praesul,

598 5061 759 5127 [.atior
783 5074 827 5111 ut
856 5064 996 5113 l'errt
1016 5076 1180 5127 Crvpta
1207 5073 1257 5115 et
1275 5069 1527 5116 sublimior
1546 5068 1652 5127 ista,

601 5123 892 5190 ξιιρροιιυηε
918 5129 1056 5174 lectis
1078 5126 1289 5178 ﬁrmatos
1313 5136 1390 5178 ter
1416 5135 1590 5189 quater
1611 5123 1770 5190 arcus,

519 5200 527 5210 '
602 5184 834 5245 Mysticus
858 5196 907 5234 ut
934 5193 1081 5236 tutam
1107 5190 1319 5238 tirmaret
1341 5184 1555 5240 calculus
1579 5191 1751 5241 aulam.

604 5246 805 5311 llas-vuln
834 5249 1063 5311 praecelsa
1087 5264 1377 5300 consecratis
1398 5259 1523 5301 tecta
1552 5254 1775 5304 ministro

601 5308 958 5376 blicltaeli'cmli
981 5315 1152 5363 Christi
1179 5317 1258 5373 qui
1284 5317 1464 5363 assistit
1488 5316 1533 5362 in
1562 5329 1690 5376 arce,

603 5374 764 5439 {\tque
789 5388 960 5435 preces
980 5376 1123 5426 offert
1146 5382 1423 5427 sanctorum
1452 5376 1589 5439 Rege
1616 5374 1850 5438 polorum.

609 5434 860 5500 [aquarius
884 5447 1045 5489 custos
1070 5440 1183 5485 fecit
1207 5440 1463 5489 mandante
1493 5434 1722 5500 tltﬁgiStrO

601 5496 819 5566 Semper
835 5503 880 5566 in
900 5508 1137 5550 :ctcrnum
1163 5500 1384 5566 Christus
1405 5496 1665 5552 cunsrrvet
1688 5510 1940 5566 utrosque.

604 5562 696 5628 Qui
725 5564 847 5628 legit
870 5564 959 5611 bos
982 5576 1150 5628 versus
1171 5562 1302 5613 dicat
1324 5576 1453 5628 rogo
1472 5573 1671 5626 pectore
1697 5579 1817 5628 puro

602 5624 807 5673 Alcuino
835 5627 1023 5675 veniam
1045 5625 1291 5674 scelerum
1308 5624 1614 5688 da,‘Cltriste,
1642 5624 1911 5690 precamur.

511 5704 642 5767 lieni
664 5707 1051 5785 epigrammate
1075 5706 1165 5782 64,
1195 5707 1441 5765 Amantia
1465 5707 1525 5766 S.
1577 5711 1804 5767 Amandi
1852 5715 2089 5775 lumbam

2178 1811 2392 1867 soribus
2417 1810 2789 1865 bonorabilem
2841 1810 2895 1864 in
2947 1819 3207 1880 perpetuo
3236 1810 3353 1866 fore
3377 1810 3594 1865 sanxit.
3628 1808 3775 1876 Quod

2176 1908 2438 1963 hactenus
2465 1921 2564 1963 nos
2595 1905 2943 1961 devotissime
2988 1906 3247 1961 hodierna
3274 1905 3606 1961 celebritate
3640 1904 3769 1960 culi-

2177 2015 2316 2065 mus,
2334 2015 2398 2055 ac
2410 2007 2627 2055 nostros
2650 1983 2791 2053 utea
2812 2008 3170 2054 maneatcura
3190 2008 3441 2070 posteros
3461 2014 3769 2055 monemus

2249 2091 2374 2147 llaec
2403 2107 2504 2148 nos
2526 2107 2651 2147 cum
2678 2106 2708 2144 a
2734 2090 2988 2146 Patribus
3012 2090 3101 2160 qui
3125 2091 3211 2147 his
3240 2090 3572 2154 interfuere,
3604 2091 3767 2145 etad-

2178 2184 2285 2239 buc
2311 2182 2586 2238 numerosi
2615 2188 2927 2252 supersunt,
2962 2180 3324 2245 audissemus,
3349 2179 3638 2250 frequenti
3672 2188 3775 2234 ser-

2178 2292 2337 2334 mone
2367 2277 2738 2343 narrantibus,
2782 2276 3001 2332 silentio
3034 2291 3376 2347 nequaquam
3430 2274 3773 2331 infructuosa

2178 2378 2359 2440 tegere
2384 2370 2632 2440 permissi
2660 2384 2847 2424 sumus
2875 2386 2890 2423 :
2933 2367 3027 2425 sed
3054 2369 3118 2424 ad
3153 2369 3365 2423 laudem
3393 2367 3613 2424 Christi
3644 2382 3771 2437 pon-

2180 2460 2446 2531 tiﬁcisque
2487 2460 2677 2531 ipsius,
2710 2460 2837 2516 licet
2863 2460 2955 2515 vili
2980 2459 3213 2525 dictatu,
3241 2459 3487 2530 posteris
3515 2458 3774 2512 transmi-

2179 2554 2367 2607 simus.
2399 2552 2620 2609 Talibus
2635 2561 2689 2608 et
2713 2552 2879 2608 tantis
2901 2568 3074 2625 usque
3096 2554 3149 2608 in
3178 2566 3425 2624 praesens
3452 2551 3765 2612 virtutibus,

2177 2642 2294 2713 ejus
2317 2641 2657 2698 celebrabilis
2683 2643 2983 2699 honoratur
3026 2643 3282 2698 tumulus.
3330 2640 3408 2696 De
3440 2641 3772 2696 sanitatibas

2175 2737 2373 2791 veroin
2406 2734 2627 2791 basilica
2651 2736 2791 2807 ejus,
2823 2751 2928 2806 qua
2954 2736 3266 2806 requiescit,
3313 2734 3494 2804 ipsius
3537 2735 3772 2788 interve-

2177 2828 2448 2883 nientibus
2475 2830 2685 2885 meritis
2707 2830 2958 2900 patratis,
2990 2828 3169 2901 aliqua
3199 2828 3289 2884 hic
3327 2838 3773 2884 commemorare

2177 2920 2615 2991 supersedimus:
2641 2922 2896 2992 quoniam
2939 2920 3007 2977 de
3050 2922 3138 2977 bis
3189 2920 3323 2977 satis
3350 2921 3404 2975 in
3438 2920 3634 2976 libello
3659 2922 3773 2974 vita!

2176 3014 2321 3070 illius
2353 3028 2606 3085 expressa
2629 3016 3021 3087 cognoscimus.
3054 3015 3331 3085 Siquidem
3388 3014 3461 3068 ad
3508 3012 3637 3083 ejus
3668 3029 3774 3067 me-

2177 3106 2407 3162 moriam
2430 3108 2647 3163 czecitas
2668 3108 2866 3173 visum,
2911 3108 3151 3163 surditas
3194 3107 3468 3171 auditum,
3522 3107 3773 3162 debilitas

2177 3210 2444 3269 gressum,
2477 3207 2533 3253 et
2554 3199 2898 3254 taciturnitas
2916 3199 3114 3270 linguae
3138 3199 3331 3268 recipit
3357 3198 3629 3255 ollicium.
3652 3198 3774 3255 Bac

2177 3302 2371 3360 nempe
2426 3290 2582 3359 quasi
2629 3291 2938 3347 communia
3001 3301 3311 3345 sanctorum
3365 3292 3512 3346 dona
3566 3290 3774 3346 referre

2175 3382 2496 3449 omittimus,
2535 3384 2660 3453 quia
2684 3385 2751 3440 ad
2774 3385 2951 3455 ignem
2980 3384 3034 3438 in
3068 3384 3184 3456 ejus
3218 3375 3486 3441 memoria
3513 3385 3775 3440 divinitus

2177 3486 2467 3535 accensum
2514 3473 2683 3544 stylus
2716 3473 2935 3529 festinat
2975 3474 3226 3541 stolidus,
3270 3476 3359 3531 cui
3382 3475 3560 3531 hebes
3602 3489 3771 3548 prona

2176 3566 2462 3623 devotione
2490 3566 2763 3622 concurrit
2793 3566 3006 3623 animus
3049 3577 3100 3621 ι.

2177 3723 2256 3781 De
2278 3724 2398 3796 igne
2421 3723 2614 3780 calcati
2635 3726 2692 3780 in
2713 3727 2966 3780 memoria
2995 3726 3132 3779 beati
3153 3724 3386 3780 ΔηιαΜὶ
3426 3726 3621 3783 diuina
3671 3731 3771 3784 τετε

2624 3806 2732 3851 tute
2762 3796 3074 3851 mirabiliter
3092 3813 3333 3852 accenso.

2225 3934 2466 4005 Denique
2477 3948 2617 3989 anno
2628 3932 3772 4010 abincarnationeDominioctingentesimo

2178 4027 2625 4100 quinquagesimo
2670 4028 2878 4098 quinto,
2920 4043 2949 4083 a
2989 4029 3215 4084 transitu
3273 4044 3407 4086 vero
3466 4030 3773 4089 beatissimi

2179 4121 2407 4178 Amandi
2424 4121 2719 4176 centesimo
2733 4120 3080 4192 nonagesimo
3104 4121 3293 4192 quinto
3319 4129 3490 4194 atque
3517 4123 3589 4177 ab
3601 4124 3773 4179 eleva-

2180 4214 2327 4270 tione
2340 4214 2580 4284 corporis
2608 4214 2774 4285 ipsius
2797 4217 3211 4288 quadragesimo
3223 4218 3478 4288 septimo,
3508 4219 3601 4275 die
3630 4221 3772 4289 rige-

2181 4306 2318 4362 simo
2328 4305 2531 4362 mensis
2545 4303 2899 4378 Septembris,
2916 4306 3203 4365 celebritas
3217 4309 3603 4366 anniversaria
3634 4322 3771 4381 srepe

2186 4439 2707 4513 renovassedicitur.
2749 4440 3096 4513 Etepigram.
3129 4442 3550 4513 228,,Arnonus
3576 4443 3775 4513 prerat

2178 4512 2437 4583 jacentem
2462 4510 2736 4583 basilicam
2769 4502 3057 4583 retlefasse
3087 4522 3135 4583 et
3163 4502 3357 4583 melius
3390 4502 3770 4583 constrictis“,

2188 4579 2350 4655 atque
2381 4581 2480 4655 “in
2504 4580 2850 4655 honoremS.
2894 4580 3191 4655 Michaelis,
3232 4579 3291 4638 S.
3332 4581 3484 4639 Petri
3518 4594 3687 4655 atque
3712 4582 3767 4639 S.

2186 4652 2413 4725 Amandi
2451 4652 2725 4725 dedicasse
2758 4652 2946 4719 fertur,
2975 4654 3383 4725 voluissequeut
3398 4652 3650 4710 sanctum
3673 4655 3776 4711 Ρο-

2186 4723 2634 4795 lyandrum,_hoc
2707 4732 2791 4780 est
2837 4723 3239 4789 cosmeterium,
3307 4726 3571 4795 fratribus
3620 4735 3769 4783 esset.

2188 4791 2244 4849 In
2279 4791 2382 4847 line
2415 4793 2581 4867 ipsius
2604 4795 3019 4867 epigrammatis
3036 4791 3577 4867 Alcuinus'seipsum
3610 4797 3770 4853 lecto-

2187 4880 2305 4918 rum
2330 4863 2583 4933 preeibus
2611 4863 2969 4919 commendat.
3002 4864 3058 4920 ln
3077 4867 3193 4921 istis
3222 4863 3566 4923 carminibus
3584 4869 3768 4924 obser-

2186 4934 2360 4990 vanda
2401 4943 2527 4989 sunt
2554 4937 2819 5005 quaedam.
2850 4935 3109 4991 Alcuinus
3144 4938 3198 4991 in
3248 4936 3525 4994 Chronico
3566 4939 3766 4993 Turon.

2187 5005 2412 5074 aliisque
2443 5020 2585 5060 anno
2621 5005 2726 5061 804
2753 5006 2953 5062 abiisse
3002 5008 3219 5063 dicitur.
3270 5007 3375 5077 Qui
3426 5008 3441 5063 i
3485 5009 3596 5064 itur
3636 5011 3771 5066 hanc

2187 5075 2416 5130 Amandi
2456 5075 2810 5130 elevationem
2839 5079 3027 5132 uuinto
3071 5087 3191 5132 post
3247 5095 3391 5132 anno
3439 5025 3648 5132 ﬁctam
3686 5096 3770 5132 m-

2186 5075 2416 5148 Antandi
2456 5075 2814 5148 elevationem
2839 5079 3027 5148 quinto
3071 5087 3191 5146 post
3247 5095 3391 5134 anno
3439 5075 3648 5135 factam
3686 5096 3770 5136 cou-

2187 5145 2385 5201 Cinissc
2408 5147 2621 5223 potuit?
2647 5145 2874 5202 Deinde’
2894 5163 2960 5201 an
2982 5218 2991 5223 _
3010 5145 3344 5204 Gislebertus
3396 5150 3447 5223 in
3480 5152 3672 5223 pepigr.
3703 5151 3761 5207 5!

2188 5225 2520 5288 memoratus
2542 5216 2680 5288 idem
2706 5226 2789 5271 est
2815 5234 2935 5273 cum
2965 5218 3208 5283 Arnono,
3243 5230 3298 5273 et
3323 5221 3447 5288 quis
3477 5216 3570 5276 ille
3589 5216 3768 5278 Ἄπιο-

2188 5288 2329 5343 nus?
2362 5287 2521 5343 Certe
2546 5287 2901 5353 Gislebertus,
2929 5304 2996 5343 ex
3022 5290 3216 5344 abbate
3240 5287 3535 5347 Eltmnensi
3580 5293 3770 5350 Novio-

2192 5358 2460 5434 magensis
2486 5360 2791 5434 episcopus,
2823 5376 2964 5434 anno
2998 5359 3559 5434 782Aobiit,_Elnone
3597 5366 3771 5434 sepul-

2194 5438 2278 5506 tus
2316 5448 2327 5483 :
2348 5430 2505 5506 cujus
2539 5429 2874 5506 epitaphium
2914 5430 3077 5506 citato
3114 5429 3233 5506 loco
3265 5431 3529 5506 Alcuinus
3557 5429 3768 5506 compo-

2192 5500 2742 5573 sui_t._Versusmodo
2770 5502 2965 5573 relatos
3003 5502 3206 5573 ΑΨοηί
3242 5503 3481 5573 episcopi
3530 5500 3776 5565 caele-sit

2194 5569 2597 5647 Salzl)ur_gensi_
2642 5572 2832 5647 tribuit
2892 5570 3131 5647 fita;
3207 5569 3469 5647 Budberii
3543 5580 3769 5647 scriptor

2193 5650 2337 5695 tumo
2373 5640 2445 5722 Vl,
2471 5641 2657 5722 .Antiq.
2690 5642 2839 5722 Lect.
2884 5641 3085 5722 Can_i_sii
3109 5644 3143 5699 ἐ
3176 5654 3231 5698 at
3257 5646 3437 5715 potius

2193 5713 2521 5770 monasterio
2543 5713 2833 5774 convenire
2859 5714 3209 5781 manifestum
3233 5713 3338 5781 eat.

3732 5798 3761 5819 τι

3644 5828 3774 5867 rw:
