3966 6334
200 314 296 373 981

1203 304 1435 365 SERMO
1471 306 1561 363 DE
1600 302 1800 361 ELEV.
1836 300 2035 358 conp.
2077 298 2133 354 s.
2176 296 2459 353 armum.
2532 272 2543 285 '

3361 288 3467 345 982

203 433 355 491 dicta:
376 398 693 486 elevationis
720 426 864 484 illius
892 425 1232 491 imminebat,
1262 434 1383 495 quin
1418 422 1597 478 minus
1620 418 1783 489 digno
1808 418 1861 481 Α
1885 412 2100 470 coalitus
2121 408 2521 485 igniseandore
2546 406 2747 477 reperit
2794 405 3113 459 radiantem.
3145 402 3315 495 Quem
3339 403 3467 457 dum

203 520 501 580 devotionis
524 518 704 575 studio
735 518 992 574 solemnis
1028 517 1301 572 exstabat.
1331 514 1612 585 Siquidem
1640 525 1779 581 quo-

202 612 418 671 tidianis
444 612 634 667 diebus
661 618 923 667 consueto
974 618 1228 666 contenta
1277 605 1454 663 ofIicio
1503 605 1649 660 nullo
1698 604 1782 662 fe-

203 705 319 763 riali
351 705 683 762 honorabilis
704 713 826 760 erat
845 704 1106 775 obsequio
1137 722 1149 758 :
1180 717 1344 774 quam
1396 700 1780 773 negligentiam

205 801 383 858 divino
431 808 733 855 correctam
762 797 1009 869 prodigio
1036 795 1281 866 sequenti
1321 794 1664 851 manifestius
1713 790 1783 847 li-

203 896 387 967 quebit
406 893 639 969 eloquio.
661 891 781 967 Non
810 890 976 956 enim,
1000 900 1059 946 ut
1087 890 1287 968 aliquid
1315 889 1479 944 etiam
1504 888 1557 943 in
1598 895 1781 942 trans-

202 1003 359 1045 cursu
380 974 665 1051 dicamus;
680 983 775 1040 Dei
822 976 1210 1056 omnipotentis
1241 981 1502 1038 miracula
1525 981 1640 1037 sive
1684 991 1784 1051 per

201 1080 397 1150 ipsum,
421 1077 536 1133 sive
560 1091 661 1147 per
682 1075 963 1131 ministros
992 1090 1121 1131 suos
1148 1083 1291 1140 acta,
1324 1081 1529 1128 tantum
1552 1072 1619 1127 ad
1645 1081 1785 1128 stre-

201 1170 372 1242 pitum
419 1177 477 1224 et
524 1167 774 1238 plausum
832 1166 1186 1236 favoremque
1232 1164 1378 1236 vulgi
1423 1164 1781 1220 excitandum

200 1260 472 1317 credimus
527 1267 771 1330 patrata;
823 1258 918 1313 sed
981 1258 1049 1312 ad
1114 1255 1274 1312 fidem
1325 1255 1784 1311 corroborandam

201 1351 536 1410 credentium
584 1350 1085 1420 correctionemque
1126 1349 1431 1404 animarum
1481 1347 1784 1403 errantium

201 1441 441 1499 coelestia
466 1441 753 1512 terrigenis
798 1440 1093 1495 monstrari
1129 1454 1292 1509 opera
1322 1446 1569 1494 tenemus
1595 1438 1785 1493 certis-

199 1533 397 1590 simum
424 1549 437 1586 :
464 1539 525 1587 ut
547 1533 674 1601 quia
696 1531 1025 1601 quotidianis
1066 1540 1461 1601 prmeeptorum
1503 1518 1782 1585 sacrorum

201 1623 659 1680 admonitionibus
685 1638 794 1679 non
822 1610 1199 1689 emendamur,
1250 1622 1517 1693 portentis
1551 1620 1781 1692 quibus-

201 1718 323 1773 dam
352 1716 505 1788 quasi
533 1717 932 1772 stimulatorum
956 1726 1157 1771 aculeis
1177 1716 1536 1787 corrigamur.
1566 1713 1635 1768 Et
1653 1713 1789 1783 quia

1884 507 1953 564 ab
1982 507 2104 563 aliis
2138 507 2371 562 aestimat
2396 500 2776 563 illuminatum,
2813 497 3010 551 iterato
3059 493 3233 549 credit
3258 494 3467 549 exstin-

1883 598 2172 672 guendum.
2206 594 2298 653 Sic
2320 612 2351 650 a
2371 591 2596 665 singulis
2619 589 2860 647 vicissim
2902 584 3316 642 succedentibus
3363 591 3503 661 ter-,

1883 699 1961 755 tio
2001 692 2320 757 exstinctus,
2373 686 2536 744 tertio
2583 682 2929 740 nihilominus
2973 677 3224 749 apparuit
3261 674 3499 732 caelesti.

1883 792 2010 863 igne
2058 798 2336 842 coruscus.
2368 780 2484 849 Qua
2523 780 2590 835 de
2630 792 2690 832 re
2724 775 2867 848 quod
2911 778 3196 844 supererat
3220 768 3275 823 in
3302 782 3471 822 imum

1885 861 2291 940 convenientes,
2320 890 2386 929 ac
2411 870 2606 942 singuli
2630 884 2687 927 se
2716 867 2966 923 eumdem
3000 861 3324 921 exstinxisse
3362 874 3472 913 me-

1883 980 2185 1035 morantes,
2215 978 2271 1024 et
2296 966 2390 1038 qui
2416 958 2594 1036 ipsum
2636 959 3011 1045 reaccenderit
3061 955 3468 1025 conquirentes,

1884 1066 1960 1121 ita
2011 1062 2259 1120 eumdem
2309 1062 2485 1115 denuo
2533 1052 2984 1133 exstinguendum
3034 1052 3381 1120 putaverunt,
3415 1049 3475 1096 ut

1884 1158 2049 1213 etiam
2079 1156 2372 1212 carbonem
2414 1150 2505 1221 qui
2538 1164 2607 1204 ex
2638 1146 2728 1202 filo
2757 1152 3092 1201 remanserat
3120 1135 3474 1196 emunctoriis

1886 1248 2071 1321 digitis
2121 1246 2451 1307 adimerent,
2488 1239 2722 1311 probare
2772 1236 3012 1291 volentes
3058 1242 3238 1286 utrum
3285 1242 3474 1284 rursus

1886 1320 2119 1411 repetito
2146 1334 2368 1391 luminis
2397 1333 2633 1388 candore
2687 1326 2953 1383 radiatilis
3005 1329 3307 1395 appareret.
3336 1320 3475 1375 Nee-

1887 1410 2014 1487 dum
2038 1428 2237 1499 quippe
2256 1440 2371 1481 rem
2393 1422 2527 1478 tanti
2550 1418 2797 1476 miraculi
2821 1415 3050 1489 pleniter
3071 1410 3471 1484 agnoscebant;
3546 1462 3549 1463 ν

1886 1522 2177 1595 quamdam
2212 1528 2389 1573 tamen
2421 1514 2604 1581 animo
2655 1507 3075 1567 sollicitudinem
3099 1504 3166 1561 de
3197 1505 3301 1559 hoe
3329 1500 3477 1557 facto

1881 1615 1994 1686 jam
2041 1608 2367 1666 omnimodis
2410 1605 2715 1677 capiebant.
2753 1601 2870 1670 Qua
2915 1599 2983 1655 de
3022 1613 3084 1654 re
3121 1599 3248 1653 dum
3298 1595 3474 1667 ipsum

1888 1683 2107 1760 cereum
2135 1708 2329 1771 quarto
2360 1710 2711 1753 reaceensum
2736 1692 3134 1762 conspicerent,
3163 1683 3474 1758 stupefacti,

156 1878 159 1879 ν
199 1822 351 1863 more
379 1823 702 1887 generorum
730 1807 833 1863 Lot
859 1808 1131 1873 obdurati,
1156 1816 1216 1862 ut
1237 1776 1491 1878 periturae
1531 1776 1780 1862 Sodoma:
1806 1801 1856 1863 B
1883 1796 1993 1851 ίιηο
2032 1792 2329 1866 Pellem“,
2359 1789 2503 1861 (Ιυοί1
2551 1786 2732 1887 quasi.
2757 1783 3073 1886 ιέξηιθηὶΐίοχ
3098 1788 3157 1836 ιιι
3202 1780 3295 1887 im.
3326 1776 3478 1833 dixe“

199 1910 348 1973 terga
366 1900 618 1973 fugiendo
633 1900 895 1972 przebeam
903 1916 987 1966 us,
1012 1909 1175 1971 atque
1188 1900 1254 1955 ad
1271 1914 1395 1954 mon
1403 1898 1786 1955 tem'virtutum

198 1991 558 2048 ascendamus
582 1991 802 2048 obedire
829 1992 1078 2047 nolumus
1097 2008 1113 2057 ;
1130 1991 1192 2046 fit
1218 2000 1277 2046 ut
1300 1992 1457 2047 nobis
1478 2002 1788 2046 sermonem

196 2083 442 2139 divinum
469 2085 563 2154 qui
584 2100 684 2156 per
703 2084 805 2140 Lot
828 2084 1111 2156 ﬁguratur,
1130 2084 1286 2154 quasi
1302 2098 1401 2154 per
1427 2082 1613 2137 ludum
1636 2082 1789 2152 loqui

195 2176 499 2241 videamus,
522 2175 891 2247 terribiliaque
920 2184 1188 2247 praecepta
1220 2184 1453 2231 mortem
1501 2190 1565 2229 ac
1603 2173 1787 2245 perdi-

200 2269 404 2324 tionem
436 2269 698 2324 minantia
717 2269 873 2342 juxta
900 2270 1226 2341 prophetam
1270 2268 1326 2322 in
1373 2268 1647 2324 canticum
1673 2267 1788 2337 oris

194 2361 373 2417 nostri
400 2370 697 2418 vertamus.
1526 2360 1531 2363 ’

266 2453 411 2522 Quid
443 2455 627 2525 itaque
661 2456 765 2510 isto
815 2456 883 2512 de
903 2471 1013 2528 quo
1041 2456 1188 2529 loqui
1238 2458 1562 2530 inempimus
1605 2457 1785 2529 signo,

201 2545 348 2618 ignis
374 2545 623 2602 videlicet
659 2546 830 2603 divini
859 2549 1181 2606 accensione
1211 2565 1310 2605 nos
1348 2549 1655 2605 admonitos
1681 2564 1784 2619 pu-

196 2647 318 2693 tare
347 2637 626 2705 debemus,
658 2639 764 2695 nisi
796 2647 855 2694 ut
881 2638 1155 2697 ﬂammam
1184 2642 1413 2713 geminae
1458 2641 1788 2709 dilectionis,

192 2730 292 2786 Dei
322 2731 573 2788 videlicet
602 2743 657 2789 et
684 2735 941 2804 proximi,
982 2735 1037 2790 in
1068 2735 1269 2791 nostris
1308 2735 1564 2792 cordibus
1595 2750 1791 2791 accen-

194 2821 415 2889 damus,
450 2838 557 2894 qua
579 2823 635 2878 in
661 2833 951 2894 conspectu
998 2841 1222 2881 summa:
1264 2822 1565 2894 maiestatis
1606 2824 1792 2880 lucere

193 2915 499 2981 valeamus,
528 2916 897 2988 vitiorumque
919 2917 1223 2990 rubiginem
1251 2918 1317 2974 de
1346 2917 1559 2975 actibus
1588 2912 1797 2976 nostris

195 3005 397 3061 ardore
422 3005 567 3062 illius
590 3006 748 3079 ignis,
781 3023 941 3078 quem
974 3008 1235 3066 Dominus
1263 3018 1451 3066 noster
1478 3011 1531 3065 in
1563 3020 1785 3078 terram,

196 3096 306 3151 hoc
326 3103 411 3152 est
435 3104 647 3153 terrena
674 3100 837 3155 corda
867 3099 1035 3166 misit,
1068 3100 1136 3155 ad
1165 3115 1360 3172 purum
1383 3116 1745 3173 expurgemus
1771 3119 1787 3170 ;

1890 1886 2017 1950 rim,
2047 1900 2184 1941 ausu
2212 1883 2388 1938 eidem
2414 1878 2661 1951 prodigio
2682 1876 2906 1932 obviare
2935 1868 3333 1943 exstinguendo
3362 1875 3482 1923 ten-

1891 1980 2171 2042 tavissent,
2225 1978 2400 2047 ipsum
2448 1974 2608 2029 toties
2639 1970 3005 2026 evindicatum
3046 1981 3075 2019 a
3122 1963 3327 2018 lumine
3373 1958 3477 2030 ipsi

1890 2078 2295 2133 concesserunt.
2328 2067 2470 2135 Quid
2504 2066 2690 2120 multis
2716 2066 2740 2118 ‘2
2768 2061 3066 2133 permissus
3093 2064 3177 2114 est
3206 2055 3324 2125 ejus
3353 2067 3478 2110 esse

1883 2163 2041 2233 juris,
2075 2162 2229 2234 cujus
2256 2156 2782 2234 virtutisrmajcstate
2805 2154 2969 2210 tantis
2990 2152 3200 2208 vicibus
3228 2146 3481 2219 apparuit

1888 2254 2240 2312 invincibilis.
2264 2252 2366 2307 Diu
2396 2233 2579 2320 itaque
2604 2262 2768 2319 super
2808 2246 2912 2301 hac
2942 2241 3209 2313 repentini
3238 2238 3481 2294 novitate

1888 2346 2138 2405 miraculi
2168 2343 2364 2418 gaudio
2394 2356 2608 2399 summo
2633 2337 2875 2403 attoniti,
2915 2335 3246 2403 tandemque
3273 2326 3480 2386 dormi-

1890 2454 2003 2500 tum
2031 2451 2241 2509 euntes,
2287 2439 2531 2511 stupidos
2555 2435 2741 2494 oculos
2775 2430 3089 2506 soporiferae
3136 2425 3483 2484 tradiderunt

1889 2536 2080 2608 quieti.

1958 2626 2187 2697 Jamque
2240 2639 2349 2681 nox
2381 2623 2501 2694 ipsa
2545 2627 2700 2687 tanto
2746 2616 3014 2673 illustrata
3052 2611 3258 2668 lumine
3307 2617 3479 2679 prope

1891 2719 2203 2785 transierat,
2233 2725 2289 2773 et
2313 2730 2510 2771 aurora
2532 2713 2850 2769 rubeseente
2876 2706 3263 2763 Matutinorum
3284 2699 3482 2757 solem-

1891 2814 2035 2868 nitas
2074 2802 2493 2883 propinquabat,
2536 2820 2661 2861 cum
2699 2804 2908 2879 interea
2959 2796 3213 2857 custodes
3239 2791 3481 2867 grabatis

1892 2905 2089 2977 quibus
2112 2902 2429 2973 quieverant
2451 2902 2826 2959 surrexerunt,
2864 2907 2930 2948 ac
2959 2892 3025 2948 de
3065 2887 3240 2944 cereis
3270 2894 3482 2955 septem

1892 2974 2146 3055 maximis
2168 2994 2260 3065 qui
2283 2994 2350 3050 ad
2372 2999 2534 3064 caput
2559 2989 2662 3043 viri
2688 2986 2787 3042 Dei
2815 2985 2916 3041 sub
2938 2984 3054 3054 ipso
3080 2975 3370 3034 mausolaeo
3397 2974 3483 3028 inc

1893 3099 1977 3146 tra
2018 3086 2289 3145 cancellos
2338 3084 2439 3140 sub
2469 3080 2714 3139 conclavi
2746 3077 2907 3149 positi
2960 3074 3201 3137 stabant,
3225 3069 3361 3124 duos
3383 3080 3480 3138 ge-

197 3197 260 3244 ut
289 3188 513 3259 depulsa
543 3190 769 3261 plumbi,
792 3190 849 3248 id
873 3202 958 3248 est
981 3158 1286 3263 iniquitatis
1310 3202 1365 3250 et
1387 3158 1598 3266 pe-cea‘ti
1626 3210 1657 3251 a
1684 3158 1787 3251 ηοξ
1816 3183 1863 3247 C
1896 3179 2043 3235 mino
2071 3176 2308 3232 candore
2356 3170 2650 3243 ﬂagrantes
2678 3171 3038 3266 _repererum.
3065 3161 3157 3266 Es.
3176 3158 3267 3263 illo
3286 3163 3485 3266 Iautetn

196 3281 286 3339 bis
311 3284 619 3353 gravedine,
644 3286 710 3341 ad
733 3285 957 3343 cuileste
983 3285 1228 3343 diadema
1254 3289 1427 3344 nostri
1454 3288 1617 3361 Regis
1638 3291 1799 3361 quasi

198 3386 398 3428 aurum
424 3374 777 3445 purissimum
800 3392 901 3432 nos
919 3380 1332 3449 praeparemus?
1363 3377 1471 3436 Sed
1497 3380 1564 3436 de
1588 3381 1674 3437 his
1708 3392 1796 3438 sa-‘

199 3463 296 3531 tis,
349 3466 597 3535 quamvis
650 3477 981 3539 praepostero
1040 3472 1231 3526 ordine
1294 3471 1519 3528 dicenda
1572 3471 1792 3541 fuerint,

196 3555 628 3626 praeoccupando
651 3558 888 3614 diximus
915 3578 929 3611 :
954 3576 1098 3615 nunc
1123 3562 1192 3615 ad
1219 3562 1388 3631 ipsius
1423 3563 1563 3633 signi
1596 3563 1800 3635 magni-

200 3645 446 3704 tudinem
495 3648 694 3719 lingua:
734 3650 945 3720 plectro
992 3660 1050 3707 et
1096 3652 1309 3709 calamo
1357 3654 1597 3710 scribere
1643 3668 1799 3711 acce-

199 3739 419 3795 damus.

276 3828 375 3885 Die
401 3830 566 3900 igitur
590 3832 682 3903 qui
703 3831 817 3903 jam
840 3834 1041 3891 dictam
1067 3836 1425 3893 elevationem
1447 3836 1638 3892 ordine
1662 3845 1798 3892 tem-

198 3922 355 3994 poris
379 3926 738 3994 praecedebat,
767 3928 1055 3984 terminata
1082 3930 1269 4001 synaxi
1301 3931 1623 4002 vespertinas
1650 3929 1799 3986 cele-

201 4015 447 4083 britatis,
478 4031 585 4072 non
618 4017 690 4072 ita
713 4017 893 4088 pleno,
926 4028 987 4075 ut
1007 4020 1230 4092 dignum
1258 4028 1396 4087 erat,
1429 4030 1688 4093 apparatu
1716 4021 1798 4076 lu-

204 4106 393 4173 minis,
420 4123 597 4179 neque
633 4110 796 4166 etiam
827 4110 1025 4169 festivo
1051 4122 1318 4169 conventu
1348 4122 1407 4169 ut
1442 4113 1657 4170 dicebat
1682 4121 1800 4168 tura

201 4199 290 4255 ba:
316 4199 609 4271 pepularis,
635 4202 879 4258 solvebat
903 4203 983 4259 sol
1001 4202 1116 4272 jam
1140 4219 1171 4259 a
1193 4220 1358 4261 curru
1378 4203 1627 4262 flammeo
1666 4204 1799 4279 igni‘

206 4306 401 4348 vomos
425 4292 825 4362 quadrupedes,
856 4309 922 4350 ac
950 4293 1192 4351 fraterno
1214 4308 1403 4353 amore
1451 4297 1625 4352 sorori
1667 4296 1799 4354 Cill-

206 4384 340 4440 tbiae
370 4384 632 4441 vicariam
655 4384 990 4444 iunctionem
1037 4388 1312 4460 przebebat
1340 4404 1356 4457 ;
1389 4390 1601 4460 haeque
1635 4386 1798 4448 vicis-

207 4475 449 4533 situdine
480 4477 805 4545 alternante,
831 4479 1027 4535 aemula
1047 4493 1155 4537 nox
1180 4481 1414 4539 caeruleo
1439 4482 1794 4538 circumaml-

206 4575 298 4623 cta
324 4568 481 4640 peplo
505 4569 778 4636 veniebat,
809 4569 1300 4643 Compleloriisque
1327 4573 1612 4644 completis
1643 4582 1795 4629 tenes

206 4654 430 4713 brarum
479 4659 675 4715 horror
718 4658 831 4729 jam
882 4660 1119 4719 lucernis
1163 4664 1397 4734 egebat;
1449 4679 1513 4719 ac
1541 4666 1799 4735 quoniam

209 4747 527 4818 quiescendi
552 4760 762 4822 tempus
783 4750 899 4822 jam
921 4762 1165 4820 venerat,
1190 4755 1576 4811 monachorum
1604 4754 1802 4826 singuli

208 4837 547 4898 lectisternia
597 4843 867 4913 petierunt
918 4845 1234 4901 custodibus
1283 4847 1338 4901 in
1388 4846 1510 4902 aula
1558 4846 1802 4911 basilicae

210 4931 437 4989 relictis.
506 4933 609 5002 Qui
663 4950 816 4991 more
865 4935 968 4992 sibi
1030 4937 1190 4992 solito
1239 4938 1476 4994 lucernis
1520 4939 1802 4995 nocturnis

211 5023 369 5080 horis
406 5026 616 5103 ardere,
652 5027 822 5083 suetis
876 5029 1140 5093 accensis,
1193 5039 1355 5101 atque
1392 5031 1665 5087 universis
1708 5046 1806 5103 per

216 5123 330 5170 tota
353 5116 485 5171 aedis
517 5118 688 5188 spatia
722 5121 894 5176 cereis
936 5122 1243 5186 exstinctis,
1283 5121 1408 5176 dum
1432 5138 1573 5181 unus
1613 5137 1802 5179 eorum

215 5218 342 5280 post
381 5213 690 5282 parvissimi
749 5216 1211 5286 intercapedinem
1255 5216 1516 5286 temporis
1570 5215 1802 5287 diligeno

216 5300 350 5357 tiam
399 5304 582 5376 templi
628 5305 923 5363 observans
965 5308 1239 5374 rediisset,
1273 5322 1489 5363 cereum
1521 5308 1589 5363 ad
1624 5306 1802 5363 sancti

217 5395 449 5467 vestigia
469 5398 661 5454 ardere
681 5398 895 5454 solitum
920 5414 984 5455 ac
1001 5399 1163 5470 paulo
1180 5411 1309 5457 ante
1324 5400 1651 5457 exstinctum
1680 5398 1804 5457 fuso

1900 3270 1967 3326 ad
1994 3268 2159 3341 pedes
2186 3265 2348 3337 positi
2370 3277 2532 3334 quem
2568 3260 2731 3333 paulo
2774 3264 2902 3313 ante
2936 3253 3162 3311 accendi
3210 3251 3484 3315 viderant,

1898 3338 2042 3418 unde
2072 3360 2160 3416 isti
2192 3358 2259 3413 ad
2285 3364 2449 3428 caput
2476 3353 2666 3410 statuti
2689 3350 2902 3408 accensi
2931 3347 3149 3403 fuerunt
3191 3357 3297 3398 non
3332 3338 3489 3397 dubi-

1898 3456 2104 3511 tabant.
2136 3452 2332 3507 Finitis
2356 3463 2487 3504 vero
2525 3439 2913 3500 Matutinoi'um
2960 3436 3258 3498 solen‘tmis,
3307 3447 3372 3487 ac
3401 3430 3488 3486 die

1893 3548 2006 3618 jam
2026 3545 2379 3609 clarescente,
2407 3540 2628 3611 vulgata
2655 3536 2788 3591 facti
2817 3534 2963 3589 fama
2989 3545 3151 3588 omne
3189 3526 3487 3583 monachoo

1900 3653 2020 3692 rum
2050 3652 2241 3709 agmen
2266 3636 2321 3691 in
2347 3632 2627 3690 basilicam
2670 3629 2842 3693 venit,
2872 3636 3036 3696 atque
3083 3636 3329 3680 summae,
3360 3632 3488 3673 san-

1900 3737 2001 3784 ctae
2025 3738 2079 3783 et
2106 3726 2395 3782 individuae
2428 3720 2680 3779 Trinitati
2704 3717 2932 3775 excelsis
2961 3714 3208 3769 laudibus
3236 3709 3489 3766 vocibus-

1898 3834 2003 3890 que
2019 3817 2374 3891 jubilantibus
2398 3811 2698 3877 benedixit,
2727 3811 3017 3865 missarum
3056 3803 3250 3859 deinde
3289 3798 3489 3891 solem-

1901 3888 1990 3964 nia
2012 3888 2110 3979 pro
2134 3907 2378 3977 ejusdem
2406 3906 2611 3960 honore
2636 3901 2817 3956 Patris
2844 3898 2985 3955 ultra
3007 3895 3230 3981 solitum
3250 3888 3489 3949 devotis-

1899 4002 2036 4058 sime
2057 4000 2317 4071 implevit.
2350 3992 2515 4070 Cujus
2572 3990 2965 4064 inexplicabilis
2993 3986 3237 4045 melodiae
3266 3982 3492 4041 cantile-

1899 4110 2027 4150 nam
2056 4092 2259 4149 diutius
2276 4090 2600 4163 pretelatam
2628 4102 2728 4159 ego
2755 4086 2870 4158 ipse
2900 4085 2992 4155 qui
3022 4084 3137 4139 haec
3165 4079 3486 4152 qualiacun-

1899 4203 2004 4260 que
2026 4192 2152 4244 sunt
2180 4180 2452 4251 de'Scribo,
2480 4192 2667 4239 coram
2696 4181 2905 4252 positus
2932 4185 2987 4233 et
3027 4175 3207 4231 audivi
3239 4172 3484 4260 auribus,

1898 4259 1954 4337 et
1976 4281 2157 4352 ignem
2184 4277 2358 4335 oculis
2380 4275 2513 4342 vidi,
2552 4283 2717 4344 atque
2753 4272 2854 4326 hos
2890 4269 3055 4325 etiam
3100 4261 3402 4322 versiculos
3429 4259 3487 4314 in

1898 4374 2030 4445 ipsis
2069 4370 2424 4430 concentibus
2452 4375 2607 4424 tanto
2634 4363 2879 4438 pontifici
2915 4359 3027 4415 dixi
3054 4377 3067 4413 :

1969 4496 2178 4565 Lumen
2224 4508 2278 4563 in
2317 4508 2555 4563 aethereo
2591 4517 2756 4575 quam
2795 4500 2977 4576 clarus
3011 4495 3231 4576 haberis
3270 4492 3490 4576 olympo

2042 4579 2328 4635 Monetrati
2351 4566 2654 4650 monachis,
2682 4571 2881 4644 praesul
2913 4566 3184 4650 .Amande,
3216 4566 3343 4618 tuis.

1973 4652 2051 4705 Da
2080 4650 2296 4704 famulis
2324 4648 2533 4704 ambire
2561 4657 2663 4700 tua:
2685 4642 2963 4698 consortia
3007 4642 3152 4701 vita},

2050 4722 2119 4779 Ut
2146 4721 2367 4775 valeant
2385 4718 2542 4773 donis
2564 4715 2894 4789 participare
2928 4711 3055 4766 tuis.

1975 4835 2089 4891 Hoc
2118 4835 2280 4906 igitur
2318 4832 2591 4905 geminum
2618 4829 2927 4885 divinorum
2956 4821 3337 4880 beneficiorum
3364 4830 3489 4873 mu-

1905 4946 2028 4998 nus,
2069 4928 2428 4986 elevationem
2479 4924 2688 4981 scilicet
2733 4920 2873 4978 saeri
2910 4916 3155 4988 corporis
3197 4908 3492 4969 admirabi-
3554 4955 3560 4962 .

1911 5024 2039 5090 lem,
2078 5034 2143 5078 ac
2171 5021 2443 5077 dationem
2467 5018 2605 5089 ignis
2629 5016 2696 5071 de
2720 5013 2860 5069 euzlo
2890 5010 3038 5066 missi
3060 5002 3489 5068 memorabilem,

1912 5130 2122 5187 summo
2157 5111 2456 5170 devotionis
2486 5109 2723 5180 tripudio
2751 5106 2841 5178 qui
2873 5105 3096 5160 adfuere
3129 5099 3497 5169 celebrarunt,

1910 5218 2075 5281 atque
2094 5217 2195 5263 uta
2216 5205 2447 5279 posteris
2461 5219 2650 5260 eorum
2671 5203 2971 5257 honoretur
2986 5196 3368 5253 decreverunt,
3379 5204 3498 5252 εει-θ.

1908 5304 2099 5359 dentes
2122 5300 2368 5356 levamen
2389 5299 2680 5368 adepturos
2715 5301 3002 5355 aeternum,
3033 5287 3121 5358 qui
3151 5285 3267 5353 ejus
3295 5298 3500 5345 memo-

1907 5398 2044 5453 riam
2077 5411 2200 5453 cum
2227 5393 2408 5452 debita
2436 5389 2727 5447 habuerint
2756 5385 2969 5442 actione
2991 5381 3322 5455 gratiarum.

1529 5663 2236 5697 ωψ-
