3966 6334
569 383 674 443 985
1583 383 2003 445 EPITAPHIUM
2039 384 2287 445 PIPPINI
2322 385 2492 459 ET‘D
2499 384 2820 446 ROGONIS.

585 567 3735 610 mm

365 649 607 803 Ῥοωιτ(
661 613 1271 764 οίέοζνυσσιὲὸ
1338 602 1441 751 ’ρ

1258 974 1391 1053 DE
1482 972 2073 1057 CONFLICTU
2145 975 2443 1059 VERIS
2521 976 2654 1055 ET
2724 923 3116 1057 HYEMIS.

1731 1149 1897 1215 (Apud
1920 1149 2164 1202 Oudinum
2194 1149 2263 1202 de
2284 1150 2462 1214 Script.
2504 1152 2653 1215 eocl.)

557 1433 895 1492 Conveniunt
918 1431 1097 1488 subito
1126 1432 1305 1487 cuncti
1335 1432 1402 1487 de
1427 1430 1699 1486 montibus
1744 1430 1869 1486 altis

554 1523 809 1581 Pastores
835 1524 1122 1596 pecudum,
1154 1523 1356 1578 vernali
1383 1522 1501 1578 luce
1518 1523 1626 1583 sub
1654 1522 1867 1591 umbra,

542 1617 824 1673 ’Arboreas
855 1617 1058 1687 pariter
1082 1616 1234 1672 laetas
1270 1614 1549 1671 celebrare
1579 1628 1849 1671 camenas.

553 1708 755 1764 Omnes
780 1710 867 1764 hic
892 1709 1082 1764 cucqu
1104 1708 1289 1762 laudes
1312 1716 1535 1762 cantare
1562 1706 1850 1777 parabant.

554 1795 661 1853 Ver
683 1813 898 1869 quoque
924 1798 1174 1868 ﬂorigero
1203 1798 1512 1852 succinctus
1542 1804 1826 1851 stemmate
1845 1796 2018 1863 venit,

550 1888 767 1962 Frigida
790 1892 936 1946 venit
967 1890 1170 1955 Hiems,
1203 1892 1391 1961 rigidis
1415 1890 1626 1945 hirsuta
1655 1889 1884 1957 capillis,

551 1977 649 2036 His
673 1990 945 2036 certamen
968 1991 1085 2036 erat
1114 1982 1286 2037 cuculi
1316 1983 1381 2036 de
1411 1981 1654 2037 carmine
1695 1979 1917 2051 grande.

548 2069 661 2127 Ver
682 2072 834 2142 prior
857 2072 1041 2128 allusit
1061 2082 1245 2130 ternos
1269 2073 1633 2129 modulamine
1661 2084 1893 2127 versus:

1270 2201 1393 2240 VER.

547 2296 688 2365 Opto
721 2312 875 2354 meus
898 2298 1078 2353 veniat
1111 2298 1356 2364 cuculus,
1396 2298 1752 2355 charissimus
1786 2312 1920 2368 ales,

546 2386 809 2443 Omnibus
841 2389 941 2444 iste
964 2389 1100 2444 solet
1124 2389 1239 2445 fieri
1261 2390 1604 2461 gratissimus
1628 2390 1849 2460 hospes,

544 2479 712 2533 Intret
737 2480 784 2534 is
809 2481 1110 2545 modulans,
1141 2480 1301 2535 rutilo
1334 2481 1473 2536 bona
1504 2480 1746 2535 carmina
1787 2490 1987 2537 rostro.

545 2570 681 2627 Tum
712 2572 956 2645 glacialis
994 2572 1181 2631 Hiems
1222 2574 1500 2645 respondit
1527 2588 1662 2630 voce
1691 2588 1918 2641 serena;

1247 2725 1425 2767 HIEIS.

541 2819 657 2873 Non
685 2822 866 2876 veniat
893 2823 1138 2889 cuculus,
1170 2825 1339 2896 nigris
1367 2827 1464 2881 sed
1494 2826 1730 2882 dormiat
1753 2825 1968 2893 antris;

541 2911 647 2969 lste
670 2913 872 2971 famem
901 2930 1084 2972 secum
1116 2932 1330 2988 semper
1354 2928 1575 2988 portare
1614 2919 1841 2974 suescit.

1270 3043 1395 3083 VEB.

544 3134 685 3206 Opto
716 3153 869 3194 meus
896 3141 1079 3195 veniat
1102 3142 1323 3197 cuculus
1343 3159 1465 3197 cum
1489 3145 1731 3215 germine
1765 3144 1910 3214 laeto,

538 3226 766 3297 Frigora
805 3229 1058 3300 depellat,
1080 3231 1287 3287 Phoebo
1316 3248 1498 3289 comes
1524 3235 1698 3289 almus
1735 3236 1788 3290 in
1810 3252 2017 3307 sevum;

539 3317 781 3376 Phoebus
811 3330 959 3377 amat
984 3323 1257 3382 cuculum.
1286 3326 1553 3381 crescenti
1587 3325 1708 3383 luce
1731 3342 1941 3385 serena.

1248 3473 1426 3514 HiEMS.

536 3538 653 3595 Non
683 3544 863 3599 veniat
892 3545 1139 3613 cuculus,
1167 3557 1389 3618 generat
1423 3551 1515 3621 qui
1538 3550 1677 3607 forte
1697 3551 1933 3621 labores,

536 3627 726 3687 Praelia
747 3637 1110 3706 congeminat,
1142 3639 1381 3707 requiem
1411 3638 1670 3711 disiungit
1702 3658 1971 3709 amaram;

539 3722 731 3779 Omnia
768 3725 1069 3783 disturbat:
1099 3728 1273 3800 pelagi
1306 3739 1572 3803 terraeque
1593 3731 1860 3789 laborant.

1264 3882 1389 3922 VEB.

535 3948 674 4015 Quid
707 3959 785 4017 tu,
818 3954 971 4008 tarda
1011 3952 1217 4021 Hiems,
1246 3957 1439 4014 cuculo
1476 3958 1718 4016 convicia
1751 3958 1977 4016 cantas?

536 4038 639 4106 Qui
669 4049 884 4111 torpore
919 4046 1069 4115 gravi
1106 4049 1404 4105 tenebrosis
1436 4059 1608 4106 tectus
1642 4051 1697 4105 in
1741 4050 1935 4117 antris,

535 4129 667 4186 Post
687 4134 873 4203 epulas
906 4134 1147 4205 Veneris,
1175 4149 1297 4208 post
1319 4142 1469 4198 stulti
1502 4143 1695 4216 pocula
1715 4142 1935 4200 Bacchi.

1234 4289 1415 4331 IIII-IIS.

535 4359 676 4415 Sunt
709 4361 843 4417 mihi
864 4363 1086 4432 divitiaa,
1107 4375 1234 4423 sunt
1253 4375 1308 4422 et
1333 4367 1580 4423 convivia
1616 4367 1759 4435 laeta,
1863 4385 1869 4391 '

492 4491 500 4499 .
533 4453 629 4508 Est
668 4457 884 4527 requies
910 4457 1099 4527 dulcis,
1144 4459 1350 4516 calidus
1376 4469 1461 4517 est
1484 4462 1625 4533 ignis
1659 4463 1714 4518 in
1737 4463 1891 4530 aede;

532 4544 661 4601 Haec
683 4548 907 4606 cuculus
934 4551 1128 4620 nescit,
1155 4552 1247 4608 sed
1277 4552 1514 4625 perﬁdus
1545 4555 1636 4611 ille
1666 4554 1898 4612 laborat.

542 4707 3711 4743 ——._____._________________.______________________

2170 1414 2227 1476 Α

2979 1426 3100 1466 VEB.

2240 1502 2348 1559 Ore
2377 1501 2541 1558 refert
2561 1501 2724 1559 flores
2747 1502 2991 1569 cuculus,
3028 1512 3085 1560 et
3106 1503 3266 1560 mella
3307 1504 3578 1572 ministrat,

2239 1591 2600 1663 Aidiﬁcatque
2629 1592 2840 1659 domos,
2866 1594 3102 1665 placidas
3123 1603 3179 1650 et
3205 1595 3421 1666 navigat
3442 1596 3612 1665 undas,

2238 1683 2306 1739 Et
2332 1692 2556 1756 generat
2583 1684 2818 1753 soboles,
2847 1685 2998 1742 laetos
3016 1694 3073 1740 et
3098 1686 3296 1743 vestiet
3318 1701 3489 1758 agros.

2936 1812 3115 1853 HIEIS.

2236 1889 2365 1945 Haec
2402 1890 2619 1945 inimica
2650 1890 2786 1946 mihi
2814 1898 2963 1956 sunt,
2983 1905 3105 1959 qum
3145 1890 3242 1945 tibi
3269 1889 3390 1946 laeta
3414 1890 3660 1946 videntur:

2238 1979 2342 2035 Sed
2372 1981 2552 2051 placet
2570 1990 2782 2051 optatas
2809 1995 2974 2052 gazas
2998 1995 3290 2036 numerare
3316 1991 3549 2052 paratas;

2236 2071 2305 2127 Et
2334 2072 2568 2144 gaudere
2591 2072 2751 2139 cibis,
2786 2072 2947 2128 simul
2975 2081 3031 2128 et
3058 2073 3414 2151 requiescere
3433 2089 3634 2144 semper.

2964 2202 3089 2244 VER.

2236 2278 2369 2346 Quis
2398 2280 2519 2345 tibi,
2554 2280 2706 2335 tarda
2733 2278 2941 2346 Hiems,
2980 2295 3195 2351 semper
3228 2279 3458 2335 dormire
3483 2287 3657 2351 parata,

2237 2372 2462 2427 Divitias
2482 2371 2735 2435 cumulat,
2778 2386 2960 2441 gazas,
2989 2371 3074 2427 vel
3102 2380 3394 2443 congregat
3421 2371 3577 2429 ullas:

2237 2463 2295 2519 Si
2321 2479 2417 2520 ver
2452 2473 2545 2520 aut
2577 2473 2738 2521 testas
2767 2465 2861 2520 tibi
2897 2464 3060 2529 nulla,
3103 2465 3191 2521 vel
3229 2474 3357 2522 ante
3381 2464 3603 2521 laborat?

2910 2585 2914 2588 ⁴
2939 2592 3115 2633 HIEIS.

2237 2672 2376 2726 Vera
2412 2671 2607 2738 refers,
2638 2672 2710 2727 illi
2733 2688 3006 2742 nunquam
3043 2673 3174 2727 mihi
3204 2681 3373 2729 murta
3398 2673 3630 2735 iaborant;

2155 2780 2207 2842 Β
2238 2762 2376 2820 Sunt
2403 2768 2565 2821 etiam
2596 2768 2760 2833 servi,
2793 2775 2978 2822 nostra
3008 2766 3213 2822 ditione
3238 2769 3465 2834 subacti,

2230 2854 2351 2912 Jam
2378 2857 2509 2913 mihi
2537 2866 2817 2914 servantes
2855 2858 3074 2914 domino
3098 2873 3435 2930 quaecunque
3465 2858 3681 2914 laborant.

2229 3063 2347 3120 Non
2375 3064 2481 3121 illis
2508 3066 2781 3132 dominus,
2812 3065 2908 3121 sed
2930 3080 3134 3137 pauper
3160 3066 3427 3138 inopsque
3450 3075 3682 3137 superbus,

2228 3155 2341 3212 Nec
2370 3166 2422 3211 te
2443 3156 2553 3225 jam
2582 3156 2781 3226 poteris
2819 3171 2917 3227 per
2948 3166 2999 3212 te
3023 3165 3078 3210 tu
3100 3162 3337 3237 pascere
3362 3165 3572 3223 tantum,

2227 3244 2292 3300 Ni
2317 3246 2413 3301 tibi
2436 3246 2555 3316 quis
2583 3246 2763 3300 veniat
2782 3245 3025 3313 cuculus,
3056 3247 3318 3303 alimonia
3352 3254 3571 3319 prastet.

2226 3333 2379 3391 Tunc
2396 3336 2671 3406 respondit
2697 3350 2887 3403 ovans,
2911 3337 3126 3393 sublimi
3152 3354 3186 3394 a
3223 3338 3354 3396 sede
3379 3338 3632 3395 Palaemon.

2870 3468 3131 3509 PALBION

2223 3539 2293 3594 Et
2321 3540 2559 3610 Daphnis
2580 3542 2805 3612 pariter,
2836 3552 3113 3613 pastorum
3143 3552 3203 3600 et
3224 3545 3380 3601 turba
3407 3546 3625 3617 piorum:

2222 3633 2421 3689 Desine
2448 3633 2622 3705 plura,
2649 3633 2852 3703 Hiems,
2882 3647 3063 3692 rerum
3098 3646 3156 3694 tu
3186 3640 3439 3710 prodigus
3459 3645 3625 3700 atrox;

2221 3728 2292 3783 Et
2310 3728 2493 3783 veniat
2513 3729 2751 3794 cuculus,
2781 3740 3059 3801 pastorum
3090 3731 3267 3787 dulcis
3286 3733 3508 3797 amicus;

2220 3817 2462 3876 Collibus
2487 3821 2541 3875 in
2578 3822 2782 3877 nostris
2816 3832 3105 3893 erumpant
3137 3823 3382 3894 germina
3410 3822 3539 3885 laeta;

2219 3911 2427 3968 Pascua
2456 3913 2527 3969 sit
2550 3915 2754 3983 pecori,
2786 3916 3001 3987 requies
3035 3924 3089 3971 et
3113 3915 3290 3972 dulcis
3313 3916 3369 3971 in
3388 3915 3553 3981 arvis;

2217 4001 2288 4059 Et
2315 4002 2515 4060 virides
2544 4006 2680 4059 rami
2719 4014 2975 4077 praestent
3000 4007 3319 4063 umbracula
3356 4006 3523 4064 fessis.

2219 4096 2491 4153 Uberibus
2514 4098 2685 4168 plenis
2705 4099 3033 4169 veniantque
3058 4099 3127 4155 ad
3150 4100 3380 4156 mulctra
3407 4096 3621 4171 capelle;

2141 4148 2188 4214 θ’
2226 4188 2293 4244 Ει
2312 4188 2559 4245 volucres
2582 4191 2727 4245 varia
2762 4190 3027 4247 Phoebum
3059 4194 3160 4248 sub
3184 4208 3317 4249 voce
3340 4148 3573 4250 salutent.

2226 4281 2565 4354 Quapropter
2588 4284 2747 4340 citius
2768 4282 2990 4342 cuculus
3019 4301 3168 4342 nunc
3199 4302 3329 4344 ecce
3355 4287 3537 4350 venito,

2225 4373 2362 4429 Tum
2387 4374 2501 4445 jam
2527 4374 2699 4431 dulcis
2722 4391 2897 4443 amor,
2927 4378 3140 4434 cunctis
3159 4380 3511 4451 'gratissimus
3530 4377 3696 4444 hospes.

2224 4464 2417 4522 Omnia
2453 4475 2507 4523 te
2534 4477 2869 4538 exspectant,
2904 4470 3079 4544 pelagi
3120 4472 3382 4544 tellusque
3408 4472 3645 4528 salutant:

2223 4555 2404 4625 Salve,
2428 4558 2582 4615 dulce
2609 4561 2771 4616 decus
2799 4554 3044 4631 cuculus,
3076 4578 3177 4635 per
3197 4564 3391 4621 saecula
3415 4563 3564 4620 salve.

1174 4836 1825 4917 EPITAPHIUM
1904 4839 2302 4920 PIPPINI
2379 4841 2509 4919 ET
2584 4842 3104 4925 DROGONIS

695 4983 911 5049 Caroli
952 4986 1131 5050 Calvi
1161 4987 1471 5069 ﬁliorum,
1502 4990 1637 5071 qui,
1666 4989 1904 5053 Miloni
1931 4990 2014 5052 ad
2042 4990 2450 5054 erudiendum
2479 4995 2811 5071 commissi,
2852 4998 2992 5078 ipso
3032 5000 3329 5078 pueritiw
3361 5008 3602 5081 tempore

1879 5091 2038 5154 diem
2066 5092 2447 5157 clauserunt.

1511 5213 1673 5280 (Apud
1702 5214 1887 5267 labill.
1913 5213 2030 5266 Acta
2053 5214 2140 5266 SS.
2160 5215 2263 5266 0rd.
2289 5217 2500 5281 Beued.,
2527 5227 2652 5274 sect.
2676 5224 2767 5288 tv.)

529 5425 983 5503 Quisqnevidens
1001 5437 1215 5503 nostras
1242 5429 1425 5503 solerti
1450 5432 1611 5487 corde
1636 5431 1853 5503 figuras,

600 5497 854 5565 Perspice
883 5514 1042 5568 quam
1071 5499 1249 5557 subito
1277 5500 1476 5555 deﬂuat
1514 5497 1877 5557 orbis‘lmnos.

530 5569 672 5638 Rege
696 5570 796 5622 sati
833 5570 1050 5633 fuimus,
1080 5586 1272 5625 nomen
1305 5573 1392 5639 qni
1424 5574 1636 5625 nomine
1671 5572 1821 5626 duxit

600 5639 673 5693 De
696 5639 867 5707 Magni
899 5640 1136 5709 Magnus,
1166 5642 1230 5695 de
1266 5641 1440 5695 Kumli
1466 5643 1711 5699 Kal-olus.

531 5707 639 5778 Nec
668 5710 820 5765 licuit
846 5707 1013 5765 totum
1045 5712 1162 5763 \‘ilan
1192 5712 1537 5778 complectier
1558 5729 1777 5777 annum,

592 5776 699 5833 Sed
734 5783 910 5852 rapuit
937 5790 1148 5836 nostras
1176 5776 1352 5835 debita
1383 5796 1526 5837 mors
1548 5784 1774 5838 animas.

2124 5435 2178 5495 D
2204 5431 2260 5487 Si
2288 5433 2499 5557 ﬁenitor
2530 5443 2772 5493 nostram
2807 5438 3047 5510 dignaris
3077 5442 3254 5499 visere
3286 5444 3528 5505 tumbam,

2336 5521 2399 5557 (ιχ
2431 5515 2646 5557 nostros
2665 5508 2846 5557 obitus
2867 5526 2936 5557 ne
2964 5512 3149 5557 dnleng
3175 5515 3421 5557 norimus-

2336 5521 2399 5583 ex
2431 5515 2646 5583 nostros
2665 5508 2846 5583 obitus
2867 5508 2936 5564 ne
2964 5512 3149 5567 doleas
3175 5515 3422 5583 petimus.

2216 5574 2399 5652 Terris
2420 5577 2636 5652 sublati,
2670 5578 2877 5648 placida
2911 5584 3129 5652 regione
3154 5574 3337 5651 locati,

2280 5646 2411 5699 Cum
2440 5649 2641 5721 sanctis
2666 5646 2850 5719 requie
2879 5646 3134 5721 perpetua
3176 5646 3419 5710 fruimur.

2209 5713 2319 5795 v03
2343 5718 2511 5795 nostri
2544 5713 2809 5795 memores
2838 5713 3024 5779 felices
3051 5733 3168 5780 este
3200 5735 3460 5795 parentes.

2276 5786 2389 5843 Hoc
2407 5784 2662 5860 Pippinus
2690 5807 2789 5864 ego
2809 5808 2996 5865 posco,
3019 5784 3281 5869 simulque
3304 5795 3489 5867 Brom.
