3966 6334
581 219 684 279 98⁸1

1599 209 1657 265 S.
1700 205 1957 263 REMIGII
1998 200 2486 261 LUGDUNENSIS
2525 197 2838 257 EPISCOPI
3657 210 3726 266 933

581 331 869 391 sitionibus
896 329 1027 401 quid
1054 328 1138 385 vel
1169 331 1238 384 ab
1271 328 1407 398 ipso,
1440 326 1522 381 vel
1555 341 1582 379 a
1616 324 1850 387 ueteris,
1891 322 2003 376 sive
2032 328 2160 374 tunc
2191 323 2240 379 Α
2268 331 2428 385 quam
2458 313 2655 369 Paulus
2680 313 2771 383 qui
2818 309 3020 374 docuit,
3056 328 3074 360 ι
3097 324 3193 380 per
3222 310 3435 401 visibilia
3456 312 3729 377 visibiliumst

579 417 850 493 obiectum
889 419 1073 486 fuerit,
1113 417 1229 474 sive
1259 431 1428 488 usque
1452 415 1613 473 hodie
1641 414 1783 486 apud
1812 427 1908 468 eos
1937 411 2161 483 obiicia-

583 526 689 581 tur,
718 514 923 586 pariter
946 520 1235 572 exsecutus
1257 518 1360 567 est.

649 608 929 665 Secundus
972 613 1151 661 autem
1206 602 1510 676 (Pardulus)
1559 602 1724 656 etiam
1762 599 2024 669 quosdam
2070 598 2161 668 qui

484 746 491 753 .
581 702 843 758 adversus
883 714 1005 754 eum
1055 697 1375 767 scripserint
1425 693 1564 761 fere,
1612 710 1708 748 sex
1761 707 1987 747 numero
2043 705 2161 745 me-

581 793 831 850 moravit.
879 789 991 846 Nec
1020 797 1203 849 tamen
1231 787 1467 860 aliquem
1495 800 1683 843 eorum
1721 785 1787 840 ad
1819 786 1931 840 rem
1963 783 2028 838 de
2057 796 2163 854 qua

581 887 874 959 quaeritur,
935 882 1228 940 sufﬁcienti
1281 876 1489 937 ratione
1540 876 1869 935 satisfecisse
1918 892 2162 947 conque-

581 988 699 1035 stus
727 984 833 1033 est.

650 1066 787 1122 Nam
839 1066 1032 1121 tertius
1078 1063 1410 1135 (Rabanus),
1464 1077 1572 1117 non
1615 1062 1682 1116 ad
1725 1060 2022 1116 Ecclesiam
2070 1073 2168 1113 no-

581 1166 773 1223 stram,
820 1158 915 1212 sed
948 1157 1016 1211 ad
1049 1155 1339 1225 quemdam
1382 1153 1545 1208 alium
1588 1153 1899 1224 episcopum
1952 1152 2165 1221 specia-

580 1245 705 1302 liter
747 1246 1062 1314 scripsisse,
1106 1254 1160 1300 et
1201 1245 1335 1313 quid
1375 1244 1443 1298 de
1482 1244 1584 1299 hac
1632 1258 1690 1299 re
1743 1243 1815 1298 illi
1871 1243 2164 1297 tenendum

584 1337 699 1394 sive
733 1337 1037 1392 docendum
1073 1346 1220 1391 esset
1248 1336 1412 1408 (sicut
1435 1336 1484 1390 ei
1512 1335 1685 1389 visum
1716 1336 1819 1404 est)
1848 1335 2167 1405 exposuisse

583 1438 641 1485 et
660 1427 917 1484 deﬁnisse
939 1429 1305 1499 cognoscitur.

656 1520 786 1587 Qua:
811 1519 994 1574 omnia
1022 1536 1144 1574 cum
1168 1518 1510 1588 legissemus,
1534 1527 1589 1573 et
1608 1527 1768 1589 prout
1790 1517 2048 1573 Dominus
2077 1517 2171 1573 de-

584 1612 683 1677 dit,
715 1611 946 1666 sollicite
970 1618 1026 1665 et
1055 1609 1286 1664 ﬁdeliter
1317 1618 1722 1674 tractassemus,
1748 1610 1920 1664 visum
1946 1610 2168 1663 (unuino

2266 406 2617 462 invisibilium
2664 416 2992 475 cognoscere
3038 401 3342 458 Creatorem
3383 400 3502 472 (Col.
3538 418 3575 471 ι,
3603 409 3726 480 l6),i

2267 496 2430 568 coepit
2462 497 2778 568 praedicare.

2340 591 2390 644 1.
2437 609 2454 641 ι
2486 589 2621 657 Quia
2661 596 2787 642 ante
2812 585 2995 641 omnia
3025 585 3237 648 saecula,
3274 595 3328 640 et
3362 592 3599 658 antequam
3629 594 3732 661 quid-

2268 697 2430 753 quam
2460 681 2665 736 faceret
2689 696 2718 733 a
2746 678 3014 750 principio
3038 676 3202 743 Deus,
3226 693 3355 748 quos
3375 679 3519 734 voluit
3538 684 3729 751 praedesti-

2269 754 2419 827 navit
2467 772 2533 826 ad
2578 783 2827 841 regnum,
2856 778 2912 824 et
2937 783 3074 839 quos
3119 768 3289 824 voluit
3324 770 3657 840 praedestinavit
3692 778 3735 832 ad

2273 863 2573 917 interitum.

2341 953 2395 1007 2.
2444 972 2460 1004 ι
2494 954 2557 1008 Εῑ
2603 954 2696 1026 qui
2743 950 3109 1023 praedestinali
3145 958 3269 1005 sunt
3293 950 3357 1019 ad
3396 951 3643 1020 interitum,
3673 956 3738 1012 sal-

2270 1046 2388 1099 vari
2420 1060 2525 1100 non
2552 1052 2817 1114 possunt;
2865 1053 2917 1097 et
2963 1042 3054 1112 qui
3104 1041 3451 1113 praedestinati
3498 1052 3599 1099 sunt
3620 1047 3740 1103 adte-

2271 1153 2454 1207 gnum,
2485 1135 2663 1205 perire
2687 1150 2793 1189 non
2821 1141 3066 1205 possunt.

2342 1230 2396 1285 5.
2441 1249 2459 1279 c
2490 1229 2554 1280 Et
2581 1227 2723 1282 Deus
2752 1242 2859 1280 non
2883 1224 2999 1280 vult
3026 1240 3218 1280 omnes
3241 1225 3471 1279 homines
3495 1225 3634 1281 salvos
3650 1227 3740 1296 ﬁeri,

2273 1320 2366 1375 secl
2393 1334 2486 1373 eos
2526 1328 2732 1372 tantum
2776 1317 2868 1387 qui
2927 1315 3223 1370 salvantur.
3275 1315 3337 1369 Et
3384 1316 3508 1386 quod
3538 1317 3637 1371 dicit
3656 1319 3743 1389 Apo-

2272 1411 2473 1466 stolus:
2509 1410 2639 1477 «Qui
2660 1409 2775 1463 vult
2792 1424 2987 1464 omnes
3012 1408 3258 1463 homines
3282 1406 3448 1462 salvos
3469 1406 3565 1463 ﬁeri
3588 1408 3627 1479 (1
3651 1408 3739 1467 Tia.

2272 1520 2334 1569 ιι,
2367 1505 2455 1575 4),
2490 1523 2508 1554 ι
2562 1502 2687 1557 illos
2748 1501 2852 1556 dici
2915 1515 3108 1555 omnes
3170 1500 3262 1570 qui
3317 1500 3633 1555 tantummodo
3668 1499 3738 1555 sal-

2272 1604 2489 1648 vantur.

585 1705 744 1761 nobis
773 1712 857 1759 est
887 1703 1029 1774 quod
1073 1696 1131 1759 et
1173 1704 1656 1774 interrogantibus,
1708 1713 1766 1757 ut
1812 1704 2012 1757 dictum
2064 1711 2167 1767 est,

2346 1687 2402 1740 4.
2438 1707 2455 1737 ί
2481 1682 2735 1741 Christus
2789 1698 2893 1738 non
2938 1682 3089 1738 venit
3133 1690 3195 1736 nt
3247 1695 3426 1737 omnes
3464 1680 3744 1745 salvaret,lec

586 1797 986 1852 venerabilibus
1010 1798 1164 1861 viris,
1192 1807 1249 1852 et
1274 1798 1509 1867 ipsarum
1538 1798 1873 1868 opinionum,
1908 1813 2027 1865 qum
2058 1806 2170 1851 tam

588 1888 862 1944 laciniosa
888 1897 946 1943 et
976 1888 1230 1944 involuta:
1261 1897 1535 1959 ponuntur
1563 1889 1887 1944 necessitate
1920 1897 2169 1957 cogente,

585 1994 795 2035 necnon
825 1989 881 2034 et
910 1980 1297 2049 simpliciorum
1328 1976 1488 2049 atque
1519 1980 1880 2050 ignorantium
1915 1980 2169 2044 fratrum,

586 2089 725 2145 quos
743 2073 930 2128 talium
963 2075 1320 2143 quaestionum
1348 2074 1558 2129 incerto
1588 2072 1847 2127 ﬂuctuare
1888 2071 2172 2140 cognosci-

587 2181 729 2231 mus,
784 2165 1191 2236 perturbatione
1242 2164 1523 2231 compulsi,
1578 2163 1884 2218 nullatenus
1932 2162 2169 2233 (qualem

586 2255 790 2312 donare
818 2254 1077 2310 Dominus
1098 2255 1348 2326 dignatus
1376 2254 1558 2318 fuerit)
1584 2254 1995 2323 responsionem
2022 2251 2169 2318 ﬁdei,

586 2362 695 2403 non
715 2361 783 2401 ex
813 2353 1003 2401 nostro
1032 2359 1215 2409 sensu,
1255 2346 1349 2400 sed
1390 2362 1454 2400 ex
1494 2344 1900 2415 Seripturarum
1948 2351 2171 2398 sancta-

587 2453 707 2493 rum
746 2437 1009 2493 immobili
1048 2437 1300 2501 veritate,
1335 2445 1390 2492 et
1428 2436 1867 2491 beatissimorum
1915 2434 2177 2490 ecclesia-

587 2530 849 2585 sticorum
885 2528 1108 2584 Patrum
1138 2528 1517 2584 fundatissima
1561 2529 1906 2593 auctoritate,
1954 2529 2175 2583 subtra-

586 2618 718 2676 ltere
759 2621 1070 2686 debeamus,
1095 2629 1383 2691 quatenus,
1420 2621 1737 2693 inquantum
1768 2619 2029 2673 Dominus
2056 2618 2177 2688 epi-

588 2711 752 2777 tulari
779 2713 1048 2785 dignatur,
1079 2720 1136 2768 et
1164 2713 1319 2769 nobis
1350 2713 1484 2783 ipsis
1516 2729 1581 2769 ex
1612 2710 1921 2781 hujusmodi
1952 2727 2178 2781 respon-

589 2803 758 2859 sionis
787 2804 966 2859 studio
994 2804 1116 2858 ﬁdei
1148 2804 1377 2859 ﬁrmitas
1401 2813 1685 2876 augeatur,
1716 2812 1772 2858 et
1794 2804 1917 2858 aliis
1944 2804 2034 2873 qui
2061 2804 2177 2857 hmo

594 2895 828 2953 fortasse
862 2895 1039 2969 legere
1062 2897 1353 2962 voluerint,
1379 2912 1542 2967 quam
1572 2897 1802 2951 ﬁdeliter
1823 2887 2004 2950 divina
2037 2894 2179 2951 veri-

594 2994 680 3043 tas
708 2988 778 3043 sit
803 2986 1092 3055 servanda,
1124 3004 1285 3058 quam
1317 2997 1629 3044 reverenter
1657 2998 1711 3043 et
1750 2988 2069 3043 obedienter
2093 3002 2181 3057 pa-

595 3086 751 3133 terna
776 3080 1072 3135 auctoritas
1096 3076 1390 3149 sequenda,
1415 3078 1728 3151 diligentius
1751 3086 1806 3133 et
1833 3075 2178 3132 manifestius

593 3170 920 3229 declaretur.

1110 3284 1337 3342 CAPUT
1374 3285 1666 3342 PRIMUM.

827 3376 909 3433 De
933 3379 1123 3450 prima,
1152 3396 1269 3451 quia
1292 3389 1367 3434 est
1394 3378 1699 3447 Hincmari,
1727 3379 1965 3451 epistola.

670 3488 885 3545 Primus
933 3489 1099 3561 igitur
1138 3490 1250 3558 qui,
1293 3498 1351 3544 ut
1376 3502 1537 3561 supra
1566 3491 1823 3557 diximus,
1856 3491 2195 3548 miserabilis

597 3581 741 3637 illius
770 3581 1023 3637 monachi
1068 3590 1122 3637 et
1166 3592 1345 3637 actum
1381 3582 1658 3649 describit,
1696 3594 1751 3639 et
1778 3586 2078 3640 doctrinam
2101 3601 2187 3643 re-

597 3671 830 3742 darguit,
849 3679 904 3726 et
919 3670 1316 3726 damnationem
1338 3672 1883 3743 exponit,'postquam
1903 3689 2027 3729 eum
2049 3675 2187 3730 dixit

596 3758 742 3815 ultro
768 3759 869 3815 sibi
900 3760 1270 3830 przedicatoris
1294 3775 1490 3816 nomen
1519 3765 1899 3833 assumpsisse,
1927 3775 2090 3834 atque
2116 3765 2186 3821 ad

597 3850 859 3908 barbaras
898 3862 953 3909 et
984 3869 1221 3927 paganas
1268 3864 1457 3926 gentes
1498 3855 1644 3911 velut
1687 3854 2186 3928 cvangelizaturum

508 3984 513 3987 .
598 3943 920 4009 perrexisse,
967 3944 1053 3999 his
1081 3945 1263 4001 verbis
1289 3946 1487 4002 seriem
1513 3946 1917 4017 praedicationis
1946 3949 2065 4021 ejus
2092 3964 2187 4004 ex-

600 4035 847 4104 sequitur
870 4038 1079 4094 dicens.

1228 4146 1553 4186 HINCIABUS.

679 4236 850 4293 «Alio
899 4238 1333 4309 praedicationem
1392 4256 1545 4296 suam
1597 4257 1755 4298 orsus
1812 4243 1969 4299 initio
2018 4259 2183 4315 quam

601 4324 861 4394 Joannes,
900 4328 994 4399 qui
1022 4329 1196 4386 dixit:
1231 4349 1251 4382 ι
1276 4330 1661 4386 Paenitentiam
1690 4332 1851 4403 agite,
1887 4336 2186 4406 appropin-

2278 1793 2472 1849 passus
2500 1787 2581 1831 est
2606 1792 2703 1847 pro
2737 1776 3010 1839 omnibus,
3052 1774 3153 1829 nisi
3183 1773 3498 1829 solummodo
3516 1787 3593 1844 pro
3612 1768 3744 1842 bisqui
3842 1768 3843 1799 έ

2276 1868 2546 1939 passionis
2579 1867 2697 1938 ejus
2726 1866 3007 1921 salvantur
3036 1864 3317 1936 mysterio.

2345 1959 2399 2014 5.
2437 1979 2456 2011 ‹
2510 1961 2577 2014 Ει
2616 1968 2901 2029 postquam
2948 1958 3162 2027 primus
3202 1957 3359 2012 homo
3408 1956 3556 2011 libero
3594 1954 3746 2011 arbitrio
3846 1968 3847 2031 γ

2277 2050 2493 2113 cecidit,
2518 2063 2696 2103 -uemo
2743 2056 2987 2103 nostrum
3021 2047 3091 2101 ad
3132 2047 3271 2101 bene
3301 2047 3556 2116 agendum,
3579 2045 3745 2100 sedtu-

2280 2138 2555 2195 tunuuodo
2598 2138 2665 2192 ad
2712 2138 2852 2193 male
2895 2136 3163 2209 agendum
3204 2136 3370 2191 libero
3413 2141 3567 2204 potest
3605 2133 3663 2188 uti
3691 2147 3745 2187 ar-

2276 2231 2460 2287 bitrio.
2486 2249 2506 2283 ι

2915 2314 3222 2355 Βεεροκειο.

2352 2415 2419 2470 Et
2458 2422 2654 2471 czetera
2692 2429 2811 2485 qua:
2843 2414 2956 2486 jam
2987 2413 3055 2469 de
3084 2412 3215 2468 aliis
3240 2412 3372 2468 actis
3399 2410 3505 2483 ejus
3524 2423 3612 2465 non
3632 2406 3751 2464 dedo-

2280 2507 2466 2563 ctrina:
2517 2517 2704 2562 tenore
2742 2505 3075 2577 exsequitur.
3108 2517 3135 2545 ι
3167 2503 3282 2561 Hoc
3327 2503 3494 2575 itaque
3533 2500 3654 2557 nobis
3673 2490 3750 2555 lieel

2280 2616 2347 2655 ex
2391 2607 2547 2671 parte
2594 2599 2909 2655 incredibile
2946 2599 3218 2665 videatur,
3247 2598 3389 2670 quod
3410 2595 3622 2651 videlicet
3640 2593 3752 2665 genti-

2279 2691 2381 2746 bus
2425 2691 2799 2762 ignorantibus
2845 2690 3135 2746 Dominum
3185 2689 3489 2762 praedicans,
3527 2682 3751 2759 pratemir

2284 2792 2399 2837 tere
2420 2782 2679 2853 potuerit,
2711 2789 2768 2837 ut
2792 2797 3017 2839 noneos
3042 2783 3222 2853 primo
3249 2780 3477 2837 omnium
3501 2777 3558 2834 ad
3575 2775 3753 2848 penita;

2284 2876 2415 2930 tiam
2439 2884 2783 2945 provocaret,
2813 2888 2915 2930 nec
2940 2874 3023 2930 eis
3053 2874 3203 2928 inter
3233 2881 3520 2930 creaturam
3542 2876 3587 2925 et
3607 2866 3755 2924 Creato-

2283 2981 2396 3023 rem
2450 2966 2843 3022 rationabiliter
2884 2965 3207 3021 discernere
3258 2962 3595 3034 persuaderet,
3625 2953 3754 3023 utin

2209 3043 2254 3106 C
2289 3074 2394 3113 non
2437 3059 2703 3123 colerent,
2753 3068 2967 3126 «neque
2992 3056 3263 3112 servirent
3297 3062 3568 3111 creatura)»
3595 3061 3666 3118 per
3682 3043 3755 3099 ido-

2286 3149 2513 3205 lolatriae
2550 3163 2817 3213 errorem,
2868 3165 2887 3198 ‹
2910 3148 3004 3202 sed
3042 3148 3224 3217 potius
3253 3145 3505 3210 Creatori,
3535 3134 3756 3211 quiestbe

2286 3239 2532 3294 nedictus
2576 3239 2627 3293 in
2674 3238 2870 3294 saecula
2914 3237 3090 3310 (Rom.
3121 3255 3164 3305 ι,
3194 3238 3362 3308 25);›
3406 3232 3493 3292 sed
3526 3228 3755 3304 quaestiones
3792 3250 3795 3257 ι

2286 3330 2388 3395 eis,
2412 3330 2578 3383 etiam
2608 3327 2855 3383 ﬁdelibus
2891 3337 2944 3383 et
2977 3329 3156 3384 doctis
3197 3316 3757 3391 difﬁcillimas,dedivinis

2285 3421 2503 3491 iudiciis
2530 3430 2585 3477 et
2627 3421 3124 3494 prtedcstinationis
3154 3437 3221 3477 ac
3253 3416 3603 3491 redemptionis
3630 3418 3758 3484 myste-

2289 3512 2370 3567 rio
2415 3514 2798 3583 proposuerit:
2831 3522 3011 3569 tamen
3058 3515 3521 3585 praetermittentes
3566 3505 3684 3575 huius
3711 3498 3759 3555 ηί

2289 3614 2399 3661 tam
2448 3606 2737 3662 absurdam
2779 3615 2831 3662 et
2873 3608 3230 3678 incongruam
3275 3605 3614 3676 objectionem,
3651 3594 3759 3665 mﬂ’

2288 3699 2559 3755 credimus
2601 3700 2744 3754 inter
2786 3699 2971 3756 ﬁdeles
3009 3700 3094 3755 vel
3132 3703 3298 3756 etiam
3327 3700 3601 3756 sacerdotes
3623 3694 3759 3750 illarum

2289 3790 2526 3861 partium
2572 3790 2697 3846 talia
2745 3804 2964 3848 movere
2990 3801 3045 3847 et
3069 3807 3372 3864 proponere
3397 3789 3616 3861 potuisse,
3635 3782 3761 3855 quibus

2289 3899 2609 3954 magnarum
2651 3892 2707 3939 et
2758 3899 3022 3940 novarum
3066 3900 3250 3940 rerum
3298 3885 3439 3941 velut
3481 3895 3621 3939 novus
3658 3886 3762 3943 atque

2289 3973 2638 4029 admirandus
2685 3975 3013 4045 praedicator
3052 3976 3469 4041 existimaretur,
3500 3985 3632 4044 quam
3659 3971 3763 4022 tant:

2289 4079 2413 4120 eum
2462 4064 2725 4122 fatuitatis
2768 4073 2822 4123 et
2867 4066 3113 4123 stultitia:
3144 4068 3439 4132 exstitisse,
3476 4074 3528 4119 ut
3558 4063 3763 4130 imputem

2288 4155 2532 4211 omnium
2575 4172 2756 4211 rerum
2799 4158 3106 4213 divinarum
3152 4160 3370 4230 penitus
3396 4156 3575 4228 ignaris
3599 4160 3679 4205 tam
3701 4146 3766 4200 im-

2289 4258 2519 4317 portune
2560 4259 2615 4305 et
2650 4261 2979 4321 praepostere
3004 4252 3130 4307 talia
3158 4252 3461 4324 ingessisse,
3490 4247 3651 4319 quibus
3674 4234 3765 4310 apud

2291 4355 2386 4395 eos
2434 4357 2537 4397 non
2585 4342 2907 4409 audiendus,
2961 4345 3056 4400 sed
3104 4345 3291 4414 potius.
3329 4342 3529 4415 penitus
3566 4330 3764 4393 ride

609 4438 626 4471 ο
659 4420 845 4489 quavit
870 4420 1019 4476 enim
1066 4434 1291 4490 regnum
1315 4420 1577 4477 caelorum
1605 4419 1820 4492 (Matth.
1847 4438 1929 4490 ιιι,
1962 4423 2051 4495 2);
2088 4444 2105 4476 ι
2131 4436 2187 4483 et
2211 4418 2265 4481 D
2289 4433 2433 4487 etab
2455 4432 2698 4487 omnium
2723 4433 2946 4489 auribus
2975 4434 3242 4490 arcendus
3270 4432 3600 4505 judicaretur.

1550 4555 1761 4613 ΝΟΤίΕ
1799 4557 2123 4617 DUVALLII
2159 4563 2500 4627 DOCTORIS
2541 4568 2919 4627 SORBONICI.

674 4690 697 4718 ιι
737 4675 1112 4746 Lugdunensis
1138 4675 1379 4731 Ecclesia
1405 4675 1572 4731 haece
1598 4674 1963 4746 disputatione
1990 4685 2178 4746 patro-

674 4692 697 4718 ιι
737 4692 1112 4802 ιιυέιιιηθηςιε
1143 4692 1379 4731 νιεειθειδ
1407 4692 1572 4731 nacce
1598 4692 1963 4746 disputatione
1990 4692 2178 4746 patro-

602 4748 803 4804 ciuium
872 4747 1187 4802 otteschalci
1213 4748 1425 4802 videtur
1445 4747 1739 4815 suscipere,
1759 4745 1884 4801 licet
1904 4760 2025 4801 eum
2052 4765 2185 4815 prae-

602 4818 1000 4885 Sumptuosum,
1030 4818 1350 4873 insolentem
1379 4825 1436 4871 et
1463 4816 1823 4872 miserabilem
1855 4816 2182 4874 monachum

606 4887 854 4960 appellet.
888 4887 1379 4960 Praesumptuosum
1407 4888 1640 4960 quidem
1648 4889 1797 4960 quod
1822 4887 1985 4960 ultro,
2009 4889 2072 4960 id
2101 4898 2187 4947 est

607 4957 872 5013 renitente
897 4960 1093 5014 abbate
1114 4957 1145 5025 ,⁷
1159 4957 1556 5029 praedicationis
1582 4957 1814 5013 oﬂicium
1844 4958 1909 5029 ad
1929 4958 2184 5029 inﬁdeles

606 5029 925 5100 susceperit,
954 5038 1141 5085 contra
1163 5027 1314 5100 quod
1354 5030 1485 5085 dicit
1521 5028 1810 5099 Apostolus
1843 5047 1856 5082 :
1895 5027 2064 5086 Nemo
2102 5046 2188 5086 as-

555 5155 567 5170 ,
608 5097 787 5154 Sumat
810 5097 1205 5170 sibihornorem—
1224 5100 1325 5156 nisi
1352 5097 1630 5157 vocetur'a
1660 5100 1771 5155 Deo
1793 5108 2049 5169 tanquam
2078 5101 2187 5157 Aa-

609 5185 743 5243 ron;
772 5179 830 5243 et
862 5187 877 5223 :
905 5168 1187 5243 Quomodo
1221 5172 1728 5243 prmdicabuntgnisi
1768 5168 2091 5243 mittantur:
2130 5181 2186 5230 et

608 5240 726 5297 hac
748 5240 922 5310 prima
951 5242 1075 5296 mali
1105 5240 1244 5298 illius
1272 5243 1443 5305 labes,
1473 5242 1580 5296 imo
1602 5240 1776 5297 Lerna
1802 5242 2043 5296 omnium
2068 5259 2185 5299 suo-

609 5327 729 5385 rum
760 5310 1039 5385 malorum.
1073 5312 1391 5385 lnsolenlem
1412 5328 1566 5385 _vero
1592 5312 1748 5385 Aforte
1791 5312 1934 5382 quod
1964 5328 2058 5367 sua
2086 5314 2184 5371 do-

608 5382 814 5455 gmata,
853 5381 936 5455 ab
958 5384 1206 5455 omnibus
1246 5385 1358 5439 fere
1396 5383 1710 5440 doctoribus
1734 5381 2073 5455 eo’tempore
2103 5400 2188 5441 re-

608 5453 868 5537 probata,
886 5453 1108 5537 nimium
1124 5454 1382 5537 iactaret,
1404 5465 1461 5537 et
1489 5456 1540 5510 in
1563 5454 1754 5537 vulgus
1777 5454 2026 5537 inse-lenti
2055 5473 2187 5537 qna-

609 5524 734 5583 dam
763 5524 1056 5580 ambitione
1083 5536 1139 5581 et
1165 5543 1288 5583 cum
1322 5528 1557 5583 maximo
1587 5524 1752 5582 totius
1781 5526 2035 5583 Ecclesiae
2059 5524 2185 5583 Cal-

609 5594 798 5655 iicana:
854 5594 1179 5652 detrimento
1233 5599 1629 5653 disseminaret.
1680 5595 2038 5653 Miserabilcm
2091 5599 2185 5653 do-

609 5658 780 5737 lnum,
808 5666 950 5741 quod
979 5666 1200 5742 ﬂagellis
1231 5668 1412 5724 tandiu
1441 5667 1605 5724 fuerit
1626 5667 1950 5724 dilaceratus
1969 5710 1982 5735 ,
2016 5671 2185 5726 donec

2288 4699 2519 4755 accenso
2543 4685 2691 4740 circa
2716 4698 2775 4740 se
2806 4684 2931 4755 igne
2967 4682 3204 4740 libellum
3248 4699 3403 4741 suum

2287 4756 2389 4810 bus
2415 4755 2468 4808 in
2500 4754 2750 4811 ﬂammas
2775 4740 3088 4825 pruojiceret,
3119 4766 3174 4810 et
3198 4740 3397 4812 aeterno
3436 4740 3564 4825 vehit
3597 4740 3768 4820 incendi?

2287 4834 2677 4899 concremaret.
2695 4822 2898 4899 ⁸Ιιιήιιᾲοξδ
2922 4826 3169 4896 supplicii
3196 4842 3364 4899 genus
3390 4822 3627 4899 invehitur
3644 4825 3768 4899 pm?

2287 4911 2390 4980 pne
2416 4895 2659 4979 Ecclesia
2692 4893 3069 4980 Lugdunensis
3092 4893 3224 4980 cum'
3253 4896 3481 4980 singulas
3516 4893 3768 4980 φὶιξξιξξθνς

2289 4947 2541 5031 ἒῑὶἱοῆἑὲζ
2554 4947 2600 5021 1i
2607 4947 2732 5023 hic;
2744 4947 2969 5037 eam;
2977 4947 3119 5036 aiam:
3129 4947 3215 5024 {si
3242 4947 3488 5023 animi.
3514 4947 3769 5037 ὦ·ὺὶεῆοξξᾷ

2289 5020 2437 5111 pan...
2465 5020 2891 5111 credebam;
2912 5020 3389 5111 ερρξυῑιι-ῐιέᾱεέέίεί
3411 5020 3475 5093 et
3499 5031 3625 5111 suavi
3649 5020 3771 5111 pth

2292 5098 2505 5164 catione
2534 5109 2715 5163 reduci
2745 5123 2903 5179 posse
2933 5108 3179 5164 aﬂirmet.
3225 5098 3375 5167 Un’de
3408 5123 3504 5179 non
3535 5098 3770 5179 simplici“?

2292 5180 2471 5249 arguit
2498 5180 2638 5250 quod
2668 5183 2730 5251 in
2748 5168 2871 5234 eum
2898 5180 3066 5251 virgis
3091 5179 3252 5236 fuerit
3276 5168 3659 5251 animadversum
3677 5168 3769 5251 (αἶ’

2293 5244 2406 5305 tum
2436 5244 2686 5323 est'euiin
2713 5249 2837 5319 jure
2868 5244 3072 5323 Optimo
3103 5252 3276 5321 puniri
3310 5247 3637 5323 haereticos-el

2294 5313 2778 5395 tores,‘siquidem
2824 5313 2928 5376 non
2976 5313 3155 5395 minus
3204 5313 3771 5395 reipublicaeCh‘rj‘sliajlf;I

2292 5380 2594 5461 perniciosi
2631 5400 2758 5447 sunt
2802 5408 2965 5463 quam
3016 5392 3104 5447 alii
3150 5380 3373 5463 quilibet
3412 5380 3676 5463 scelerali);

2292 5447 2438 5540 quod
2476 5463 2593 5531 ejus
2634 5447 3033 5540 propositiones
3084 5447 3310 5540 benigne
3334 5447 3771 5540 potiusodehllij‘ﬁf'f

2291 5521 2564 5615 explicare
2597 5521 2806 5605 prwlati
2848 5533 2993 5590 illius
3039 5521 3294 5607 temporis
3333 5521 3484 5604 quam
3517 5528 3563 5584 in
3596 5533 3692 5580 eum
3721 5521 3769 5569 ill

2290 5618 2500 5663 satvnre.

3829 794 3831 913 ψ

3839 1528 3841 1655 ψ
