3966 6334
224 212 353 272 089

1345 221 1549 277 LIBER
1588 221 1676 277 DE
1716 223 1966 279 TRIBUS
2008 222 2383 281 EPISTOLIS.

3405 222 3515 282 990

317 350 393 406 De
418 347 658 420 praefatis
694 359 872 406 autem
919 354 1155 423 quinque
1201 357 1502 421 sententiis,
1557 371 1694 427 quas
1735 355 1821 411 vel
1847 361 1899 423 Α
1928 354 2117 408 humili
2148 354 2416 410 exaltasse
2456 364 2513 411 et
2538 370 2605 411 ex
2630 357 2778 412 arida
2812 356 3153 414 frondentem
3182 360 3402 428 fecisse,
3430 352 3514 418 ili

228 440 564 511 praedicasse
608 442 824 507 dicitur,
857 442 946 498 vel
986 444 1151 499 etiam
1195 446 1249 500 in
1299 447 1563 512 conciliis,
1610 449 1702 503 ubi
1730 464 1825 502 au-

227 533 472 589 diendus
498 546 565 589 ac
595 533 971 604 dijudicandns
1014 536 1284 593 admissus
1324 548 1410 594 est
1454 542 1821 611 proposuisse,

224 639 307 681 ac
344 624 654 689 defendere,
677 642 743 682 ac
764 628 1091 683 conﬁrmare
1117 628 1353 687 voluisse
1378 635 1664 701 asseritnr,
1692 635 1823 705 quid

222 727 443 773 nostra:
487 717 766 787 pusillitati
800 716 955 787 juxta
1003 721 1265 777 rationem
1299 738 1441 779 verte
1464 724 1612 791 ﬁdei,
1640 725 1821 780 divina

224 808 548 881 inspirante
582 811 804 880 pietate,
831 812 1097 879 videatur,
1131 830 1239 870 non
1272 817 1529 888 praecipiti
1556 829 1613 872 et
1642 817 1825 873 incon-

222 902 477 958 siderata
525 900 870 959 feStinatione
912 912 1116 961 temere
1160 906 1361 977 aliquid
1391 909 1665 965 credimus
1690 911 1821 965 deh-

223 991 519 1058 niendum,
546 994 641 1049 sed
661 995 807 1050 omni
836 1011 966 1050 cura
995 997 1233 1067 pietatis,
1262 1000 1609 1055 devotissimo
1641 1001 1821 1057 studio

221 1084 575 1141 invenienda:
618 1102 683 1141 ac
730 1088 973 1143 tenendae
1011 1090 1257 1145 veritatis
1300 1090 1531 1163 ﬁdeliter
1572 1108 1822 1163 qumren-

223 1176 387 1242 1lum,
435 1186 489 1231 et
517 1177 863 1247 pulsandum,
912 1188 1075 1250 atque
1117 1183 1533 1251 petendmnzut
1566 1199 1672 1239 non
1720 1186 1821 1239 hu-

218 1282 400 1325 mano
434 1285 641 1335 errore,
690 1274 833 1342 quod
879 1274 1037 1330 nobis
1074 1276 1305 1344 videtur,
1357 1278 1453 1333 sed
1497 1278 1641 1350 quod
1700 1282 1817 1351 ipsa

219 1361 438 1416 veritas
461 1364 782 1429 ostenderit,
815 1377 1022 1422 remota
1054 1367 1200 1423 omni
1234 1368 1581 1426 animositate
1607 1380 1662 1427 et
1689 1388 1818 1428 con-

218 1454 497 1520 tentione,
526 1454 756 1511 ﬁdeliter
784 1467 947 1528 atque
975 1461 1303 1517 unanimiter
1323 1479 1633 1535 sequamur.
1663 1466 1816 1533 Quod

214 1552 307 1610 ut,
351 1546 671 1616 inquantum
719 1550 830 1606 Deo
870 1552 1158 1621 adiuvante
1192 1570 1502 1624 possumus,
1529 1558 1816 1628 diligenter

212 1643 275 1690 et
319 1635 553 1692 ﬁdeliter
591 1640 764 1708 possit
803 1639 940 1709 ﬁeri,
980 1643 1109 1699 illud
1136 1646 1311 1714 primo
1371 1649 1423 1702 in
1454 1648 1573 1703 loco
1600 1664 1812 1718 ponen-

1925 444 2155 500 dicens:
2191 464 2211 497 1
2248 447 2319 501 Et
2349 447 2524 502 scient
2552 448 2736 503 omnia
2763 447 2909 519 ligna
2946 449 3204 519 regionis,
3236 451 3365 520 quia
3407 462 3516 524 ego

1926 537 2190 592 Dominus
2251 539 2527 594 humiliavi
2581 539 2788 611 lignum
2842 540 3107 607 sublime,
3176 551 3232 596 et
3275 542 3516 604 exaltavl

1925 627 2130 698 lignum
2154 628 2358 684 humile
2382 647 2396 683 :
2433 638 2490 684 et
2513 630 2715 686 siccavi
2748 630 2953 702 lignum
2983 631 3152 688 viride
3177 636 3233 687 et
3257 630 3516 691 frondem

1926 717 2026 775 feci
2080 719 2281 790 lignum
2332 721 2589 788 aridum;
2643 741 2664 775 1
2716 732 2773 779 et
2824 723 3086 779 continuo
3137 723 3511 797 subjungeas:

1928 829 1948 862 1
1977 811 2090 882 Ego
2109 812 2369 867 Dominus
2385 812 2597 869 locutus
2615 830 2734 869 sum
2756 822 2813 870 et
2833 814 2935 870 feci
2959 814 3178 884 (Each.
3195 831 3331 882 xm,
3349 816 3465 885 9A).
3486 833 3515 869 ι

1922 900 1978 957 1d
1993 911 2077 958 est
2099 902 2244 973 quod
2275 919 2417 959 nunc
2442 920 2562 959 sum
2592 920 2690 975 per
2708 906 3024 977 pr0phetam
3044 904 3348 973 locutus,et
3368 907 3515 979 quod

1923 997 2065 1067 apud
2092 997 2342 1053 homines
2365 997 2543 1053 adhuc
2563 1013 2681 1054 sum
2706 997 2966 1063 facturus,
2999 1000 3052 1055 in
3075 1008 3280 1056 aeterna
3305 1001 3514 1071 praede-

1923 1090 2214 1147 stinatione
2246 1081 2362 1161 jam
2400 1091 2533 1159 feci;
2558 1092 2811 1148 videlicet
2842 1102 3136 1164 utrumque
3165 1092 3247 1167 (id
3271 1095 3377 1161 est)
3408 1095 3512 1152 ml4

1922 1181 2295 1247 sericordiam,
2340 1190 2396 1237 et
2433 1181 2696 1251 judicium
2741 1200 2932 1250 suum;
2963 1194 3020 1242 et
3046 1187 3187 1241 sicut
3216 1186 3516 1259 Apostolus

1922 1274 2078 1341 dicit,
2118 1293 2139 1325 1
2168 1275 2465 1331 bonitatem
2496 1286 2550 1331 et
2577 1278 2919 1332 severitatem
2950 1297 2967 1330 1
3017 1293 3171 1333 suam
3209 1279 3265 1334 in
3301 1279 3515 1335 utrlun

1920 1379 2025 1435 quc
2053 1366 2235 1436 populi
2259 1366 2343 1421 vel
2370 1366 2690 1435 dejectione.
2720 1368 2802 1423 vel
2825 1369 3156 1425 exaltatione
3179 1372 3513 1429 aaternalileﬂ

1918 1458 2298 1528 praedestinata
2321 1462 2629 1526 ostendens,
2662 1462 2809 1517 illum
2833 1462 2983 1530 justo
3009 1463 3216 1535 judicio
3234 1465 3515 1533 humillat’,’

1919 1559 1973 1607 et
2003 1550 2280 1609 arcfacit:
2333 1554 2479 1608 hunc
2528 1564 2708 1609 autem
2754 1555 2986 1625 gratuita
3030 1556 3403 1612 misericordia
3452 1557 3513 1613 iit

1917 1627 2112 1697 saecula
2143 1643 2345 1698 exaltat
2374 1652 2428 1700 et
2460 1644 2634 1700 virere
2664 1646 2816 1701 facit.
2869 1646 3006 1714 Quid
3045 1661 3175 1719 ergo
3204 1647 3513 1705 evidentius

211 1724 377 1791 dum,
406 1735 461 1781 et
494 1729 886 1797 vehementius,
917 1743 1078 1804 prout
1102 1752 1246 1791 nunc
1273 1738 1582 1807 pusillltatis
1610 1748 1809 1796 nostrae
1837 1734 1885 1794 B
1912 1743 1967 1787 cl
1993 1733 2283 1789 dilucidius
2313 1735 2382 1791 de
2419 1736 2705 1807 utriusque
2732 1737 2924 1806 partis,
2967 1738 3021 1792 id
3049 1746 3137 1792 est
3161 1746 3269 1793 lam
3298 1738 3511 1794 θιθεῑοέ

209 1819 502 1874 memoriae
524 1823 762 1877 occurrit
783 1825 1075 1891 credimus,
1098 1831 1606 1897 commendandum,
1641 1850 1660 1884 1
1686 1848 1810 1903 sep.

210 1919 330 1966 tem
361 1915 627 1982 quasdam
649 1930 769 1972 esse
795 1920 1009 1991 regulas
1030 1921 1153 1977 ﬁdei
1180 1942 1199 1975 1
1232 1940 1298 1979 ex
1328 1925 1631 1980 divinarum
1659 1925 1808 1981 Scri-

204 2012 504 2075 pturarum
532 2009 853 2065 auctoritate
886 2013 1218 2081 evenientes,
1256 2023 1310 2070 et
1351 2032 1381 2070 a
1409 2019 1613 2073 sanctis
1642 2027 1806 2089 atque

204 2096 539 2152 orthodoxis
567 2098 818 2155 Patribus
843 2102 1252 2173 diligentissime
1273 2108 1705 2173 commendatus,
1735 2108 1802 2163 de

204 2188 559 2257 praescientia
581 2191 857 2248 scilicetet
876 2196 1352 2263 praedestinatione
1368 2200 1573 2265 divina,
1591 2216 1726 2270 quas
1747 2208 1804 2255 et

202 2279 520 2336 catholicus
544 2282 769 2352 quisque
796 2283 1109 2342 ﬁdelissime
1135 2296 1320 2345 tenere
1349 2290 1563 2355 debeat,
1600 2300 1656 2345 et
1683 2292 1803 2361 qui-

201 2384 431 2440 cunque
462 2372 547 2428 his
593 2376 867 2430 contraria
921 2378 1063 2449 sapit
1115 2394 1223 2435 non
1276 2381 1546 2437 catholice
1594 2383 1802 2439 sentire

200 2464 600 2535 comprobetur

844 2559 1073 2619 CAPUT
1115 2564 1178 2618 ll.

782 2668 992 2709 REGULA
1049 2671 1235 2712 PRIIA.

279 2737 633 2798 Prudentia
665 2752 712 2798 et
747 2744 1147 2819 praedestinatio
1180 2748 1275 2802 Dei
1316 2749 1629 2819 sempiterna
1679 2759 1729 2804 et

755 2815 1215 2873 incommutabilis.

280 2925 490 2982 Harum
505 2942 634 3000 ergo
647 2929 822 3001 prima
836 2941 920 2987 est
934 2941 993 2987 ut
1006 2933 1229 2989 omnino
1250 2933 1561 2990 ﬁrmissime
1586 2950 1650 2990 ac
1666 2934 1800 2990 ﬁde-

201 3019 427 3077 lissime
473 3032 753 3082 teneamus
786 3045 804 3078 1
837 3028 964 3098 quia
1001 3028 1343 3100 omnipotens
1383 3030 1525 3085 Deus
1564 3029 1699 3084 nihil
1728 3045 1796 3085 ex

1910 1840 2028 1878 rum
2062 1840 2226 1894 quam
2273 1826 2629 1895 reproborum
2671 1829 3157 1897 praedestinatione
3194 1829 3362 1900 quaeri
3402 1841 3511 1900 ρον

1909 1919 2058 1974 test?
2101 1918 2237 1975 Cum
2274 1929 2331 1975 et
2377 1921 2535 1976 unius
2580 1936 2677 1991 per
2713 1921 3084 1977 inﬁdelitatem
3131 1921 3362 1977 ariditas
3388 1963 3402 1985 ,
3441 1930 3507 1978 et

1907 2012 2131 2069 alterius
2193 2028 2291 2083 per
2346 2013 2508 2070 ﬁdem
2566 2015 2814 2069 viriditas
2870 2027 3075 2070 aeterno
3147 2013 3241 2070 Del
3294 2013 3507 2083 judicio

1907 2106 1963 2159 in
2030 2116 2231 2161 aeterna
2287 2108 2405 2176 ejus
2462 2107 2940 2178 praedestinatione
2991 2106 3299 2164 declaratur
3362 2118 3503 2178 prte-

1908 2196 2193 2250 dcstinata.
2259 2197 2390 2252 Tale
2430 2206 2513 2253 est
2564 2206 2620 2254 et
2682 2198 2810 2253 illud
2867 2201 3006 2270 apud
3065 2202 3314 2254 eumdem
3364 2200 3500 2256 Eze-

1904 2287 2046 2342 chiel
2074 2289 2392 2358 prophetam
2420 2298 2680 2358 quantum
2707 2290 2772 2344 ad
2804 2298 3011 2361 partem
3043 2291 3278 2361 pertinet
3312 2302 3507 2361 reproé’

1904 2380 2117 2445 borum,
2167 2383 2256 2436 ubi
2287 2383 2529 2437 omnium
2557 2383 2845 2453 impiarum
2888 2384 3154 2453 gentium,
3200 2390 3255 2438 et
3298 2383 3505 2454 populo

1904 2471 1998 2527 Dei
2038 2474 2402 2539 inimicarum,
2445 2474 2496 2528 id
2535 2484 2619 2529 est
2654 2489 3011 2544 paganorum,
3061 2474 3388 2540 Iudaeorum,
3416 2474 3507 2530 ἐι

1942 2567 2302 2630 azreticorum,
2346 2576 2401 2621 et
2428 2569 2664 2623 maxime
2689 2568 3032 2631 Antichristi,
3075 2575 3131 2622 et
3166 2582 3351 2623 eorum
3396 2568 3493 2638 qui

1904 2668 2026 2708 cum
2066 2654 2156 2710 illo
2191 2655 2490 2711 Ecclesiam
2522 2657 2615 2712 Dei
2642 2658 2983 2727 perseeuturi
3028 2667 3153 2712 sunt
3195 2659 3294 2713 sub
3321 2656 3492 2730 ﬁgura

1902 2745 2018 2816 Gog
2060 2757 2116 2803 et
2156 2746 2347 2820 Magog
2392 2757 2627 2804 aeternus
2675 2749 3069 2819 praenuntiatur
3103 2749 3399 2805 interitus:
3434 2752 3499 2806 et

1905 2841 2090 2894 statim
2133 2842 2394 2911 propheta
2422 2840 2721 2913 subiungit,
2767 2843 2952 2897 dicens
2978 2860 2992 2895 :
3023 2861 3043 2893 1
3077 2841 3217 2898 Ecce
3247 2842 3414 2909 venit,
3437 2850 3501 2900 et

1904 2930 2105 2988 factum
2136 2940 2243 2997 est,
2290 2933 2367 2987 ait
2396 2933 2657 2988 Dominus
2682 2933 2826 2988 Deus
2865 2933 3084 3003 (Ezech.
3127 2948 3317 2999 xxnx,
3348 2933 3428 3005 8),
3466 2951 3488 2986 1

1905 3005 1958 3077 id
2001 3032 2085 3079 est
2112 3025 2254 3093 quod
2292 3026 2433 3096 apud
2472 3025 2721 3080 homines
2754 3032 2863 3079 tam
2896 3024 3055 3093 longo
3090 3033 3213 3094 post
3241 3032 3493 3095 tempore

201 3122 457 3185 tempore
492 3118 793 3188 prmscierit
831 3120 913 3175 vel
955 3121 1423 3191 praedestinaverit
1454 3141 1467 3177 :
1515 3123 1611 3178 sed
1655 3125 1796 3178 sicut
1824 3100 1868 3161 (ἶ
1899 3125 1985 3171 est
2012 3126 2319 3183 venturum,
2365 3125 2419 3172 et
2456 3118 2599 3188 quod
2636 3125 2745 3171 tam
2779 3116 2937 3187 longo
2975 3124 3096 3187 post
3134 3125 3377 3186 tempore
3402 3123 3492 3172 est

202 3204 329 3274 ipse
354 3206 559 3276 absque
580 3208 689 3264 ullo
712 3210 866 3266 initio
880 3220 1116 3267 aeternus
1136 3222 1192 3269 et
1209 3214 1670 3270 incommutabilis
1691 3223 1795 3281 est,

202 3295 284 3352 ita
315 3304 371 3353 et
392 3296 509 3367 ejus
534 3301 899 3370 praescientia,
933 3318 997 3359 ac
1017 3305 1421 3376 praedestinatio
1440 3306 1793 3377 sempiterna,

202 3395 376 3457 atque
417 3388 872 3448 incommutabilis
914 3394 1003 3450 sit.
1053 3415 1071 3448 1
1122 3395 1277 3452 Nulla
1317 3397 1461 3452 enim
1505 3398 1614 3453 Deo
1655 3412 1796 3454 nova

200 3477 496 3552 voluntas,
543 3487 746 3542 nullum
803 3502 1002 3544 novum
1058 3490 1383 3556 consilium,
1452 3490 1597 3544 nulla
1652 3504 1792 3545 nova

202 3576 513 3647 dispositio,
543 3579 746 3634 nullum
778 3595 978 3635 novum
1000 3581 1287 3648 judicium,
1313 3582 1468 3651 quasi
1498 3597 1565 3636 ex
1592 3590 1797 3636 aeterno

203 3668 356 3738 apud
386 3669 563 3738 ipsum
606 3680 660 3724 et
704 3670 755 3724 in
799 3671 918 3740 ipso
943 3686 1049 3726 non
1081 3671 1261 3738 fuerit,
1309 3673 1406 3726 sed
1451 3672 1795 3742 postmodum

201 3772 332 3812 esse
357 3759 602 3827 coeperit.
646 3758 789 3815 Nihil
830 3774 1064 3830 namque
1087 3759 1205 3831 ejus
1239 3761 1507 3817 divinitati
1534 3772 1618 3817 est
1646 3762 1794 3817 acci-

201 3851 364 3918 dens,
397 3854 529 3909 nihil
564 3856 617 3910 in
657 3854 774 3926 ejus
802 3856 1003 3912 deitate
1042 3865 1218 3928 potest
1250 3857 1457 3927 augeri,
1491 3856 1576 3911 vel
1603 3857 1795 3923 minui,

204 3952 307 3998 aut
350 3944 569 3999 mutari.
615 3945 683 4000 Et
708 3946 831 4002 ideo
851 3947 1114 4019 quidquid
1143 3948 1432 4019 prmscivit,
1466 3947 1799 4005 aeternaliter

200 4034 530 4106 praescivit;
596 4035 857 4108 quidquid
912 4038 1350 4107 praedestinavit,
1401 4038 1588 4108 procul
1631 4037 1795 4093 dubio

200 4126 539 4182 mternaliter
562 4124 989 4197 praedestinavit.
1035 4128 1117 4183 Ad
1146 4130 1289 4184 hanc
1328 4128 1486 4184 ﬁdem
1518 4143 1618 4184 nos
1644 4128 1794 4183 Scri-

200 4225 365 4288 ptura
397 4216 597 4274 Sancta
625 4219 844 4273 instruit
869 4227 1032 4289 atque
1057 4219 1332 4285 informat,
1352 4220 1569 4275 dicens:
1601 4238 1621 4270 1
1653 4221 1793 4275 Deus

201 4319 429 4377 aeterne,
471 4311 564 4382 qui
602 4312 938 4368 occultorum
971 4328 1031 4369 es
1083 4314 1352 4385 cognitor,
1376 4314 1465 4384 qui
1494 4314 1637 4369 nosti
1676 4329 1792 4370 om-

201 4401 296 4455 nia
323 4409 610 4472 antequam
640 4401 774 4457 ﬁant
800 4402 964 4475 (Dan.
994 4420 1116 4470 χιιι,
1152 4404 1264 4476 ιη).
1302 4425 1323 4457 1
1362 4405 1427 4459 Et
1471 4404 1584 4475 ipse
1617 4406 1793 4460 omni-

200 4499 397 4562 potens
425 4493 570 4550 Deus
594 4509 717 4550 cum
747 4494 816 4549 de
849 4509 909 4550 se
942 4496 1059 4566 ipso
1082 4505 1311 4551 testatur
1335 4506 1392 4551 et
1416 4495 1551 4551 dicit
1581 4516 1594 4551 :
1629 4516 1648 4548 1
1681 4498 1791 4567 Ego

199 4584 350 4639 enim
374 4585 656 4654 Dominus,
689 4595 743 4643 et
772 4602 878 4643 non
911 4596 1091 4643 mutor
1116 4587 1271 4661 (Mal.
1303 4588 1478 4662 111,6).
1514 4609 1530 4641 1
1559 4589 1627 4644 Et
1650 4592 1789 4649 hanc

198 4676 693 4745 praedestinationis
729 4696 838 4736 suae
864 4680 1220 4736 aeternitatem
1244 4681 1408 4735 etiam
1430 4681 1534 4736 alio
1554 4682 1673 4738 loco
1691 4699 1791 4754 per

200 4770 523 4838 prophetam
545 4771 801 4836 ostendit,
831 4772 1014 4826 dicens
1044 4790 1055 4824 :
1096 4789 1114 4821 1
1148 4771 1259 4842 Ego
1293 4772 1555 4828 Dominus
1578 4774 1789 4829 locutus

200 4878 346 4932 sum,
377 4872 432 4919 et
457 4862 560 4919 feci
593 4863 810 4938 (Exeo/1.
840 4879 971 4930 xvn,
996 4863 1109 4934 24),
1136 4885 1155 4917 1
1180 4864 1231 4918 id
1248 4873 1332 4920 est
1360 4867 1501 4935 quod
1526 4882 1667 4921 nunc
1690 4882 1787 4939 per

200 4959 521 5029 prophetam
551 4979 569 5012 1
609 4956 816 5015 locutos
856 4975 997 5024 sum,
1030 4979 1047 5008 1
1087 4959 1239 5030 longe
1282 4969 1468 5029 postea
1510 4974 1608 5014 suo
1651 4968 1787 5015 tem-

200 5066 333 5123 pore
359 5050 626 5108 facturum
658 5053 710 5106 in
744 5067 830 5107 me
852 5052 1339 5123 praedestinationis
1354 5053 1655 5108 aeternitate
1670 5051 1786 5122 jam

210 5157 226 5189 1
267 5141 389 5207 feci,
429 5161 447 5195 1
479 5157 580 5197 nec
613 5142 753 5211 apud
795 5157 880 5197 me
921 5142 1097 5197 adhuc
1143 5150 1492 5211 exspectatur
1520 5142 1782 5212 futurum,

203 5232 344 5300 quod
385 5236 436 5286 in
466 5249 582 5289 mea
620 5232 877 5287 immobili
914 5233 1261 5304 dispositione
1290 5243 1502 5289 constat
1528 5251 1648 5291 esse
1669 5234 1784 5305 jam

205 5322 427 5379 factum.
470 5326 541 5383 Ut
569 5338 748 5381 autem
776 5325 876 5381 hoc
895 5325 1236 5394 omnipotens
1267 5326 1409 5382 Deus
1434 5326 1657 5392 diceret,
1688 5342 1784 5397 per

202 5419 521 5489 prophetam
550 5419 890 5490 praemiserat
920 5432 1079 5487 supra
1118 5416 1524 5473 similitudinem
1555 5420 1783 5475 duarum

205 5506 474 5575 arborum,
500 5510 555 5566 in
581 5510 747 5582 ﬁgura
774 5509 983 5565 scilicet
1005 5509 1232 5563 duorum
1257 5510 1597 5580 populorum,
1623 5511 1674 5565 id
1701 5519 1785 5568 est

205 5586 511 5660 Iudaeorum
554 5612 608 5659 et
652 5603 889 5674 gentium
923 5616 939 5657 :
984 5616 1213 5673 quarum
1243 5616 1409 5656 unam
1446 5616 1505 5658 se
1536 5604 1678 5660 ‘dicit
1714 5621 1783 5662 ex

207 5696 423 5762 sublimi
453 5696 766 5757 humiliasse
791 5702 846 5755 et
873 5709 941 5753 ex
967 5693 1128 5752 viridi
1161 5693 1421 5766 siccasse,
1453 5696 1681 5754 alteram
1712 5716 1781 5757 ex

1904 3211 2169 3278 futurum,
2214 3212 2353 3283 apud
2394 3225 2481 3266 me
2516 3213 2569 3267 in
2600 3220 2799 3267 aeterna
2828 3211 3325 3282 praedestinatione,
3378 3219 3488 3266 non

1902 3306 2081 3361 adhuc
2106 3313 2393 3361 venturum
2424 3313 2527 3370 est,
2558 3305 2651 3361 sed
2670 3303 2785 3374 jam
2806 3304 2976 3370 venit,
3013 3318 3114 3360 nec
3141 3303 3319 3358 adhuc
3349 3301 3495 3358 futu-

1905 3416 2020 3453 rum
2068 3406 2169 3462 est,
2222 3400 2313 3454 sed
2337 3398 2449 3467 jam
2490 3397 2689 3453 factum
2718 3405 2803 3453 est
2826 3438 2841 3462 ,
2883 3397 2985 3452 hoc
3023 3404 3078 3453 et
3117 3394 3404 3451 Psalmista
3434 3392 3497 3450 in

1899 3499 2187 3560 utramque
2214 3498 2424 3560 partem
2451 3497 2504 3543 et
2529 3488 2825 3543 electorum
2854 3486 3107 3542 videlicet
3139 3493 3196 3540 et
3235 3478 3496 3555 reprobo-

1900 3596 2042 3644 rum,
2070 3580 2121 3633 id
2145 3587 2232 3635 est
2259 3590 2461 3634 aeterno
2487 3579 2583 3633 Dei
2602 3577 2828 3646 judicio,
2859 3569 3054 3632 et'illos
3079 3575 3490 3643 misericordia,

1901 3681 1955 3726 et
1975 3671 2107 3725 istos
2135 3671 2426 3741 perditioni
2446 3670 2861 3740 praedestinatos
2882 3668 3197 3733 ostendens,
3213 3668 3495 3735 distincte,

1898 3772 1955 3817 et
1990 3761 2278 3818 manifeste
2311 3762 2377 3817 de
2401 3762 2589 3818 electis
2629 3761 2757 3818 dicit
2787 3778 2801 3815 :
2836 3779 2856 3813 1
2895 3760 3265 3816 Misericordia
3305 3768 3490 3815 autem

1897 3852 2111 3908 Domini
2134 3853 2202 3907 ab
2222 3860 2446 3919 aeterno,
2462 3860 2517 3908 et
2540 3868 2713 3925 usque
2738 3853 2791 3908 in
2820 3862 3084 3909 aeternum
3109 3862 3273 3924 super
3295 3852 3499 3907 limem

1898 3952 1980 3998 tes
1998 3959 2120 4000 eum
2148 3943 2319 4015 (Psal.
2344 3960 2440 4010 cn,
2473 3942 2561 4017 l7)
2590 3961 2605 4009 ;
2655 3964 2674 3998 1
2711 3944 2778 4000 de
2814 3944 3062 4016 reprobis
3088 3956 3262 3999 vero:
3293 3956 3314 3996 1
3344 3940 3492 4011 Quo-

1897 4035 2042 4090 niam
2075 4036 2164 4106 qui
2189 4035 2444 4103 elongant
2464 4051 2543 4101 se,
2576 4036 2864 4106 iniquitate
2889 4036 3176 4108 peribunt;
3202 4033 3501 4106 perdidisti

1896 4140 2107 4191 omnes,
2141 4127 2232 4196 qui
2271 4125 2615 4181 fornicantur
2660 4128 2760 4182 abs
2804 4137 2861 4184 te
2891 4125 3065 4199 (Paul.
3101 4140 3281 4202 μιιι,
3312 4124 3429 4196 27).
3458 4138 3497 4185 ο.

1894 4216 1950 4271 ld
1978 4228 2062 4271 est
2097 4236 2115 4268 1
2150 4217 2240 4288 qui
2271 4217 2525 4288 elongant
2553 4232 2612 4273 se
2644 4218 2739 4273 abs
2773 4227 2845 4284 te,
2883 4237 2901 4269 1
2934 4226 3197 4287 quantum
3240 4217 3307 4272 ad
3336 4216 3484 4288 ipsos

1894 4308 2147 4379 pertinet,
2178 4309 2354 4363 adhuc
2382 4324 2480 4364 suo
2504 4317 2761 4378 tempore,
2792 4310 3047 4365 videlicet
3071 4318 3316 4364 extremo
3341 4305 3488 4376 judi‘

1897 4400 1982 4453 cio
2013 4401 2289 4470 peribunt.
2333 4399 2608 4467 Quantum
2636 4410 2817 4457 autem
2852 4401 2920 4456 ad
2952 4400 3487 4471 praedestinationem

1820 4467 1873 4527 D
1898 4467 2084 4546 aeterni
2129 4491 2320 4562 judicii
2367 4491 2465 4556 tui,
2514 4500 2570 4545 tu
2601 4506 2695 4547 eos
2719 4491 2834 4560 jam
2863 4467 3157 4561 perdidisti.
3194 4489 3349 4545 Hane
3382 4490 3499 4544 imm

1899 4581 2258 4637 mobilitatem
2284 4581 2499 4638 consilii
2528 4591 2585 4638 et
2610 4580 2800 4653 judicii
2826 4581 2994 4636 divini
3021 4581 3180 4637 docet
3213 4595 3314 4636 nos
3336 4579 3484 4653 Ap'od

1896 4674 2066 4729 stolus
2093 4673 2409 4744 intelligere,
2454 4673 2545 4729 ubi
2569 4671 2938 4742 juramentum
2971 4670 3067 4728 Dei
3096 4666 3487 4750 interponitur.

1898 4768 2050 4823 Sicut
2088 4767 2216 4822 illud
2258 4774 2342 4821 est
2383 4766 2527 4837 quod
2565 4767 2631 4822 de
2656 4765 2963 4821 hteredibus
2993 4763 3115 4821 ﬁdei
3151 4764 3387 4819 Abrahae
3412 4765 3484 4821 ad

1896 4863 2072 4932 ipsum
2124 4861 2399 4916 Abraham
2442 4860 2659 4931 jurasse
2710 4875 2834 4915 eum
2891 4858 3189 4929 explanat,
3250 4858 3483 4913 dicens:

1898 4972 1918 5004 1
1950 4952 2180 5008 Abrahaa
2208 4970 2439 5024 namque
2466 4953 2787 5023 promittens
2815 4951 2980 5018 Deus,
3018 4950 3271 5022 quoniam
3306 4942 3487 5005 nemi-‘

1891 5060 2014 5100 nem
2067 5045 2291 5109 habuit,
2338 5060 2435 5114 per
2483 5059 2645 5114 quem
2690 5042 2904 5113 iuraret
2937 5043 3232 5113 majorem,
3282 5040 3483 5111 iuravit

1890 5151 1989 5207 per
2046 5136 2413 5207 semetipsum,
2470 5136 2690 5192 dicens:
2729 5134 2843 5191 Nisi
2893 5135 3218 5191 benedicens
3261 5134 3459 5191 benedl
3500 5146 3503 5151 ‘

1889 5244 2008 5283 cam
2040 5228 2131 5283 tibi
2163 5239 2216 5284 et
2260 5228 2623 5299 multiplicans
2663 5227 3032 5298 multiplicabo
3070 5227 3156 5283 te?
3185 5224 3372 5299 (Hebr.
3402 5216 3478 5285 vi.

1894 5322 1996 5387 l5,
2029 5323 2133 5390 14;
2184 5320 2314 5378 Gen.
2344 5340 2481 5389 xm,
2526 5322 2617 5388 16,
2649 5321 2769 5393 l7.)
2798 5341 2818 5375 1
2857 5322 2925 5376 Et
2962 5321 3123 5392 paulo
3167 5329 3290 5392 post
3324 5338 3338 5375 :
3375 5339 3393 5373 1
3420 5304 3489 5377 lu'

1893 5432 2002 5486 quo
2048 5416 2437 5482 abundantius,
2488 5416 2702 5485 inquit,
2749 5414 2937 5470 volens
2990 5414 3133 5471 Deus
3190 5413 3478 5469 ostendere

1892 5506 2294 5578 pollicitationis
2376 5507 2687 5562 lueredihus
2757 5504 3190 5561 inmobilitatem
3267 5498 3489 5559 consilii

1893 5600 1973 5655 sui
2028 5599 2350 5669 interposuit
2378 5596 2761 5670 jusjurandum
2833 5604 2891 5653 ut
2926 5614 3022 5669 per
3048 5597 3181 5653 (luas
3212 5610 3322 5660 res,
3352 5592 3474 5664 qui-

1892 5698 1993 5753 bus
2018 5693 2348 5768 impossibile
2370 5701 2453 5750 est
2473 5692 2689 5749 mentiri
2716 5692 2907 5761 Deum,
2949 5689 3300 5748 fortissimum
3328 5684 3470 5749 sola-
