3966 6334
595 309 692 367 991

593 512 825 582 positam
865 518 1019 573 nobis
1039 534 1188 589 spem
1215 521 1400 592 (Hebr.
1425 541 1497 591 vr,
1535 527 1616 593 l7,
1648 527 1758 600 18).
1797 550 1816 582 ι
1850 531 2004 587 Sicut
2041 512 2172 607 ergo

593 605 649 661 in
676 617 830 693 parte
848 609 1160 678 electorum,
1191 617 1282 685 qui
1310 627 1436 673 sunt
1465 618 1660 676 divinae
1689 623 2090 693 pollicitationis
2114 605 2174 684 et

591 684 968 768 promissionis
991 684 1255 776 haeredes,
1293 726 1392 780 per
1424 684 1801 782 jusjurandum
1827 719 1996 776 voluit
2031 722 2172 778 Deus

589 791 878 851 ostendere
903 795 1335 856 immobilitatem
1365 805 1578 860 consilii
1607 807 1712 872 sui,
1748 809 1800 864 id
1830 820 1914 866 est
1970 813 2168 869 immu-

589 880 811 937 tabilem
856 884 1263 956 dispositionem
1299 891 2030 966 seternaa'praedestinationis
2059 919 2170 959 suae

583 969 734 1040 juxta
762 977 1151 1045 expositionem
1177 982 1436 1051 Apostoli,
1472 986 1544 1042 ita
1581 996 1636 1042 et
1655 989 1707 1042 in
1736 1001 1889 1058 parte
1913 995 2170 1062 reprobo-

586 1075 705 1115 rum
727 1104 741 1126 ,
789 1063 880 1121 ubi
924 1067 1286 1139 interponitur
1309 1071 1683 1145 jusjurandum
1711 1079 1829 1146 Dei,
1863 1082 1996 1137 nihil
2023 1083 2167 1138 aliud

584 1157 890 1212 ostenditur
952 1160 1054 1215 nisi
1126 1163 1474 1223 immobilitas
1531 1178 1693 1239 atque
1757 1172 2167 1232 immutabilitas

581 1247 771 1301 aeterni
813 1249 1028 1304 consilii
1058 1261 1113 1306 et
1158 1255 1651 1323 praedestinationis
1692 1259 1808 1331 ejus
1855 1263 1907 1318 in
1937 1263 2164 1320 damna-

581 1334 730 1392 tione
755 1345 812 1392 et
857 1340 1160 1409 perditione
1191 1345 1452 1416 ipsorum,
1505 1352 1742 1407 ostendit
1790 1370 2024 1426 namque
2071 1373 2166 1414 eos

579 1428 923 1499 omnipotens
947 1434 1088 1490 Deus
1123 1441 1400 1508 reprobos,
1423 1458 1547 1498 eum
1577 1445 1644 1500 de
1672 1447 1750 1503 eis
1781 1449 1910 1504 dicit
1942 1469 1955 1504 :
2005 1471 2023 1503 ‹
2059 1453 2162 1524 lpsi

577 1529 708 1572 vero
735 1534 841 1575 non
869 1537 1236 1596 cognoverunt
1262 1531 1375 1587 vias
1409 1548 1555 1590 meas
1602 1535 1774 1608 (Psal.
1821 1556 1963 1609 χειν,
1997 1545 2104 1616 ll),
2138 1565 2156 1598 ι

575 1615 924 1672 ostenditeos
953 1620 1210 1679 immobili
1244 1629 1470 1684 consilio
1499 1648 1596 1688 suo
1617 1674 1632 1700 ,
1660 1636 1710 1689 id
1733 1647 1814 1693 est
1837 1639 2159 1698 immutabili

573 1706 1048 1774 praedestinatione
1089 1714 1278 1784 judicii
1321 1722 1403 1776 sui
1436 1731 1653 1781 aeternae
1701 1730 2052 1800 damnationi,
2102 1745 2156 1792 et

571 1796 861 1864 perditioni
891 1816 1012 1857 esse
1045 1808 1458 1878 praeordinatos,
1485 1830 1606 1870 cum
1636 1822 1815 1873 statim
1843 1796 2151 1896 subjungit:

577 1903 597 1939 ‹
635 1888 839 1954 Quibus
867 1893 1047 1963 juravi
1072 1897 1125 1950 in
1156 1899 1237 1953 ira
1276 1918 1415 1968 mea,
1440 1906 1483 1960 si
1520 1908 1894 1968 introibuntin
1920 1919 2161 1986 requiem

571 1991 747 2034 meam
783 1981 973 2052 (Ibid.,
997 1987 1107 2059 ιι).
1139 2008 1159 2042 ι
1193 1990 1344 2058 Quod
1377 1996 1421 2050 si
1450 1998 1572 2066 quis
1609 2011 1762 2070 putat
1809 2004 1876 2060 de
1906 1981 2012 2063 illis
2048 2019 2163 2065 tan-

574 2073 854 2127 tummodo
884 2080 1149 2145 reprobis,
1182 2082 1273 2150 qui
1314 2086 1494 2142 educti
1519 2105 1587 2143 ex
1613 2090 1851 2164 Egypto
1873 2112 1971 2167 per
2015 2099 2162 2173 Moy-

571 2171 690 2224 sen,
736 2173 789 2216 et
816 2180 914 2234 per
965 2171 1320 2242 quadraginta
1369 2193 1541 2235 annos
1588 2182 1641 2236 in
1691 2185 1907 2243 deserto
1946 2171 2160 2261 semper

573 2259 604 2291 ι
625 2251 854 2309 rebelles
879 2267 932 2311 et
961 2257 1220 2316 increduli
1245 2268 1590 2338 exstiterunt,
1621 2289 1850 2344 quorum
1873 2280 2035 2336 etiam
2068 2300 2159 2339 ca-

571 2339 770 2398 davera
797 2345 850 2399 in
883 2348 1072 2404 eodem
1101 2352 1314 2412 deserto
1342 2372 1617 2427 prostrata
1645 2377 1789 2432 sunt,
1830 2384 1950 2426 esse
1995 2373 2155 2430 intel-

564 2430 878 2504 ligendum;
910 2449 1096 2496 etnon
1128 2446 1308 2515 potius
1347 2449 1400 2504 in
1446 2468 1633 2510 eorum
1662 2460 1882 2528 speciali
1930 2465 2154 2522 damna-

564 2525 712 2580 tione
739 2539 793 2583 et
820 2532 1122 2601 perditione
1165 2542 1405 2596 omnium
1441 2525 1768 2616 generaliter
1800 2557 2152 2625 reproborum

563 2617 838 2676 interitum
891 2624 1208 2696 ﬁguratum;
1254 2635 1378 2688 audi
1408 2635 1724 2707 Apostolum
1760 2617 2072 2704 terribiliter
2099 2662 2152 2708 et

475 2749 482 2754 -
560 2715 831 2770 veraciter
861 2717 1168 2776 dicentem:
1203 2743 1222 2776 ‹
1254 2723 1446 2783 Omnia
1495 2741 1674 2789 autem
1708 2737 1822 2793 haec
1873 2740 1926 2795 in
1980 2742 2150 2814 ﬁgura

563 2807 952 2880 contingebant
980 2813 1087 2870 illis
1116 2835 1127 2869 :
1157 2820 1359 2888 scripta
1389 2833 1518 2878 sunt
1548 2835 1729 2883 autem
1758 2834 1825 2885 ad
1853 2807 2150 2906 correptio-

561 2910 686 2950 nem
719 2909 982 2969 nostrain,
1016 2904 1068 2959 in
1097 2923 1233 2976 quos
1272 2909 1407 2967 ﬁnes
1445 2916 1765 2973 saeculorum
1819 2904 2148 2984 devenerunt

561 2986 618 3058 (Ι
641 2987 765 3044 Cor.
799 3008 854 3056 ι,
884 2993 995 3064 Η).
1029 3017 1048 3050 ι
1083 2998 1150 3054 Ει
1178 3000 1284 3056 alio
1333 3003 1492 3062 loco:
1533 3027 1552 3060 ι
1602 3011 1944 3072 Festinemus
1994 3036 2144 3092 ergo,

559 3079 756 3149 inquit,
807 3085 1015 3156 ingredi
1045 3089 1098 3143 in
1129 3091 1278 3147 illam
1323 3099 1584 3167 requiem,
1622 3112 1680 3158 ut
1708 3121 1777 3159 ne
1805 3106 1861 3162 in
1911 3079 2142 3180 idipsum

561 3175 684 3243 quis
708 3155 908 3233 incidat
937 3181 1328 3244 incredulitatis
1348 3155 1869 3269 ex‘emplumt'l-Ielir.
1890 3219 1966 3270 tv,
1988 3155 2136 3276 lll)»
2173 3155 2218 3220 Ο

631 3264 784 3322 Hanc
813 3271 1096 3328 veritatem
1138 3285 1191 3330 et
1252 3264 1903 3349 immobilitatem‘divinae
1939 3264 2146 3366 praide-

562 3357 891 3426 stinationis,
920 3366 972 3419 in
995 3381 1101 3436 qua
1134 3370 1275 3427 Deus
1294 3372 1495 3442 judicia
1525 3395 1622 3435 sua
1646 3380 1828 3439 futura
1850 3357 1962 3455 jam
1991 3389 2138 3460 fecit,

557 3455 611 3502 et
651 3447 709 3503 Β.
757 3456 1020 3524 propheta
1076 3459 1240 3518 Isaias
1283 3467 1602 3526 mirabiliter
1648 3447 1927 3549 ostendit;
1974 3495 2030 3540 et
2074 3447 2137 3542 Β.

551 3535 890 3608 Augustinus
940 3551 1206 3606 veraciter
1255 3564 1308 3609 et
1357 3557 1594 3617 breviter
1639 3569 1879 3636 exponit,
1913 3573 2131 3634 dicens:

555 3624 682 3698 [Qui
718 3633 859 3688 enim
891 3639 1054 3694 certis
1078 3651 1133 3696 et
1161 3643 1587 3708 immntabilibus
1629 3659 1809 3715 causis
1837 3666 2018 3720 omnia
2059 3667 2137 3725 fu-

549 3728 670 3778 tura
701 3727 1125 3802 praadestinavit,
1149 3738 1407 3809 quidquid
1432 3742 1676 3805 facturus
1709 3762 1792 3806 est
1814 3753 1962 3812 fecit.
1997 3758 2131 3818 Nam

541 3823 606 3876 ,et
653 3831 750 3885 per
779 3823 1099 3893 prophetam
1147 3831 1350 3888 dictum
1402 3836 1468 3890 de
1520 3838 1610 3894 illo
1659 3854 1741 3898 est
1771 3860 1786 3899 :
1821 3865 1840 3898 ι
1873 3849 1973 3918 Qui
2005 3852 2134 3911 fecit

547 3919 668 3973 qua:
696 3908 876 3974 futura
911 3924 1035 3970 sunt
1065 3917 1200 3988 (Isa.
1232 3938 1354 3991 xcv,
1401 3927 1490 3994 11,
1513 3945 1616 3984 occ.
1641 3908 1928 4012 ιΧΧηῘ»
1981 3908 2134 4004 Unde

547 3999 715 4055 etiam
749 4003 858 4060 alio
901 4007 1021 4064 loco
1053 4011 1196 4067 idem
1219 4014 1408 4072 doctor
1433 4023 1715 4083 verissime
1734 3999 1806 4085 de
1822 3999 1938 4102 ipso
1961 3999 2128 4095 dicit:

549 4086 759 4162 [Neque
785 4097 932 4153 enim
957 4100 1101 4158 sicut
1127 4104 1422 4175 hominem,
1451 4109 1619 4169 Deum
1651 4086 1968 4191 cujusquam
1997 4127 2124 4187 facti

1607 321 1666 377 S.
1712 320 1972 383 REMIGII
2007 325 2496 388 LUGDUNENSIS
2530 334 2840 395 EPISCOPI

595 422 731 477 tium
767 422 1085 494 habeamus,
1120 431 1212 500 qui
1241 432 1581 507 confugimus
1606 437 1674 492 ad
1717 442 2002 496 tenendam
2041 458 2169 514 pro-
2197 445 2252 505 A
2276 445 2360 499 sui
2405 450 2649 517 paenitet,
2705 455 2862 526 cujus
2893 467 2976 514 est

3019 464 3267 521 omnibus
3299 472 3497 528 omnino
3521 480 3646 538 rebus
3670 496 3741 545 tam

2277 535 2383 592 ﬁxa
2417 544 2710 611 sententia,
2744 561 2905 616 quam
2951 561 3100 608 certa
3141 560 3500 638 praescientiaJ
3527 535 3743 648 Utrunque

2275 641 2405 699 ergo
2454 633 2596 702 apud
2647 635 2797 692 illum
2851 645 3134 710 aeternum,
3181 656 3451 722 utrumque
3493 633 3743 726 immutabile

2273 728 2378 802 est,
2403 737 2524 778 cum
2548 725 2614 780 de
2635 729 2888 787 omnibus
2909 736 3131 792 omnino
3159 726 3336 808 rebus,
3364 752 3461 815 tam
3484 748 3609 807 bonis
3633 772 3740 827 quam

2272 811 2449 880 malis,
2483 832 2603 887 quae
2649 820 2788 876 ﬁunt
2839 823 2894 878 in
2943 829 3142 886 mundo
3191 811 3494 894 arternaliter
3520 854 3620 900 ante
3642 811 3743 908 ut...

2272 904 2420 971 dum,
2445 916 2501 962 et
2537 915 2926 978 praenoscendo
2958 928 3107 975 certa
3139 931 3222 978 est
3247 925 3358 994 ejus
3397 904 3742 1004 premendae:

2263 993 2560 1064 judicando
2584 1003 2690 1058 lixa
2730 1011 3022 1066 sententia.
3068 993 3626 1083 Hanc'immobilitatem
3651 1050 3740 1103 pra-

2271 1090 2510 1148 scientiae
2549 1103 2604 1149 et
2639 1100 3131 1174 prmdestinationis
3159 1108 3253 1164 Dei
3294 1120 3411 1167 ante
3451 1090 3738 1188 temporalma.

2269 1191 2506 1249 nentem,
2564 1195 2620 1242 et
2671 1190 2852 1246 omnia
2899 1197 3215 1266 temporalia
3263 1203 3582 1268 ordinantem.
3629 1215 3736 1270 etiam

2267 1274 2426 1330 beata
2454 1275 2657 1345 Iudith,
2682 1282 2964 1340 victoriam
3009 1289 3075 1344 de
3121 1290 3351 1363 Assyriis
3398 1297 3598 1356 inimicis
3621 1309 3738 1376 populi

2268 1363 2363 1420 Dei
2393 1369 2692 1437 postulans,
2718 1373 3042 1433 mirabiliter
3069 1388 3125 1434 et
3155 1381 3384 1439 breviter
3407 1387 3455 1440 in
3473 1363 3737 1451 orationelsua

2267 1455 2378 1511 Deo
2401 1460 2710 1528 conﬁtetur,
2742 1465 2930 1524 dicens
2962 1487 2975 1523 :
3012 1489 3032 1521 ι
3070 1471 3147 1525 Tu
3179 1475 3319 1530 enim
3351 1477 3507 1535 fecisti
3533 1485 3681 1553 priora,
3706 1501 3739 1545 et

2266 1548 2353 1603 illa
2394 1561 2515 1619 post
2547 1553 2634 1608 illa
2669 1557 2940 1628 cogitasti,
2973 1571 3029 1617 et
3057 1565 3160 1620 hoc
3205 1565 3400 1624 factum
3429 1583 3502 1628 est
3524 1548 3635 1645 quod

2267 1646 2504 1715 voluisti,
2553 1659 2608 1706 et
2657 1662 2746 1708 tua
2788 1652 2991 1723 judicia
3032 1659 3085 1714 in
3136 1664 3463 1730 pr0videntia
3491 1679 3564 1723 tua
3584 1646 3736 1742 posuisti

2264 1739 2494 1808 (ludit/1.
2529 1760 2604 1808 ix,
2634 1745 2690 1812 4,
2718 1747 2795 1818 5).
2835 1769 2852 1800 ι
2882 1781 2954 1790 -
2984 1771 3002 1803 ι
3035 1751 3264 1822 Fecisti,
3315 1759 3495 1829 inquit,
3539 1739 3684 1835 priora,
3705 1779 3739 1824 et

2266 1834 2352 1888 illa
2383 1847 2505 1906 post
2531 1837 2618 1892 illa
2655 1842 2937 1913 cogitasti;
2973 1865 2992 1896 ›
3047 1862 3154 1902 non
3196 1851 3334 1918 quod
3363 1852 3410 1906 in
3441 1834 3738 1916 Deorvolutabi-

2265 1926 2389 1983 litas
2416 1938 2470 1983 et
2501 1932 2731 1989 varietas
2755 1935 3128 1994 decedentium
3172 1951 3229 1996 et
3259 1948 3611 2004 succedentium
3643 1956 3735 2023 cogi-

2264 2021 2526 2076 tationum
2557 2027 2823 2082 credenda
2857 2029 2946 2094 sit,
2982 2033 3078 2086 sed
3108 2035 3234 2103 quia
3261 2038 3434 2092 omnia
3459 2021 3737 2110 qnteinrebus

2261 2113 2457 2168 creatis
2507 2117 2820 2183 praecedunt
2869 2128 3030 2191 atque
3079 2129 3409 2195 succedunt,
3463 2131 3539 2188 ille
3585 2151 3664 2190 uno
3696 2149 3728 2192 et

2260 2211 2466 2260 aeterno
2494 2206 2690 2262 intuitu
2719 2210 3132 2271 immutabiliter
3162 2221 3357 2286 cernit,
3387 2222 3736 2296 incomprehensi-

2258 2295 2440 2351 biliter
2480 2301 2906 2371 comprehendit.
2963 2325 2981 2357 ι
3015 2306 3083 2362 Et
3129 2319 3242 2377 tua,
3292 2312 3478 2384 inquit,
3513 2301 3669 2385 judicia
3694 2322 3726 2374 in

2256 2389 2596 2456 providentia
2643 2402 2732 2446 tua
2765 2396 3016 2463 posuisti,
3051 2418 3069 2451 ι
3105 2400 3156 2455 id
3191 2409 3289 2464 est,
3331 2402 3516 2472 judicia
3557 2417 3640 2474 tua,
3661 2425 3734 2478 qua

2254 2493 2478 2535 exerces
2509 2481 2562 2535 in
2591 2486 2813 2551 mundo,
2846 2487 2898 2541 in
2927 2491 3266 2558 providentia
3295 2503 3378 2549 tua
3419 2500 3607 2567 posuisti
3626 2503 3733 2555 etiam

2253 2579 2378 2624 ante
2407 2573 2666 2628 mundum
2710 2594 2722 2630 :
2775 2587 2828 2631 et
2866 2579 3129 2650 quidquid
3163 2587 3643 2656 temporaliter'ﬁeri
3675 2608 3731 2646 ro-

2250 2659 2420 2728 luisti,
2449 2664 2504 2717 in
2528 2673 2732 2720 aeterno
2761 2670 2990 2725 consilio
3013 2679 3106 2727 tuo
3127 2674 3535 2745 intetnporaliter
3551 2682 3730 2734 statuisti.

2250 2749 2410 2806 Novit
2441 2755 2585 2809 enim
2608 2756 2950 2827 omnipotens
2984 2759 3129 2818 Deus
3161 2779 3347 2819 creare
3374 2783 3498 2822 nova
3526 2770 3618 2823 sine
3639 2771 3732 2823 novi-

2249 2854 2359 2901 tate
2390 2846 2567 2916 aliqua
2603 2849 2897 2905 voluntatis
2927 2871 2939 2906 :
2989 2854 3140 2908 novit
3186 2865 3241 2911 et
3284 2859 3544 2928 quiescens
3566 2869 3732 2931 agerest

2249 2955 2416 3010 agens
2439 2941 2739 3010 quiescere.
2772 2943 2956 3000 Potest
2986 2948 3053 3002 ad
3083 2965 3222 3019 opus
3245 2969 3435 3008 novum
3461 2970 3551 3010 non
3579 2970 3726 3019 novum,

2248 3029 2340 3083 sed
2366 3031 2753 3101 sempiternum
2777 3035 3032 3092 adhibere
3056 3041 3358 3098 consilium.
3387 3044 3450 3098 Et
3466 3046 3566 3101 ideo
3588 3062 3674 3100 cum
3693 3060 3729 3099 se

2249 3121 2393 3177 aliud
2423 3132 2584 3193 atque
2614 3125 2755 3179 aliud
2783 3130 3051 3199 cogitasse
3078 3134 3230 3200 dicit,
3256 3152 3359 3193 non
3391 3138 3510 3208 ipse,
3534 3140 3642 3209 quod
3670 3139 3728 3194 ab-

2249 3212 2344 3277 sit,
2373 3215 2735 3272 mutabilitate
2781 3219 2958 3291 aliqna
2987 3225 3254 3293 variatur,
3284 3230 3374 3284 sed
3401 3244 3513 3302 erga
3533 3231 3728 3285 mutabili-

2247 3312 2412 3359 tatem
2455 3316 2698 3362 nostram
2730 3311 2958 3367 diversis
3007 3318 3185 3374 modis
3219 3319 3544 3377 immutabilis
3581 3332 3622 3377 et
3657 3339 3723 3376 non

2246 3397 2459 3453 diverso
2487 3401 2714 3456 consilio
2745 3414 3020 3472 operatur.
3052 3407 3208 3464 Unde
3236 3420 3290 3467 et
3330 3412 3504 3468 beatus
3533 3413 3725 3484 apostolus

2242 3484 2475 3567 Jacobus
2517 3492 2581 3545 de
2609 3491 2697 3546 illo
2727 3492 2859 3548 dicit
2889 3513 2902 3549 :
2939 3515 2957 3547 ‹
2988 3498 3142 3566 Apud
3175 3516 3335 3572 quem
3365 3519 3463 3559 non
3499 3514 3568 3560 est
3605 3515 3722 3558 trans—

2242 3565 2492 3648 mutatio,
2521 3599 2619 3640 nec
2639 3586 3025 3646 vicissitudinis
3038 3565 3392 3652 fobuuibratio
3421 3597 3541 3669 (Jac.
3565 3598 3683 3666 uti).
3707 3616 3718 3646 l

2240 3674 2307 3728 Et
2336 3674 2476 3730 liber
2503 3675 2916 3735 Ecclesiastieus
2943 3682 2994 3737 in
3029 3684 3146 3755 ejus
3177 3687 3419 3746 laudibus
3445 3690 3651 3760 loquitur,
3673 3690 3722 3744 di-

2239 3779 2370 3820 cens
2397 3783 2409 3818 :
2461 3785 2478 3818 ι
2513 3767 2738 3823 Domino
2763 3770 2905 3824 enim
2932 3782 3226 3845 antequam
3271 3789 3573 3846 crearentur,
3602 3779 3720 3834 omnia

2237 3857 2456 3914 fuerunt
2484 3861 2687 3931 agnita.
2721 3861 2980 3919 Similiter
3015 3875 3070 3921 et
3098 3878 3222 3939 post
3255 3871 3528 3941 perlectum
3569 3870 3720 3940 respicit

2235 3951 2416 4004 omnia
2449 3950 2640 4021 (Eccli.
2669 3968 2826 4017 χχιιι,
2861 3955 2986 4026 29);
3019 3977 3038 4010 ι
3063 3969 3118 4014 et
3146 3961 3343 4018 iterum
3369 3979 3383 4019 :
3413 3983 3431 4016 ί
3462 3963 3667 4019 Asaaculo
3685 3968 3720 4013 et

2233 4056 2406 4112 usque
2433 4041 2485 4095 in
2530 4043 2785 4099 saeculum
2811 4047 3063 4118 respicit,
3093 4060 3146 4105 et
3177 4054 3312 4109 nihil
3353 4064 3431 4112 est
3476 4052 3665 4111 mirabile
3683 4052 3718 4104 in

2232 4142 2524 4205 conspectu
2553 4132 2670 4203 ejus
2703 4135 2895 4206 (Eccli.
2925 4154 3117 4209 χχιιι,
3138 4141 3257 4216 25).
3289 4165 3310 4200 ι

1479 4269 1686 4328 NOTAE
1730 4277 2049 4340 DUVALLll
2088 4287 2427 4347 DOCTORIS
2462 4287 2841 4348 SORBONICI.

611 4408 639 4437 ⁸
673 4395 923 4509 ἔξψηῖ
955 4412 1232 4509 οιζιῃθεδει
1265 4405 1680 4509 illosrlsraelitas
1725 4416 1816 4485 qui
1856 4418 2116 4479 increduli
2148 4426 2198 4486 ι)
2221 4442 2476 4509 quae-non
2500 4427 2572 4482 ita
2603 4443 2766 4509 grave
2793 4440 3072 4509 peccatum
3113 4445 3200 4491 est
3232 4448 3287 4493 et
3321 4453 3420 4509 qua
3452 4439 3501 4494 in
3526 4434 3713 4494 extremis

616 4483 676 4509 ΡΩ
785 4483 844 4509 βε
919 4486 1033 4509 num
1059 4489 1112 4509 In
1177 4491 1298 4509 ocnu-
1323 4494 1355 4509 Λ
1414 4491 1602 4509 nun-nunt
1678 4494 1727 4509 Α.
1773 4502 1938 4509 ---ρ-η
2330 4507 2336 4509 .

535 4474 593 4556 ει
616 4465 844 4556 rebelles
863 4468 1033 4555 .Moxsi
1128 4475 1355 4556 deserto
1392 4465 1634 4548 ruerunt.
1655 4465 2116 4556 priuatam:

534 4537 732 4627 davera
759 4540 829 4595 ibi
861 4541 912 4627 in
939 4537 1228 4627 vindictam
1249 4559 1526 4627 prostrata
1551 4537 1727 4627 sunt,
1759 4537 2111 4620 ihﬂietvemt‘iin

532 4621 651 4698 esse
677 4609 980 4693 «lainnatos,
1007 4624 1063 4698 et
1081 4617 1147 4698 ad
1172 4609 1330 4698 hujus
1352 4609 1727 4698 probationem
1753 4609 2111 4698 pioié'ri'iiiu'li

597 4678 721 4763 almi
749 4697 878 4739 xcrv
901 4701 926 4763 :_
953 4702 972 4736 ι
1003 4683 1208 4753 Quibus
1229 4678 1407 4763 jttravi
1440 4693 1491 4746 in
1522 4693 1598 4749 ira
1631 4678 2111 4763 mreaj‘sivintroi:

604 4758 664 4804 nt
758 4750 1247 4831 requiemlmeam;
1274 4779 1293 4811 ι
1324 4761 1529 4830 Quibus
1556 4750 1747 4823 verbis
1765 4750 2108 4831 im—mobilita-

526 4825 650 4902 ξειιι⁶
665 4821 828 4876 divini
857 4821 1068 4902 consilii
1092 4828 1161 4902 de
1190 4821 1402 4887 illoruwm
1429 4843 1631 4889 :eterna
1655 4821 2000 4900 damnatione
2027 4847 2108 4902 in-

524 4888 838 4972 dubitanter
876 4896 1104 4980 exprimi
1145 4902 1358 4956 asserit.
1393 4888 1814 4983 γετιιιήιῃόἷίὶἱ
1853 4888 2106 4983 opinione

520 4960 755 5083 Positum
789 4972 893 5028 est,
921 4960 1164 5034 quinimo
1189 4974 1521 5028 contrarium
1549 4960 1720 5033 multo
1747 4960 1834 5037 est
1859 4960 2106 5053 pioba'hi:

543 5029 649 5083 ius.
678 5040 789 5083 tum
813 5035 939 5083 auia
974 5051 1079 5083 non
1104 5049 1182 5083 est
1214 5044 1508 5083 varicimila
1541 5046 1802 5083 inlotis-nn:
1831 5053 2070 5083 mnum“...
2096 5069 2100 5073 -

543 5029 649 5095 ius,
678 5029 953 5120 tum_quia'
974 5051 1079 5091 non
1104 5049 1185 5094 est
1214 5044 1511 5120 verisimile
1541 5029 1802 5120 integram
1831 5029 2101 5113 Israelita;

519 5114 646 5183 rum_
680 5101 733 5183 i_n
777 5101 1010 5183 deserto
1029 5119 1364 5183 mortuorum
1403 5101 1801 5175 multitudinem
1828 5101 2101 5183 iuié's'é'iu-

515 5171 795 5260 credulam
840 5184 898 5260 et
935 5178 1218 5260 rebellem;
1259 5186 1499 5260 nunquid
1526 5171 2100 5260 gnitu’iié'iiEI'BuH-

514 5243 643 5324 quid
671 5247 930 5336 Parvuli,
983 5243 1219 5334 nunquid
1267 5243 1473 5323 pariter
1514 5243 2096 5336 Aaron‘ab-VEjhs'c-leih

511 5312 891 5406 incredplitate
931 5312 1178 5406 excusari
1220 5312 1445 5406 possunt
1489 5336 1545 5406 et
1570 5312 1810 5406 debent?

508 5384 655 5438 enim
673 5384 900 5491 .diqallllt.‘
925 5403 941 5444 ε
977 5409 996 5442 t
1029 5384 1392 5480 Quadraginta
1418 5399 1574 5453 annis
1598 5384 1881 5491 prcipua;
1906 5407 1976 5462 l‘ui
2004 5426 2096 5491 ge-

510 5465 778 5491 Ιὶοναίιηιιι
825 5477 930 5491 ιιι-η
983 5482 999 5491 ι
1034 5479 1060 5491 n
1097 5481 1284 5491 ..ειη-Α..-
1317 5477 1490 5491 ..ι-.-Α-
1524 5483 1672 5491 ..-μιᾼ
1761 5484 1771 5491 .
1935 5487 1944 5491 -
1995 5490 1999 5491 ,

510 5457 778 5537 iterationi
807 5460 952 5537 huic,
982 5482 1000 5515 ι
1033 5457 1069 5518 a
1096 5457 1286 5536 majori
1317 5477 1493 5524 tamen
1524 5457 1677 5537 parte
1721 5457 2093 5537 milia—tollitis

507 5525 913 5618 denolminatio‘:
940 5525 1056 5589 tum
1085 5525 1208 5604 quia
1250 5525 1586 5618 requiesilla
1617 5543 1816 5618 (lentia
1857 5547 2093 5618 loquitur

509 5599 808 5675 propheta,
854 5604 918 5656 de
962 5599 1115 5659 terra
1144 5599 1516 5675 promissionis

503 5668 682 5758 glossa
716 5672 939 5758 in.hunc
966 5668 1182 5729 locum-2
1214 5682 1492 5758 tum_quia
1531 5685 1652 5751 quis
1687 5668 1827 5742 dicet
1865 5668 1959 5744 eos
1997 5694 2086 5758 qui

507 5740 578 5797 ab
606 5741 728 5813 igne
757 5744 1049 5802 devorante
1075 5740 1564 5820 consumebantur;
1583 5769 1694 5824 prae
1726 5740 2085 5833 neglig—entia,

2219 4499 2466 4578 partibus
2504 4501 2884 4565 versabantur,
2926 4501 3092 4559 fuisse
3131 4499 3408 4578 propterea
3441 4512 3486 4566 in
3520 4520 3710 4565 aeternum

2217 4568 2522 4633 damnatos,
2545 4584 2732 4651 eorum
2761 4579 2946 4662 tamen.
2962 4568 3192 4662 corpora
3218 4568 3270 4633 in
3296 4581 3710 4662 desertooprostrata

2215 4648 2381 4693 sunt:
2417 4649 2527 4693 tum
2573 4641 2714 4721 quia
2743 4641 2994 4721 exclusio
3023 4641 3240 4721 a:terra
3282 4641 3636 4721 promissionis,
3666 4643 3709 4697 ad

2216 4724 2379 4791 quam
2416 4719 2590 4800 ‘tanto-
2619 4712 2813 4800 ardore
2849 4715 3216 4800 suspirabant,
3258 4712 3374 4776 cum
3403 4730 3565 4800 Aniorte
3596 4729 3708 4800 ᾳιιξω

2212 4777 2312 4848 ipsi
2357 4779 2597 4861 tulerunt
2633 4781 2904 4838 suﬁiciens
2941 4777 3124 4841 delicti
3167 4777 3372 4868 eorum
3397 4791 3490 4848 fuit
3511 4777 3708 4868 expiatio,

2208 4852 2522 4935 nonnminus
2545 4867 2705 4920 quam
2731 4868 2892 4935 mors
2911 4861 3418 4935 corporea_Anania:
3440 4871 3488 4935 et
3509 4852 3706 4935 Ξδρἓιὶγφε

2208 4934 2274 4974 ex
2303 4919 2659 4993 Hieronymo,
2702 4923 2927 4991 epistola
2955 4919 3025 4990 8,
3065 4930 3129 4983 ad
3165 4931 3550 4988 Demetriadem.
3569 4919 3644 4982 ἈΔ
3672 4924 3705 4977 id

2207 5000 2386 5068 autem
2416 4993 2558 5068 quod
2585 4994 2661 5046 ait
2693 4993 2931 5068 Ecclesia
2961 4996 3333 5068 Lugdunensis
3355 5044 3369 5068 ,
3405 5017 3566 5057 eorum
3597 4999 3704 5053 dam-

2204 5061 2480 5149 {iationem
2511 5061 2737 5149 ﬁguram
2764 5065 2929 5149 fuisse
2956 5061 3318 5149 damnationis
3333 5061 3550 5149 omnium
3563 5081 3703 5149 ,κριθὴ

2202 5131 2410 5210 borum
2435 5131 2972 5210 ju_xta_Apostolum,
3019 5140 3216 5210 prioris
3255 5147 3321 5199 ad
3359 5131 3628 5200 Corinthios
3650 5148 3700 5189 xi

2207 5219 2226 5251 ι
2256 5201 2450 5289 Dmnia
2492 5204 2542 5258 in
2587 5201 2756 5289 ﬁgtira
2793 5201 3176 5289 contingebant
3203 5214 3332 5289 illis;
3367 5235 3384 5289 ι
3418 5211 3697 5289 reSpontletut

2199 5273 2598 5349 solam_eornm
2633 5273 2671 5329 'a
2708 5285 2848 5349 terra
2883 5273 3144 5347 promissa
3189 5273 3524 5342 exclusionem
3551 5279 3699 5349 optiuw

2197 5357 2357 5412 pOSse
2387 5345 2523 5425 hanc
2550 5345 2950 5404 damnationem
2981 5351 3242 5422 ﬁgurare,
3282 5372 3397 5412 cum
3425 5345 3610 5425 ﬁgurant
3632 5360 3697 5398 γε’

2197 5415 2359 5470 ritate
2386 5417 2736 5497 minoreesse
2759 5435 2976 5497 semper
3003 5415 3265 5492 oporteat.
3309 5427 3429 5493 Quae
3453 5415 3602 5497 tamen
3622 5429 3695 5497 non

2195 5485 2273 5557 sic
2305 5497 2429 5540 sunt
2459 5487 2827 5557 intelligenda,
2853 5485 2908 5545 ut
2934 5485 3123 5550 omnes
3156 5498 3271 5552 illos
3299 5485 3542 5552 Israelitas
3565 5490 3617 5544 ab
3639 5488 3696 5540 in-

2193 5553 2323 5631 feris
2354 5553 2686 5631 vindicemtis
2713 5579 2724 5614 :
2754 5570 2958 5616 eertum
2999 5577 3082 5619 est
3122 5570 3260 5621 enim
3301 5567 3446 5631 Core,
3476 5562 3639 5631 Dathatt
3656 5561 3694 5609 el

1556 5613 1887 5707 intelligitur,
1928 5613 1984 5673 iit
2014 5624 2090 5704 ait
2189 5617 2663 5707 @bironﬂvivosad
2692 5613 2892 5707 inferos
2918 5634 3292 5707 descendisse,
3336 5613 3690 5707 sed'genefalem

2191 5696 2359 5772 ipsius
2388 5698 2645 5758 Ecclesiae
2671 5704 3094 5772 propositionem
3133 5696 3335 5767 tantum
3362 5696 3599 5766 coarctat:
3619 5710 3688 5752 V0-

2187 5765 2410 5826 luimus.
