3966 6334
206 363 311 424 995

815 474 1040 533 CAPUT
1079 471 1165 529 Ill.

743 604 950 646 REGULA
989 601 1245 644 SECUNDA.

210 712 402 774 Omnia
431 716 641 766 (eterna:
667 703 1010 761 urwscientiaz
1035 711 1081 774 et
1106 699 1427 755 ordinationi
1457 697 1571 763 eius
1605 697 1788 752 immo-

775 775 946 830 biliter
977 773 1215 829 subsunt.

280 916 530 976 Secunda
553 912 740 987 regula
769 911 962 967 divina:
988 907 1340 979 praescientiae
1363 911 1418 960 et
1439 902 1792 980 praedestina-

212 1015 374 1072 tionis
403 1021 488 1068 est
517 1029 531 1066 :
575 1029 593 1062 ι
630 1007 774 1064 Nihil
799 1005 1019 1062 omnino
1048 1018 1188 1066 esse,
1233 1009 1325 1056 aut
1352 999 1538 1064 fuisse,
1573 1005 1668 1052 aut
1704 995 1788 1050 fu-

214 1117 392 1164 turum
414 1117 536 1159 esse
556 1114 716 1172 posse
753 1099 808 1154 in
836 1096 1090 1167 operibus
1117 1093 1236 1155 Dei,
1262 1108 1381 1162 quae
1418 1091 1531 1146 sive
1571 1091 1624 1144 in
1665 1103 1793 1143 con-

215 1196 420 1258 dendis,
454 1194 568 1250 sive
598 1193 652 1247 in
697 1189 970 1262 regendis,
1003 1186 1116 1241 sive
1144 1185 1198 1239 in
1227 1180 1668 1240 consummandis
1707 1178 1793 1234 vel

213 1289 466 1347 ﬁniendis
495 1283 761 1343 creaturis
789 1282 918 1351 agit,
943 1280 1084 1351 quod
1115 1294 1221 1334 non
1249 1279 1362 1349 ipse
1388 1277 1440 1330 in
1469 1291 1567 1330 suo
1591 1282 1792 1329 aeterno

211 1384 438 1456 consilio
465 1390 629 1453 atque
656 1379 862 1448 judicio
888 1387 942 1432 et
968 1375 1237 1432 veraciter
1259 1371 1579 1443 praescierit,
1603 1379 1656 1424 et
1691 1369 1795 1424 im-

213 1477 486 1534 mobiliter
511 1469 974 1545 praeordinaverit.
994 1467 1171 1537 Atque
1194 1467 1266 1519 ita
1296 1479 1457 1518 omne
1483 1462 1622 1530 quod
1651 1468 1793 1513 tem-

210 1569 398 1643 porale
428 1575 534 1633 est,
561 1561 989 1633 intemporaliter
1015 1575 1110 1615 sua
1159 1555 1503 1630 praescientia
1552 1562 1607 1608 et
1652 1567 1794 1622 pra:-

215 1660 578 1719 destinatione
599 1655 876 1730 praecedit.
919 1652 987 1707 Et
1013 1667 1172 1707 omne
1193 1649 1333 1720 quod
1363 1649 1417 1702 in
1457 1645 1572 1716 ejus
1593 1654 1797 1700 aeterna

211 1751 555 1826 praescientia
577 1757 633 1804 et
660 1744 1132 1820 praedestinatione
1157 1739 1482 1810 dispositum
1505 1745 1609 1801 est,
1632 1735 1798 1790 etiam

213 1845 267 1902 in
311 1842 473 1900 rebus
498 1855 621 1896 esse
665 1847 862 1909 potest.
894 1834 1159 1904 Quidquid
1190 1847 1318 1887 vero
1353 1831 1428 1887 ibi
1474 1829 1794 1900 dispositum

213 1950 324 1992 non
350 1941 458 2000 est,
502 1945 778 2001 nunquam
833 1935 890 1983 et
939 1940 1201 1996 nusquam
1249 1938 1371 1979 esse
1417 1930 1625 1993 potest;
1666 1918 1800 1974 nihil

213 2030 362 2087 enim
383 2035 586 2083 temere
614 2024 697 2080 vel
727 2022 971 2088 fortuito,
1004 2020 1098 2076 sed
1119 2018 1302 2073 omnia
1331 2024 1548 2072 aeterna:
1577 2029 1687 2069 suae
1715 2028 1801 2068 sa-

213 2123 434 2194 pientiae
461 2118 687 2176 consilio
716 2124 772 2172 et
797 2114 1007 2170 ratione
1036 2111 1182 2168 facit.
1225 2130 1245 2163 1
1282 2108 1439 2165 Unde
1472 2108 1526 2162 in
1549 2105 1666 2176 ejus
1687 2106 1800 2160 lau-

216 2217 377 2271 dibus
403 2213 687 2270 verissime
719 2208 918 2264 dicitur
950 2226 963 2262 :
1011 2225 1030 2258 ι
1067 2204 1259 2261 Omnia
1302 2203 1356 2257 in
1403 2201 1664 2272 sapientia
1719 2198 1799 2255 fe-

151 2331 162 2344 -
214 2307 342 2364 cisti
369 2303 542 2377 (Psal.
575 2299 829 2371 (1111,24).
869 2318 888 2351 1
935 2295 1220 2353 Przecessit
1251 2293 1397 2348 enim
1428 2290 1546 2359 ejus
1591 2289 1803 2360 sapien-

216 2399 290 2469 tia
324 2395 660 2453 aeternaliter
686 2391 868 2448 omnia
901 2404 1022 2460 quae
1055 2387 1108 2442 in
1145 2384 1409 2441 creaturis
1464 2381 1605 2436 facta
1654 2386 1801 2446 sunt,

215 2491 305 2546 vel
331 2490 488 2554 tiunt,
520 2488 635 2544 sive
666 2481 850 2540 futura
894 2491 1020 2537 sunt
1063 2477 1454 2550 temporaliter.
1491 2474 1654 2530 Verbi
1684 2489 1804 2554 gra-

217 2583 316 2648 tia,
343 2579 619 2651 przescivit
643 2589 771 2634 esse.
792 2573 1051 2629 mundum
1077 2571 1333 2632 futurum,
1363 2577 1420 2622 et
1456 2543 1806 2638 praedestina-

215 2674 298 2728 vit
330 2687 388 2728 se
416 2686 536 2727 esse
566 2669 868 2732 facturum;
894 2662 1170 2735 praescivit
1194 2660 1465 2715 hominem
1489 2657 1802 2720 creandum,

213 2775 271 2822 et
320 2760 728 2836 praedestinavit
750 2773 808 2814 se
831 2771 952 2812 esse
1001 2761 1309 2810 creaturam
1349 2747 1661 2820 :przescivit
1702 2745 1802 2800 hu-

214 2872 444 2913 manum
471 2868 640 2924 genus
670 2867 767 2922 per
793 2848 1062 2905 hominem
1085 2845 1322 2916 primum
1362 2840 1569 2910 lapsum
1615 2837 1806 2908 unige-

215 2949 320 3005 niti
352 2948 473 3002 Filii
499 2947 581 3002 sui
613 2943 875 3015 sanguine
903 2936 1301 2999 redimendum,
1325 2943 1380 2988 et.
1406 2929 1808 3002 praedestinavit

214 3058 424 3100 seesse
452 3043 872 3110 redempturam.
922 3053 941 3087 ί
983 3029 1426 3100 Redemptionem
1469 3026 1613 3080 enim
1658 3023 1807 3079 misit

213 3135 418 3208 populo
461 3147 559 3189 suo
602 3128 774 3203 (Psal.
800 3143 888 3193 cx,
923 3126 998 3197 9).
1033 3144 1054 3177 1
1090 3123 1158 3182 Et
1183 3120 1453 3176 veraciter
1498 3117 1598 3187 ipsi
1627 3123 1809 3170 canta-

217 3237 312 3284 tur
352 3245 366 3280 :

218 3316 398 3391 (Paul.
428 3331 605 3378 Lxxv1,
639 3313 751 3384 l6).
783 3330 802 3363 1
834 3307 1114 3365 Praescivit
1156 3304 1358 3360 electos
1389 3316 1516 3356 suos
1539 3300 1605 3354 ad
1652 3307 1804 3354 mter-

217 3425 352 3465 11um
405 3421 628 3478 regnum
669 3418 825 3460 suum
867 3416 988 3457 esse
1014 3406 1299 3478 venturos;
1329 3392 1602 3464 prtescivit
1647 3392 1809 3446 etiam

219 3472 493 3573 reprobo;
524 3500 579 3554 in
607 3507 870 3554 aeternum
899 3472 1220 3564 supplicium
1271 3489 1580 3544 tradendos.
1609 3485 1677 3540 Et
1707 3485 1810 3538 hoc

221 3603 398 3651 totum
421 3593 545 3663 quia
567 3591 785 3662 plenum
811 3596 895 3642 est
921 3583 1313 3645 misericordia,
1338 3576 1808 3650 plenum'justitia,

218 3683 631 3760 praedestinavit
653 3697 712 3737 se
741 3675 1110 3734 misericordia
1131 3683 1189 3729 et
1213 3672 1415 3741 judicio
1445 3684 1545 3723 suo
1571 3681 1694 3722 esse
1718 3666 1801 3719 fa-

221 3787 479 3836 cturum;
519 3772 658 3844 apud
683 3785 845 3842 quem
873 3778 976 3830 est,
1001 3766 1163 3834 juxta
1192 3761 1528 3834 Apostolum,
1558 3779 1578 3810 ι
1609 3769 1812 3814 aeterna

221 3867 446 3924 bonitas
478 3872 534 3919 et
581 3862 844 3919 severitas
872 3859 1048 3932 (Rom.
1082 3873 1162 3922 x1,
1185 3855 1299 3926 22),
1334 3873 1352 3906 1
1397 3861 1453 3907 et
1480 3851 1567 3906 cui
1594 3849 1752 3921 digne
1781 3865 1811 3904 a

223 3960 481 4018 ﬁdelibus
506 3958 744 4016 dicitur:
780 3975 800 4008 ί
834 3951 1258 4008 Misericordiam
1290 3957 1346 4004 et
1386 3945 1651 4018 judicium
1680 3958 1812 3998 can-

224 4057 358 4114 tabo
389 4055 506 4120 tibi,
543 4052 769 4110 Domine
797 4045 971 4122 (Psal.
997 4063 1048 4111 c,
1088 4047 1165 4117 l).
1201 4063 1220 4096 1
1258 4042 1411 4098 Unde
1449 4047 1665 4096 constat
1693 4053 1814 4093 om-

224 4150 362 4207 nino
389 4147 534 4218 quod
562 4147 618 4202 in
657 4153 946 4212 utramque
983 4148 1219 4210 partem,
1248 4136 1542 4192 electorum
1568 4131 1818 4187 videlicet

223 4253 286 4300 et
326 4240 704 4311 reproborum,
747 4235 850 4290 nisi
879 4248 1066 4288 eorum
1103 4229 1188 4284 vel
1217 4225 1686 4299 gloriﬁcationem,
1730 4220 1815 4276 vel

223 4333 630 4392 damnationem
647 4329 1026 4400 justissimam,
1047 4337 1071 4365 ει
1088 4321 1424 4395 ρι’τεεοὶθιιιία
1457 4329 1512 4375 et
1536 4315 1816 4389 prtedesti-

225 4430 383 4487 natio
402 4427 586 4482 divina
616 4422 969 4496 praecederet,
990 4433 1266 4487 nunquam
1304 4417 1357 4469 in
1385 4414 1463 4468 eis
1493 4412 1610 4466 ﬁeri
1652 4419 1814 4480 atque

222 4519 513 4591 adimpleri
543 4523 748 4589 posset.
783 4513 936 4569 Sicut
960 4510 1094 4565 nihil
1119 4509 1341 4564 omnino
1369 4507 1422 4560 in
1452 4504 1706 4575 operibus
1732 4502 1812 4556 di-

217 4616 373 4674 vinis
398 4627 517 4670 esse
555 4617 735 4682 potest
751 4606 896 4679 quod
927 4620 1034 4660 non
1072 4603 1144 4657 ibi
1190 4598 1550 4672 prmcesserit.
1582 4595 1663 4651 Ad
1707 4596 1810 4651 hoc

219 4705 555 4767 mirabiliter
579 4710 636 4759 et
661 4699 966 4758 sublimiter
992 4691 1370 4750 insinuandum
1401 4689 1634 4761 pertinet
1667 4685 1811 4757 quod

219 4803 296 4860 de
323 4809 532 4856 aeterno
565 4803 624 4852 et
664 4789 941 4864 unigenito
972 4785 1151 4842 Verbo
1178 4783 1272 4839 Dei
1302 4780 1633 4851 evangelista
1659 4777 1809 4834 dicit.

1312 347 1518 408 LIBER
1554 346 1643 404 DE
1681 342 1932 401 TRIBUS
1970 338 2342 397 EPISTOLIS.

1813 452 1863 509 Α
1894 464 1912 497 ‹
1943 445 2095 513 Quod
2127 447 2328 502 factum
2357 455 2459 514 est,
2492 446 2545 502 in
2591 446 2707 518 ipso
2735 447 2846 502 vita
2883 452 3002 501 erat
3025 444 3206 515 (Joan.
3249 457 3287 509 1,
3323 441 3397 512 5),
3442 460 3461 494 1

430 3183 781 3278 «aedem—isti
945 3183 1170 3273 brachio
1212 3223 1305 3268 tuo
1351 3183 1608 3282 populum
1659 3216 1810 3262 tuum
1839 3183 1882 3255 C

3360 326 3463 385 οθι

1889 541 1942 595 id
1970 550 2053 595 est
2102 557 2261 596 omne
2287 542 2425 613 quod
2450 556 2481 595 a
2508 541 2687 596 Verbo
2715 549 2770 596 et
2798 554 2892 611 per
2929 539 3168 596 Verbum
3199 536 3292 592 Dei
3334 553 3354 587 ι
3383 532 3467 590 fa-
3512 523 3552 604 3',

1889 643 2037 691 ctum
2065 645 2148 690 est
2180 655 2196 686 1
2231 636 2616 705 temporaliter,
2653 633 2764 703 jam
2793 642 3081 704 antequam
3110 631 3283 697 ﬁeret,
3313 637 3470 686 aeter-

1889 727 2085 782 naliter
2113 727 2166 782 in
2211 729 2400 782 eodem
2427 728 2605 783 Verbo
2635 727 2728 782 Dei
2761 746 2779 778 ι
2810 727 2919 781 vita
2949 733 3069 781 erat
3102 744 3121 775 1
3173 743 3186 779 :
3219 723 3345 794 quia
3385 722 3472 778 vi-

1890 819 2084 876 delicet
2130 821 2306 890 ipsum
2334 820 2571 876 Verbum
2599 821 2692 875 Dei
2723 821 2930 885 vivens,
2977 818 3088 873 vita
3120 825 3222 880 est,
3255 825 3310 871 et
3350 815 3472 870 viva

1891 913 2177 982 sapientia,
2209 921 2263 966 et
2299 912 2418 966 viva
2465 913 2603 966 ratio
2630 953 2644 977 ,
2694 919 2748 966 et
2784 911 2966 964 vivum
3013 907 3318 972 consilium,
3367 920 3476 977 quo

1891 1005 2074 1060 omnia
2099 1005 2211 1060 suis
2237 1004 2412 1060 modis
2435 1014 2490 1061 et
2527 1021 2625 1060 suo
2652 1005 2842 1060 ordine
2877 1003 2994 1059 ﬁeri
3019 1009 3329 1073 potuerunt.

2446 1135 2653 1176 REGULA
2691 1135 2913 1176 TERTIA.

1927 1213 1993 1267 In
2014 1212 2254 1284 operibus
2277 1212 2373 1267 Dei
2394 1229 2542 1266 omne
2563 1213 2864 1282 prmscitum
2885 1218 2960 1265 est
2984 1209 3433 1280 prwdestinatum.

1967 1305 2146 1360 Tertia
2192 1305 2372 1375 regula
2404 1304 2596 1358 divinae
2645 1303 3000 1372 prtescientite
3028 1311 3083 1357 et
3126 1300 3473 1372 praedestina-

1896 1396 2058 1450 tionis
2085 1403 2190 1460 est,
2225 1414 2242 1445 ι
2273 1395 2400 1464 quia
2432 1395 2484 1449 in
2515 1395 2770 1464 Operibus
2814 1391 3200 1463 omnipotentis
3239 1390 3335 1444 Dei
3371 1404 3480 1445 non

1897 1498 2022 1544 sunt
2045 1489 2146 1543 alia
2170 1487 2417 1558 praescita
2444 1497 2500 1542 et
2528 1486 2631 1541 alia
2665 1485 3070 1556 praedestinata,
3097 1483 3190 1538 sed
3220 1479 3480 1552 quidquid

1897 1579 1972 1634 ibi
1996 1588 2078 1633 est
2105 1578 2431 1648 praescitum,
2454 1579 2579 1646 quia
2619 1585 2788 1631 totum
2811 1584 2893 1630 est
2933 1576 3130 1630 bonum
3169 1582 3224 1628 et
3251 1571 3476 1642 justum,

1899 1671 2016 1726 sine
2063 1671 2224 1725 dubio
2267 1677 2351 1725 est
2395 1669 2557 1724 etiam
2608 1667 3082 1739 praedestinatum;
3127 1675 3183 1720 et
3223 1657 3483 1734 quidquid

1898 1759 2364 1832 prmdestinatum,
2410 1758 2597 1828 utique
2627 1766 2683 1812 et
2735 1757 3044 1828 praeseitum
3066 1795 3081 1821 ,
3114 1754 3238 1824 quia
3273 1751 3481 1823 praede-

1901 1849 2123 1904 stinatio
2145 1849 2262 1904 sine
2284 1849 2621 1919 praescientia
2652 1862 2772 1902 esse
2797 1861 2905 1901 non
2933 1852 3133 1915 potest.
3165 1864 3184 1897 1
3212 1844 3484 1912 Quantum

1902 1942 2068 2014 igitur
2097 1941 2163 1996 ad
2208 1943 2324 2012 ipsa
2373 1957 2536 2012 opera
2583 1940 2763 1997 divina
2792 1938 3047 2009 pertinet,
3091 1937 3204 1992 sive
3233 1936 3484 1991 dicantur

1901 2037 2174 2108 prmscita,
2227 2037 2339 2092 sive
2393 2037 2641 2091 dicantur
2690 2033 3101 2104 prmdestinata,
3150 2029 3485 2084 tantumdem

1902 2130 2064 2193 valet,
2098 2136 2152 2184 et
2190 2128 2435 2184 eamdem
2466 2125 2722 2196 exprimit
2767 2123 3096 2179 immobilem
3149 2121 3483 2176 ﬁrmitatem.

1900 2221 2030 2277 Inde
2070 2221 2322 2290 estquod
2365 2218 2652 2290 Apostolus
2677 2217 2911 2288 quodam
2943 2217 3062 2273 loco
3090 2216 3486 2286 praescientiam

1903 2314 1998 2369 Dei
2035 2312 2565 2384 praedestinationem
2609 2309 2726 2380 ejus
2769 2309 2992 2381 intelligi
3029 2309 3218 2374 voluit,
3243 2309 3334 2364 ubi
3369 2308 3484 2363 ait:

1911 2424 1929 2457 ‹
1963 2404 2079 2461 Non
2111 2405 2308 2475 repulit
2357 2403 2506 2458 Deus
2548 2402 2758 2472 plebem
2805 2417 2984 2466 suam,
3029 2416 3190 2471 quam
3222 2398 3491 2470 praescivit

1906 2498 2083 2572 (Rom.
2108 2514 2184 2562 x1,
2211 2497 2289 2567 2).
2324 2515 2342 2547 1
2389 2494 2446 2550 Si
2476 2495 2618 2548 enim
2659 2493 2963 2564 praescisset
3009 2491 3402 2555 tantummodo,
3431 2497 3488 2544 et

1907 2604 2012 2642 non
2058 2586 2527 2657 prtedestinasset,
2582 2597 2922 2652 nequaquam
2949 2596 3068 2636 eam
3098 2579 3305 2650 plebem
3335 2595 3488 2634 suam

1907 2681 2142 2744 fecisset,
2177 2680 2270 2734 sed
2316 2678 2440 2748 quia
2486 2677 2559 2732 ita
2608 2675 2899 2746 praescivit,
2953 2683 3012 2729 ut
3058 2689 3178 2746 eam
3210 2674 3491 2729 verissime

1908 2773 2024 2844 ipsa
2063 2770 2401 2842 praescientia
2428 2768 2859 2840 praedestinaret,
2884 2765 3012 2836 quid
3047 2774 3131 2821 est
3169 2764 3312 2820 aliud
3341 2765 3487 2836 quod

1908 2882 2027 2921 eam
2055 2865 2345 2935 prmscivit,
2380 2863 2481 2918 nisi
2514 2861 2641 2932 quia
2675 2875 2802 2916 vere
2833 2868 2887 2915 et
2916 2858 3323 2913 immutabiliter
3356 2872 3494 2928 prte-

1909 2957 2241 3014 destinavit?
2272 2955 2363 3012 Sic
2394 2971 2522 3026 ergo
2545 2954 2597 3008 in
2630 2952 3085 3024 prmordinatione
3105 2950 3397 3006 electorum
3422 2948 3492 3004 ad

1910 3051 2096 3115 vitam,
2127 3059 2181 3104 et
2208 3049 2261 3103 in
2291 3046 2742 3117 prazordinatione
2768 3045 3118 3114 reproborum
3142 3044 3208 3097 ad
3241 3050 3490 3109 mortem,

1915 3144 2041 3214 quia
2070 3152 2357 3210 utrumque
2373 3139 2578 3209 justum
2612 3152 2746 3206 opus
2774 3136 2866 3192 Dei
2897 3144 3002 3200 est,
3038 3135 3181 3190 sicut
3207 3133 3494 3188 Psalmista

1919 3247 2172 3301 testatur,
2202 3236 2386 3290 dicens
2418 3251 2430 3286 ε
2461 3251 2480 3284 ι
2509 3231 2694 3287 Justus
2728 3228 2983 3284 Dominus
3015 3228 3068 3282 in
3112 3226 3362 3282 omnibus
3391 3225 3494 3280 viis

1915 3329 2027 3384 suis
2051 3339 2105 3382 et
2134 3336 2352 3382 sanctus
2387 3325 2441 3379 in
2470 3310 2723 3393 Operibus
2750 3322 2862 3376 suis
2903 3317 3076 3390 (Psal.
3109 3334 3287 3382 cxuv,
3319 3316 3429 3387 l7),
3470 3335 3490 3369 1

1915 3437 2013 3477 nec
2041 3418 2379 3490 praescientia
2408 3415 2524 3486 ejus
2552 3413 2668 3470 sine
2700 3410 3172 3481 praz'destinationc
3219 3423 3318 3463 nec
3360 3422 3498 3478 prae-

1915 3512 2202 3568 destinatio
2225 3510 2342 3564 sine
2370 3505 2710 3578 praescientia
2733 3501 2957 3572 intelligi
2981 3508 3182 3572 potest,
3207 3499 3331 3569 quia
3354 3499 3498 3554 istud

1908 3608 2115 3679 justum
2147 3613 2249 3665 est.
2274 3613 2330 3658 et
2360 3611 2566 3658 rectum
2592 3616 2728 3671 opus
2757 3613 2933 3663 suum,
2967 3605 3022 3653 et
3046 3609 3171 3651 vere
3201 3593 3496 3666 prascivit,

1914 3706 1971 3754 et
1997 3695 2328 3767 praesciendo
2348 3692 2496 3762 juste
2520 3689 2949 3763 praedestinavit.

2467 3822 2674 3863 REGULA
2712 3821 2947 3870 QUARTA.

1913 3929 2066 3984 Bona
2090 3943 2246 3998 opera
2275 3923 2634 3998 principaliter
2670 3921 2767 3975 Dei
2796 3929 2938 3998 sunt,
2969 3921 3060 3974 sed
3081 3931 3131 3998 et
3153 3935 3318 3990 ipsius
3345 3904 3529 3973 εντα-⁸

1988 3991 2140 4126 arma.
2169 3991 2316 4052 Maia
2336 3991 2497 4052 solius
2519 4002 2774 4049 creatura:
2804 3991 2920 4045 ideo
2946 3993 3212 4061 prmcita.
3237 4007 3338 4045 non
3364 4004 3500 4049 urce-

2027 4080 2272 4127 estmata.

1989 4205 2191 4273 Quarta
2219 4201 2403 4275 regula
2431 4209 2516 4254 est
2546 4198 2784 4270 ejusdem
2817 4195 3168 4268 praescientiaa
3209 4205 3264 4248 et
3291 4193 3497 4263 praeele-

1917 4297 2227 4354 stinationis
2268 4293 2451 4365 quod:
2488 4311 2505 4343 ‹
2538 4291 2664 4346 Haec
2707 4290 2813 4344 duo
2845 4289 2897 4343 in
2937 4288 3194 4358 operibus
3223 4283 3500 4339 rationalis

1919 4401 2184 4449 creaturae
2209 4398 2265 4444 et
2295 4387 2549 4443 distincte
2577 4391 2634 4439 et
2659 4381 2944 4451 conjuncte
2987 4379 3208 4448 intelligi
3254 4383 3498 4448 possunt,

1921 4487 2045 4557 quia
2074 4483 2281 4540 scilicet
2304 4479 2546 4549 ejusdem
2571 4487 2836 4532 creatura:
2861 4487 3025 4543 opera
3053 4471 3156 4525 alia
3187 4480 3312 4525 sunt
3334 4467 3498 4533 bona,

1839 4557 1895 4618 Ῑ)
1916 4581 2019 4636 alia
2050 4578 2210 4632 mala.
2240 4575 2308 4630 Et
2333 4573 2456 4644 quia
2487 4573 2626 4626 bona
2653 4583 2813 4639 opera
2843 4567 2916 4621 ita
2941 4572 3066 4620 sunt
3093 4562 3261 4634 ipsius
3290 4567 3503 4617 creatu-

1918 4688 2012 4738 τω,
2035 4680 2097 4727 ut
2122 4669 2229 4724 sint
2250 4666 2493 4728 omnino,
2518 4663 2547 4702 ι»
2570 4659 2946 4732 principaliter
2964 4665 3019 4712 et
3047 4654 3315 4711 veraciter
3335 4667 3500 4724 opera

1919 4763 2216 4829 Creatoris,
2249 4780 2266 4812 ι
2301 4759 2393 4829 qui
2439 4763 2698 4826 operatur
2722 4753 2778 4808 in
2808 4767 2873 4807 ea
2899 4759 2955 4807 et
2990 4749 3130 4805 velle
3156 4756 3212 4803 et
3241 4745 3502 4817 perlicere

1173 4915 1383 4973 NOTAE
1425 4908 1746 4969 DUVALLII
1784 4899 2128 4964 DOCTORIS
2167 4890 2546 4954 SORBONICI.

300 5092 327 5122 ι
369 5075 540 5132 Docet
577 5058 1117 5140 praedestinationem‘
1153 5062 1216 5140 et
1254 5047 1816 5140 praescientia'mAtan:

225 5118 686 5209 tuﬁuiéinv'iaté'ré'
700 5118 857 5209 circa
878 5131 1076 5185 bonum
1105 5118 1315 5209 tantum
1344 5119 1486 5191 quod
1519 5134 1548 5172 a
1578 5118 1688 5198 Deo
1713 5122 1817 5178 est,

223 5188 799 5294 II‘IISJ-"fihwii'ééni‘ra
826 5201 1092 5294 floannem

559 5276 895 5356 praescientia
928 5271 1096 5326 multo
1123 5267 1281 5356 latius
1305 5270 1506 5356 pateat,
1548 5267 1634 5314 est
1671 5271 1816 5356 emm

265 5311 377 5356 ιιιι;
412 5311 533 5344 CUlll
559 5311 895 5354 procne-mum
928 5311 1094 5326 ιιι-...υ
1124 5311 1280 5321 ........,
1305 5311 1506 5336 r-___-__,
1556 5311 1627 5314 ﬁ,
1690 5311 1693 5312 ν

224 5311 497 5422 gonorum
543 5365 598 5410 et
641 5349 941 5422 malorum;
990 5335 1395 5422 praedestinati'o
1413 5345 1565 5422 vero

225 5397 394 5493 $6213
409 5397 1065 5493 “bonoru-mT-vVei-umﬁi
1111 5415 1316 5493 attente
1354 5405 1583 5486 legatur,
1612 5397 1816 5493 ξριρὶἀο

441 5469 740 5554 "Eé‘iisEB'ii
775 5469 895 5544 eam
927 5483 1098 5539 solum
1129 5480 1193 5533 de
1229 5469 1564 5574 prms‘ci'entia
1585 5469 1816 5554 .divino-

1034 5566 1190 5574 μη-..
1231 5563 1341 5574 ...η-κ
1384 5553 1635 5574 ηρ...,,...η
1665 5553 1816 5574 mm...

229 5544 834 5643 Kiﬁﬁpériiﬁfsgere,
883 5571 990 5626 quo
1032 5566 1193 5643 sensu
1229 5544 1635 5643 praedestinatio
1664 5553 1818 5610 aeque

625 5636 636 5643 ⁸
785 5631 794 5641 ’
928 5626 962 5643 ’⁸
1080 5640 1105 5643 μ
1155 5620 1294 5643 *ΑΔ-⁵
1339 5632 1398 5643 un
1437 5611 1814 5643 ιι-νι-ιῖπ-ηοοιιιὲρ

893 5611 1017 5716 ait”:
1055 5623 1111 5716 lu
1149 5611 1817 5716 operibumslpctnni‘po‘ten‘tis

365 5680 1032 5776 sunt-ali'a-pragscita
1062 5680 1656 5776 eLal'ianprazdestinata
1685 5699 1697 5735 :
1723 5680 1817 5764 .vel

235 5753 813 5846 KféitBVJeiféTaﬁiini
827 5753 927 5825 illa
956 5769 1060 5823 duo
1090 5753 1317 5835 aequalia
1348 5774 1467 5815 esse
1489 5757 1698 5813 ratione
1721 5753 1820 5808 im-

1919 5034 2234 5095 mobilitatis
2267 5029 2432 5086 divini
2477 5024 2722 5090 consilii;
2758 5021 2904 5095 quod
2925 5020 3070 5095 enim
3106 5032 3136 5072 a
3176 5017 3286 5095 Dim
3314 5015 3504 5083 semel,

1919 5088 2328 5179 est'prreseitum
2377 5115 2485 5155 non
2515 5097 2692 5179 minus
2710 5088 3068 5179 'itiiallibiliter
3084 5088 3318 5179 eveniet,
3341 5103 3505 5159 quam

1919 5160 2077 5253 (11.1111:
2093 5160 2371 5253 semelest
2395 5168 2856 5253 praedestinatum.
2892 5163 2958 5253 Et
2983 5163 3098 5244 haec
3121 5160 3386 5230 posterior
3410 5173 3508 5215 ex-

1920 5232 2117 5324 5651115;
2139 5232 2318 5324 magis
2346 5232 2528 5324 estad
2555 5246 2793 5324 mentem
2820 5232 3078 5324 aqctoris.

1997 5303 2036 5362 ἓν
2065 5303 2546 5385 Εθυιθυιθερηᾲιιῐη
2576 5319 2662 5365 est
2694 5308 2839 5378 quod
2866 5303 3167 5385 dicit-bona
3193 5315 3365 5385 opera
3385 5314 3508 5384 esse

1921 5372 2565 5459 omninoiprin‘C-ipaliter
2606 5390 2662 5459 et
2701 5372 2976 5459 veraciter
3005 5375 3182 5459 ipsius
3208 5372 3505 5455 Qreatoris.

1921 5441 2490 5530 ista-enimtparticula
2517 5452 2728 5530 omnino
2757 5466 2864 5530 non
2893 5441 3053 5502 debet
3079 5444 3290 5530 divisi?
3315 5441 3510 5530 anprin-

1922 5513 2394 5606 bipalite—raccipi,
2441 5525 2532 5580 sed
2573 5521 2936 5590 conjunctim;
2975 5515 3131 5588 quasi
3172 5513 3301 5568 velit
3330 5513 3505 5595 .Deum

1922 5583 2164 5663 omnium
2195 5583 2474 5655 bonorum
2520 5583 2742 5665 operum
2781 5606 2900 5648 esse
2924 5583 3148 5644 oausam
3182 5583 3507 5665 praecipuam

1924 5654 2394 5745 éé'd'ﬁ’r’iihsriam;
2431 5683 2534 5722 non
2558 5654 2746 5745 tamen
2772 5671 3070 5745 propterea.
3083 5654 3324 5713 excludit
3343 5668 3505 5745 crea-

1925 5723 2436 5805 turai'u'b—umanam
2481 5753 2576 5796 seu
2615 5723 2846 5794 liberum
2873 5723 3190 5792 arbitrium,
3226 5723 3372 5798 quod
3409 5740 3508 5780 suo
