3966 6334
460 411 567 473 995

1504 414 1562 472 S.
1605 412 1872 471 REMIGII
1909 412 2398 472 LUGDUNLNSIS
2436 424 2746 472 LPIDLOI’I

3655 429 3751 487 996

463 550 484 593 ς
519 546 620 602 pro
636 529 781 588 bona
809 528 1088 586 voluntate
1120 528 1291 598 (Phil.
1318 545 1383 594 ιι,
1413 528 1527 598 l5),
1558 547 1577 582 ι
1614 527 1916 582 rectissime
1945 534 2058 582 tan-

2178 526 2285 597 ti);
2325 548 2344 580 ι
2387 537 2441 583 ct
2489 529 2726 584 iterum:
2758 546 2778 580 ι
2815 526 3055 596 ρυιριίιθ
3082 530 3289 586 bonum
3321 540 3378 587 et
3419 546 3529 588 non
3557 541 3753 590 malum

460 644 623 702 quam
638 643 769 685 vere
786 626 993 691 divina,
1024 626 1078 681 id
1107 635 1192 681 est
1221 624 1478 679 divinitus
1496 623 1781 693 inspirata,
1804 630 1859 677 et
1882 630 2053 693 gesta,

461 706 518 779 et
561 721 828 793 praescita,
865 730 919 775 et
967 720 1351 788 praedestmata
1392 717 1591 773 debent
1632 716 1879 787 intelligi.
1921 715 2058 770 Mala

462 829 595 877 vero
639 828 804 883 opera
834 810 1078 881 ejusdem
1109 821 1400 876 creaturae,
1451 811 1579 881 quia
1618 810 1788 882 ipsius
1817 817 2056 863 tantum-

462 905 625 961 modo
654 912 802 969 sunt,
845 912 901 958 et
929 918 997 958 ex
1040 902 1158 972 ejus
1186 903 1338 969 vitio,
1385 917 1492 957 non
1546 888 2056 964 ex‘Deivoluntate,

461 993 545 1052 vel
593 994 909 1067 operatione
939 994 1274 1067 procedunt,
1324 993 1576 1065 praescita
1606 1008 1635 1048 a
1666 992 1779 1047 Deo
1802 992 1905 1047 dici
1936 1007 2061 1062 pos-

463 1097 612 1153 sunt,
656 1087 1042 1159 przedestinata
1087 1103 1193 1142 non
1240 1096 1491 1157 possunt.
1525 1106 1544 1139 ι
1578 1086 1714 1153 Quia
1758 1086 1832 1140 ita
1864 1094 1946 1140 est
1972 1084 2061 1140 ille

465 1182 770 1236 certissime
798 1181 1061 1252 praescius
1088 1178 1329 1234 omnium
1352 1177 1683 1244 futurorum,
1716 1186 1770 1233 et
1795 1178 2060 1233 bonorum

465 1269 672 1324 scilicet
700 1278 756 1324 et
789 1268 1076 1336 malorum,
1107 1278 1167 1323 ut
1203 1284 1478 1338 nunquam
1514 1282 1634 1323 esse
1662 1267 1833 1338 possit
1858 1267 2062 1338 praede-

464 1363 722 1428 stinator,
751 1362 893 1418 sicut
915 1378 1016 1419 nec
1044 1371 1235 1417 auctor
1258 1362 1559 1429 malorum;
1584 1361 1856 1432 prmscivit
1880 1361 2061 1430 itaque

464 1452 609 1511 Deus
634 1462 691 1509 et
734 1455 1142 1525 praedestinavit
1181 1453 1462 1509 rationalis
1496 1463 1761 1508 creatura:
1792 1469 1902 1508 sua?
1946 1468 2063 1506 ont-

463 1545 553 1599 nia
584 1545 746 1611 bona,
772 1544 916 1600 sicut
942 1544 1233 1616 Apostolus
1256 1545 1389 1599 dicit
1417 1563 1429 1598 :
1464 1563 1481 1595 ι
1516 1543 1649 1598 Nam
1684 1559 1820 1614 quos
1846 1542 2064 1614 pricsci-

465 1634 564 1699 vit,
611 1644 666 1691 et
709 1635 1125 1705 praedestinavit
1167 1635 1475 1689 conforutes
1519 1634 1636 1689 ﬁeri
1668 1630 2063 1710 imaginisFilii

464 1725 551 1780 sui
579 1724 896 1797 (Rom.vnt,
922 1725 1037 1799 29);
1073 1745 1091 1778 ι
1130 1734 1185 1782 et
1208 1727 1402 1781 iterum
1430 1745 1442 1779 :
1480 1746 1497 1775 ι
1532 1725 1638 1781 Sed
1671 1716 1943 1796 loquimur
1967 1725 2064 1781 Dei

469 1819 791 1889 sapientiam
818 1818 872 1873 in
900 1819 1160 1891 mysterio
1184 1819 1584 1886 absconditam,
1602 1835 1765 1890 quam
1794 1818 2066 1889 praedesti-

2160 620 2455 683 utvtvatis,
2510 632 2564 675 et
2613 623 2718 676 erit
2774 619 3037 675 Dominus
3085 623 3426 677 exercituum
3456 622 3754 691 vobiscum,

2158 711 2299 766 sicut
2344 711 2560 765 dixistis
2609 710 2809 782 (Amos.
2846 726 2897 776 v,
2935 710 3054 783 li);
3084 729 3104 763 ι
3135 720 3192 767 et
3220 711 3327 767 alio
3366 711 3532 768 loco:
3569 732 3590 765 ι
3624 713 3759 769 Cou-

2159 803 2431 858 vcrtimini
2462 804 2528 857 ad
2555 818 2658 866 me,
2685 810 2741 857 et
2767 811 3059 858 convertar
3086 803 3155 858 ad
3180 820 3298 870 vos,
3331 804 3463 860 dicit
3499 806 3759 864 Dominus

2159 899 2497 955 exercituum
2526 896 2713 969 (Zaclt.
2754 915 2795 964 ι,
2825 898 2881 968 5)
2909 913 2924 963 ;
2955 919 2974 951 ι
3027 904 3081 953 et
3126 913 3346 955 rursum
3393 898 3450 953 in
3500 897 3755 954 Pssimo:

2168 1009 2187 1042 ι
2212 978 2448 1046 Πωιθιιιι·
2469 1006 2565 1046 cor
2580 991 2935 1060 quaarentium
2966 991 3272 1055 Dominum,
3315 992 3550 1061 querito
3575 991 3763 1048 Doni-

2164 1101 2293 1141 num
2321 1097 2376 1141 et
2422 1085 2841 1151 eonﬁrmamini,
2883 1086 3114 1155 quaerite
3141 1083 3357 1143 .faciem
3386 1085 3508 1156 ejus
3548 1100 3763 1156 seraper

2166 1176 2342 1245 (Psal.
2371 1194 2480 1242 CIV,
2507 1178 2585 1247 3).
2618 1196 2637 1228 ι
2674 1176 2828 1232 Unde
2847 1187 2905 1233 et
2932 1179 2985 1233 in
3008 1178 3128 1248 ejus
3150 1176 3363 1233 laudem
3399 1177 3568 1248 digne
3608 1179 3763 1233 caui-

2164 1277 2289 1323 tur:
2328 1286 2346 1320 ι
2384 1269 2616 1338 Sperent
2658 1267 2713 1322 in
2765 1277 2818 1324 te
2865 1283 3056 1324 omnes
3094 1269 3189 1338 qui
3235 1277 3512 1324 noverunt
3562 1283 3760 1324 nomen

2166 1370 2337 1434 tuum,
2371 1361 2622 1430 quoniam
2666 1376 2776 1416 non
2820 1360 3155 1431 decdiquisti
3184 1368 3498 1431 quaeram
3534 1370 3616 1426 te,
3662 1361 3765 1416 Do-

2164 1451 2311 1505 mine
2336 1448 2509 1521 (Psal.
2534 1466 2613 1515 Ix,
2649 1450 2757 1519 11).
2792 1470 2812 1501 ι

2238 1543 2353 1599 Non
2375 1559 2506 1613 ergo
2520 1543 2606 1598 ille
2622 1553 2782 1599 tanta:
2796 1543 3052 1599 bonitatis
3070 1553 3127 1599 et
3152 1542 3373 1614 pietatis
3383 1541 3554 1598 Pater
3573 1557 3765 1613 quem-

2166 1653 2329 1707 quam
2373 1637 2600 1707 impellit
2629 1646 2718 1692 aut
2749 1637 3022 1706 compellit
3068 1637 3136 1691 ad
3172 1635 3379 1692 malum
3425 1651 3571 1707 opus
3606 1651 3767 1707 agen-

2167 1728 2294 1784 dum
2328 1728 2410 1783 vel
2440 1727 2494 1783 in
2526 1728 2667 1784 malo
2709 1742 2876 1797 opere
2912 1726 3373 1801 permanendum;
3423 1734 3616 1784 tamen
3643 1743 3769 1783 vere

2168 1819 2493 1891 constringit
2537 1828 2591 1874 et
2621 1816 3123 1888 compellitjudicio
3147 1834 3247 1874 suo
3270 1820 3328 1874 in
3374 1817 3538 1875 malis
3580 1834 3768 1889 perse—

468 1910 621 1965 navit
664 1910 807 1967 Deus
845 1920 972 1966 ante
1003 1912 1202 1967 saecula
1235 1911 1289 1967 in
1320 1911 1546 1984 gloriam
1581 1922 1823 1968 nostram
1856 1911 1908 1984 (1
1937 1911 2061 1968 Cor.
2095 1918 2142 1978 Β
2169 1921 2424 1967 verantcs
2458 1911 2526 1967 ad
2551 1911 2757 1981 justum
2779 1911 3104 1983 supplicium
3130 1911 3412 1968 luendum.
3438 1912 3510 1967 Et
3534 1910 3618 1967 ibi
3646 1927 3770 1981 erg)

474 2018 534 2069 ιι,
563 2005 643 2076 7).
683 2022 702 2057 ι
757 2002 895 2058 Mala
938 2019 1068 2060 vero
1110 2020 1274 2075 opera
1313 2013 1369 2061 et
1406 2006 1545 2060 mala
1585 2010 1779 2061 merlta
1822 2006 2062 2077 ejusdem

473 2102 737 2149 creatura:
760 2094 1035 2164 praescivit
1069 2096 1462 2163 tantummodo,
1491 2113 1596 2151 non
1621 2096 2060 2167 praedestinavit:

472 2186 615 2242 sicut
645 2185 931 2241 Psalmista
956 2201 1022 2241 ex
1047 2201 1278 2256 persona
1305 2187 1527 2241 immani
1561 2189 1777 2258 generis
1817 2189 1957 2244 inter
1985 2188 2064 2243 la-

472 2276 635 2334 bores
661 2287 718 2334 et
741 2278 981 2349 pericula
1005 2278 1129 2333 vitm
1153 2279 1397 2335 mortalis
1418 2281 1703 2351 gementis,
1722 2290 1779 2336 et
1801 2282 1867 2335 ad
1900 2282 2066 2337 Deum
2087 2323 2090 2328 .

474 2369 654 2426 redire
679 2370 949 2437 conantis,
976 2370 1077 2440 ipsr
1105 2369 1464 2442 omnipotenti
1498 2372 1608 2427 Deo
1633 2372 1911 2427 humiliter
1936 2390 2066 2430 con-

476 2459 682 2526 ﬁtetur,
734 2460 961 2515 dicens:
1002 2479 1021 2513 ι
1063 2460 1379 2516 Intellexisti
1416 2463 1774 2534 cogitationes
1818 2480 1966 2520 meas
2004 2466 2071 2521 de

475 2547 656 2620 longe,
700 2551 950 2605 semitam
993 2566 1170 2606 meam
1199 2560 1253 2606 et
1289 2551 1585 2608 funiculum
1627 2569 1805 2609 meum
1845 2556 2069 2611 investi—

477 2639 615 2708 gasti
642 2656 656 2704 ;
684 2648 740 2694 et
758 2655 949 2695 omnes
968 2641 1085 2696 vias
1108 2656 1258 2697 meas
1282 2644 1578 2712 praevidisli
1604 2644 1776 2717 (Psal.
1802 2662 2069 2714 cxxxvnt,

473 2733 553 2805 2).
587 2752 606 2785 ι
631 2733 768 2802 Quid
794 2744 877 2789 est
902 2735 1045 2790 enim
1080 2754 1099 2788 ι
1134 2751 1323 2793 omnes
1353 2739 1470 2793 vias
1504 2754 1652 2795 meas
1685 2739 2011 2810 praevidisti,
2044 2761 2065 2795 ι

478 2828 582 2884 nisi
616 2843 806 2884 omnes
830 2830 946 2885 vias
974 2844 1144 2895 meas,
1169 2832 1356 2902 utique
1387 2833 1576 2899 malas,
1603 2850 1706 2889 non
1733 2834 1903 2889 solum
1937 2850 2075 2906 pric—

479 2929 663 2976 sentes
689 2920 896 2986 vidisti,
929 2923 1022 2977 sed
1049 2924 1215 2978 etiam
1246 2923 1475 2991 futuras,
1507 2935 1802 2996 antequam
1835 2942 1929 2982 eas
1959 2943 2074 2981 am-

478 3006 748 3075 bularem,
793 3011 1135 3080 prmvidisti?
1173 3013 1270 3069 Cui
1311 3015 1475 3069 etiam
1509 3015 1615 3070 alio
1643 3016 1761 3071 loco
1792 3015 2073 3086 Scriptura

480 3100 652 3156 dicit:
687 3121 705 3153 ι
743 3101 845 3169 Qui
873 3104 1015 3159 nosti
1046 3106 1227 3160 omnia
1256 3114 1549 3179 antequam
1583 3107 1715 3163 liant
1748 3108 1909 3180 (Dan.
1944 3110 2071 3174 xm,

482 3192 599 3263 ἃ),
624 3212 644 3247 ι
672 3195 860 3265 utique
890 3210 1012 3271 non.
1025 3196 1198 3252 solum
1226 3198 1391 3266 bona,
1419 3199 1513 3255 sed
1537 3200 1701 3256 ctiam
1736 3200 1885 3255 mala

1105 3330 1334 3388 CAPUT
1368 3331 1458 3387 ιν.

989 3460 1253 3502 ιιεοιιιιι.
1296 3462 1570 3511 ουΙΝτᾹ.

593 3559 999 3618 Prwdestinatio
1029 3562 1127 3618 Dei
1149 3562 1283 3619 nulli
1312 3567 1666 3621 necessitatem
1686 3564 1755 3620 ad
1778 3564 1976 3621 malum

874 3635 1115 3706 imponit.
1153 3634 1348 3691 Notent
1375 3636 1695 3692 Calvinistw.

560 3745 760 3814 Quinta
792 3748 975 3819 regula
1004 3757 1087 3805 est
1109 3748 1306 3805 divina:
1336 3751 1692 3821 praescientize
1714 3761 1769 3808 et
1797 3751 2081 3824 praedesti-

484 3837 721 3892 nationis
749 3838 891 3908 quod
925 3857 944 3890 ι
977 3840 1322 3910 omnipotens
1349 3842 1492 3897 Deus
1520 3843 1707 3898 eadem
1738 3844 2081 3925 prmscientia

457 3935 540 3983 cet
559 3927 1035 3997 praedestinatione
1058 3945 1154 3985 sua
1178 3931 1252 3985 ita
1267 3931 1528 4002 quosdam
1566 3932 1736 3987 malos
1774 3933 1827 3987 in
1860 3949 1955 3989 sua
1980 3935 2084 3991 ini-

485 4016 695 4086 quitate
708 4026 765 4074 et
779 4017 1055 4089 impietate
1066 4028 1120 4074 et
1138 4022 1442 4090 praescierit
1466 4033 1929 4093 perseveraturos,
1947 4034 2000 4081 et
2012 4026 2083 4083 ob

487 4105 593 4161 hoc
616 4106 763 4175 juste
785 4106 1255 4177 prmdestinaverit
1278 4111 1569 4178 perituros,
1601 4122 1661 4168 ut
1683 4127 1752 4167 ex
1786 4113 1902 4183 ipsa
1934 4125 2084 4170 certa

485 4198 828 4269 prtescientia
860 4208 916 4254 et
937 4197 1084 4268 justa
1108 4201 1586 4271 praedestinatione
1608 4219 1705 4259 sua
1731 4205 1862 4260 nulli
1888 4220 2077 4261 neces-

487 4289 708 4346 sitatem
739 4289 1081 4359 imposuerit,
1114 4298 1174 4346 ut
1205 4291 1380 4348 malus
1402 4302 1547 4349 esset
1575 4302 1631 4350 et
1656 4294 1802 4351 aliud
1826 4311 1948 4353 esse
1976 4313 2083 4353 non

485 4387 692 4452 posset.
722 4400 742 4434 ι
798 4380 912 4438 Hoc
964 4382 1107 4439 enim
1141 4383 1187 4438 si
1228 4382 1471 4452 fecisset,
1510 4387 1652 4456 quod
1692 4388 1835 4443 absit
1874 4390 1940 4445 de
1966 4390 2082 4463 ejus

487 4469 731 4528 bonitate
756 4472 962 4530 sentire
984 4485 1034 4542 ι,
1052 4473 1167 4546 ipse
1184 4483 1329 4531 esset
1356 4477 1543 4548 utique
1571 4489 1762 4536 auctor
1790 4464 2080 4550 malorum,

489 4577 611 4632 quae
640 4579 751 4619 suae
772 4566 1062 4636 potestatis
1087 4566 1345 4625 violentia
1378 4570 1495 4625 lieri
1523 4572 1893 4644 compulisset.
1927 4575 2081 4643 Quod

2166 2004 2368 2071 bonus,
2420 2004 2548 2075 quia
2600 2004 2872 2060 neminem
2924 2004 3039 2061 vult
3103 2003 3306 2059 malum
3362 2020 3521 2069 esse;
3575 2013 3636 2060 et
3685 2014 3767 2060 hic

2164 2096 2366 2167 justus,
2390 2098 2515 2166 quia
2547 2095 2751 2151 nullum
2780 2095 3024 2166 iniquum
3049 2104 3106 2152 et
3133 2095 3357 2166 impium
3374 2095 3656 2165 permittit
3676 2095 3772 2150 im-

2168 2188 2416 2260 punitum
2444 2203 2603 2243 esse:
2636 2202 2904 2258 nusquam
2937 2197 3121 2243 autem
3150 2186 3347 2253 malus,
3377 2186 3471 2257 qui
3504 2186 3771 2242 malon

2170 2279 2550 2335 tantummodo
2597 2277 2761 2343 ultor,
2810 2291 3087 2348 nunquam
3139 2286 3331 2334 auctor
3387 2276 3608 2332 existit.
3668 2274 3798 2331 Boc-

2170 2370 2315 2426 euim
2343 2369 2499 2425 nobis
2526 2369 2593 2425 de
2624 2369 2716 2424 illo
2740 2368 3023 2440 Scriptura
3043 2368 3462 2439 diligentissime
3491 2384 3770 2424 commen-

2171 2462 2283 2526 dat,
2302 2460 2517 2517 dicens:
2541 2479 2559 2511 ι
2579 2459 3091 2517 Nemini-mandavit
3112 2460 3277 2531 impie
3295 2475 3484 2532 agerc,
3502 2469 3562 2516 et
3576 2460 3774 2516 nemini

2172 2552 2565 2621 deditspatium
2578 2552 2836 2622 peccandi
2852 2552 3036 2623 (Prov.
3052 2551 3251 2623 111,5);
3275 2571 3297 2605 ι
3316 2562 3374 2608 et
3392 2553 3774 2608 iterumdehia

2174 2644 2264 2713 qui
2287 2652 2479 2713 putant
2499 2644 2686 2699 seDeo
2720 2643 3028 2713 impellente
3048 2658 3309 2715 peccare:
3344 2662 3365 2695 ι
3396 2642 3676 2709 Stultitia,
3700 2645 3772 2698 ia-

2175 2734 2325 2803 quit,
2365 2734 2598 2790 hominis
2639 2734 2947 2805 supplantat
2987 2733 3209 2806 gressus
3238 2734 3422 2801 illius,
3476 2745 3536 2792 et
3592 2745 3777 2792 contra

2174 2826 2346 2881 Deum
2363 2825 2735 2883 servetanimo
2757 2842 2857 2883 suo
2876 2826 3058 2899 (Prov.
3081 2823 3234 2894 sint,
3261 2828 3343 2900 3).
3371 2848 3392 2881 ι
3417 2828 3492 2884 Ει
3515 2829 3631 2886 alio
3644 2829 3775 2886 locu:

2183 2935 2201 2968 ‹
2231 2915 2548 2986 lniquitates
2561 2932 2671 2972 sua:
2687 2918 2906 2987 capiunt
2936 2919 3257 2990 impium.et
3279 2918 3506 2976 funibus
3525 2930 3775 2992 peccato-

2181 3022 2299 3061 rum
2320 3021 2539 3062 suorum
2564 3008 2957 3078 constringitur
2980 3007 3165 3079 (Prov.
3206 3025 3240 3064 v
3262 3050 3278 3075 ,
3335 3009 3455 3079 22).
3498 3028 3521 3062 ι
3552 3010 3711 3067 Unde
3731 3019 3777 3068 et

2176 3099 2618 3158 beatuslacobus
2647 3102 2923 3172 apostolus
2946 3118 3160 3159 omnem
3182 3103 3397 3159 ﬁdelem
3422 3105 3499 3159 ab
3520 3105 3778 3161 baciusa-

2179 3193 2269 3248 nia
2300 3209 2562 3250 coercens
2575 3204 2631 3250 et
2656 3195 2723 3248 ad
2744 3210 2929 3249 veram
2953 3196 3172 3265 pietatis
3197 3197 3489 3253 scientiam
3517 3199 3778 3255 reducens

2106 3321 2151 3386 Ο
2183 3284 2410 3341 sollicite
2428 3286 2704 3352 admonet,
2727 3286 2911 3342 dicens
2927 3304 2969 3340 ει
2996 3284 3186 3352 Nemo,
3202 3302 3325 3343 cum
3350 3295 3629 3355 tentatur,
3646 3290 3779 3346 dicat

2183 3378 2437 3448 quoniam
2478 3393 2509 3432 a
2540 3378 2651 3435 Deo
2680 3386 2952 3446 tentatur;
2988 3378 3130 3435 Deus
3154 3380 3301 3436 enim
3322 3380 3639 3437 intentator
3668 3397 3776 3437 ma-

2180 3466 2359 3524 lorum
2384 3477 2488 3536 est,
2515 3470 2633 3540 ipse
2671 3480 2856 3529 autem
2884 3471 3155 3527 neminem
3181 3475 3779 3546 tentat:unusquisque

2187 3574 2371 3618 autem
2388 3572 2631 3619 tentatur
2647 3581 2675 3618 a
2693 3565 3134 3636 concupiscentia
3157 3581 3259 3621 sua
3272 3566 3588 3624 abstractus
3643 3576 3702 3623 et
3721 3566 3778 3623 il-

2181 3652 2376 3721 lectus;
2394 3654 2518 3710 dein
2534 3656 2991 3727 concupiscentia,
3011 3672 3137 3713 cum
3152 3658 3486 3729 conceperit,
3505 3660 3656 3730 parit
3667 3675 3777 3731 pee-

2183 3755 2366 3801 catum
2389 3764 2400 3798 :
2418 3759 2703 3816 peccatum
2725 3762 2856 3805 vero
2872 3764 2996 3805 cum
3012 3759 3450 3807 consummatum
3478 3751 3671 3817 fuerit,
3686 3767 3774 3823 ge-

2181 3846 2343 3894 nerat
2358 3846 2608 3893 mortem.
2658 3859 2676 3891 ι
2701 3838 2870 3910 Igitur
2893 3842 3243 3912 omnipotens
3267 3843 3415 3900 Deus
3441 3844 3776 3915 praescierint

2182 3946 2283 3987 sua
2311 3947 2441 4003 erga
2466 3932 2723 4002 reprobus
2755 3932 3017 4003 praevidit,
3043 3934 3187 4003 quod
3210 3949 3401 3991 verum
3417 3946 3505 3991 est
3526 3950 3655 3992 :eos
3671 3935 3771 3991 sci-

2184 4023 2446 4091 licet,non
2460 4039 2558 4081 suo
2571 4023 2823 4094 impulsu,
2840 4025 2935 4081 sed
2949 4026 3169 4103 proprio
3184 4026 3318 4084 vitio
3330 4027 3383 4082 in
3406 4028 3777 4099 impietatibtl

2181 4123 2647 4186 perseveraturos.
2679 4114 3163 4172 Prasdcstinatione
3197 4133 3295 4181 sua
3324 4119 3552 4183 statuit,
3601 4127 3658 4173 et
3686 4118 3772 4173 de-

2183 4206 2392 4272 crevit,
2438 4207 2585 4278 quod
2622 4206 2829 4278 justum
2860 4216 2982 4276 est,
3027 4208 3246 4271 eosdem
3282 4208 3541 4266 videlicet
3576 4219 3770 4266 autem

2187 4301 2456 4371 supplicio
2489 4303 2785 4372 perituros.
2824 4301 2952 4357 Haec
2975 4303 3177 4358 etenim
3224 4303 3406 4370 mala,
3445 4305 3500 4360 id
3539 4313 3656 4371 est,
3678 4319 3777 4360 nul

2184 4407 2248 4447 ea
2284 4409 2404 4463 qua:
2433 4394 2534 4464 ipsi
2567 4395 2809 4451 volentes
2831 4395 3057 4460 faciunt,
3088 4397 3183 4452 sed
3211 4412 3459 4468 qurepro
3479 4398 3641 4454 malis
3670 4397 3777 4454 fac-

2200 4484 2269 4539 tis
2314 4484 2429 4540 suis
2472 4486 2721 4541 nolentes
2772 4487 3081 4558 patientur,
3131 4496 3189 4543 et
3225 4488 3642 4558 praedestinavit
3682 4490 3781 4553 illis

2187 4576 2332 4633 Deus
2364 4576 2575 4647 justitia
2602 4594 2699 4634 sua
2731 4588 2786 4635 et
2824 4579 3044 4645 omnino
3066 4579 3320 4636 illaturus
3347 4590 3437 4636 est
3459 4581 3614 4653 justo
3637 4581 3781 4651 juﬁr

484 4668 650 4727 quam
682 4655 971 4714 horrenda:
1009 4658 1082 4714 sit
1108 4659 1457 4730 blasphemia:
1501 4663 1681 4720 dicere
1708 4665 1792 4720 vel
1818 4668 2078 4738 cogitare,
2105 4679 2159 4740 D
2185 4667 2270 4723 cio
2289 4682 2407 4722 suo.
2440 4666 2544 4734 Qui
2587 4670 2869 4726 verissime
2902 4669 3101 4725 talibus
3129 4671 3532 4739 comminatur,
3565 4672 3781 4729 dicens:

486 4746 663 4810 omnis
704 4749 827 4819 pius
864 4748 1038 4805 fidelis
1069 4750 1322 4823 intelligit
1352 4800 1360 4807 .
1401 4767 1499 4808 suo
1525 4769 1655 4826 ergo
1676 4757 1806 4812 vitio
1837 4757 1986 4828 impii
2024 4768 2081 4816 et

486 4837 660 4909 iniqui
708 4840 762 4895 in
808 4841 966 4897 malis
1009 4844 1126 4899 suis
1160 4845 1513 4915 pertinaciter
1551 4860 1919 4918 perseverant,
1972 4868 2077 4907 non

487 4932 674 5001 aliquo
704 4931 799 4987 Dei
826 4933 1161 5004 przejudicio,
1193 4936 1286 5007 qui
1312 4937 1557 5007 quotidie
1585 4955 1778 4995 omnes
1804 4942 1869 4995 ad
1908 4943 2082 5011 ι)ωηί-

486 5025 717 5081 tentiam
741 5035 918 5090 vocat,
948 5035 1006 5085 et
1030 5028 1097 5083 ad
1128 5029 1355 5085 salutem
1383 5031 1596 5098 invitat,
1627 5042 1681 5088 et
1709 5034 1989 5089 conversis
2012 5035 2083 5090 ad

488 5130 553 5173 se
597 5114 984 5175 misericordia:
1029 5133 1139 5175 suae
1181 5121 1360 5176 sinum
1403 5123 1612 5191 pandit,
1649 5132 1705 5178 et
1748 5124 2086 5180 incessanter

490 5205 751 5262 declinari
780 5221 811 5261 a
842 5206 999 5265 malis
1021 5217 1078 5265 et
1110 5208 1231 5266 ﬁeri
1260 5212 1400 5268 bona
1428 5214 1681 5269 hortatur
1725 5223 1781 5270 et
1806 5215 2083 5284 admonet,

488 5297 678 5369 dicens
702 5315 715 5353 :
741 5316 759 5350 ι
781 5297 999 5359 Declina
1022 5316 1055 5375 ξι
1078 5302 1243 5373 malo,
1274 5312 1329 5360 et
1357 5302 1443 5362 fac
1464 5306 1665 5361 bonum
1700 5304 1874 5377 (Psal.
1896 5323 2086 5374 xxxvi,

2189 4778 2207 4811 ι
2257 4759 2607 4833 Congregabo
2628 4778 2790 4833 super
2814 4778 2909 4819 eos
2937 4762 3099 4829 mala,
3131 4772 3186 4818 et
3207 4763 3439 4835 sagittas
3458 4780 3615 4822 meas
3640 4780 3785 4821 conv

2184 4852 2343 4923 plebo
2373 4854 2428 4907 in
2464 4854 2545 4909 eis
2592 4855 2771 4926 (Deut.
2815 4871 2966 4909 χχιιι
2990 4895 3006 4921 ,
3038 4855 3128 4926 23)
3150 4873 3177 4921 ;»
3213 4876 3232 4907 ι
3265 4867 3321 4910 et
3349 4857 3586 4912 iterum:
3619 4876 3640 4909 ι
3679 4857 3786 4927 Ade

2186 4942 2380 4998 ducam
2407 4960 2570 5016 super
2613 4961 2707 5001 eos
2747 4946 2885 5001 mala
2915 4988 2930 5013 ,
2980 4963 3182 5001 annum
3214 4948 3549 5005 visitationis
3596 4963 3786 5006 eorum

2189 5031 2324 5103 (ler.
2343 5051 2513 5102 χχιιι,
2533 5036 2645 5109 l2).
2670 5056 2689 5089 ι
2712 5038 2947 5109 [Reddet
2965 5039 3112 5094 enim
3137 5040 3360 5095 omnino
3384 5040 3553 5105 Deus,
3578 5051 3642 5096 ut
3658 5042 3784 5097 bea-
3882 5052 3887 5059 ‘

2190 5133 2281 5179 tus
2309 5126 2646 5199 Augustinus
2676 5130 3045 5186 sincerissime
3079 5138 3135 5185 et
3157 5130 3493 5188 lucidissime
3519 5133 3709 5199 docet,
3732 5139 3788 5188 α

2190 5219 2333 5274 mala
2364 5235 2464 5291 pro
2507 5223 2697 5291 malis,
2751 5224 3007 5295 quoniam
3033 5223 3215 5295 justus
3234 5233 3347 5291 est;
3400 5235 3461 5281 et
3493 5228 3643 5282 bona
3691 5238 3789 5297 pro

2190 5312 2369 5377 malis,
2400 5315 2660 5384 quoniam
2692 5316 2870 5373 bonus
2890 5325 3009 5385 est;
3047 5326 3103 5373 et
3132 5318 3275 5374 bona
3306 5332 3406 5390 pro
3437 5317 3627 5386 bonis,
3656 5331 3790 5392 quo-

1434 5416 1644 5474 ΝΟΤΔΞ
1682 5418 2008 5475 DUVALLII
2048 5418 2401 5482 DOCTORIS
2441 5426 2826 5486 SORBONICI.

488 5522 651 5580 modo
678 5531 761 5581 est
790 5523 955 5601 etiam
982 5541 1147 5601 causa
1178 5528 1479 5600 praecipua,
1526 5547 1623 5601 per
1667 5531 1926 5587 virtutem
1974 5531 2078 5587 sibi

489 5595 976 5668 supernaturaliter
1008 5595 1264 5663 infusam,
1306 5595 1895 5657 aetuum'intcrnorum
1930 5602 2077 5668 ﬁdei,

488 5666 602 5738 spei
634 5675 688 5744 et
716 5668 1019 5744 citaritatis.
1062 5670 1296 5738 Ideoque
1335 5671 1618 5728 dicendum
1645 5682 1729 5729 est
1761 5666 2084 5744 Lugdunch

488 5736 603 5816 sem
645 5736 940 5816 Ecclesium
977 5755 1091 5816 _pe_r
1137 5736 1358 5816 causam
1410 5746 1738 5815 prmcipuam
1781 5736 2082 5816 iniclligere

486 5807 804 5882 primariam
845 5826 941 5882 seu
976 5807 1440 5882 imlcpendenteni.
1575 5807 1593 5815 ’
1957 5807 1985 5816 ⁷
2034 5862 2039 5867 .

561 5890 587 5921 ι
625 5878 823 5935 Notent
845 5878 1155 5937 Calvinistze
1184 5883 1506 5939 horrendam
1533 5885 1948 5949 blasphemiam.
1977 5904 2084 5948 uua

2188 5534 2358 5618 Deum
2401 5526 2675 5618 auctorem
2719 5552 3067 5618 peccatorum
3109 5546 3483 5613 faciunt,,bic
3520 5561 3790 5618 expresse

2190 5610 2563 5690 condemnari,
2595 5624 2651 5669 et
2680 5610 3205 5690 przedestinationcm
3234 5610 3441 5674 tantum
3476 5610 3615 5690 erga-
3646 5622 3785 5677 bona

2189 5694 2353 5749 opera
2369 5686 2572 5761 statui,
2596 5695 2700 5761 aut
2719 5686 2913 5742 saltem
2941 5703 3067 5758 erga
3091 5705 3281 5759 punias
3305 5686 3567 5753 internas:
3588 5692 3786 5761 quibu

2189 5754 2570 5879 vereldignlitm
2605 5768 2660 5812 et
2682 5756 2891 5827 justum
2920 5754 3231 5830 est'inipios
3257 5761 3313 5816 in
3342 5754 3629 5831 impietate
3662 5777 3785 5818 Ino-

2191 5839 2307 5879 l‘lCll
2338 5842 2394 5879 es
2431 5844 2457 5879 a
2502 5843 2588 5879 ιρι.

2191 5839 2394 5880 ιἰοιιιρε
2431 5839 2588 5881 θιιιοι.
