3966 6334
1298 240 1364 285 ν.

543 311 647 373 999

618 422 772 494 Quod
799 437 928 496 ergo
961 438 1070 480 non
1096 429 1324 496 possunt
1353 420 1570 486 salvari,
1595 437 1784 477 eorum
1814 430 1896 477 est
1921 421 2135 486 vitium,

509 557 513 563 ς
546 518 674 588 quia
705 516 927 584 nolunt,
965 532 1074 572 non
1101 517 1196 572 Dei
1244 517 1407 586 (quod
1436 515 1598 586 absit)
1628 515 1806 586 aliqua
1843 515 2130 584 iniquitas,

545 607 639 680 qui
667 622 793 679 erga
821 607 938 661 illos
965 616 1019 661 et
1043 622 1207 662 verax
1242 621 1454 676 semper
1484 606 1692 660 exstitit
1714 606 1767 660 in
1793 606 2132 676 prascicntia

545 713 677 766 sua,
703 699 950 768 etjustus
976 697 1029 752 in
1052 695 1262 765 judicio
1287 711 1405 750 suo.
1436 695 1587 751 Licet
1620 696 1688 766 sit
1718 705 1773 750 et
1799 697 1940 750 aliud
1963 711 2134 766 genus

546 789 904 861 reproborum
961 789 1014 842 in
1056 786 1540 842 innumerabilibus
1590 786 1844 842 videlicet
1899 787 2136 842 millibus

543 881 892 954 parvulorum
915 920 931 945 ,
962 879 1053 949 qui
1077 894 1176 935 nec
1203 888 1418 934 atatem
1447 894 1546 934 nec
1574 895 1791 934 sensum
1824 881 1891 935 ad
1933 879 2137 951 aliquid

543 975 670 1031 boni
712 973 979 1045 agendum
1005 987 1241 1043 unquam
1271 981 1638 1042 acceperunt,
1675 974 1769 1028 sed
1797 973 1849 1026 in
1887 971 1998 1028 sola
2029 973 2136 1027 ori-

543 1065 736 1138 ginalis
767 1065 1004 1136 peccati,
1035 1081 1154 1135 qua
1179 1080 1278 1135 per
1302 1081 1466 1120 unum
1499 1066 1770 1121 hominem
1801 1067 1855 1120 in
1879 1066 2136 1120 mundum

545 1157 799 1218 intravit,
823 1141 1167 1212 damnatione
1194 1157 1492 1227 perierunt.
1523 1157 1599 1213 De
1622 1157 1818 1228 quibus
1841 1159 1970 1228 quid
1993 1158 2137 1213 aliud

544 1249 830 1305 dicendum
850 1290 864 1313 ,
895 1249 998 1304 nisi
1029 1249 1172 1319 quod
1196 1258 1250 1303 et
1273 1250 1325 1304 in
1350 1265 1537 1305 eorum
1571 1250 1952 1321 reprobatione
1977 1260 2136 1320 atque

543 1339 765 1395 interitu
801 1342 1145 1410 omnipotens
1185 1341 1326 1396 Deus
1356 1340 1537 1410 justus
1573 1352 1690 1408 est,
1723 1343 1775 1397 in
1808 1343 2003 1413 quibus
2029 1359 2135 1399 non

543 1439 793 1488 naturam
823 1433 962 1488 bene
997 1448 1028 1486 a
1063 1447 1123 1488 se
1147 1433 1418 1488 conditam
1440 1475 1454 1499 ,
1500 1435 1592 1489 sed
1620 1435 1830 1505 culpam
1864 1436 2004 1490 male
2041 1436 2138 1490 ad-

541 1538 766 1578 missam
788 1565 800 1587 ,
832 1532 888 1578 et
930 1523 984 1578 in
1022 1539 1118 1581 eos
1141 1524 1482 1596 originaliter
1519 1526 1851 1582 transfusam
1875 1527 2021 1596 justa
2053 1528 2138 1584 ul-

541 1615 688 1671 tione
715 1615 1016 1672 damnavit.
1081 1647 1101 1672 ο

615 1705 731 1762 Hoc
756 1707 832 1762 ita
868 1722 1020 1774 esse,
1051 1708 1156 1764 hoc
1195 1716 1313 1775 est,
1346 1710 1616 1766 neminem
1645 1710 1713 1767 de
1741 1711 1928 1767 electis
1955 1713 2136 1783 perire

537 1812 700 1870 posse
750 1799 864 1871 ipse
901 1795 1162 1858 Dominus
1194 1805 1448 1865 ostendit.
1494 1805 1681 1860 dicens
1715 1823 1728 1863 ε
1768 1825 1786 1856 ‹
1823 1805 1963 1861 Oves
2001 1822 2134 1862 mea

538 1903 730 1944 vocem
781 1906 956 1945 meam
1001 1893 1261 1958 audiunt,
1315 1902 1370 1948 et
1412 1909 1513 1965 ego
1540 1910 1810 1965 cognosco
1833 1912 1926 1951 eas
1961 1905 2016 1952 et
2050 1913 2134 1952 se-

539 1989 784 2050 quuntur
811 1998 919 2037 me.
954 1983 1020 2037 Et
1059 1998 1159 2054 ego
1190 1985 1360 2040 vitam
1408 1995 1666 2042 aternam
1697 1989 1768 2043 do
1799 1989 1909 2054 eis,
1939 1999 1995 2044 et
2025 2005 2132 2045 non

539 2069 794 2140 peribunt
822 2070 876 2125 in
917 2081 1213 2140 aternum,
1261 2083 1318 2129 et
1351 2090 1458 2129 non
1498 2077 1670 2146 rapiet
1720 2093 1815 2134 eas
1847 2081 2132 2150 quisquam

539 2158 609 2214 de
637 2173 799 2214 manu
838 2175 978 2217 mea.
1019 2161 1182 2218 Pater
1224 2179 1378 2220 meus
1417 2165 1561 2234 quod
1602 2166 1750 2221 dedit
1770 2155 1918 2221 'mihi
1961 2167 2133 2236 majus

537 2249 791 2306 omnibus
823 2261 940 2318 est,
971 2260 1026 2307 et
1053 2269 1215 2310 nemo
1236 2263 1411 2325 potest
1443 2271 1632 2326 rapere
1655 2257 1721 2313 de
1751 2273 1916 2314 manu
1954 2258 2133 2314 Patris

539 2338 646 2393 mei
676 2339 859 2410 (Joan.
893 2357 948 2408 ι,
976 2342 1071 2409 27,
1091 2343 1185 2410 28,
1209 2344 1322 2416 29).
1357 2364 1375 2396 ι
1402 2343 1523 2400 Ista
1562 2360 1693 2403 oves
1715 2388 1729 2413 ,
1759 2364 1879 2418 qua
1917 2358 1978 2403 ut
2016 2349 2134 2420 ipsa

537 2430 744 2486 veritas
772 2440 1032 2499 testatur,
1074 2449 1182 2490 non
1211 2435 1467 2506 peribunt
1509 2437 1560 2492 in
1588 2448 1883 2505 aternum,
1914 2449 1969 2495 et
1998 2456 2134 2511 quas

541 2535 703 2576 nemo
725 2531 902 2592 potest
929 2539 1122 2594 rapere
1149 2527 1214 2581 de
1242 2543 1406 2581 manu
1431 2528 1608 2584 Patris
1633 2539 1690 2586 et
1710 2531 1856 2598 Filii,
1885 2533 1994 2588 alio
2013 2532 2134 2588 loco

541 2610 882 2682 appellantur
909 2615 1091 2685 pusilli
1138 2617 1253 2672 Dei.
1286 2617 1363 2679 De
1389 2621 1584 2689 quibus
1605 2622 1856 2678 similiter
1880 2624 1996 2694 ipse
2029 2625 2136 2678 D0-

545 2705 728 2761 minus
775 2707 906 2764 dicit
947 2727 960 2763 :
995 2729 1015 2762 ‹
1063 2711 1154 2767 Sic
1189 2727 1296 2767 non
1350 2723 1434 2768 est
1465 2716 1714 2772 voluntas
1751 2727 1876 2774 ante
1913 2720 2135 2776 Patrem

539 2807 782 2853 vestrum
809 2807 868 2854 ut
887 2810 1077 2870 pereat
1100 2818 1239 2858 unus
1262 2805 1328 2860 de
1355 2805 1563 2875 pusillis
1585 2807 1704 2862 istis
1727 2807 1945 2880 (Matth.
1977 2826 2132 2878 xvut,

539 2889 654 2962 ﬂ).
695 2910 714 2944 ι
743 2891 950 2960 Quibus
976 2894 1144 2951 etiam
1171 2894 1276 2951 alio
1306 2895 1424 2952 loco
1455 2898 1530 2952 ait
1567 2915 1582 2952 :
1627 2916 1645 2950 ‹
1693 2898 1871 2956 Nolite
1906 2901 2134 2969 timere,

539 2983 766 3052 pusillus
796 3000 958 3054 grex,
993 3001 1122 3056 quia
1149 2987 1478 3058 complacuit
1506 2987 1654 3044 Patri
1686 3000 1870 3047 vestro
1889 2993 2018 3048 dare
2047 3009 2138 3050 νο-

539 3074 626 3130 bis
644 3090 868 3147 regnum
895 3076 1050 3150 (Luc.
1081 3095 1179 3145 xu,
1202 3079 1324 3151 52)·
1360 3099 1376 3132 ο
1407 3089 1462 3136 et
1487 3081 1720 3138 iterum:
1751 3103 1770 3136 ι
1808 3083 2045 3156 Capillus
2071 3087 2138 3141 de

541 3167 719 3238 capite
757 3177 937 3225 vestro
959 3185 1065 3226 non
1090 3173 1290 3242 peribit
1316 3171 1468 3243 (Luc.
1499 3189 1611 3241 xxi,
1639 3175 1748 3244 18).
1781 3195 1800 3227 ι
1833 3176 1966 3230 ltem
1991 3177 2135 3247 quod

447 3338 451 3346 _
540 3259 758 3328 reprobi
787 3274 893 3315 non
923 3271 1146 3332 propter
1185 3264 1585 3335 prascientiam
1615 3274 1670 3320 et
1700 3268 2137 3336 pradestinatio-

543 3366 671 3408 nem
706 3353 802 3408 Dei
829 3355 1100 3412 veraciter
1123 3357 1458 3428 prascientis
1484 3399 1499 3424 ,
1531 3369 1586 3414 et
1618 3358 1765 3428 juste
1799 3360 2136 3429 damnantis,

541 3443 640 3500 sed
677 3452 899 3516 propter
947 3446 1275 3502 obstinatam
1331 3458 1386 3503 et
1431 3449 1812 3506 indomabilem
1875 3453 2139 3510 malitiam

539 3551 695 3592 suam
722 3537 1032 3594 nullatenus
1053 3541 1266 3609 possint
1281 3539 1500 3607 salvari,
1525 3541 1667 3597 idem
1681 3541 1941 3599 Dominus
1957 3555 2138 3600 osten-

521 3628 622 3684 "dit
649 3628 877 3700 loquens
903 3629 1100 3685 talibus
1120 3670 1135 3696 ,
1164 3640 1220 3686 et
1248 3631 1465 3686 dicens:
1504 3649 1522 3683 ι
1560 3630 1668 3687 Sed
1699 3649 1796 3688 vos
1827 3651 1934 3689 non
1964 3636 2139 3691 credi-

541 3721 628 3785 tis,
655 3722 781 3792 quia
804 3737 912 3778 non
949 3722 1083 3778 estis
1106 3738 1176 3779 ex
1195 3722 1390 3779 ovibhs
1413 3725 1548 3780 meis
1579 3724 1759 3796 (Joan.
1790 3744 1842 3792 κ,
1875 3727 1998 3799 26);
2031 3748 2049 3780 ι
2085 3737 2140 3784 et

544 3816 740 3871 iterum
768 3835 782 3871 :
813 3834 831 3868 ι
867 3815 1160 3888 Propterea
1201 3834 1302 3874 vos
1342 3834 1450 3875 non
1491 3821 1716 3887 auditis,
1759 3823 1887 3891 quia
1924 3838 1990 3878 ex
2030 3823 2138 3879 Deo

539 3923 650 3964 non
677 3910 806 3964 estis
837 3910 1019 3981 (Joan.
1047 3926 1142 3966 vm
1168 3951 1183 3977 ,
1217 3912 1330 3984 47).
1373 3932 1392 3965 ι
1429 3911 1694 3969 Similiter
1717 3925 1773 3971 et
1789 3932 1887 3986 per
1915 3919 2140 3988 prophe-

543 4006 653 4052 tam
677 3999 742 4054 de
769 3999 966 4055 talibus
989 4003 1372 4071 comminatur,
1401 4004 1616 4061 dicens:
1657 4023 1676 4057 ι
1711 4007 1770 4061 ln
1799 4008 2024 4062 consilio
2045 4024 2139 4078 po-

540 4089 653 4160 puli
691 4091 798 4146 mei
841 4107 948 4147 non
980 4102 1174 4161 erunt,
1223 4104 1278 4150 et
1316 4096 1373 4150 in
1416 4095 1696 4168 Scriptura
1740 4099 1932 4154 domus
1972 4100 2139 4156 Israel

541 4197 650 4239 non
665 4185 990 4253 scribentur,
1008 4202 1109 4243 nec
1124 4197 1324 4245 terram
1340 4189 1505 4244 lsrael
1529 4191 1901 4262 ingredientur
1917 4192 2134 4262 (Ezech.

541 4292 642 4333 xm
666 4317 682 4344 ,
714 4276 791 4349 9).
833 4297 853 4332 ι
898 4279 1160 4336 Videlicet
1195 4282 1336 4336 sicut
1372 4297 1498 4337 vere
1550 4284 1617 4338 de
1653 4294 1799 4338 coetu
1841 4284 2137 4341 electorum

540 4368 699 4440 ejecti
726 4411 742 4439 ,
769 4379 826 4427 et
848 4372 916 4428 de
943 4372 1082 4429 libro
1107 4374 1231 4428 vita
1253 4373 1411 4429 deleti
1439 4415 1454 4441 ,
1485 4383 1541 4430 et
1565 4375 1633 4430 de
1661 4385 1808 4432 terra
1839 4377 2137 4432 viventium

540 4463 757 4533 penitus
796 4462 1014 4518 alienati
1049 4479 1062 4518 ι
1098 4463 1166 4518 de
1218 4464 1302 4520 his
1339 4474 1395 4520 et
1434 4463 1726 4537 Apostolus
1777 4477 2137 4523 consonanter

540 4554 722 4609 verbis
747 4555 1075 4626 evangelicis
1101 4555 1362 4628 loquitur,
1391 4558 1578 4614 dicens
1610 4577 1623 4612 :
1657 4577 1676 4610 t
1711 4558 1865 4626 Quod
1891 4561 1934 4614 si
1964 4561 2130 4616 etiam

538 4654 786 4717 opertum
811 4655 896 4703 est
919 4646 1271 4718 Evange.ium
1293 4658 1562 4715 nostrum,
1591 4650 1645 4704 in
1673 4650 1758 4704 his
1781 4651 1874 4720 qui
1901 4661 2132 4722 pereunt

539 4747 623 4794 est
641 4749 922 4809 opertum;
952 4741 1006 4794 in
1031 4741 1228 4810 quibus
1258 4741 1402 4798 Deus
1428 4742 1588 4812 hujus
1617 4745 1803 4799 saculi
1831 4746 2132 4801 excacavit

541 4841 753 4888 mentes
783 4831 1078 4888 inﬁdelium
1107 4875 1122 4899 ,
1151 4843 1212 4888 ut
1242 4851 1347 4891 non
1378 4834 1582 4908 fulgeat
1608 4836 1930 4892 illuminatio
1953 4839 2130 4892 Evan-

542 4925 664 4996 gelii
695 4925 881 4996 gloria
909 4925 1108 4982 Christi
1141 4927 1260 4999 (ΙΙΙ
1287 4928 1412 4983 Cor.
1445 4945 1517 4995 IV,
1549 4930 1606 4995 3,
1630 4930 1707 5000 4).
1748 4951 1767 4984 ι
1816 4932 1889 4986 De
1932 4933 2132 5002 quibus

542 5016 704 5070 etiam
742 5015 850 5071 alio
897 5016 1017 5072 loco
1064 5018 1240 5073 dicit:
1277 5039 1295 5071 ‹
1336 5019 1451 5074 Νοη
1489 5022 1633 5076 enim
1664 5023 1906 5078 omnium
1937 5033 2022 5080 est
2066 5024 2132 5078 ﬁ-

543 5105 667 5168 des;
702 5122 723 5158 ι
752 5113 836 5160 et:
868 5125 886 5157 t
907 5104 1026 5161 Non
1053 5122 1242 5164 omnes
1270 5111 1529 5165 obediunt
1557 5111 1845 5183 Evangelio
1869 5113 2046 5186 (Rom.
2077 5132 2134 5183 x,

544 5195 656 5264 l6),
695 5213 714 5247 ι
741 5194 868 5265 quia
896 5211 1027 5268 ergo
1054 5198 1187 5254 tales
1208 5209 1365 5266 sunt,
1399 5207 1455 5254 et
1498 5202 1635 5257 tales
1665 5219 1836 5274 usque
1877 5206 1928 5259 in
1975 5207 2136 5262 ﬁdem

545 5285 872 5357 perdurant;
918 5289 1112 5345 merito
1152 5291 1344 5360 utique
1383 5299 1438 5345 et
1479 5294 1817 5362 prascientia
1863 5297 1957 5350 Dei
2009 5298 2136 5353 mali

544 5380 777 5452 prasciti
802 5389 962 5448 sunt,
991 5391 1048 5438 et
1068 5385 1545 5454 pradestinatione
1578 5385 1670 5441 Dei
1694 5385 1842 5454 juste
1874 5389 2131 5458 reproba-

546 5476 585 5529 ti
633 5484 797 5545 atque
838 5475 1108 5544 damnati;
1159 5480 1350 5548 probet
1407 5495 1537 5550 ergo
1583 5481 1818 5552 seipsum
1854 5482 2047 5548 homo,
2079 5491 2136 5538 ut

544 5582 609 5621 ex
638 5568 951 5639 quotidiano
977 5570 1246 5640 profectu,
1269 5570 1384 5625 sive
1411 5571 1626 5627 deiectu
1653 5573 1773 5628 vita
1795 5589 1926 5639 sua,
1950 5584 2134 5630 utrum

547 5662 720 5733 magis
748 5661 813 5717 ad
844 5663 1158 5719 societatem
1206 5662 1502 5719 electorum
1526 5705 1541 5730 ,
1572 5681 1641 5720 an
1674 5665 1837 5742 (quod
1868 5668 2030 5738 absit)
2065 5669 2134 5725 ad

546 5755 862 5809 societatem
886 5754 1240 5824 reproborum
1263 5754 1627 5826 propinquare
1649 5771 1709 5812 se
1741 5759 1962 5826 sentiat,
1993 5761 2134 5831 apud

1569 308 1628 364 S.
1669 306 1928 365 BEMIGII
1965 304 2452 365 LUGDUNENSIS
2489 305 2799 365 EPISCOPI

2164 425 2216 486 Α
2241 434 2302 474 se
2331 419 2591 475 sollicitus
2621 421 2943 491 perspiciat,
2975 430 3031 477 et
3071 422 3340 492 inquirat,
3373 432 3571 498 oretque
3604 429 3728 488 ﬁdeli-

2239 517 2336 574 ter,
2361 517 2413 563 et
2437 521 2851 580 perseveranter
2880 523 3143 582 quantum
3170 523 3372 584 potest,
3401 525 3454 570 ut
3481 532 3585 574 eum
3605 526 3729 578 omni-

2235 611 2426 670 potens
2458 601 2667 656 Domini
2709 604 3082 660 misericordia
3102 645 3116 669 ,
3153 617 3207 660 et
3255 607 3323 662 ab
3353 617 3534 666 ater-na
3566 613 3730 672 damna-

2239 692 2385 747 tione
2406 693 2572 762 eripi,
2602 703 2656 747 et
2683 695 2736 748 in
2764 695 3059 751 electorum
3087 712 3301 752 suorum
3327 699 3646 773 jubeatgrege
3665 723 3731 761 nu-

2235 782 2433 837 merari
2470 797 2484 836 :
2519 782 2666 855 [quia
2705 783 2860 850 licet,
2893 794 2951 839 ut
2985 787 3166 840 beatus
3191 783 3461 858 Gregorius
3496 791 3605 845 dicit
3623 794 3731 863 (Diu-

2236 871 2342 942 Iog.
2382 873 2476 927 lib.
2508 890 2523 927 ι
2553 915 2568 939 ,
2600 889 2650 930 c.
2681 875 2771 946 8),
2795 877 3028 932 obtineri
3075 894 3408 949 nequaquam
3442 884 3621 951 possint
3649 903 3731 956 qua:

2236 967 2612 1036 pradestinata
2643 984 2750 1022 non
2778 967 3014 1036 fuerint,
3041 971 3157 1041 ipsa
3186 980 3362 1026 tamen
3384 975 3605 1043 perennis
3625 980 3730 1048 regni

2236 1059 2638 1129 pradestinatio
2679 1061 2752 1115 ita
2787 1071 2872 1118 est
2895 1064 2964 1117 ab
2991 1064 3359 1134 omnipotente
3393 1066 3731 1136 Deodisposita,

2236 1160 2296 1206 ut
2319 1153 2384 1206 ad
2419 1153 2520 1207 hoc
2547 1151 2702 1207 electi
2731 1169 2798 1208 ex
2838 1155 3024 1210 labore
3053 1157 3398 1226 perveniant,
3428 1167 3734 1230 quatenuspo-

2233 1243 2486 1312 stulando
2525 1257 2839 1301 mereantur
2871 1248 3122 1318 accipere
3147 1290 3161 1315 ,
3190 1250 3333 1320 quod
3375 1249 3450 1306 eis
3471 1252 3733 1321 omnipotens

2238 1337 2382 1393 Deus
2401 1345 2525 1392 ante
2556 1339 2754 1394 sacula
2779 1340 3042 1412 disposuit
3067 1341 3321 1415 donare.]

2838 1471 3068 1529 CAPUT
3117 1473 3229 1529 νη.

2743 1587 2821 1642 De
2847 1587 2946 1642 Dei
2972 1589 3322 1659 prwsct’entia.

2309 1696 2435 1753 Hac
2456 1698 2530 1754 ita
2568 1714 2690 1755 esse
2723 1715 2843 1770 qua
2865 1743 2879 1767 ,
2912 1712 3072 1772 prout
3105 1703 3368 1758 Dominus
3399 1703 3565 1770 dedit,

2163 1807 2210 1867 Β
2238 1789 2410 1844 titulis
2450 1791 2736 1860 distincta,
2776 1804 2972 1864 atque,
3009 1795 3250 1866 digesta,
3289 1805 3395 1852 tam
3428 1799 3593 1863 nobis,
3621 1817 3736 1870 quam

2240 1882 2454 1936 cateris
2475 1885 2566 1953 qui
2593 1883 2771 1955 legere
2799 1886 3069 1942 voluerint
3087 1889 3245 1958 juxta
3269 1890 3493 1960 regulam
3524 1907 3637 1946 verte
3655 1891 3736 1946 ﬁdei

2238 1971 2305 2028 de
2332 1976 2668 2043 praseientia
2716 1986 2771 2033 et
2797 1980 3278 2048 pradestinatione
3303 1982 3505 2046 divina,
3548 1985 3661 2038 velut
3683 2001 3737 2038 re-

2239 2067 2498 2138 gulariter
2545 2072 2925 2140 proposuimus
2958 2075 3303 2144 agnoscenda
3327 2117 3342 2141 ,
3391 2085 3538 2146 atque
3577 2078 3735 2132 tenenda

2239 2173 2345 2212 non
2368 2174 2434 2214 ex
2460 2170 2647 2216 nostro
2676 2177 2838 2216 sensu
2876 2162 3078 2234 aliquid
3108 2176 3489 2234 praesumentes
3510 2209 3523 2232 ,
3546 2170 3622 2223 sed
3640 2168 3736 2223 Scri-

2238 2258 2410 2320 ptura
2439 2261 2643 2308 sancta
2672 2254 3053 2310 auctoritatem
3088 2240 3499 2329 ﬁdeliter'atque
3539 2260 3739 2314 humiliter

2239 2351 2526 2411 sequentes
2572 2359 2586 2397 :
2623 2344 2758 2410 hac,
2789 2345 3008 2416 inquam
3037 2387 3052 2413 ,
3098 2348 3169 2401 ita
3207 2363 3362 2414 esse,
3390 2358 3442 2403 et
3481 2350 3547 2404 ita
3571 2350 3736 2419 antiqua

2240 2430 2493 2486 Ecclesia
2519 2435 2843 2490 auctoritate
2867 2477 2883 2501 ,
2921 2444 2977 2491 et
3013 2447 3331 2494 sanctorum
3377 2437 3577 2495 Palmm
3603 2440 3735 2496 ﬁdelis-

2239 2524 2376 2578 sima
2406 2524 2741 2582 institutione
2783 2537 2930 2584 tenta
2957 2539 3012 2585 et
3036 2531 3234 2586 tradita
3268 2533 3604 2588 necessarium
3622 2532 3738 2588 omni-

2240 2629 2311 2668 no
2331 2615 2612 2681 duximus;
2639 2626 2697 2672 ut
2724 2619 2890 2674 etiam
2918 2622 3234 2677 eorumdem
3267 2632 3559 2678 sanctorum
3584 2622 3738 2676 Patrum

2238 2706 2419 2760 verbis
2442 2747 2457 2772 ,
2482 2717 2537 2762 et
2558 2709 2962 2767 delinitionibus
3005 2712 3246 2769 breviter
3269 2723 3546 2786 aperteque
3567 2715 3738 2785 proposi-

2239 2795 2310 2851 tis
2343 2799 2410 2852 ad
2439 2799 2906 2857 conﬁrmationem
2944 2804 3239 2876 legentium
3269 2808 3517 2863 attentius
3541 2821 3740 2862 commea-

2241 2889 2370 2945 dare
2393 2931 2408 2956 ,
2434 2906 2497 2946 ac
2527 2892 2804 2949 declarare
2829 2896 3166 2953 Studeamus.

2311 2982 2368 3037 ln
2399 2983 2535 3038 libro
2565 2986 2720 3057 cujus
2749 2988 2937 3044 titulus
2966 2999 3050 3044 est
3075 2991 3142 3046 de
3169 2991 3381 3048 duabus
3405 2994 3457 3048 in
3492 2993 3665 3049 Christo
3682 3007 3741 3045 na-

2241 3077 2379 3132 turis
2405 3118 2420 3143 ,
2443 3080 2693 3136 omnibus
2723 3079 2838 3138 fere
2865 3083 3124 3141 Ecclesiis
3149 3087 3438 3144 notissimo
3459 3097 3509 3144 et
3532 3085 3742 3142 celebn‘ter

2161 3177 2208 3242 ρ
2239 3173 2618 3228 commendato
2642 3215 2658 3240 ,
2703 3176 2794 3230 ubi
2835 3177 3000 3232 etiam
3049 3179 3381 3246 multorum,
3411 3188 3462 3236 et
3501 3179 3742 3236 orthodoxa-

2242 3278 2361 3318 rum
2391 3264 2612 3321 Patrum
2647 3276 2756 3324 tam
2787 3269 3101 3326 Gracorum
3124 3313 3140 3338 ,
3168 3288 3337 3343 quam
3358 3273 3634 3328 Latinorum
3653 3311 3666 3336 ,
3687 3267 3739 3324 vel

2241 3352 2364 3409 libri
2418 3355 2642 3427 integri,
2695 3359 2778 3414 vel
2829 3363 3115 3417 sententia
3180 3364 3251 3418 ad
3313 3365 3670 3420 adiﬁcatiouem
3707 3368 3742 3415 et

2242 3445 2710 3505 conﬁrmationem
2738 3449 2860 3506 ﬁdei
2885 3454 3241 3523 pertinentes,
3270 3455 3657 3511 beatissimorum
3675 3451 3741 3507 sci-

2244 3535 2408 3602 licet,
2454 3537 2776 3607 Athanasii,
2821 3542 3094 3623 Ambrosii
3120 3585 3134 3609 ,
3164 3543 3511 3618 Hieronymi,
3537 3541 3740 3615 Augustini

2241 3637 2297 3682 et
2321 3637 2641 3685 caterorum
2664 3632 2950 3704 diligenter
2968 3635 3206 3692 collecta
3241 3646 3405 3708 atque
3431 3639 3620 3711 digesta
3635 3643 3738 3697 sunt;

2243 3720 2558 3777 inseruntur
2590 3725 2754 3779 etiam
2777 3726 3022 3796 quadam
3049 3729 3410 3799 quadraginta
3451 3730 3646 3801 capitula
3677 3727 3740 3782 sub

2243 3814 2404 3868 unius
2427 3813 2590 3870 libelli
2628 3825 2776 3871 textu
2803 3856 2817 3882 ,
2846 3819 2936 3886 qui
2961 3819 3044 3874 vel
3076 3820 3221 3875 beati
3245 3822 3539 3891 Augustini,
3565 3820 3629 3874 vel
3648 3816 3740 3872 beati

2243 3907 2508 3977 Fulgentii
2557 3909 2778 3979 gloriosi
2824 3910 3089 3966 antistitis
3124 3914 3453 3969 confessoris
3481 3911 3646 3968 Christi
3674 3923 3739 3961 no-

2243 4000 2388 4051 mine
2419 3998 2661 4053 titulatur
2686 3999 2772 4070 (de
2797 3998 2932 4054 Fide
2970 4002 3040 4056 ad
3079 3999 3300 4058 Petrum
3321 4003 3484 4075 'diac.)
3507 4045 3520 4069 ,
3546 4002 3740 4073 praecipue

2242 4091 2310 4144 ad
2339 4089 2698 4158 cognitionem
2728 4100 2782 4147 et
2805 4093 3279 4150 conﬁrmationem
3310 4095 3429 4152 ﬁdei
3449 4091 3740 4166 pertinentia,

2244 4181 2298 4237 in
2331 4184 2527 4252 quibus
2550 4184 2616 4238 de
2644 4185 2744 4240 hac
2766 4201 2826 4240 re
2855 4187 2997 4241 unde
3019 4202 3163 4241 nunc
3191 4189 3370 4259 agitur
3394 4229 3409 4256 ,
3443 4188 3491 4243 id
3533 4195 3603 4242 est
3627 4180 3740 4238 dedi-

2241 4275 2380 4330 vina
2408 4276 2761 4345 prascientia
2804 4286 2860 4333 et
2905 4279 3397 4348 pradestinationis
3442 4279 3634 4335 veritate
3655 4270 3740 4343 quid

2243 4367 2552 4423 ﬁrmissime
2580 4379 2743 4441 atque
2773 4371 3141 4427 indubitanter
3170 4373 3455 4429 tenendum
3482 4373 3560 4436 sit,
3584 4372 3638 4424 ita
3661 4369 3740 4420 bre-

2244 4462 2462 4518 vissime
2502 4479 2566 4518 ac
2617 4464 2930 4534 plenissime
2969 4466 3164 4538 legitur
3194 4468 3489 4523 deﬁnitum.
3524 4459 3739 4538 [Firmissi-

2161 4545 2212 4605 D
2240 4570 2361 4620 me,
2393 4555 2602 4625 inquit,
2635 4566 2760 4612 tene
2795 4566 2853 4612 et
2903 4558 3210 4614 nullatenus
3244 4561 3454 4616 dubites
3479 4559 3576 4612 Deo
3597 4557 3740 4610 incom-

2236 4648 2479 4703 mutabili
2511 4664 2617 4704 non
2644 4649 2817 4705 solum
2840 4653 3115 4720 praterita
3136 4661 3192 4707 et
3216 4652 3514 4722 prasentia,
3532 4648 3609 4705 sed
3626 4644 3738 4700 etiam

2236 4737 2418 4794 futura
2471 4742 2654 4796 omnia
2701 4743 3217 4799 incommutabiliter
3250 4759 3371 4800 esse
3399 4731 3738 4799 notissima.Cui

2235 4832 2436 4886 dicitur
2463 4850 2476 4886 ε
2510 4851 2528 4884 ι
2563 4833 2705 4888 Deus
2733 4834 2825 4903 qui
2849 4834 3183 4890 occultorum
3210 4851 3270 4891 es
3296 4836 3544 4906 cognitor,
3572 4829 3644 4902 qui
3666 4825 3739 4882 scis

2233 4925 2415 4980 omnia
2447 4934 2736 4995 antequam
2758 4925 2890 4981 ﬁant
2914 4927 3080 4998 (Dan.
3113 4943 3244 4994 xm,
3277 4927 3389 5000 42).
3419 4926 3465 5000 ι]
3489 4925 3548 4981 Et
3565 4925 3738 4978 iterum:

2243 5019 2626 5092 [Firmissime,
2657 5020 2854 5091 inquit,
2880 5030 3028 5090 tene,
3058 5033 3114 5080 et
3141 5023 3440 5080 nullatenus
3466 5020 3643 5079 dubites
3658 5011 3740 5070 Tri-

2241 5111 2466 5167 nitatem
2487 5113 2657 5166 Deum
2689 5113 3186 5172 incommutabilem
3225 5132 3406 5172 rerum
3432 5114 3661 5172 omnium.
3685 5111 3740 5158 π’

2240 5219 2345 5274 que
2387 5219 2611 5276 operum
2633 5245 2647 5270 ,
2678 5212 2791 5260 tam
2820 5221 3042 5262 suorum
3063 5249 3077 5273 ,
3110 5223 3270 5279 quam
3313 5209 3634 5264 humanorum
3659 5209 3738 5253 cer-

2243 5297 2510 5351 tissimum
2535 5337 2550 5362 ,
2575 5297 2911 5368 cognitorem
2939 5307 3066 5354 ante
3083 5300 3265 5355 omnia
3293 5298 3482 5355 sacula
3507 5295 3640 5356 scire.
3658 5284 3738 5358 qu"

2242 5389 2343 5444 bus
2378 5403 2473 5458 per
2522 5389 2681 5444 ﬁdem
2720 5396 2867 5444 esset
2903 5390 3134 5458 gratiam
3180 5390 3495 5460 largiturus,
3536 5385 3632 5439 sine
3666 5386 3738 5448 qui

2244 5493 2403 5532 nemo
2433 5479 2606 5548 potuit
2629 5495 2695 5534 ex
2730 5479 2885 5534 initio
2911 5480 3130 5548 mundi,
3159 5496 3330 5552 usque
3351 5480 3403 5534 in
3431 5477 3572 5532 ﬁnem
3591 5475 3738 5526 aream

2242 5572 2472 5643 peccati,
2505 5581 2615 5626 tam
2634 5572 2933 5643 originalis,
2954 5588 3117 5643 quam
3137 5573 3360 5629 actualis
3378 5567 3562 5626 absolvi
3579 5580 3623 5628 ;⁴
3647 5567 3740 5629 0°“

2241 5667 2385 5724 enim
2429 5665 2575 5722 Deus
2606 5669 2920 5738 prascivit-,
2959 5677 3013 5723 et
3062 5667 3458 5740 pradestinavit
3505 5658 3738 5718 oonformﬂ

2243 5757 2357 5815 ﬁeri
2379 5758 2630 5828 imaginis
2657 5758 2777 5814 Filii
2803 5757 2921 5828 ejus
2942 5758 3122 5830 (Rom.
3151 5775 3267 5825 vin,
3287 5757 3431 5829 29)];
3462 5751 3734 5810 tetitenm:
