3966 6334
195 307 324 366 ,1001

1279 292 1485 351 LIBER
1523 292 1611 349 DE
1649 289 1901 348 TRlBUS
1939 286 2321 346 EPISTOLlS.

3320 289 3460 346 {002

206 414 572 497 [Firmissime,
598 412 792 483 inquit,
824 421 966 477 tene,
994 418 1049 467 et
1075 407 1382 465 nullatenus
1405 406 1647 497 dubites,
1663 421 1778 462 om-
1805 411 1858 470 Α
1883 406 1995 497 rior
2019 405 2248 497 Abelgad
2271 403 2545 497 civitatem
2578 401 2693 459 Dei.
2728 401 2883 497 Prior
2903 409 2987 458 est
3009 410 3169 497 natus
3186 404 3331 460 civis
3361 404 3461 460 hu.

207 496 320 576 nes,
348 522 485 579 quos
515 521 646 562 vasa
674 502 1059 560 misericordiae
1088 500 1323 573 gratuita
1368 500 1613 556 bonitate
1640 496 1782 554 Deus

207 598 325 655 facit
345 606 472 654 ante
495 595 934 652 constitutionem
964 592 1170 659 mundi,
1200 591 1254 646 in
1279 591 1624 662 adeptionem
1648 588 1784 646 ﬁlio-

208 707 317 750 rum
366 690 463 746 Dei
506 688 919 761 praedestinatos
958 702 990 742 a
1020 685 1152 752 Deo,
1186 699 1362 755 neque
1404 685 1584 755 perire
1624 696 1784 754 posse

207 784 433 853 aliquem
455 794 661 844 eorum,
684 794 823 849 quos
850 778 994 833 Deus
1010 776 1416 849 praedestinavit
1439 775 1505 829 ad
1535 789 1780 845 regnum;

208 886 374 943 neque
395 884 723 942 quemquam
763 884 984 934 eorum,
1016 883 1153 939 quos
1178 868 1321 924 Deus
1363 882 1470 922 non
1511 864 1786 937 praedesti-

208 961 349 1018 navit
375 961 443 1017 ad
469 960 634 1015 vitam
658 958 764 1013 ulla
786 973 947 1029 posse
973 958 1184 1014 ratione
1233 956 1431 1013 salvari
1462 972 1475 1009 :
1505 955 1786 1026 praedesti-

208 1054 350 1110 natio
374 1053 520 1109 enim
551 1052 640 1107 illa
673 1053 921 1123 gratuita:
948 1051 1255 1106 donationis
1297 1057 1381 1105 est
1424 1047 1783 1119 prteparatio,

207 1158 306 1215 qua
327 1159 427 1199 nos
447 1142 735 1214 Apostolus
757 1142 862 1198 ait:
890 1163 908 1195 ‹
937 1141 1341 1198 Predestinatos
1362 1142 1415 1197 in
1443 1141 1786 1211 adoptionem

208 1236 433 1292 ﬁliorum
454 1251 552 1306 per
572 1234 754 1290 Jesum
777 1233 1042 1291 Christum
1074 1235 1129 1290 in
1158 1235 1332 1306 ipsum
1361 1232 1523 1307 (Eph.
1555 1250 1597 1298 ι,
1624 1234 1700 1307 5).
1736 1231 1784 1306 ι]

273 1325 422 1381 lianc
469 1324 593 1380 ﬁdei
633 1324 876 1395 regulam
905 1333 962 1378 et
1005 1324 1369 1381 deﬁnitionem
1422 1323 1784 1391 certissimam

208 1416 435 1471 ﬁdeliter
482 1430 716 1486 sequens
744 1416 938 1471 beatus
978 1424 1033 1471 et
1069 1422 1290 1471 sanctus
1319 1414 1506 1470 doctor
1531 1413 1787 1469 Ecclesiae

206 1508 347 1564 Beda
375 1509 680 1580 presbyter,
713 1523 838 1563 cum
866 1515 1164 1578 exponeret
1188 1507 1365 1563 locum
1405 1506 1556 1561 illum
1594 1506 1686 1561 ubi
1732 1506 1787 1561 in

206 1601 344 1660 libro
366 1599 594 1657 Genesis
624 1607 879 1655 narratur
916 1600 982 1655 de
1032 1599 1313 1672 ereptione
1360 1598 1465 1655 Lot
1503 1614 1570 1654 ex
1601 1598 1789 1653 interi-

206 1703 262 1748 tu
293 1693 650 1749 Sodomorum
681 1690 836 1765 (ϐενε.
869 1691 1021 1764 xxx),
1070 1701 1126 1749 et
1160 1691 1522 1763 quorumdam
1562 1705 1787 1747 suorum

1877 496 1968 569 jus
1993 494 2173 551 saeculi
2196 537 2212 562 ,
2247 495 2516 567 posterior
2554 504 2735 549 autem
2782 494 2884 551 isto
2925 493 3245 567 peregrinus
3278 497 3335 553 iu
3357 511 3462 554 sae-

1881 587 2023 655 culo,
2051 595 2105 645 et
2124 587 2402 658 pertinens
2421 586 2488 642 ad
2509 586 2783 643 civitatem
2808 585 2925 642 Dei.
2970 586 3156 644 Gratia
3183 589 3463 660 prmdesti-

1884 688 2044 735 natus
2068 719 2084 747 ,
2133 678 2306 751 gratia
2351 678 2554 734 electus
2578 720 2592 744 ,
2634 679 2809 751 gratia
2836 680 3155 751 peregrinus
3183 682 3460 751 deorsum,

1883 773 2059 846 gratia
2080 772 2215 829 civis
2242 786 2475 827 sursum.
2501 769 2637 825 Nam
2670 779 2931 842 quantum
2961 771 3029 827 ad
3067 771 3245 842 ipsum
3268 774 3465 831 attinet

1884 880 1952 922 ex
1978 864 2168 920 eadem
2208 878 2387 918 massa
2422 863 2597 918 oritur
2620 903 2636 929 ,
2679 878 2799 932 qua:
2847 862 3187 932 originalitcr
3226 873 3311 941 est
3346 873 3468 921 tota

1888 956 2169 1021 damnata;
2199 952 2295 1010 sed
2337 962 2590 1024 tanquam
2619 952 2813 1025 ﬁgulus
2841 952 3016 1008 Deus:
3045 954 3187 1010 hanc
3220 953 3367 1009 enim
3390 957 3466 1012 si-

1886 1044 2241 1101 militudinem
2272 1059 2377 1099 non
2406 1043 2779 1114 imprudenter
2800 1083 2815 1110 ,
2843 1042 2937 1099 sed
2965 1043 3260 1112 prudenter
3289 1043 3466 1102 intro-

1889 1134 2375 1206 ducitApostolus:
2403 1133 2483 1188 Ex
2511 1134 2699 1190 eadem
2729 1150 2907 1190 massa
2935 1132 3065 1190 fecit
3105 1135 3249 1191 aliud
3291 1151 3387 1193 vas
3412 1137 3469 1193 in

1872 1216 2170 1291 honorem,
2197 1225 2339 1280 aliud
2368 1225 2423 1280 in
2449 1225 2829 1281 contumeliam
2860 1223 3033 1298 (Rom.
3066 1242 3141 1291 1x,
3164 1225 3277 1298 21).
3309 1225 3469 1284 Prius

1888 1324 2068 1370 autem
2100 1313 2302 1370 factum
2331 1322 2414 1370 est
2438 1330 2534 1370 vas
2563 1315 2617 1369 in
2648 1314 3052 1382 contumeliam,
3083 1323 3206 1387 post
3236 1331 3364 1373 vero
3393 1316 3473 1375 al-

1890 1415 2064 1461 terum
2093 1405 2147 1460 in
2169 1405 2450 1461 honorem.
2470 1404 2607 1473 Quia
2637 1412 2692 1460 et
2725 1406 2778 1459 in
2812 1405 2928 1476 ipso
2958 1420 3066 1460 uno
3096 1405 3333 1472 homine,
3367 1408 3474 1465 sic-

1887 1506 1947 1550 ut
1981 1495 2115 1550 dixit
2144 1494 2463 1566 Apostolus,
2512 1509 2621 1549 non
2675 1513 2694 1546 t
2739 1494 2975 1566 primum
3005 1493 3148 1563 quod
3189 1494 3474 1565 spirituale

1887 1598 1990 1654 est,
2012 1588 2104 1644 sed
2120 1588 2263 1658 quod
2284 1587 2536 1653 animale,
2568 1586 2761 1643 deinde
2781 1587 2943 1658 quod’
2962 1586 3243 1658 spirituale
3266 1586 3315 1659 (1
3342 1584 3470 1642 Cor.

1888 1696 1978 1745 xv,
2009 1678 2123 1752 42),
2171 1698 2190 1733 ι
2221 1675 2354 1752 etc.]
2383 1678 2514 1734 Item
2553 1678 2608 1733 in
2637 1678 2776 1735 libro
2805 1677 3154 1733 Enchiridion
3184 1678 3321 1748 (cap.
3349 1677 3475 1750 100)

206 1797 311 1837 non
339 1782 676 1837 credentium
704 1790 899 1838 etcum
925 1798 991 1838 eo
1015 1782 1168 1838 exire
1194 1780 1493 1837 nolentium
1516 1821 1532 1848 ,
1579 1788 1635 1835 et
1666 1780 1786 1837 ideo
1820 1776 1862 1836 Β
1891 1787 2051 1844 quem
2078 1772 2149 1827 ad
2174 1770 2530 1828 Laurentium
2555 1771 2813 1828 Eccleﬁae
2851 1770 3112 1827 Romanae
3139 1769 3479 1830 archidiaco-

204 1886 328 1926 cum
355 1870 590 1936 caeteris,
630 1870 721 1942 qui
751 1873 806 1926 in
832 1871 966 1927 urbe
991 1871 1154 1942 impia
1183 1877 1580 1937 remanserant,
1603 1867 1794 1940 justis-

204 1963 344 2019 sime
371 1962 705 2034 perditorum
751 1963 1071 2034 punitione,
1117 1963 1195 2018 ita
1236 1963 1341 2018 ait:
1369 1961 1551 2035 [Quod
1593 1962 1794 2017 ostium

204 2054 310 2109 Lot
354 2053 689 2109 incluserunt
738 2054 937 2126 angeli,
969 2070 1038 2110 ue
1064 2054 1149 2110 vel
1171 2053 1387 2125 ipsum,
1432 2052 1517 2109 vel
1557 2052 1795 2123 aliquem

204 2144 272 2199 de
314 2142 475 2199 domo
505 2142 671 2213 ipsius
691 2152 913 2215 possent
938 2144 1004 2201 ad
1026 2143 1361 2216 perdendum
1392 2157 1586 2215 rapere
1623 2140 1796 2198 Sodo-

203 2235 378 2300 mitae,
405 2242 657 2304 patenter
699 2234 938 2291 insinuat
983 2234 1111 2306 quia
1151 2233 1358 2289 nullum
1383 2232 1450 2290 de
1483 2232 1671 2290 electis
1696 2231 1797 2289 Dei

200 2324 487 2396 perditura
527 2331 614 2379 est
634 2322 922 2395 impietas,
966 2333 1022 2381 et
1050 2325 1359 2395 persecutio
1396 2324 1752 2395 reproborum
1775 2363 1794 2391 ,

204 2416 431 2472 dicente
479 2414 708 2471 Domino
761 2416 827 2472 de
863 2416 1053 2472 ovibus
1101 2416 1262 2473 suis:
1298 2435 1316 2469 ι
1358 2416 1427 2471 Et
1467 2431 1569 2488 ego
1631 2416 1798 2471 vitam

198 2517 472 2565 aeternam
498 2507 567 2564 do
593 2507 673 2564 eis
701 2514 757 2563 et
781 2524 891 2564 non
916 2508 1174 2580 peribunt
1207 2508 1261 2562 in
1289 2515 1578 2574 aeternum,
1605 2515 1661 2563 et
1690 2521 1799 2561 non

202 2598 393 2671 rapiet
430 2612 525 2656 eos
548 2599 834 2671 quisquam
875 2599 944 2655 de
974 2614 1137 2654 manu
1162 2613 1284 2654 mea
1313 2597 1498 2670 (Joan.
1528 2614 1581 2662 x,
1609 2595 1723 2669 28).
1770 2617 1791 2653 ι

204 2689 371 2759 Quod
390 2703 519 2747 vero
564 2690 712 2747 idem
756 2689 859 2745 Lot
896 2688 1150 2746 facultate
1176 2688 1245 2746 ab
1271 2687 1479 2762 angelis
1511 2688 1640 2744 data
1674 2687 1795 2743 nul-

200 2779 328 2837 lum
347 2781 415 2838 de
441 2780 652 2837 civibus
670 2780 893 2851 perﬁdis
910 2821 926 2848 ,
968 2795 1037 2836 ne
1063 2780 1132 2837 de
1162 2780 1277 2836 suis
1307 2779 1529 2851 quidem
1554 2778 1800 2850 cognatis

203 2872 332 2929 sive
357 2872 549 2929 amicis
571 2872 787 2929 tametsi
816 2871 1047 2928 multum
1074 2879 1306 2929 conatus
1332 2871 1510 2943 potuit
1543 2869 1614 2926 ad
1648 2870 1799 2926 salu—

201 2971 327 3020 tem
356 2976 635 3029 revocare,
668 2962 963 3034 signiﬁcat,
991 2964 1118 3035 quia
1147 2962 1348 3019 nullius
1383 2962 1539 3020 labor
1564 2962 1800 3020 hominis

204 3056 280 3113 ad
310 3070 597 3111 numerum
624 3055 1159 3125 prmdestiuatorum,
1185 3056 1278 3126 qui
1300 3062 1428 3112 ante
1457 3054 1799 3112 constitutio-

1895 1882 2022 1922 num
2048 1866 2286 1937 scripsit,
2314 1867 2381 1922 de
2405 1867 2594 1923 eadem
2618 1882 2678 1923 re
2712 1868 2784 1923 i‘a
2809 1866 3050 1938 loquitur
3076 1884 3090 1921 :
3122 1865 3283 1941 [Cum
3310 1882 3479 1940 ange-

1893 1958 2019 2027 lica,
2060 1959 2254 2030 inquit,
2292 1969 2350 2015 et
2386 1959 2624 2016 humana
2654 1972 2906 2018 creatura
2951 1969 3259 2032 peccasset,
3291 1960 3347 2016 id
3374 1968 3481 2023 est,

1894 2065 2002 2105 non
2046 2049 2191 2120 quod
2235 2049 2379 2106 Deus
2399 2050 2496 2107 sed
2519 2051 2664 2122 quod
2693 2051 2808 2122 ipsa
2847 2051 3016 2108 voluit
3043 2051 3281 2121 fecisset,
3311 2052 3483 2108 etiam

1893 2156 1994 2213 per
2014 2141 2262 2196 eamdem
2297 2150 2565 2198 creaturae
2592 2141 2927 2212 voluntatem
2952 2184 2968 2210 ,
3007 2158 3115 2216 qua
3153 2142 3357 2199 factum
3400 2152 3487 2201 est

1894 2231 2040 2303 quod
2066 2230 2294 2287 Greater
2322 2232 2514 2300 noluit,
2541 2232 2783 2303 implevit
2811 2234 2925 2305 ipse
2956 2234 3101 2306 quod
3130 2234 3321 2301 voluit,
3344 2235 3485 2292 bene

1895 2335 2056 2382 utens
2078 2333 2134 2383 et
2156 2325 2315 2382 malis
2339 2333 2595 2397 tauquam
2618 2342 2829 2382 summe
2848 2327 3023 2382 bonus
3042 2324 3109 2382 ad
3127 2340 3318 2383 eorum
3339 2327 3485 2385 dam-

1896 2416 2191 2482 nationem,
2218 2431 2357 2487 quos
2375 2415 2526 2491 juste
2550 2416 2957 2489 praedesdnavit
2978 2416 3048 2471 ad
3072 2429 3313 2486 pteuam,
3339 2428 3397 2474 et
3415 2419 3488 2475 ad

1895 2521 2090 2576 eorum
2118 2505 2370 2575 salutem,
2408 2522 2547 2579 quos
2573 2506 2805 2578 benigne
2826 2506 3238 2579 praedestinavit
3264 2507 3330 2564 ad
3360 2525 3487 2581 gra-

1899 2600 2052 2656 tiam.
2067 2598 2089 2674 ]

1896 2678 1899 2689 ’
1971 2690 2099 2747 Haec
2124 2706 2294 2763 pauca
2336 2707 2403 2749 ex
2433 2691 2647 2764 praefati
2675 2692 2975 2750 beatissimi
3008 2693 3244 2750 doctoris
3274 2694 3487 2752 duobus

1898 2780 2054 2838 libris
2080 2783 2380 2853 posuimus,
2413 2799 2550 2855 quos
2596 2800 2721 2841 eum
2766 2800 2873 2839 non
2918 2784 3089 2840 solum
3117 2785 3384 2843 catholice
3431 2794 3493 2841 et

1900 2871 2140 2929 veridice
2166 2873 2469 2945 scripsisse,
2517 2873 2613 2931 sed
2657 2873 2823 2930 etiam
2858 2873 3147 2947 diligenter
3173 2885 3229 2933 et
3256 2873 3488 2932 ﬁdeliter

1901 2954 2248 3031 retractasse,
2273 2964 2365 3035 qui
2413 2964 2579 3022 libros
2607 2965 3069 3022 Retractatiouum
3092 2965 3209 3037 ejus
3228 2968 3490 3025 attentius

1900 3053 2052 3128 legit,
2076 3055 2359 3111 evidenter
2406 3055 2652 3126 agnoscit
2688 3064 2748 3112 ut
2771 3057 2897 3127 quia
2913 3055 3029 3127 jam
3052 3055 3172 3128 ejus
3198 3059 3492 3115 auctoritas

204 3164 344 3205 nem
374 3148 561 3204 mundi
586 3146 744 3203 electi
774 3155 901 3203 sunt
941 3163 973 3203 a
1015 3147 1150 3215 Deo,
1174 3147 1259 3202 vel
1287 3162 1450 3202 unam
1472 3146 1645 3223 possit
1682 3146 1803 3201 ani-
1834 3137 1879 3200 C
1912 3147 1978 3205 de
2006 3149 2110 3204 hac
2142 3163 2220 3215 re,
2247 3149 2301 3205 id
2326 3156 2410 3205 est
2430 3150 2497 3205 de
2516 3148 2699 3205 divina
2732 3148 2788 3205 in
2815 3158 3097 3222 utramque
3123 3160 3334 3222 partem
3356 3166 3495 3223 prae-

205 3254 363 3294 mam
379 3238 634 3310 adjicere.
654 3235 812 3294 Novit
830 3237 976 3293 enim
998 3237 1258 3294 Dominus
1285 3237 1377 3308 qui
1404 3245 1530 3293 sunt
1558 3235 1808 3306 ejus.Vc-

204 3347 342 3386 rum
365 3338 420 3386 et
445 3331 492 3386 si
525 3340 769 3387 nostram
797 3329 1151 3403 fragilitatem
1173 3330 1265 3402 qui
1290 3331 1356 3387 ad
1377 3330 1673 3387 electorum
1697 3345 1813 3386 sor-

206 3431 329 3479 tem
355 3422 837 3492 pertineautlatet,
867 3437 976 3478 non
1010 3431 1192 3478 tamen
1215 3423 1284 3480 ab
1318 3425 1526 3493 agenda
1548 3436 1679 3479 cura
1720 3435 1815 3477 no-

201 3528 346 3577 strae
372 3518 562 3575 salutis
588 3518 936 3585 cessandum,
967 3534 1077 3574 non
1092 3519 1159 3573 ab
1191 3518 1525 3573 instruendis
1548 3516 1814 3588 proximis

202 3608 402 3679 lingua
443 3616 527 3662 est
550 3608 899 3675 continenda,
924 3609 1022 3662 sed
1049 3608 1120 3661 ad
1140 3607 1446 3677 exemplum
1499 3606 1645 3661 beati
1692 3605 1815 3672 Lot,

200 3707 269 3755 et
302 3698 460 3753 nobis
476 3705 626 3752 caste
648 3698 957 3763 vivendum,
980 3706 1037 3752 et
1060 3697 1359 3773 errantium
1385 3711 1601 3766 quoque
1632 3709 1818 3751 corre-

202 3785 391 3842 ctioni
431 3785 663 3841 ofﬁcium
694 3788 910 3857 pietatis
938 3787 1378 3858 impendentium.
1408 3785 1634 3842 Constat
1674 3786 1820 3842 enim

203 3879 350 3950 quia
365 3880 464 3934 etsi
482 3880 892 3952 prmdestinatos
905 3880 972 3935 ad
991 3880 1269 3936 interitum
1285 3880 1493 3936 salvare
1514 3880 1819 3950 nequimus,

199 3978 424 4028 nostrae
444 3979 621 4027 tamen
644 3971 1009 4043 benignitatis,
1028 3988 1191 4043 quam
1214 3988 1338 4044 erga
1356 3972 1569 4027 illorum
1593 3970 1823 4027 salutem

198 4063 607 4135 impendimus,
638 4064 937 4119 mercedem
968 4078 1074 4119 non
1095 4064 1416 4138 perdimus]

823 4176 1049 4233 CAPUT
1090 4177 1222 4233 VIII.

200 4269 301 4324 De
324 4272 531 4340 gemina
560 4271 1041 4344 prwdestinatione.
1072 4271 1157 4328 Ea:
1182 4274 1651 4344 prtedestinatione
1676 4275 1821 4330 nulla

714 4343 996 4397 necessitas
1018 4345 1088 4397 ad
1117 4343 1337 4400 malum.

293 4430 450 4488 lianc
484 4432 606 4488 ﬁdei
629 4433 871 4505 regulam
902 4434 1215 4492 ﬁrmissime
1261 4452 1327 4494 ac
1369 4437 1678 4495 ﬁdelissime
1724 4455 1817 4495 no-

201 4526 313 4583 bis
363 4525 650 4579 tenendam
687 4525 882 4582 beatus
915 4527 1250 4598 Augustinus
1296 4531 1400 4585 ista
1441 4531 1728 4603 diligenter
1764 4543 1817 4590 et

202 4616 470 4672 breviter
494 4615 838 4671 commendat
858 4617 914 4671 in
942 4616 1096 4675 libris
1120 4619 1185 4675 de
1204 4618 1437 4678 Civitate
1464 4621 1563 4683 Dei
1586 4622 1695 4694 (lib.
1726 4641 1816 4691 xv,

205 4725 349 4779 cap.
381 4707 460 4778 1),
491 4707 565 4763 ita
591 4709 810 4765 dicens:
842 4708 1192 4783 [Humanum,
1220 4714 1414 4785 inquit,
1445 4730 1613 4788 genus
1638 4719 1693 4775 in
1716 4721 1821 4776 duo

205 4813 431 4871 genera
483 4798 895 4867 distribuimus,
966 4817 1131 4858 unum
1202 4818 1390 4861 eorum
1463 4809 1554 4878 qui
1629 4825 1822 4865 secun-

130 4932 149 4955 ι
199 4889 360 4948 ‘dum
433 4890 747 4961 hominem,
821 4894 1052 4953 alterum
1120 4913 1307 4955 eorum
1366 4902 1458 4970 qui
1523 4904 1819 4959 secundum

205 4985 405 5039 Deum
430 4984 651 5052 vivunt;
685 5001 823 5056 quas
867 4988 1035 5044 etiam
1065 4991 1295 5062 mystice
1320 4991 1655 5062 appellamus
1683 4995 1817 5049 civi-

206 5088 378 5139 tates
408 5079 570 5147 duas,
619 5080 726 5138 hoc
754 5092 861 5150 est,
885 5083 1021 5141 duas
1060 5085 1354 5142 societates
1381 5087 1660 5144 hominum
1688 5075 1820 5161 qua-

203 5187 358 5230 rum
394 5182 479 5228 est
507 5188 636 5239 una,
676 5190 796 5244 qua:
821 5192 933 5246 pra:
957 5178 1203 5234 lastinata
1227 5188 1311 5235 est
1337 5180 1392 5235 in
1424 5188 1689 5236 aeternum
1733 5197 1818 5238 re-

202 5277 405 5336 gnare
431 5276 553 5319 cum
578 5264 718 5320 Deo:
748 5265 921 5324 altera
967 5278 1232 5326 externum
1276 5271 1602 5343 supplicium
1639 5274 1820 5331 subire

203 5368 362 5411 eum
392 5352 649 5427 diabolo]
676 5356 742 5411 Et
773 5366 898 5427 post
921 5374 1091 5429 pauca
1111 5402 1126 5429 ,
1157 5362 1224 5418 de
1252 5372 1448 5419 exortu
1486 5364 1714 5420 duarum
1745 5366 1822 5420 cio

201 5446 469 5505 vitatum
498 5445 744 5514 istarum,
768 5449 821 5505 id
848 5459 935 5507 est
960 5452 1198 5508 civitatis
1237 5453 1333 5509 Dei
1363 5461 1420 5510 et
1446 5453 1683 5511 civitatis
1703 5455 1821 5512 dia-

201 5539 373 5605 boli,
403 5539 714 5612 diligentius
744 5543 1050 5616 disputans,
1092 5548 1166 5602 ita
1197 5547 1331 5604 dicit
1373 5547 1601 5622 (Ibid.):
1631 5547 1823 5622 [Natus

202 5641 314 5690 est
359 5630 524 5702 igitur
543 5634 694 5705 prior
721 5634 852 5692 Cain
879 5653 945 5694 ex
970 5640 1078 5697 illis
1118 5641 1329 5698 duobus
1355 5641 1581 5698 humani
1609 5643 1824 5714 generis

201 5724 555 5797 parentibus
581 5727 859 5798 pertinens
887 5731 956 5786 ad
997 5732 1277 5790 hominum
1301 5734 1611 5793 civitatem:
1636 5742 1853 5807 poste--

643 5841 916 5907 PATROL.
964 5847 1193 5911 CXXI.

1916 3240 2304 3306 destinatione,
2335 3250 2391 3298 et
2418 3242 2716 3298 electorum
2743 3242 2999 3300 videlicet
3039 3243 3107 3300 ad
3148 3244 3409 3316 gloriam,
3440 3255 3502 3304 et

1915 3333 2268 3403 reproborum
2301 3333 2369 3387 ad
2395 3347 2614 3404 ptenam
2637 3349 2670 3388 a
2712 3335 2983 3391 nonnullis
3009 3335 3223 3407 publice
3250 3345 3496 3394 contem—

1916 3425 2085 3493 nitur,
2112 3434 2169 3482 et
2197 3426 2549 3483 conculcatur
2576 3445 2590 3482 :
2622 3429 2697 3483 ita
2723 3434 2782 3481 ut
2809 3427 2935 3497 quia
2972 3442 3031 3484 se
3056 3428 3170 3498 ipse
3191 3427 3248 3482 in
3271 3427 3497 3499 quibus-

1919 3517 2043 3573 dam
2092 3520 2310 3589 scriptis
2353 3519 2477 3575 suis
2491 3534 2599 3590 pie,
2628 3526 2790 3577 atoue
2820 3519 3096 3576 humiliter
3132 3519 3499 3590 reprehendit,

1918 3617 1975 3664 et
2003 3611 2244 3681 corrigit,
2275 3619 2465 3681 putent
2493 3627 2583 3678 se,
2614 3610 2703 3666 ubi
2729 3611 2810 3667 eis
2835 3610 3013 3666 visum
3052 3611 3249 3676 fuerit,
3276 3611 3502 3667 licenter

1921 3715 2044 3756 eum
2067 3717 2225 3772 posse
2252 3703 2665 3773 reprehendere.
2690 3702 2760 3758 Et
2792 3702 2937 3773 quod
2957 3701 3046 3757 ille
3076 3701 3203 3758 fecit
3229 3701 3298 3757 ad
3320 3717 3506 3770 exem-

1922 3796 2069 3864 plum
2117 3795 2458 3860 humilitatis,
2492 3796 2597 3866 ipsi
2641 3810 2909 3866 usurpare
2947 3810 3056 3850 non
3085 3795 3408 3851 erubescant
3435 3793 3507 3849 ad

1926 3894 2192 3942 tumorem
2227 3886 2682 3958 praesumptionis.
2706 3886 2787 3941 Ex
2826 3886 2911 3942 his
2939 3886 3129 3941 saltem
3152 3884 3307 3942 libris
3332 3898 3515 3957 agno-,

1924 3986 2079 4035 scant
2131 3980 2260 4050 quia
2300 3981 2401 4036 hoc
2427 3981 2651 4036 verbum
2691 3980 2885 4037 divina:
2927 3979 3412 4050 praedestinationis
3449 3978 3509 4035 in

1924 4079 2079 4142 parte
2105 4071 2457 4142 reproborum
2488 4072 2743 4143 positum,
2769 4072 2897 4144 quia
2920 4071 3195 4128 verissime
3227 4079 3282 4128 et
3311 4070 3507 4127 rectis-

1924 4163 2063 4219 sime
2103 4162 2287 4218 divino
2307 4162 2511 4234 judicio
2549 4161 2915 4232 praede'stinati
2943 4180 2963 4214 ‹
2992 4161 3265 4227 dicuntur,
3291 4160 3508 4224 nonad

1927 4255 2138 4326 culpam
2168 4256 2374 4327 utique,
2399 4254 2493 4311 sed
2528 4256 2596 4311 ad
2621 4269 2861 4326 poenam,
2891 4268 2991 4309 nec
3021 4253 3089 4308 ad
3125 4253 3326 4309 malum
3348 4266 3507 4323 opus,

1928 4353 2070 4423 quod
2100 4352 2201 4423 ipsi
2245 4352 2488 4409 volentes
2533 4360 2718 4423 agunt,
2765 4351 2858 4407 sed
2896 4350 2965 4406 ad
3009 4349 3243 4415 malum;
3282 4348 3425 4419 quod
3452 4348 3512 4403 in

1929 4444 2149 4499 aeternis
2176 4443 2452 4514 suppliciis
2478 4442 2628 4497 inviti
2660 4443 2953 4513 patientur,
2985 4460 3003 4493 ι
3039 4455 3139 4496 nec
3167 4440 3283 4509 ipse
3313 4439 3366 4493 in
3394 4438 3510 4494 suis

1921 4536 2082 4591 dictis
2130 4534 2557 4605 reprehenderit,
2595 4548 2694 4590 nec
2737 4535 2803 4589 ab
2848 4532 2971 4588 ullis
2995 4530 3258 4587 catholico
3286 4538 3341 4585 et
3375 4545 3511 4586 sane

1921 4626 2279 4681 sentientibus
2307 4624 2696 4695 reprehensum
2742 4623 2832 4679 sit.
2875 4622 2944 4678 Et
2982 4621 3106 4678 ideo
3151 4620 3313 4677 etiam
3342 4638 3363 4673 ι
3392 4633 3512 4676 mo-
3555 4653 3563 4693 ρ

1922 4720 2092 4775 dcrno
2138 4726 2399 4789 tempore,
2429 4735 2448 4770 ι
2482 4732 2513 4772 a
2557 4715 2715 4772 nobis
2763 4716 2857 4785 qui
2904 4721 3069 4777 tantae
3116 4711 3426 4784 imperitiae,
3454 4719 3512 4767 et
3585 4700 3596 4723 ³

1923 4811 2255 4869 inﬁrmitatis
2282 4826 2470 4868 sumus
2492 4823 2837 4880 nequaquam
2864 4803 3391 4878 reprehendendum,
3422 4803 3510 4858 vel

1921 4903 2273 4974 rejiciendum
2295 4903 2502 4968 debuit,
2527 4901 2782 4972 iudicari,
2814 4899 2909 4958 sed
2941 4899 3124 4970 potius
3150 4896 3417 4968 diligenti,
3454 4905 3511 4952 et

1921 4997 2112 5054 humili
2141 4997 2345 5070 pietate
2363 4995 2720 5068 perscrutari,
2743 5002 2798 5051 et
2820 4990 3069 5064 intelligi.
3093 4990 3161 5045 Et
3180 4988 3227 5045 si
3245 4988 3338 5060 qui
3358 4995 3517 5056 sunt,
3612 5026 3617 5031 ι

1920 5090 2015 5160 qui
2060 5103 2129 5145 ex
2172 5090 2277 5145 hoc
2324 5087 2678 5145 scandalizari
2729 5084 3048 5149 videantur,
3100 5088 3360 5152 tanquam
3410 5088 3547 5149 per'

1921 5183 2066 5240 istud
2081 5182 2574 5254 praedestinationis
2588 5181 2816 5238 verbum
2831 5174 3130 5235 necessitas
3148 5173 3291 5230 male
3314 5171 3513 5245 agendi

1924 5277 2178 5349 cuiquam
2206 5275 2458 5347 imposita
2480 5289 2602 5331 esse
2624 5272 2982 5345 signiﬁcetur,
3007 5266 3307 5327 instruendi
3332 5265 3515 5339 potius

1927 5368 2147 5425 fuerunt
2166 5374 2223 5423 et
2247 5366 2486 5422 breviter
2513 5380 2581 5422 ac
2607 5364 2785 5422 lucide
2811 5361 3061 5430 docendi,
3082 5358 3228 5433 quod
3250 5356 3398 5416 Deus
3420 5371 3516 5412 ne.

1929 5457 2132 5514 minem
2177 5454 2643 5528 praedestinaverit
2670 5454 2739 5510 ad
2785 5451 3095 5525 peccatum,”
3128 5450 3223 5507 sed
3267 5451 3338 5505 ad
3368 5447 3519 5502 luen-

1930 5550 2057 5604 dum
2102 5544 2423 5618 supplicium
2468 5558 2568 5615 pro
2612 5552 2859 5615 peccato.
2890 5541 3003 5598 Nec
3025 5541 3129 5596 ista
3155 5535 3518 5611 praedestina-

1930 5641 2076 5696 tione
2104 5638 2335 5710 aliquem
2366 5646 2521 5710 cogat
2562 5637 2630 5693 ad
2665 5636 2806 5692 male
2848 5633 3152 5706 agendum,
3198 5630 3296 5687 sed
3340 5625 3523 5701 potius

1931 5732 2169 5791 declaret
2191 5732 2427 5806 judicem
2467 5728 2695 5803 justum,
2722 5732 2815 5805 qui
2841 5738 2897 5787 et
2922 5734 3144 5800 peccata
3170 5724 3291 5781 ﬁeri
3315 5721 3517 5790 noluit,

3123 5837 3206 5896 32
