3966 6334
579 350 723 425 tona

1571 369 1628 427 S.
1674 370 1932 427 REMIGII
1970 363 2441 428 LUGDUNENSIS
2481 359 2785 419 EPISCOPI

3638 360 3732 417 1001

569 494 627 540 et
657 487 798 542 facta
824 485 968 560 justo
1000 503 1058 544 se
1091 489 1404 560 puniturum
1433 501 1552 543 esse
1588 488 1884 558 pra-scivit,
1916 489 2063 557 juste
2098 490 2243 550 se'A
2269 491 2455 556 aperte
2481 481 2643 536 dicit:
2677 476 2844 550 [Inest
2871 475 2980 530 Deo
3003 471 3164 529 etiam
3185 469 3506 542 profundum,
3526 486 3610 541 quo
3630 446 3739 530 dam.|

566 579 883 646 puniturum
906 587 960 634 et
985 592 1105 634 esse
1139 578 1563 648 praedestinavit.
1598 579 1708 635 llac
1751 595 1984 650 namque
2019 597 2155 651 pra:-

571 670 938 727 destinatione
966 686 1073 726 non
1110 685 1246 742 opus
1291 672 1526 728 hominis
1551 673 1775 739 malum,
1811 672 1905 728 sed
1945 671 2156 742 justum

573 760 813 815 hominis
850 760 1253 830 praedestinavit
1279 763 1600 835 supplicium

577 895 579 897 .
671 851 825 906 Hunc
865 865 1082 907 sensum
1103 850 1182 906 ’B.
1222 851 1504 921 Augustini
1544 868 1760 917 verum,
1788 863 1948 922 atque
1975 853 2166 908 catho-

599 943 763 999 licum
793 945 935 1013 quod
965 943 1133 998 Deum
1163 945 1341 1014 aperis
1375 944 1458 998 sui
1503 944 1687 1010 futuri,
1720 945 1772 1000 id
1809 955 1893 1000 est
1923 945 2053 1014 justi
2083 943 2170 1015 ju-

597 1034 723 1089 dicii
755 1034 822 1088 de
851 1033 1007 1089 malis
1045 1043 1097 1088 et
1143 1035 1194 1088 in
1238 1034 1394 1089 malis
1435 1035 1721 1090 exercendi
1764 1051 1975 1107 semper
2002 1035 2169 1092 fuisse

596 1126 915 1195 praescium,
957 1127 1177 1196 semper"
1197 1123 1362 1180 fuisse
1406 1125 1900 1195 praedestinatorem
1931 1126 2166 1196 justum,

596 1216 828 1272 ﬁdeliter
854 1217 1197 1272 commendat
1235 1215 1294 1270 Β.
1327 1215 1657 1286 Fulgentius,
1685 1226 1742 1272 ut
1768 1232 1928 1288 supra
1965 1234 2167 1274 memo-

594 1307 853 1372 ravimus,
887 1307 1028 1363 iliius
1060 1309 1316 1379 temporis
1350 1308 1578 1374 vicinus,
1613 1318 1668 1364 et
1697 1309 2169 1381 tempore‘Vanda-

594 1397 711 1453 liete
736 1399 1124 1468 persecutionis
1141 1399 1536 1469 apud'ATricam
1564 1401 1704 1456 inter
1723 1412 1947 1458 cancros
1966 1401 2166 1458 Christi

593 1489 904 1545 sacerdotes
934 1488 1268 1546 confessores
1313 1490 1542 1562 inclytus
1578 1492 1936 1565 interrogatus
1963 1509 1993 1547 a
2038 1509 2167 1563 quo-

2266 577 2470 632 nandos
2509 572 2734 628 inferius
2771 568 2917 637 justa
2958 567 3210 635 :equitate
3249 565 3517 632 disponens
3547 567 3734 632 praeordi-

2264 665 2408 738 nat.]
2436 664 2568 719 Item
2597 663 2663 717 de
2687 660 2874 716 eadem
2907 674 2963 712 re
2990 657 3094 710 alio
3131 656 3246 709 loco
3282 655 3357 709 sic
3394 653 3543 708 dicit:
3570 654 3648 726 [Ad
3671 655 3733 708 ke-

2267 770 2387 810 vam
2415 767 2629 824 quoque
2660 751 2913 806 dilatatur
2939 745 3208 809 Ecclesia,
3237 744 3359 798 dum
3391 743 3450 797 ad
3474 757 3523 796 se
3545 744 3734 812 quosdam

2218 841 2230 856 ’
2267 851 2322 905 in
2365 845 2650 916 iniquitate
2696 853 3078 912 permansuros
3125 837 3370 891 admittit.
3421 835 3611 904 Propter
3642 836 3736 890 hanc

2266 937 2685 1000 multitudinem,
2709 949 2828 1004 qum
2851 939 3004 985 extra
3035 929 3325 984 electorum
3351 936 3594 980 numerum
3614 927 3733 996 jacet,

2267 1034 2319 1088 in
2358 1028 2644 1101 Evangelio
2683 1025 2941 1080 Dominus
2979 1021 3109 1077 dicit
3146 1039 3158 1051 -
3201 1039 3220 1072 ι
3254 1017 3394 1072 Multi
3431 1017 3594 1085 vocati,
3627 1019 3733 1087 pauci

2266 1133 2445 1179 autem
2486 1119 2642 1176 electi
2679 1117 2899 1190 (Matth.
2932 1130 3000 1168 xx
3023 1153 3038 1177 ,
3077 1111 3198 1182 16).
3241 1129 3288 1182 ι)
3327 1108 3438 1162 Alio
3469 1124 3640 1178 quoque
3660 1108 3737 1164 loco

2267 1216 2376 1270 vim
2403 1223 2647 1284 superna:
2673 1206 3047 1279 dispositionis
3077 1200 3543 1259 incommutabilem
3567 1215 3658 1254 esse
3675 1200 3737 1253 de-

2251 1312 2573 1361 monstrans
2601 1303 2676 1357 ita
2707 1301 2820 1356 ait:
2854 1297 3051 1372 [Vitari
3088 1296 3234 1352 enim
3273 1293 3352 1348 vis
3376 1292 3569 1362 superni
3592 1291 3737 1346 consilii

2268 1407 2606 1464 nequaquam
2629 1398 2826 1462 potest,
2856 1387 2950 1444 sed
2977 1400 3170 1456 magna
3192 1383 3293 1439 sibi
3317 1382 3500 1436 virtute
3523 1381 3632 1435 hanc
3652 1390 3738 1434 tem-

2263 1494 2441 1558 perat.
2471 1485 2559 1554 qui
2591 1498 2648 1540 se
2677 1482 2776 1538 sub
2803 1479 2918 1548 ejus
2940 1479 3156 1534 nutibus
3181 1475 3445 1538 refrenat;
3476 1473 3652 1542 ejusque
3672 1472 3738 1526 sibi

595 1580 718 1634 dam
759 1579 870 1649 pio,
909 1587 963 1635 et
1002 1579 1250 1650 religioso
1278 1581 1394 1638 viro
1418 1598 1521 1638 non
1552 1584 1774 1655 sprevit,
1799 1564 1903 1640 non
1941 1585 2164 1655 respuit,
2265 1575 2730 1650 pondera'ieviga’t
2753 1613 2767 1638 ,
2815 1572 3092 1667 qui-hanc
3133 1567 3372 1667 subjecto
3581 1565 3737 1667 humero

595 1669 688 1724 sed
714 1670 889 1739 potius
914 1669 1196 1742 diligenter
1231 1675 1496 1743 exposuit,
1533 1653 1591 1729 et
1617 1675 1955 1730 conﬁrmavit
1982 1653 2168 1733 dicens
2266 1668 2454 1724 volens
2475 1663 2698 1755 portat]
2725 1663 2860 1755 item
2884 1661 3010 1716 a‘libi
3037 1662 3103 1755 de
3134 1659 3325 1755 eadem
3353 1671 3446 1755 re:

595 1759 685 1831 (ad
712 1758 858 1813 Man.
878 1759 912 1813 l.
931 1775 1032 1825 t,c.
1050 1760 1105 1819 5)
1133 1778 1144 1814 :
1173 1760 1340 1835 [Nihil
1361 1763 1502 1818 aliud
1528 1766 1894 1835 accipiendum
1916 1767 2165 1822 existimo
2266 1757 2481 1814 obsistit
2503 1753 2739 1826 largitati
2759 1752 2861 1850 Dei
2884 1749 3260 1850 vocantistita.
3282 1745 3740 1850 nullusobviatjnsn.

593 1852 646 1905 in
680 1851 767 1906 illo
793 1853 964 1907 sancti
1009 1853 1286 1924 Augustini
1317 1869 1587 1923 sermone,
1631 1872 1736 1926 quo
1779 1858 1845 1912 ad
1887 1857 2162 1925 interitum
2193 1842 2237 1901 Β
2265 1850 2353 1904 tia!
2383 1843 2779 1917 relinquenda]
2812 1844 2878 1897 Et
2905 1844 3100 1898 iterum
3143 1841 3210 1895 de
3247 1839 3419 1910 impiis
3451 1837 3547 1907 jam
3570 1835 3740 1906 prejudi-

591 1942 851 2011 quosdam
890 1942 1297 2013 praedestinatos
1339 1943 1588 2010 atlirmat,
1619 1963 1636 1996 ι
1672 1945 1774 2000 nisi
1798 1943 1864 1998 ad
1888 1944 2162 2002 interitum

591 2033 834 2103 supplicii
865 2048 969 2088 non
1011 2033 1211 2100 delicti,
1255 2050 1430 2106 neque
1456 2037 1522 2090 ad
1558 2036 1757 2091 nmium
1779 2037 1920 2106 quod
1967 2037 2163 2109 injuste

592 2123 902 2188 admittunt,
929 2124 1023 2179 sed
1051 2125 1116 2179 ad
1142 2125 1440 2180 cruciatum
1469 2125 1610 2196 quod
1631 2126 1930 2196 justissime
1951 2128 2163 2198 patiun-

593 2223 717 2285 tur:
749 2229 850 2268 nec
877 2215 942 2269 ad
973 2225 1272 2285 peccatum,
1305 2217 1400 2272 sed
1430 2217 1497 2272 ad
1523 2226 1871 2283 tormentum,
1895 2218 2038 2288 quod
2057 2218 2162 2274 illis

587 2305 803 2373 propria
848 2305 1104 2375 iniquitas
1135 2306 1274 2363 male
1298 2307 1457 2377 parit,
1484 2316 1538 2363 et
1563 2308 1798 2387 aequitas
1818 2309 1996 2364 divina
2026 2309 2164 2365 bene

588 2395 868 2458 retribuit;
909 2414 927 2447 ›
956 2411 1056 2452 nec
1097 2396 1164 2450 ad
1210 2406 1436 2453 mortem
1481 2399 1673 2453 animae
1703 2399 1930 2469 primam
1961 2399 2055 2455 sed
2097 2401 2162 2456 ad

588 2498 820 2544 mortem
850 2491 1139 2546 secundam
1174 2510 1186 2546 :
1219 2493 1360 2564 quod
1391 2494 1532 2548 enim
1556 2504 1678 2548 ante
1704 2495 2004 2566 gehennam
2035 2496 2162 2551 mali

588 2580 863 2647 peccando
884 2591 1127 2651 pereunt,
1157 2598 1261 2638 non
1283 2592 1367 2641 est
1391 2584 1552 2638 divini
1577 2585 1756 2656 operis
1780 2586 2116 2642 sed‘humani
2145 2604 2158 2641 :

586 2669 732 2737 quod
762 2678 940 2725 autem
987 2672 1038 2725 in
1084 2674 1323 2743 gebenna
1352 2674 1573 2744 perituri
1602 2683 1755 2740 sunt,
1784 2676 1886 2731 hoc
1910 2675 2038 2731 facit
2067 2676 2161 2733 Dei

587 2761 846 2830 :cquitas,
881 2762 965 2817 cui
1008 2763 1150 2817 nulla
1198 2764 1369 2834 placet
1409 2767 1682 2836 peccantis
1728 2767 2002 2837 iniquitas.
2049 2768 2163 2825 Hoc

589 2850 771 2921 itaque
799 2853 1200 2922 praedestinavit
1244 2855 1400 2919 Deus,
1430 2855 1571 2925 quod
1606 2865 1719 2910 erat
1749 2857 1860 2927 ipse
1882 2856 2157 2925 facturus;

588 2940 719 2995 illud
751 2957 879 2997 vero
918 2944 1217 2998 nullatenus
1260 2946 1688 3014 prmdestinavit,
1731 2947 1874 3016 quod
1922 2946 2162 3003 facturus

566 3032 704 3100 .ipse
731 3047 835 3086 non
865 3032 993 3099 fuit;
1035 3035 1170 3088 mala
1199 3036 1391 3105 quippe
1418 3035 1663 3092 voluntas
1697 3053 1801 3092 non
1828 3039 2060 3109 pertinet
2092 3037 2162 3093 ad

566 3121 847 3190 roptimum
886 3124 1192 3180 Creatorem
1239 3143 1250 3178 :
1280 3124 1426 3194 justa
1472 3141 1601 3181 vero
1649 3126 1970 3196 injusterum
2011 3129 2161 3184 dam—

2264 1940 2400 1997 catis
2427 1958 2441 1994 :
2465 1938 2496 2012 ’[
2511 1936 2612 2006 Qui
2653 1950 2785 1992 vero
2812 1949 2931 1990 nec
2963 1933 3100 1988 ﬁdei
3139 1937 3472 1988 sacramenta
3517 1935 3738 1989 tenuerunt,

2264 2030 2684 2100 increpationem
2706 2027 2905 2096 judicis
2934 2026 2989 2081 in
3023 2033 3270 2080 extrema
3308 2020 3653 2078 examinatione
3673 2033 3738 2071 non

2264 2125 2523 2180 audiunt:
2551 2123 2675 2194 quia
2704 2119 3036 2192 pratjttdicati
3075 2116 3402 2172 infidelitatis
3435 2129 3531 2169 sua:
3560 2111 3736 2174 tenebris,

2264 2215 2380 2286 ejus
2409 2228 2565 2283 quem
2593 2213 2953 2281 despexerunt
2990 2209 3291 2264 invectione
3330 2205 3551 2274 redargui
3575 2217 3652 2256 non
3670 2215 3740 2254 mc-

2265 2303 2496 2376 rcntur.]
2525 2303 2655 2357 Item
2691 2303 2756 2357 dc
2790 2298 3265 2371 praedestinatione
3305 2294 3589 2366 perditionis
3615 2303 3738 2361 repro-

2255 2398 2455 2452 ‘borum
2481 2412 2493 2448 :
2522 2393 2918 2466 [0mnipotens,
2943 2390 3140 2458 inquit,
3163 2388 3263 2442 Dei
3287 2385 3504 2457 justitia,
3526 2383 3738 2437 futurorum

2263 2485 2490 2556 prmscia
2517 2483 2584 2536 ab
2612 2482 2724 2552 ipsa
2757 2479 2940 2534 mundi
2967 2478 3172 2549 origine
3197 2476 3452 2547 gehenna:
3477 2473 3622 2542 ignem
3643 2482 3740 2523 crea-

2264 2575 2364 2641 vit,
2392 2573 2484 2644 qui
2512 2573 2566 2627 in
2595 2584 2811 2641 pamam
2842 2568 3194 2639 reproborum
3223 2581 3343 2621 esse
3369 2563 3519 2620 semel
3540 2562 3737 2630 inciperet,

2265 2665 2358 2721 sed
2389 2663 2636 2719 ardorem
2663 2675 2817 2716 suum
2855 2659 3017 2714 etiam
3058 2659 3173 2712 sine
3216 2656 3378 2728 lignis
3414 2667 3641 2724 nunquam
3664 2649 3740 2703 tini-

2265 2756 2394 2830 ret.]
2407 2754 2544 2810 Alibi
2577 2767 2790 2824 quoque
2817 2752 2883 2808 de
2920 2751 3034 2820 ipso
3065 2750 3353 2821 impiorum
3383 2757 3434 2804 et
3461 2746 3737 2817 reproborum,

2265 2857 2424 2918 atque
2447 2854 2650 2901 aeterno
2681 2844 2898 2898 interitu
2927 2842 3309 2897 damnatorum
3335 2839 3516 2910 capite,
3538 2837 3578 2890 id
3596 2843 3656 2889 est

2266 2935 2532 2998 tiebristo,
2570 2932 2684 3002 jam
2725 2947 2848 2987 eum
2889 2933 3202 2987 damnatum
3247 2944 3369 2985 esse
3405 2935 3672 2984 contestans,
3694 2928 3738 2973 ita

2264 3025 2431 3080 dicit:
2461 3022 2574 3096 [ille
2604 3023 2889 3077 damnatus
2918 3022 3077 3075 homo
3101 3035 3263 3089 quem
3293 3020 3345 3074 in
3374 3018 3472 3072 line
3493 3014 3638 3070 mundi
3657 3023 3739 3080 apo-

2264 3124 2404 3173 stata
2458 3115 2679 3184 angelus
2721 3113 2946 3168 assumit
2981 3112 3057 3165 ad
3103 3109 3495 3181 pmdicandum
3533 3103 3738 3158 falsitatem

583 3213 736 3267 natio
779 3214 1008 3282 pertinet
1041 3217 1110 3270 ad
1151 3216 1517 3286 mquissimum
1553 3218 1913 3287 cognitorem;
1953 3219 2157 3289 prcede-

2218 3205 2234 3270 Ξ
2266 3222 2449 3273 suam,
2486 3213 2727 3270 astutos,
2759 3219 2823 3259 ac
2847 3202 3108 3274 duplices,
3140 3211 3308 3272 atque
3334 3192 3738 3289 hujusmodis-cien-

587 3304 808 3359 stinavit
834 3306 1015 3377 itaque
1039 3307 1180 3362 Deus
1217 3308 1428 3378 iniquos
1453 3317 1506 3364 et
1532 3309 1722 3379 impios
1751 3311 1817 3364 ad
1843 3312 2160 3381 supplicium

577 3391 806 3461 justum,
839 3411 944 3450 non
983 3397 1048 3452 ad
1087 3396 1464 3467 aliquod-opus
1507 3398 1794 3468 injustum;
1835 3401 1900 3454 ad
1926 3417 2160 3471 poenam,

585 3500 690 3540 non
715 3487 782 3542 ad
807 3487 1053 3557 culpam;
1087 3490 1155 3543 ad
1179 3489 1505 3558 punitionem
1541 3505 1647 3544 non
1681 3492 1746 3546 ad
1786 3494 2165 3564 transgressio-

583 3591 739 3643 nem;
771 3579 838 3632 ad
862 3579 1174 3645 inter-itum,
1217 3595 1376 3649 quem
1421 3581 1501 3636 ira
1537 3581 1675 3652 justi
1713 3583 1909 3652 judicis
1938 3601 2165 3654 peccan-

589 3670 732 3724 tibus
763 3669 1014 3736 reddidit,
1048 3686 1151 3725 non
1179 3672 1248 3726 ad
1286 3673 1580 3740 interitum,
1613 3675 1799 3744 quo-in
1822 3691 1886 3731 se
1909 3677 2042 3731 iram
2068 3679 2160 3734 Dei

587 3763 926 3830 peccantium
970 3764 1223 3836 iniquitas
1251 3765 1607 3841 provocavit.]
1636 3767 1750 3825 Huc
1773 3783 1947 3841 usque
1975 3771 2164 3827 beatus

588 3851 921 3924 Fulgentius.

1195 3968 1423 4031 CAPUT
1467 3969 1557 4024 IX.

790 4082 1106 4141 Testimonia
1130 4102 1194 4142 ea:
1225 4085 1286 4142 S.
1324 4087 1489 4144 Leone
1514 4099 1559 4144 et
1586 4088 1644 4146 S.
1678 4089 1948 4165 Gregorio.

653 4213 848 4269 Beatus
876 4215 1039 4270 etiam
1066 4216 1174 4273 Leo
1203 4218 1268 4274 de
1298 4219 1454 4289 hujus
1478 4222 1673 4278 divinze
1703 4225 2077 4293 praescientiaa,
2107 4235 2163 4282 e:

582 4305 1070 4376 prtedestinationis
1094 4312 1343 4377 veritate,
1373 4313 1429 4366 id
1460 4323 1544 4370 est
1571 4317 2021 4386 sempiternarum
2053 4320 2162 4374 dis-

581 4399 904 4467 positionum
952 4401 1046 4456 Dei
1088 4402 1510 4461 incommutabili
1549 4408 1769 4473 ordine,
1815 4408 1894 4464 sic
1947 4410 2099 4466 docet
2143 4428 2156 4464 :

581 4487 739 4559 [Cum
764 4491 964 4557 omnia,
983 4506 1116 4562 qua:
1142 4492 1195 4546 in
1226 4493 1454 4550 Domino
1482 4496 1782 4568 majestatis
1812 4497 2034 4554 Judaica
2062 4499 2160 4553 ad-

2267 3297 2396 3352 tiam
2435 3296 2693 3351 habentes
2728 3295 3028 3350 selectorus
3057 3291 3184 3364 est.]
3219 3291 3289 3346 Et
3316 3290 3418 3346 alio
3445 3289 3580 3344 loco:
3612 3281 3738 3356 [Terra

2265 3387 2349 3442 cui
2386 3403 2465 3442 va:
2502 3387 2698 3441 dicitur
2734 3385 2823 3440 ille
2857 3383 3234 3454 principaliter
3260 3382 3529 3437 damnatus
3550 3375 3738 3430 homoest

2263 3481 2356 3553 qui
2383 3479 2587 3534 alarum
2616 3477 2916 3552 cymbalum
2942 3484 3204 3532 vocatur:
3243 3473 3366 3546 quia
3392 3471 3474 3542 qui
3504 3483 3586 3541 per
3611 3476 3738 3535 super-

2263 3575 2408 3630 biam
2454 3572 2849 3628 multitudinem
2899 3569 3246 3641 cogitationis
3294 3568 3527 3629 evolant,
3567 3559 3737 3618 eumdem

2261 3679 2574 3738 perversum
2607 3664 2880 3719 hominem
2915 3660 3262 3734 prazdicando
3297 3654 3517 3727 sonant.]
3553 3652 3614 3746 Et
3637 3643 3738 3746 patilo

2262 3765 2421 3828 post:
2455 3755 2646 3827 [Terra
2668 3797 2681 3819 ,
2723 3754 2927 3824 inquit,
2965 3752 3051 3808 cui
3078 3767 3158 3807 vae
3181 3751 3396 3813 dicitur,
3434 3757 3565 3801 trans
3591 3741 3736 3795 ﬂumini

2263 3845 2554 3916 (Ethiopia:
2579 3860 2698 3900 esse
2724 3845 3079 3915 perhibetur:
3105 3841 3235 3912 quia
3265 3841 3531 3896 damnatus
3551 3831 3620 3887 ille
3635 3828 3737 3881 homo

2267 3949 2412 3996 tanta
2442 3939 2804 3994 immensitate
2830 3938 3046 4008 iniquus
3070 3943 3185 4002 est,
3232 3942 3294 3991 ut
3334 3930 3552 3989 omnium
3585 3929 3737 3994 μεθω-

2250 4034 2396 4091 tium
2426 4039 2644 4104 peccata
2675 4028 3065 4102 transcendat.]

2889 4162 3115 4221 CAPUT
3150 4160 3218 4216 Χ.

2635 4279 2712 4335 De
2739 4278 2944 4351 gemina
2974 4271 3450 4346 prwdestinatione.

2333 4396 2471 4452 Ecce
2509 4392 2805 4450 beatissimi
2853 4390 3041 4444 Patres
3078 4385 3339 4442 Ecclesia:
3365 4395 3466 4438 uno
3489 4388 3643 4435 sensu,
3669 4374 3738 4420 ιιοο

2263 4503 2381 4550 ore,
2411 4486 2534 4556 quia
2559 4493 2611 4540 et
2633 4499 2742 4538 uno
2773 4483 2964 4552 spiritu
2995 4481 3191 4535 divinas
3219 4470 3569 4550 prmscientize,
3592 4473 3739 4532 ειμι-ιο

581 4556 730 4635 {nisu
759 4556 1030 4652 impietas;
1050 4593 1202 4640 ωηιο
1227 4596 1351 4641 ante
1381 4556 1636 4657 praedic.”
1662 4591 1790 4655 sim,
1823 4599 1882 4645 ιη
1911 4605 2018 4647 non
2052 4599 2159 4645 tam
2194 4569 2242 4628 Ι)
2265 4575 2643 4634 destinationis
2666 4573 2994 4629 immobilem
3023 4571 3308 4626 veritatem
3336 4568 3387 4622 in
3414 4556 3734 4657 utraquelm‘fv

570 4670 651 4726 de
678 4670 899 4740 futuris,
929 4688 1088 4743 quam
1113 4675 1180 4730 de
1203 4677 1490 4746 praeteritis
1516 4679 1861 4748 prOpheticus
1883 4679 1957 4734 sit
1981 4693 2160 4735 sermo

581 4770 902 4830 contextus,
939 4753 1066 4833 quid
1095 4764 1236 4820 aliud
1270 4768 1458 4833 nobis,
1503 4784 1663 4838 quam
1706 4770 2158 4839 sempiternorum

579 4854 992 4923 dispositionum
1040 4855 1135 4911 Dei
1185 4857 1642 4914 incommutabilis
1685 4860 1818 4915 ordo
1859 4857 2162 4916 referatur!

580 4945 734 5016 Apud
765 4961 926 5016 quem
966 4947 1316 5004 discernenda
1359 4949 1469 5021 jam
1510 4949 1837 5020 dijudicata,
1881 4959 1938 5006 et
1979 4949 2159 5006 futura

577 5035 690 5104 jam
722 5035 864 5092 facta
894 5045 1038 5092 sunt.
1072 5037 1204 5093 Cum
1227 5040 1370 5096 enim
1395 5047 1450 5096 et
1469 5039 1754 5112 qualitates
1776 5041 2044 5096 actionum
2065 5056 2160 5095 no-

584 5134 844 5187 strarum,
869 5136 923 5182 et
941 5126 1162 5185 effectus
1191 5131 1432 5186 onmium
1459 5131 1792 5186 voluntatum
1820 5131 2046 5186 scientia
2079 5131 2160 5184 di-

582 5215 707 5270 vina
738 5220 1060 5286 pra‘veniat,
1093 5231 1294 5290 quanto
1322 5223 1494 5295 magis
1526 5231 1652 5278 nota
1695 5232 1822 5278 sunt
1858 5224 1966 5279 Deo
1995 5237 2159 5293 opera

584 5308 719 5363 sua?
760 5308 826 5363 Et
866 5321 1009 5366 recte
1047 5311 1246 5383 placuit
1290 5315 1444 5385 quasi
1482 5313 1625 5372 facta
1662 5315 1846 5381 recoli,
1891 5329 2012 5384 quae
2051 5328 2159 5368 non

581 5407 833 5470 poterant
863 5402 1078 5458 omnino
1108 5419 1214 5460 non
1245 5404 1404 5478 ﬁeri]

654 5491 851 5549 Beatus
869 5509 1082 5566 quoque
1102 5495 1394 5568 Gregorius
1419 5512 1696 5568 exponens
1718 5496 1806 5552 illa
1829 5497 1996 5552 verba
2021 5496 2160 5566 Apo-

582 5584 736 5653 stoli,
773 5587 823 5640 id
854 5596 964 5641 est:
997 5608 1018 5638 1
1049 5588 1180 5656 Quae
1210 5589 1280 5643 sit
1307 5589 1601 5660 longitudo,
1629 5598 1685 5644 et
1705 5587 1956 5654 latitudo,
1983 5595 2038 5642 et
2064 5603 2156 5641 su-

579 5677 812 5732 blimitas
832 5721 844 5743 ,
875 5689 923 5732 et
957 5679 1282 5750 profundum
1313 5681 1471 5751 (Eph.
1503 5698 1563 5736 lit
1587 5722 1601 5746 ,
1635 5682 1740 5751 i8),
1771 5701 1792 5734 ι
1823 5682 1898 5735 ita
1929 5680 1993 5734 de
2017 5693 2158 5748 pra:-

568 5769 936 5842 ‘desinatione
987 5771 1340 5846 reproborum
1383 5772 1446 5827 ad
1497 5773 1773 5844 interitum
1819 5771 2057 5826 breviter
2107 5778 2160 5824 et

2230 5794 2242 5804 ι
2266 5765 2586 5823 miserabilis
2619 5762 2866 5818 monachi
2896 5781 2913 5814 ι
2951 5759 3281 5831 improbatur
3303 5752 3503 5812 levitas,

2262 4669 2557 4726 electorum
2581 4665 2789 4721 scilicet
2815 4673 2870 4718 et
2899 4663 3251 4732 reproborum
3279 4656 3568 4730 praedicant,
3587 4652 3738 4702 etcom-

2262 4757 2536 4815 mendant.
2569 4755 2876 4810 Electorum
2900 4753 3082 4821 utique
3105 4751 3172 4804 ad
3207 4736 3735 4836 gloriam,_rc_pr<-)l.>0rltﬂ_I

2261 4864 2392 4906 vero
2417 4862 2524 4902 non
2553 4846 2620 4900 ad
2649 4844 2883 4915 culpam,
2929 4842 3022 4898 sed
3065 4840 3130 4895 ad
3171 4854 3404 4910 poenam.
3435 4833 3495 4889 Et
3518 4832 3562 4924 in
3585 4826 3736 4924 hisunon

2261 4939 2658 5011 temporalium,
2681 4952 2854 5006 neque
2881 4950 2947 4990 ex
2973 4934 3153 5003 aliquo
3181 4940 3418 5002 tempore
3442 4923 3734 5016 inchoantium.

2263 5034 2354 5090 sed
2374 5002 2834 5102 sempiternam-nt
2865 5026 3274 5098 dispositionum
3309 5020 3401 5076 Dei
3439 5002 3736 5110 immutabile?

2262 5101 2517 5183 ordinem,
2539 5122 2694 5177 nobis
2719 5119 3075 5176 demonstrari
3105 5116 3437 5174 conﬁrmant,
3465 5121 3550 5163 nec
3572 5101 3734 5167 aliqueIll

2261 5219 2554 5274 electorum
2583 5229 2740 5285 posse
2764 5213 2972 5291 perire,
3005 5227 3110 5267 nec
3138 5209 3302 5264 ullum
3332 5201 3635 5296 reproborum

2262 5319 2384 5381 pter
2410 5308 2662 5366 duritiam
2719 5314 2775 5361 et
2834 5285 3283 5373 impaenitentiam
3326 5295 3494 5353 cordis
3531 5286 3598 5386 sui

2265 5367 2483 5457 salvari.
2521 5399 2632 5454 Hoc
2657 5405 2714 5452 et
2743 5395 3047 5450 divinarum
3079 5392 3466 5460 Scripturarum
3495 5367 3736 5467 veritastti

2264 5501 2609 5554 sanctorum,
2641 5497 2801 5556 atque
2831 5485 3254 5541 orthodoxorum
3288 5479 3491 5534 Patrum
3518 5463 3735 5556 auctori“!

2264 5552 2623 5642 consonanter
2650 5552 2972 5634 ain-nuntiant
2987 5618 3002 5643 ,
3042 5575 3399 5632 indubitanter
3420 5565 3554 5622 nobis
3573 5552 3734 5643 credi-fr

2264 5681 2409 5742 dttm,
2445 5676 2732 5732 tenendum
2768 5672 3060 5728 inculcant.
3090 5670 3416 5738 Quapropter
3453 5668 3500 5714 ct
3530 5655 3566 5709 si
3602 5643 3736 5700 «illius

2266 5765 2586 5806 micnmliiliu
2619 5762 2864 5806 mnnnnhi
2896 5781 2913 5806 ι
2951 5759 3281 5806 imnmhnlltl‘
3303 5752 3503 5806 levitas,
3542 5728 3737 5806 itllvmba“

3542 5755 3734 5795 ιιιινῐυυετ
