  <div class='ocr_page' id='page_1' title='image "/cluster/home/n/w/nwhite01/storage/ocr_20150623/121/hvd.32044015471642/508.png"; bbox 0 0 3966 6334; ppageno 0'>
   <div class='ocr_carea' id='block_1_1' title="bbox 193 370 331 428">
    <p class='ocr_par' dir='ltr' id='par_1_1' title="bbox 193 370 331 428">
     <span class='ocr_line' id='line_1_1' title="bbox 193 370 331 428; baseline -0.029 0"><span class='ocrx_word' id='word_1_1' title='bbox 193 370 331 428; x_wconf 67' lang='grc'><strong>1005</strong></span> 
     </span>
    </p>
   </div>
   <div class='ocr_carea' id='block_1_2' title="bbox 1299 378 2314 444">
    <p class='ocr_par' dir='ltr' id='par_1_2' title="bbox 1299 378 2314 444">
     <span class='ocr_line' id='line_1_2' title="bbox 1299 378 2314 444; baseline 0.007 -9"><span class='ocrx_word' id='word_1_2' title='bbox 1299 379 1498 435; x_wconf 79' lang='lat' dir='ltr'><strong>LIBER</strong></span> <span class='ocrx_word' id='word_1_3' title='bbox 1537 378 1624 434; x_wconf 87' lang='lat' dir='ltr'><strong>DE</strong></span> <span class='ocrx_word' id='word_1_4' title='bbox 1663 378 1911 437; x_wconf 77' lang='lat' dir='ltr'><strong>TRIBUS</strong></span> <span class='ocrx_word' id='word_1_5' title='bbox 1946 383 2314 444; x_wconf 82' lang='lat' dir='ltr'><strong>EPISTOLIS.</strong></span> 
     </span>
    </p>
   </div>
   <div class='ocr_carea' id='block_1_3' title="bbox 3295 401 3446 459">
    <p class='ocr_par' dir='ltr' id='par_1_3' title="bbox 3295 401 3446 459">
     <span class='ocr_line' id='line_1_3' title="bbox 3295 401 3446 459; baseline 0.013 -1"><span class='ocrx_word' id='word_1_6' title='bbox 3295 401 3446 459; x_wconf 69' lang='grc' dir='ltr'><strong>100οη</strong></span> 
     </span>
    </p>
   </div>
   <div class='ocr_carea' id='block_1_4' title="bbox 198 487 3429 576">
    <p class='ocr_par' dir='ltr' id='par_1_4' title="bbox 198 487 3429 576">
     <span class='ocr_line' id='line_1_4' title="bbox 198 487 3429 576; baseline 0.011 -37"><span class='ocrx_word' id='word_1_7' title='bbox 198 493 280 539; x_wconf 89' lang='lat' dir='ltr'><strong>tur</strong></span> <span class='ocrx_word' id='word_1_8' title='bbox 313 491 606 550; x_wconf 80' lang='lat' dir='ltr'><strong>temeritas,</strong></span> <span class='ocrx_word' id='word_1_9' title='bbox 650 487 894 556; x_wconf 76' lang='lat' dir='ltr'><strong>culpatur</strong></span> <span class='ocrx_word' id='word_1_10' title='bbox 943 491 1246 560; x_wconf 88' lang='lat' dir='ltr'><strong>importuna</strong></span> <span class='ocrx_word' id='word_1_11' title='bbox 1290 493 1609 564; x_wconf 87' lang='lat' dir='ltr'><strong>loquacitas,</strong></span> <span class='ocrx_word' id='word_1_12' title='bbox 1653 508 1758 548; x_wconf 92' lang='lat' dir='ltr'><strong>non</strong></span> <span class='ocrx_word' id='word_1_13' title='bbox 1786 505 1835 563; x_wconf 78' lang='grc' dir='ltr'><strong>Α</strong></span> <span class='ocrx_word' id='word_1_14' title='bbox 1864 496 2041 554; x_wconf 87' lang='lat' dir='ltr'><strong>salvus</strong></span> <span class='ocrx_word' id='word_1_15' title='bbox 2069 500 2209 566; x_wconf 89' lang='lat' dir='ltr'><strong>erit;</strong></span> <span class='ocrx_word' id='word_1_16' title='bbox 2236 503 2326 572; x_wconf 88' lang='lat' dir='ltr'><strong>qui</strong></span> <span class='ocrx_word' id='word_1_17' title='bbox 2359 517 2486 558; x_wconf 86' lang='lat' dir='ltr'><strong>vero</strong></span> <span class='ocrx_word' id='word_1_18' title='bbox 2514 521 2618 561; x_wconf 94' lang='lat' dir='ltr'><strong>non</strong></span> <span class='ocrx_word' id='word_1_19' title='bbox 2648 506 2957 576; x_wconf 73' lang='lat' dir='ltr'><strong>crediderit,</strong></span> <span class='ocrx_word' id='word_1_20' title='bbox 2983 512 3429 574; x_wconf 89' lang='lat' dir='ltr'><strong>condemnabitur</strong></span> 
     </span>
    </p>
   </div>
   <div class='ocr_carea' id='block_1_5' title="bbox 195 573 1768 654">
    <p class='ocr_par' dir='ltr' id='par_1_5' title="bbox 195 573 1768 654">
     <span class='ocr_line' id='line_1_5' title="bbox 195 573 1768 654; baseline 0.008 -27"><span class='ocrx_word' id='word_1_21' title='bbox 195 573 312 628; x_wconf 89' lang='lat' dir='ltr'><strong>ideo</strong></span> <span class='ocrx_word' id='word_1_22' title='bbox 342 574 522 628; x_wconf 90' lang='lat' dir='ltr'><strong>divina</strong></span> <span class='ocrx_word' id='word_1_23' title='bbox 553 579 794 648; x_wconf 87' lang='lat' dir='ltr'><strong>neganda</strong></span> <span class='ocrx_word' id='word_1_24' title='bbox 817 587 900 634; x_wconf 90' lang='lat' dir='ltr'><strong>est</strong></span> <span class='ocrx_word' id='word_1_25' title='bbox 921 581 1124 636; x_wconf 86' lang='lat' dir='ltr'><strong>veritas</strong></span> <span class='ocrx_word' id='word_1_26' title='bbox 1153 600 1165 635; x_wconf 93' lang='lat'><strong>:</strong></span> <span class='ocrx_word' id='word_1_27' title='bbox 1193 583 1317 651; x_wconf 87' lang='lat' dir='ltr'><strong>quia</strong></span> <span class='ocrx_word' id='word_1_28' title='bbox 1341 583 1496 654; x_wconf 88' lang='lat' dir='ltr'><strong>juxta</strong></span> <span class='ocrx_word' id='word_1_29' title='bbox 1526 585 1768 654; x_wconf 65' lang='lat' dir='ltr'><strong>praemis-</strong></span> 
     </span>
    </p>
   </div>
   <div class='ocr_carea' id='block_1_6' title="bbox 193 664 1766 744">
    <p class='ocr_par' dir='ltr' id='par_1_6' title="bbox 193 664 1766 744">
     <span class='ocr_line' id='line_1_6' title="bbox 193 664 1766 744; baseline 0.009 -26"><span class='ocrx_word' id='word_1_30' title='bbox 193 677 302 718; x_wconf 84' lang='lat' dir='ltr'><strong>sam</strong></span> <span class='ocrx_word' id='word_1_31' title='bbox 335 664 615 720; x_wconf 76' lang='lat' dir='ltr'><strong>catholicae</strong></span> <span class='ocrx_word' id='word_1_32' title='bbox 644 667 766 723; x_wconf 88' lang='lat' dir='ltr'><strong>ﬁdei</strong></span> <span class='ocrx_word' id='word_1_33' title='bbox 805 670 1066 726; x_wconf 91' lang='lat' dir='ltr'><strong>rationem</strong></span> <span class='ocrx_word' id='word_1_34' title='bbox 1095 674 1434 744; x_wconf 91' lang='lat' dir='ltr'><strong>omnipotens</strong></span> <span class='ocrx_word' id='word_1_35' title='bbox 1461 675 1605 731; x_wconf 89' lang='lat' dir='ltr'><strong>Deus</strong></span> <span class='ocrx_word' id='word_1_36' title='bbox 1641 685 1766 732; x_wconf 87' lang='lat' dir='ltr'><strong>ante</strong></span> 
     </span>
    </p>
   </div>
   <div class='ocr_carea' id='block_1_7' title="bbox 192 756 1761 835">
    <p class='ocr_par' dir='ltr' id='par_1_7' title="bbox 192 756 1761 835">
     <span class='ocr_line' id='line_1_7' title="bbox 192 756 1761 835; baseline 0.008 -24"><span class='ocrx_word' id='word_1_37' title='bbox 192 756 624 814; x_wconf 84' lang='lat' dir='ltr'><strong>constitutionem</strong></span> <span class='ocrx_word' id='word_1_38' title='bbox 657 761 861 826; x_wconf 87' lang='lat' dir='ltr'><strong>mundi,</strong></span> <span class='ocrx_word' id='word_1_39' title='bbox 888 770 1173 833; x_wconf 78' lang='lat' dir='ltr'><strong>antequam</strong></span> <span class='ocrx_word' id='word_1_40' title='bbox 1205 765 1496 835; x_wconf 86' lang='lat' dir='ltr'><strong>quidquam</strong></span> <span class='ocrx_word' id='word_1_41' title='bbox 1524 767 1761 835; x_wconf 81' lang='lat' dir='ltr'><strong>faceret,</strong></span> 
     </span>
    </p>
   </div>
   <div class='ocr_carea' id='block_1_8' title="bbox 191 845 1764 924">
    <p class='ocr_par' dir='ltr' id='par_1_8' title="bbox 191 845 1764 924">
     <span class='ocr_line' id='line_1_8' title="bbox 191 845 1764 924; baseline 0.008 -25"><span class='ocrx_word' id='word_1_42' title='bbox 191 861 221 900; x_wconf 86' lang='lat' dir='ltr'><strong>a</strong></span> <span class='ocrx_word' id='word_1_43' title='bbox 248 845 511 917; x_wconf 88' lang='lat' dir='ltr'><strong>principio</strong></span> <span class='ocrx_word' id='word_1_44' title='bbox 537 849 704 904; x_wconf 88' lang='lat' dir='ltr'><strong>certis</strong></span> <span class='ocrx_word' id='word_1_45' title='bbox 730 858 784 906; x_wconf 92' lang='lat' dir='ltr'><strong>et</strong></span> <span class='ocrx_word' id='word_1_46' title='bbox 803 849 984 918; x_wconf 85' lang='lat' dir='ltr'><strong>justis,</strong></span> <span class='ocrx_word' id='word_1_47' title='bbox 1010 861 1172 924; x_wconf 89' lang='lat' dir='ltr'><strong>atque</strong></span> <span class='ocrx_word' id='word_1_48' title='bbox 1195 855 1615 913; x_wconf 87' lang='lat' dir='ltr'><strong>immutabilihus</strong></span> <span class='ocrx_word' id='word_1_49' title='bbox 1637 874 1764 914; x_wconf 82' lang='lat' dir='ltr'><strong>cau-</strong></span> 
     </span>
    </p>
   </div>
   <div class='ocr_carea' id='block_1_9' title="bbox 191 939 1762 1017">
    <p class='ocr_par' dir='ltr' id='par_1_9' title="bbox 191 939 1762 1017">
     <span class='ocr_line' id='line_1_9' title="bbox 191 939 1762 1017; baseline 0.008 -24"><span class='ocrx_word' id='word_1_50' title='bbox 191 939 263 993; x_wconf 86' lang='lat' dir='ltr'><strong>sis</strong></span> <span class='ocrx_word' id='word_1_51' title='bbox 300 940 486 994; x_wconf 67' lang='lat' dir='ltr'><strong>mtcrni</strong></span> <span class='ocrx_word' id='word_1_52' title='bbox 515 941 726 996; x_wconf 88' lang='lat' dir='ltr'><strong>consilii</strong></span> <span class='ocrx_word' id='word_1_53' title='bbox 769 943 852 998; x_wconf 92' lang='lat' dir='ltr'><strong>sui</strong></span> <span class='ocrx_word' id='word_1_54' title='bbox 891 946 1157 1014; x_wconf 91' lang='lat' dir='ltr'><strong>quosdam</strong></span> <span class='ocrx_word' id='word_1_55' title='bbox 1194 949 1656 1017; x_wconf 75' lang='lat' dir='ltr'><strong>praedestinavcrit</strong></span> <span class='ocrx_word' id='word_1_56' title='bbox 1694 950 1762 1005; x_wconf 91' lang='lat' dir='ltr'><strong>ad</strong></span> 
     </span>
    </p>
   </div>
   <div class='ocr_carea' id='block_1_10' title="bbox 191 1030 1763 1106">
    <p class='ocr_par' dir='ltr' id='par_1_10' title="bbox 191 1030 1763 1106">
     <span class='ocr_line' id='line_1_10' title="bbox 191 1030 1763 1106; baseline 0.01 -25"><span class='ocrx_word' id='word_1_57' title='bbox 191 1043 407 1097; x_wconf 89' lang='lat' dir='ltr'><strong>regnum</strong></span> <span class='ocrx_word' id='word_1_58' title='bbox 436 1030 666 1098; x_wconf 86' lang='lat' dir='ltr'><strong>gratuita</strong></span> <span class='ocrx_word' id='word_1_59' title='bbox 694 1032 932 1088; x_wconf 82' lang='lat' dir='ltr'><strong>bonitate</strong></span> <span class='ocrx_word' id='word_1_60' title='bbox 961 1048 1091 1101; x_wconf 91' lang='lat' dir='ltr'><strong>sua,</strong></span> <span class='ocrx_word' id='word_1_61' title='bbox 1137 1051 1201 1092; x_wconf 90' lang='lat' dir='ltr'><strong>ex</strong></span> <span class='ocrx_word' id='word_1_62' title='bbox 1249 1037 1442 1106; x_wconf 87' lang='lat' dir='ltr'><strong>quibus</strong></span> <span class='ocrx_word' id='word_1_63' title='bbox 1486 1055 1644 1094; x_wconf 89' lang='lat' dir='ltr'><strong>nemo</strong></span> <span class='ocrx_word' id='word_1_64' title='bbox 1691 1040 1763 1096; x_wconf 87' lang='lat' dir='ltr'><strong>sit</strong></span> 
     </span>
    </p>
   </div>
   <div class='ocr_carea' id='block_1_11' title="bbox 188 1116 1760 1198">
    <p class='ocr_par' dir='ltr' id='par_1_11' title="bbox 188 1116 1760 1198">
     <span class='ocr_line' id='line_1_11' title="bbox 188 1116 1760 1198; baseline 0.01 -28"><span class='ocrx_word' id='word_1_65' title='bbox 188 1116 458 1186; x_wconf 85' lang='lat' dir='ltr'><strong>periturus</strong></span> <span class='ocrx_word' id='word_1_66' title='bbox 492 1126 809 1190; x_wconf 78' lang='lat' dir='ltr'><strong>protegente</strong></span> <span class='ocrx_word' id='word_1_67' title='bbox 843 1121 1209 1179; x_wconf 87' lang='lat' dir='ltr'><strong>misericordia</strong></span> <span class='ocrx_word' id='word_1_68' title='bbox 1247 1140 1374 1192; x_wconf 86' lang='lat' dir='ltr'><strong>sua,</strong></span> <span class='ocrx_word' id='word_1_69' title='bbox 1417 1135 1471 1181; x_wconf 90' lang='lat' dir='ltr'><strong>et</strong></span> <span class='ocrx_word' id='word_1_70' title='bbox 1500 1128 1760 1198; x_wconf 91' lang='lat' dir='ltr'><strong>quosdam</strong></span> 
     </span>
    </p>
   </div>
   <div class='ocr_carea' id='block_1_12' title="bbox 186 1205 1761 1290">
    <p class='ocr_par' dir='ltr' id='par_1_12' title="bbox 186 1205 1761 1290">
     <span class='ocr_line' id='line_1_12' title="bbox 186 1205 1761 1290; baseline 0.011 -32"><span class='ocrx_word' id='word_1_71' title='bbox 186 1205 647 1274; x_wconf 66' lang='lat' dir='ltr'><strong>predestinaverit</strong></span> <span class='ocrx_word' id='word_1_72' title='bbox 675 1209 745 1264; x_wconf 91' lang='lat' dir='ltr'><strong>ad</strong></span> <span class='ocrx_word' id='word_1_73' title='bbox 775 1210 1052 1268; x_wconf 90' lang='lat' dir='ltr'><strong>interitum</strong></span> <span class='ocrx_word' id='word_1_74' title='bbox 1080 1213 1227 1285; x_wconf 90' lang='lat' dir='ltr'><strong>justo</strong></span> <span class='ocrx_word' id='word_1_75' title='bbox 1261 1215 1465 1286; x_wconf 89' lang='lat' dir='ltr'><strong>judicio</strong></span> <span class='ocrx_word' id='word_1_76' title='bbox 1499 1233 1598 1274; x_wconf 88' lang='lat' dir='ltr'><strong>suo</strong></span> <span class='ocrx_word' id='word_1_77' title='bbox 1627 1235 1761 1290; x_wconf 78' lang='lat' dir='ltr'><strong>pro-</strong></span> 
     </span>
    </p>
   </div>
   <div class='ocr_carea' id='block_1_13' title="bbox 185 1299 1752 1380">
    <p class='ocr_par' dir='ltr' id='par_1_13' title="bbox 185 1299 1752 1380">
     <span class='ocr_line' id='line_1_13' title="bbox 185 1299 1752 1380; baseline 0.011 -30"><span class='ocrx_word' id='word_1_78' title='bbox 185 1304 306 1366; x_wconf 83' lang='lat' dir='ltr'><strong>pter</strong></span> <span class='ocrx_word' id='word_1_79' title='bbox 339 1316 357 1349; x_wconf 83' lang='grc'><strong>‹</strong></span> <span class='ocrx_word' id='word_1_80' title='bbox 387 1299 661 1368; x_wconf 90' lang='lat' dir='ltr'><strong>meritum,</strong></span> <span class='ocrx_word' id='word_1_81' title='bbox 692 1305 834 1374; x_wconf 90' lang='lat' dir='ltr'><strong>quod</strong></span> <span class='ocrx_word' id='word_1_82' title='bbox 863 1308 1132 1376; x_wconf 70' lang='lat' dir='ltr'><strong>prtescivit</strong></span> <span class='ocrx_word' id='word_1_83' title='bbox 1159 1309 1450 1380; x_wconf 86' lang='lat' dir='ltr'><strong>impietatis</strong></span> <span class='ocrx_word' id='word_1_84' title='bbox 1477 1327 1661 1368; x_wconf 91' lang='lat' dir='ltr'><strong>eorum</strong></span> <span class='ocrx_word' id='word_1_85' title='bbox 1688 1332 1701 1368; x_wconf 92' lang='lat'><strong>:</strong></span> <span class='ocrx_word' id='word_1_86' title='bbox 1733 1335 1752 1368; x_wconf 74' lang='grc' dir='ltr'><strong>ι</strong></span> 
     </span>
    </p>
   </div>
   <div class='ocr_carea' id='block_1_14' title="bbox 184 1387 1756 1471">
    <p class='ocr_par' dir='ltr' id='par_1_14' title="bbox 184 1387 1756 1471">
     <span class='ocr_line' id='line_1_14' title="bbox 184 1387 1756 1471; baseline 0.011 -29"><span class='ocrx_word' id='word_1_87' title='bbox 184 1401 248 1442; x_wconf 85' lang='lat' dir='ltr'><strong>ex</strong></span> <span class='ocrx_word' id='word_1_88' title='bbox 271 1387 467 1457; x_wconf 89' lang='lat' dir='ltr'><strong>quibus</strong></span> <span class='ocrx_word' id='word_1_89' title='bbox 487 1405 646 1447; x_wconf 91' lang='lat' dir='ltr'><strong>nemo</strong></span> <span class='ocrx_word' id='word_1_90' title='bbox 666 1395 835 1462; x_wconf 89' lang='lat' dir='ltr'><strong>possit</strong></span> <span class='ocrx_word' id='word_1_91' title='bbox 855 1395 1052 1453; x_wconf 89' lang='lat' dir='ltr'><strong>salvari</strong></span> <span class='ocrx_word' id='word_1_92' title='bbox 1076 1414 1181 1453; x_wconf 92' lang='lat' dir='ltr'><strong>non</strong></span> <span class='ocrx_word' id='word_1_93' title='bbox 1206 1410 1428 1471; x_wconf 87' lang='lat' dir='ltr'><strong>propter</strong></span> <span class='ocrx_word' id='word_1_94' title='bbox 1449 1402 1756 1460; x_wconf 90' lang='lat' dir='ltr'><strong>violentiam</strong></span> 
     </span>
    </p>
   </div>
   <div class='ocr_carea' id='block_1_15' title="bbox 184 1477 1758 1566">
    <p class='ocr_par' dir='ltr' id='par_1_15' title="bbox 184 1477 1758 1566">
     <span class='ocr_line' id='line_1_15' title="bbox 184 1477 1758 1566; baseline 0.013 -33"><span class='ocrx_word' id='word_1_95' title='bbox 184 1477 418 1548; x_wconf 84' lang='lat' dir='ltr'><strong>aliquam</strong></span> <span class='ocrx_word' id='word_1_96' title='bbox 447 1481 640 1539; x_wconf 65' lang='lat' dir='ltr'><strong>divina:</strong></span> <span class='ocrx_word' id='word_1_97' title='bbox 662 1489 967 1556; x_wconf 87' lang='lat' dir='ltr'><strong>potestatis,</strong></span> <span class='ocrx_word' id='word_1_98' title='bbox 995 1492 1088 1546; x_wconf 90' lang='lat' dir='ltr'><strong>sed</strong></span> <span class='ocrx_word' id='word_1_99' title='bbox 1108 1501 1329 1562; x_wconf 84' lang='lat' dir='ltr'><strong>propter</strong></span> <span class='ocrx_word' id='word_1_100' title='bbox 1349 1494 1758 1566; x_wconf 86' lang='lat' dir='ltr'><strong>indomabilem,</strong></span> 
     </span>
    </p>
   </div>
   <div class='ocr_carea' id='block_1_16' title="bbox 181 1583 1754 1661">
    <p class='ocr_par' dir='ltr' id='par_1_16' title="bbox 181 1583 1754 1661">
     <span class='ocr_line' id='line_1_16' title="bbox 181 1583 1754 1661; baseline 0.014 -33"><span class='ocrx_word' id='word_1_101' title='bbox 181 1583 234 1628; x_wconf 88' lang='lat' dir='ltr'><strong>et</strong></span> <span class='ocrx_word' id='word_1_102' title='bbox 252 1588 689 1644; x_wconf 82' lang='lat' dir='ltr'><strong>perseverantem</strong></span> <span class='ocrx_word' id='word_1_103' title='bbox 710 1583 1003 1652; x_wconf 89' lang='lat' dir='ltr'><strong>nequitiam</strong></span> <span class='ocrx_word' id='word_1_104' title='bbox 1027 1586 1256 1656; x_wconf 63' lang='lat' dir='ltr'><strong>propria:</strong></span> <span class='ocrx_word' id='word_1_105' title='bbox 1273 1588 1592 1660; x_wconf 87' lang='lat' dir='ltr'><strong>iniquitatis.</strong></span> <span class='ocrx_word' id='word_1_106' title='bbox 1615 1593 1754 1661; x_wconf 87' lang='lat' dir='ltr'><strong>Quid</strong></span> 
     </span>
    </p>
   </div>
   <div class='ocr_carea' id='block_1_17' title="bbox 180 1669 1751 1749">
    <p class='ocr_par' dir='ltr' id='par_1_17' title="bbox 180 1669 1751 1749">
     <span class='ocr_line' id='line_1_17' title="bbox 180 1669 1751 1749; baseline 0.013 -30"><span class='ocrx_word' id='word_1_107' title='bbox 180 1679 309 1737; x_wconf 88' lang='lat' dir='ltr'><strong>ergo</strong></span> <span class='ocrx_word' id='word_1_108' title='bbox 336 1675 523 1733; x_wconf 88' lang='lat' dir='ltr'><strong>restat,</strong></span> <span class='ocrx_word' id='word_1_109' title='bbox 555 1669 658 1726; x_wconf 90' lang='lat' dir='ltr'><strong>nisi</strong></span> <span class='ocrx_word' id='word_1_110' title='bbox 690 1681 751 1727; x_wconf 88' lang='lat' dir='ltr'><strong>ut</strong></span> <span class='ocrx_word' id='word_1_111' title='bbox 775 1673 821 1728; x_wconf 91' lang='lat' dir='ltr'><strong>si</strong></span> <span class='ocrx_word' id='word_1_112' title='bbox 852 1674 981 1744; x_wconf 91' lang='lat' dir='ltr'><strong>quid</strong></span> <span class='ocrx_word' id='word_1_113' title='bbox 1007 1675 1164 1732; x_wconf 86' lang='lat' dir='ltr'><strong>aliter</strong></span> <span class='ocrx_word' id='word_1_114' title='bbox 1187 1679 1483 1749; x_wconf 89' lang='lat' dir='ltr'><strong>sapuimus,</strong></span> <span class='ocrx_word' id='word_1_115' title='bbox 1517 1681 1622 1738; x_wconf 91' lang='lat' dir='ltr'><strong>hoc</strong></span> <span class='ocrx_word' id='word_1_116' title='bbox 1651 1699 1751 1739; x_wconf 90' lang='lat' dir='ltr'><strong>no-</strong></span> 
     </span>
    </p>
   </div>
   <div class='ocr_carea' id='block_1_18' title="bbox 179 1754 1753 1836">
    <p class='ocr_par' dir='ltr' id='par_1_18' title="bbox 179 1754 1753 1836">
     <span class='ocr_line' id='line_1_18' title="bbox 179 1754 1753 1836; baseline 0.013 -25"><span class='ocrx_word' id='word_1_117' title='bbox 179 1754 284 1823; x_wconf 89' lang='lat' dir='ltr'><strong>bis,</strong></span> <span class='ocrx_word' id='word_1_118' title='bbox 311 1755 420 1814; x_wconf 89' lang='lat' dir='ltr'><strong>Deo</strong></span> <span class='ocrx_word' id='word_1_119' title='bbox 435 1760 729 1828; x_wconf 91' lang='lat' dir='ltr'><strong>revelante,</strong></span> <span class='ocrx_word' id='word_1_120' title='bbox 745 1763 1017 1820; x_wconf 88' lang='lat' dir='ltr'><strong>humiliter</strong></span> <span class='ocrx_word' id='word_1_121' title='bbox 1029 1767 1345 1836; x_wconf 87' lang='lat' dir='ltr'><strong>abnuamus,</strong></span> <span class='ocrx_word' id='word_1_122' title='bbox 1369 1780 1424 1827; x_wconf 91' lang='lat' dir='ltr'><strong>et</strong></span> <span class='ocrx_word' id='word_1_123' title='bbox 1445 1771 1753 1831; x_wconf 90' lang='lat' dir='ltr'><strong>clarescen-</strong></span> 
     </span>
    </p>
   </div>
   <div class='ocr_carea' id='block_1_19' title="bbox 1867 588 3455 684">
    <p class='ocr_par' dir='ltr' id='par_1_19' title="bbox 1867 588 3455 684">
     <span class='ocr_line' id='line_1_19' title="bbox 1867 588 3455 684; baseline 0.01 -42"><span class='ocrx_word' id='word_1_124' title='bbox 1867 588 2058 660; x_wconf 81' lang='lat' dir='ltr'><strong>(Marc.</strong></span> <span class='ocrx_word' id='word_1_125' title='bbox 2085 607 2195 658; x_wconf 79' lang='lat' dir='ltr'><strong>xvr,</strong></span> <span class='ocrx_word' id='word_1_126' title='bbox 2225 594 2334 665; x_wconf 80' lang='grc'><strong>16).</strong></span> <span class='ocrx_word' id='word_1_127' title='bbox 2365 615 2383 647; x_wconf 72' lang='grc' dir='ltr'><strong>ι</strong></span> <span class='ocrx_word' id='word_1_128' title='bbox 2408 594 2590 668; x_wconf 88' lang='lat' dir='ltr'><strong>Neque</strong></span> <span class='ocrx_word' id='word_1_129' title='bbox 2609 617 2626 649; x_wconf 75' lang='grc' dir='ltr'><strong>ι</strong></span> <span class='ocrx_word' id='word_1_130' title='bbox 2653 613 2842 656; x_wconf 90' lang='lat' dir='ltr'><strong>omnes</strong></span> <span class='ocrx_word' id='word_1_131' title='bbox 2863 601 2930 656; x_wconf 90' lang='lat' dir='ltr'><strong>ad</strong></span> <span class='ocrx_word' id='word_1_132' title='bbox 2951 603 3276 674; x_wconf 74' lang='lat' dir='ltr'><strong>agnitionem</strong></span> <span class='ocrx_word' id='word_1_133' title='bbox 3292 609 3455 684; x_wconf 0' lang='lat' dir='ltr'><strong>veri-)</strong></span> 
     </span>
    </p>
   </div>
   <div class='ocr_carea' id='block_1_20' title="bbox 1865 684 3450 774">
    <p class='ocr_par' dir='ltr' id='par_1_20' title="bbox 1865 684 3450 774">
     <span class='ocr_line' id='line_1_20' title="bbox 1865 684 3450 774; baseline 0.013 -37"><span class='ocrx_word' id='word_1_134' title='bbox 1865 684 1994 774; x_wconf 90' lang='lat' dir='ltr'><strong>tatis</strong></span> <span class='ocrx_word' id='word_1_135' title='bbox 2021 685 2207 742; x_wconf 90' lang='lat' dir='ltr'><strong>venire</strong></span> <span class='ocrx_word' id='word_1_136' title='bbox 2239 687 2292 759; x_wconf 95' lang='lat' dir='ltr'><strong>(I</strong></span> <span class='ocrx_word' id='word_1_137' title='bbox 2322 687 2455 744; x_wconf 83' lang='lat' dir='ltr'><strong>Tim.</strong></span> <span class='ocrx_word' id='word_1_138' title='bbox 2486 705 2555 758; x_wconf 89' lang='grc' dir='ltr'><strong>ιι,</strong></span> <span class='ocrx_word' id='word_1_139' title='bbox 2583 691 2660 763; x_wconf 85' lang='lat'><strong>4),</strong></span> <span class='ocrx_word' id='word_1_140' title='bbox 2691 712 2709 746; x_wconf 78' lang='grc' dir='ltr'><strong>ι</strong></span> <span class='ocrx_word' id='word_1_141' title='bbox 2745 693 2846 749; x_wconf 91' lang='lat' dir='ltr'><strong>nisi</strong></span> <span class='ocrx_word' id='word_1_142' title='bbox 2872 710 2966 752; x_wconf 91' lang='lat' dir='ltr'><strong>eos</strong></span> <span class='ocrx_word' id='word_1_143' title='bbox 2995 697 3161 765; x_wconf 90' lang='lat' dir='ltr'><strong>solos,</strong></span> <span class='ocrx_word' id='word_1_144' title='bbox 3186 701 3279 772; x_wconf 89' lang='lat' dir='ltr'><strong>qui</strong></span> <span class='ocrx_word' id='word_1_145' title='bbox 3308 717 3450 774; x_wconf 77' lang='lat' dir='ltr'><strong>my-.</strong></span> 
     </span>
    </p>
   </div>
   <div class='ocr_carea' id='block_1_21' title="bbox 1862 773 3429 857">
    <p class='ocr_par' dir='ltr' id='par_1_21' title="bbox 1862 773 3429 857">
     <span class='ocr_line' id='line_1_21' title="bbox 1862 773 3429 857; baseline 0.012 -28"><span class='ocrx_word' id='word_1_146' title='bbox 1862 773 2086 829; x_wconf 87' lang='lat' dir='ltr'><strong>sterium</strong></span> <span class='ocrx_word' id='word_1_147' title='bbox 2129 775 2220 831; x_wconf 92' lang='lat' dir='ltr'><strong>Dei</strong></span> <span class='ocrx_word' id='word_1_148' title='bbox 2266 775 2460 844; x_wconf 88' lang='lat' dir='ltr'><strong>Patris,</strong></span> <span class='ocrx_word' id='word_1_149' title='bbox 2512 789 2566 836; x_wconf 88' lang='lat' dir='ltr'><strong>et</strong></span> <span class='ocrx_word' id='word_1_150' title='bbox 2607 781 2866 854; x_wconf 88' lang='lat' dir='ltr'><strong>unigeniti</strong></span> <span class='ocrx_word' id='word_1_151' title='bbox 2908 784 3028 842; x_wconf 86' lang='lat' dir='ltr'><strong>Filii</strong></span> <span class='ocrx_word' id='word_1_152' title='bbox 3069 787 3204 857; x_wconf 84' lang='lat' dir='ltr'><strong>ejus,</strong></span> <span class='ocrx_word' id='word_1_153' title='bbox 3245 800 3299 847; x_wconf 91' lang='lat' dir='ltr'><strong>ct</strong></span> <span class='ocrx_word' id='word_1_154' title='bbox 3338 793 3429 848; x_wconf 87' lang='lat' dir='ltr'><strong>hic</strong></span> 
     </span>
    </p>
   </div>
   <div class='ocr_carea' id='block_1_22' title="bbox 1861 865 3430 940">
    <p class='ocr_par' dir='ltr' id='par_1_22' title="bbox 1861 865 3430 940">
     <span class='ocr_line' id='line_1_22' title="bbox 1861 865 3430 940; baseline 0.014 -23"><span class='ocrx_word' id='word_1_155' title='bbox 1861 865 2175 935; x_wconf 82' lang='lat' dir='ltr'><strong>agnoverint</strong></span> <span class='ocrx_word' id='word_1_156' title='bbox 2201 881 2300 936; x_wconf 90' lang='lat' dir='ltr'><strong>per</strong></span> <span class='ocrx_word' id='word_1_157' title='bbox 2327 867 2484 924; x_wconf 88' lang='lat' dir='ltr'><strong>ﬁdem</strong></span> <span class='ocrx_word' id='word_1_158' title='bbox 2505 910 2519 935; x_wconf 95' lang='lat'><strong>,</strong></span> <span class='ocrx_word' id='word_1_159' title='bbox 2550 881 2605 926; x_wconf 85' lang='lat' dir='ltr'><strong>et</strong></span> <span class='ocrx_word' id='word_1_160' title='bbox 2634 872 2687 926; x_wconf 93' lang='lat' dir='ltr'><strong>in</strong></span> <span class='ocrx_word' id='word_1_161' title='bbox 2715 872 2896 930; x_wconf 79' lang='lat' dir='ltr'><strong>futuro</strong></span> <span class='ocrx_word' id='word_1_162' title='bbox 2922 876 3105 934; x_wconf 89' lang='lat' dir='ltr'><strong>videre</strong></span> <span class='ocrx_word' id='word_1_163' title='bbox 3131 884 3430 940; x_wconf 89' lang='lat' dir='ltr'><strong>meruerint</strong></span> 
     </span>
    </p>
   </div>
   <div class='ocr_carea' id='block_1_23' title="bbox 1859 955 3507 1032">
    <p class='ocr_par' dir='ltr' id='par_1_23' title="bbox 1859 955 3507 1032">
     <span class='ocr_line' id='line_1_23' title="bbox 1859 955 3507 1032; baseline 0.015 -24"><span class='ocrx_word' id='word_1_164' title='bbox 1859 968 1958 1024; x_wconf 88' lang='lat' dir='ltr'><strong>per</strong></span> <span class='ocrx_word' id='word_1_165' title='bbox 1980 955 2214 1026; x_wconf 85' lang='lat' dir='ltr'><strong>speciem</strong></span> <span class='ocrx_word' id='word_1_166' title='bbox 2242 975 2254 1011; x_wconf 90' lang='lat'><strong>:</strong></span> <span class='ocrx_word' id='word_1_167' title='bbox 2287 958 2427 1013; x_wconf 89' lang='lat' dir='ltr'><strong>sicut</strong></span> <span class='ocrx_word' id='word_1_168' title='bbox 2459 962 2648 1017; x_wconf 90' lang='lat' dir='ltr'><strong>eadem</strong></span> <span class='ocrx_word' id='word_1_169' title='bbox 2686 964 2896 1021; x_wconf 81' lang='lat' dir='ltr'><strong>Veritas</strong></span> <span class='ocrx_word' id='word_1_170' title='bbox 2917 966 2986 1021; x_wconf 90' lang='lat' dir='ltr'><strong>ad</strong></span> <span class='ocrx_word' id='word_1_171' title='bbox 3011 967 3226 1028; x_wconf 88' lang='lat' dir='ltr'><strong>Patrem</strong></span> <span class='ocrx_word' id='word_1_172' title='bbox 3256 973 3426 1030; x_wconf 89' lang='lat' dir='ltr'><strong>dicit:</strong></span> <span class='ocrx_word' id='word_1_173' title='bbox 3500 1021 3507 1032; x_wconf 91' lang='lat'><strong>.</strong></span> 
     </span>
    </p>
   </div>
   <div class='ocr_carea' id='block_1_24' title="bbox 1866 1044 3426 1120">
    <p class='ocr_par' dir='ltr' id='par_1_24' title="bbox 1866 1044 3426 1120">
     <span class='ocr_line' id='line_1_24' title="bbox 1866 1044 3426 1120; baseline 0.014 -22"><span class='ocrx_word' id='word_1_174' title='bbox 1866 1061 1886 1096; x_wconf 74' lang='grc' dir='ltr'><strong>ι</strong></span> <span class='ocrx_word' id='word_1_175' title='bbox 1917 1044 1987 1101; x_wconf 89' lang='lat' dir='ltr'><strong>Ut</strong></span> <span class='ocrx_word' id='word_1_176' title='bbox 2010 1060 2170 1103; x_wconf 89' lang='lat' dir='ltr'><strong>omne</strong></span> <span class='ocrx_word' id='word_1_177' title='bbox 2199 1051 2341 1119; x_wconf 90' lang='lat' dir='ltr'><strong>quod</strong></span> <span class='ocrx_word' id='word_1_178' title='bbox 2369 1050 2562 1107; x_wconf 88' lang='lat' dir='ltr'><strong>dedisti</strong></span> <span class='ocrx_word' id='word_1_179' title='bbox 2591 1053 2670 1119; x_wconf 92' lang='lat' dir='ltr'><strong>ei,</strong></span> <span class='ocrx_word' id='word_1_180' title='bbox 2712 1054 2802 1110; x_wconf 91' lang='lat' dir='ltr'><strong>det</strong></span> <span class='ocrx_word' id='word_1_181' title='bbox 2832 1057 2912 1113; x_wconf 90' lang='lat' dir='ltr'><strong>eis</strong></span> <span class='ocrx_word' id='word_1_182' title='bbox 2947 1058 3112 1116; x_wconf 88' lang='lat' dir='ltr'><strong>vitam</strong></span> <span class='ocrx_word' id='word_1_183' title='bbox 3144 1071 3426 1120; x_wconf 57' lang='lat' dir='ltr'><strong>aeternam.</strong></span> 
     </span>
    </p>
   </div>
   <div class='ocr_carea' id='block_1_25' title="bbox 1861 1131 3423 1219">
    <p class='ocr_par' dir='ltr' id='par_1_25' title="bbox 1861 1131 3423 1219">
     <span class='ocr_line' id='line_1_25' title="bbox 1861 1131 3423 1219; baseline 0.015 -31"><span class='ocrx_word' id='word_1_184' title='bbox 1861 1131 1985 1190; x_wconf 79' lang='lat' dir='ltr'><strong>Haec</strong></span> <span class='ocrx_word' id='word_1_185' title='bbox 2010 1144 2094 1191; x_wconf 89' lang='lat' dir='ltr'><strong>est</strong></span> <span class='ocrx_word' id='word_1_186' title='bbox 2115 1147 2294 1194; x_wconf 93' lang='lat' dir='ltr'><strong>autem</strong></span> <span class='ocrx_word' id='word_1_187' title='bbox 2320 1138 2430 1196; x_wconf 86' lang='lat' dir='ltr'><strong>vita</strong></span> <span class='ocrx_word' id='word_1_188' title='bbox 2457 1151 2683 1210; x_wconf 82' lang='lat' dir='ltr'><strong>:eterna,</strong></span> <span class='ocrx_word' id='word_1_189' title='bbox 2713 1155 2774 1200; x_wconf 87' lang='lat' dir='ltr'><strong>ut</strong></span> <span class='ocrx_word' id='word_1_190' title='bbox 2796 1160 3122 1219; x_wconf 82' lang='lat' dir='ltr'><strong>cognoscant</strong></span> <span class='ocrx_word' id='word_1_191' title='bbox 3163 1161 3216 1210; x_wconf 92' lang='lat' dir='ltr'><strong>te</strong></span> <span class='ocrx_word' id='word_1_192' title='bbox 3249 1154 3423 1212; x_wconf 91' lang='lat' dir='ltr'><strong>solum</strong></span> 
     </span>
    </p>
   </div>
   <div class='ocr_carea' id='block_1_26' title="bbox 1858 1225 3422 1315">
    <p class='ocr_par' dir='ltr' id='par_1_26' title="bbox 1858 1225 3422 1315">
     <span class='ocr_line' id='line_1_26' title="bbox 1858 1225 3422 1315; baseline 0.015 -37"><span class='ocrx_word' id='word_1_193' title='bbox 1858 1239 2046 1280; x_wconf 91' lang='lat' dir='ltr'><strong>verum</strong></span> <span class='ocrx_word' id='word_1_194' title='bbox 2067 1225 2236 1283; x_wconf 89' lang='lat' dir='ltr'><strong>Deum</strong></span> <span class='ocrx_word' id='word_1_195' title='bbox 2257 1237 2311 1284; x_wconf 90' lang='lat' dir='ltr'><strong>et</strong></span> <span class='ocrx_word' id='word_1_196' title='bbox 2331 1245 2491 1301; x_wconf 91' lang='lat' dir='ltr'><strong>quem</strong></span> <span class='ocrx_word' id='word_1_197' title='bbox 2521 1232 2712 1290; x_wconf 89' lang='lat' dir='ltr'><strong>misisti</strong></span> <span class='ocrx_word' id='word_1_198' title='bbox 2739 1234 2919 1293; x_wconf 88' lang='lat' dir='ltr'><strong>Jesum</strong></span> <span class='ocrx_word' id='word_1_199' title='bbox 2943 1239 3216 1298; x_wconf 91' lang='lat' dir='ltr'><strong>Christum</strong></span> <span class='ocrx_word' id='word_1_200' title='bbox 3238 1243 3422 1315; x_wconf 83' lang='lat' dir='ltr'><strong>(Joan.</strong></span> 
     </span>
    </p>
   </div>
   <div class='ocr_carea' id='block_1_27' title="bbox 1858 1315 3430 1402">
    <p class='ocr_par' dir='ltr' id='par_1_27' title="bbox 1858 1315 3430 1402">
     <span class='ocr_line' id='line_1_27' title="bbox 1858 1315 3430 1402; baseline 0.015 -33"><span class='ocrx_word' id='word_1_201' title='bbox 1858 1329 1994 1381; x_wconf 76' lang='lat' dir='ltr'><strong>xvii,</strong></span> <span class='ocrx_word' id='word_1_202' title='bbox 2020 1315 2074 1380; x_wconf 77' lang='lat'><strong>2,</strong></span> <span class='ocrx_word' id='word_1_203' title='bbox 2105 1315 2184 1388; x_wconf 80' lang='lat'><strong>3).</strong></span> <span class='ocrx_word' id='word_1_204' title='bbox 2218 1337 2236 1370; x_wconf 79' lang='grc' dir='ltr'><strong>ι</strong></span> <span class='ocrx_word' id='word_1_205' title='bbox 2269 1317 2546 1387; x_wconf 88' lang='lat' dir='ltr'><strong>Quomodo</strong></span> <span class='ocrx_word' id='word_1_206' title='bbox 2582 1339 2713 1396; x_wconf 86' lang='lat' dir='ltr'><strong>ergo</strong></span> <span class='ocrx_word' id='word_1_207' title='bbox 2749 1329 3086 1400; x_wconf 86' lang='lat' dir='ltr'><strong>omnipotens</strong></span> <span class='ocrx_word' id='word_1_208' title='bbox 3110 1332 3283 1402; x_wconf 83' lang='lat' dir='ltr'><strong>Deus,</strong></span> <span class='ocrx_word' id='word_1_209' title='bbox 3326 1354 3345 1388; x_wconf 84' lang='grc'><em>‹</em></span> <span class='ocrx_word' id='word_1_210' title='bbox 3372 1347 3430 1392; x_wconf 88' lang='lat' dir='ltr'><strong>et</strong></span> 
     </span>
    </p>
   </div>
   <div class='ocr_carea' id='block_1_28' title="bbox 1856 1406 3424 1498">
    <p class='ocr_par' dir='ltr' id='par_1_28' title="bbox 1856 1406 3424 1498">
     <span class='ocr_line' id='line_1_28' title="bbox 1856 1406 3424 1498; baseline 0.017 -39"><span class='ocrx_word' id='word_1_211' title='bbox 1856 1419 2046 1462; x_wconf 90' lang='lat' dir='ltr'><strong>omnes</strong></span> <span class='ocrx_word' id='word_1_212' title='bbox 2069 1406 2311 1465; x_wconf 89' lang='lat' dir='ltr'><strong>homines</strong></span> <span class='ocrx_word' id='word_1_213' title='bbox 2329 1411 2506 1469; x_wconf 87' lang='lat' dir='ltr'><strong>salvos</strong></span> <span class='ocrx_word' id='word_1_214' title='bbox 2528 1414 2646 1470; x_wconf 89' lang='lat' dir='ltr'><strong>ﬁeri</strong></span> <span class='ocrx_word' id='word_1_215' title='bbox 2670 1417 2814 1484; x_wconf 91' lang='lat' dir='ltr'><strong>vult,</strong></span> <span class='ocrx_word' id='word_1_216' title='bbox 2837 1430 3000 1493; x_wconf 87' lang='lat' dir='ltr'><strong>atque</strong></span> <span class='ocrx_word' id='word_1_217' title='bbox 3013 1424 3080 1481; x_wconf 89' lang='lat' dir='ltr'><strong>ad</strong></span> <span class='ocrx_word' id='word_1_218' title='bbox 3091 1425 3424 1498; x_wconf 87' lang='lat' dir='ltr'><strong>agnitionem</strong></span> 
     </span>
    </p>
   </div>
   <div class='ocr_carea' id='block_1_29' title="bbox 1856 1495 3425 1586">
    <p class='ocr_par' dir='ltr' id='par_1_29' title="bbox 1856 1495 3425 1586">
     <span class='ocr_line' id='line_1_29' title="bbox 1856 1495 3425 1586; baseline 0.017 -37"><span class='ocrx_word' id='word_1_219' title='bbox 1856 1495 2099 1553; x_wconf 87' lang='lat' dir='ltr'><strong>veritatis</strong></span> <span class='ocrx_word' id='word_1_220' title='bbox 2124 1500 2328 1568; x_wconf 89' lang='lat' dir='ltr'><strong>venire,</strong></span> <span class='ocrx_word' id='word_1_221' title='bbox 2359 1521 2378 1554; x_wconf 82' lang='grc' dir='ltr'><strong>ι</strong></span> <span class='ocrx_word' id='word_1_222' title='bbox 2425 1511 2480 1558; x_wconf 91' lang='lat' dir='ltr'><strong>et</strong></span> <span class='ocrx_word' id='word_1_223' title='bbox 2529 1513 2708 1563; x_wconf 89' lang='lat' dir='ltr'><strong>tamen</strong></span> <span class='ocrx_word' id='word_1_224' title='bbox 2751 1525 2856 1566; x_wconf 91' lang='lat' dir='ltr'><strong>non</strong></span> <span class='ocrx_word' id='word_1_225' title='bbox 2893 1529 3083 1572; x_wconf 90' lang='lat' dir='ltr'><strong>omnes</strong></span> <span class='ocrx_word' id='word_1_226' title='bbox 3124 1495 3425 1586; x_wconf 78' lang='lat' dir='ltr'><strong>salvantur,</strong></span> 
     </span>
    </p>
   </div>
   <div class='ocr_carea' id='block_1_30' title="bbox 1855 1589 3426 1682">
    <p class='ocr_par' dir='ltr' id='par_1_30' title="bbox 1855 1589 3426 1682">
     <span class='ocr_line' id='line_1_30' title="bbox 1855 1589 3426 1682; baseline 0.017 -42"><span class='ocrx_word' id='word_1_227' title='bbox 1855 1601 1956 1682; x_wconf 79' lang='lat' dir='ltr'><strong>nec</strong></span> <span class='ocrx_word' id='word_1_228' title='bbox 1982 1589 2203 1645; x_wconf 90' lang='lat' dir='ltr'><strong>veniunt</strong></span> <span class='ocrx_word' id='word_1_229' title='bbox 2223 1593 2292 1648; x_wconf 91' lang='lat' dir='ltr'><strong>ad</strong></span> <span class='ocrx_word' id='word_1_230' title='bbox 2315 1593 2452 1650; x_wconf 90' lang='lat' dir='ltr'><strong>hanc</strong></span> <span class='ocrx_word' id='word_1_231' title='bbox 2477 1596 2826 1668; x_wconf 88' lang='lat' dir='ltr'><strong>agnitionem,</strong></span> <span class='ocrx_word' id='word_1_232' title='bbox 2849 1618 2968 1660; x_wconf 90' lang='lat' dir='ltr'><strong>cum</strong></span> <span class='ocrx_word' id='word_1_233' title='bbox 2991 1605 3116 1662; x_wconf 90' lang='lat' dir='ltr'><strong>alibi</strong></span> <span class='ocrx_word' id='word_1_234' title='bbox 3145 1607 3426 1682; x_wconf 89' lang='lat' dir='ltr'><strong>Scriptura</strong></span> 
     </span>
    </p>
   </div>
   <div class='ocr_carea' id='block_1_31' title="bbox 1856 1674 3426 1760">
    <p class='ocr_par' dir='ltr' id='par_1_31' title="bbox 1856 1674 3426 1760">
     <span class='ocr_line' id='line_1_31' title="bbox 1856 1674 3426 1760; baseline 0.017 -30"><span class='ocrx_word' id='word_1_235' title='bbox 1856 1674 1999 1732; x_wconf 90' lang='lat' dir='ltr'><strong>dicat</strong></span> <span class='ocrx_word' id='word_1_236' title='bbox 2039 1696 2052 1732; x_wconf 92' lang='lat'><strong>:</strong></span> <span class='ocrx_word' id='word_1_237' title='bbox 2109 1698 2127 1731; x_wconf 84' lang='grc'><em>‹</em></span> <span class='ocrx_word' id='word_1_238' title='bbox 2157 1679 2348 1738; x_wconf 89' lang='lat' dir='ltr'><strong>Omnia</strong></span> <span class='ocrx_word' id='word_1_239' title='bbox 2384 1700 2718 1760; x_wconf 67' lang='lat' dir='ltr'><strong>quaecunque</strong></span> <span class='ocrx_word' id='word_1_240' title='bbox 2754 1690 2956 1757; x_wconf 90' lang='lat' dir='ltr'><strong>voluit,</strong></span> <span class='ocrx_word' id='word_1_241' title='bbox 3003 1674 3426 1758; x_wconf 41' lang='lat' dir='ltr'><strong>Dominus&#39;fecit</strong></span> 
     </span>
    </p>
   </div>
   <div class='ocr_carea' id='block_1_32' title="bbox 1856 1767 3420 1861">
    <p class='ocr_par' dir='ltr' id='par_1_32' title="bbox 1856 1767 3420 1861">
     <span class='ocr_line' id='line_1_32' title="bbox 1856 1767 3420 1861; baseline 0.019 -41"><span class='ocrx_word' id='word_1_242' title='bbox 1856 1767 2028 1833; x_wconf 81' lang='lat' dir='ltr'><strong>(Psal.</strong></span> <span class='ocrx_word' id='word_1_243' title='bbox 2060 1786 2215 1838; x_wconf 87' lang='lat' dir='ltr'><strong>cxm,</strong></span> <span class='ocrx_word' id='word_1_244' title='bbox 2242 1772 2320 1844; x_wconf 79' lang='lat'><strong>5),</strong></span> <span class='ocrx_word' id='word_1_245' title='bbox 2351 1795 2370 1827; x_wconf 81' lang='grc' dir='ltr'><strong>ι</strong></span> <span class='ocrx_word' id='word_1_246' title='bbox 2407 1790 2503 1831; x_wconf 91' lang='lat' dir='ltr'><strong>cur</strong></span> <span class='ocrx_word' id='word_1_247' title='bbox 2529 1776 2710 1850; x_wconf 90' lang='lat' dir='ltr'><strong>itaque</strong></span> <span class='ocrx_word' id='word_1_248' title='bbox 2735 1780 2840 1838; x_wconf 89' lang='lat' dir='ltr'><strong>hoc</strong></span> <span class='ocrx_word' id='word_1_249' title='bbox 2863 1784 3032 1841; x_wconf 91' lang='lat' dir='ltr'><strong>voluit</strong></span> <span class='ocrx_word' id='word_1_250' title='bbox 3055 1797 3111 1843; x_wconf 90' lang='lat' dir='ltr'><strong>et</strong></span> <span class='ocrx_word' id='word_1_251' title='bbox 3135 1803 3240 1847; x_wconf 92' lang='lat' dir='ltr'><strong>non</strong></span> <span class='ocrx_word' id='word_1_252' title='bbox 3267 1790 3420 1861; x_wconf 83' lang='lat' dir='ltr'><strong>fecit,</strong></span> 
     </span>
    </p>
   </div>
   <div class='ocr_carea' id='block_1_33' title="bbox 179 1852 2890 1942">
    <p class='ocr_par' dir='ltr' id='par_1_33' title="bbox 179 1852 2890 1942">
     <span class='ocr_line' id='line_1_33' title="bbox 179 1852 2890 1942; baseline 0.007 -38"><span class='ocrx_word' id='word_1_253' title='bbox 179 1857 287 1906; x_wconf 82' lang='lat' dir='ltr'><strong>tetu</strong></span> <span class='ocrx_word' id='word_1_254' title='bbox 315 1852 597 1909; x_wconf 82' lang='lat' dir='ltr'><strong>veritatem</strong></span> <span class='ocrx_word' id='word_1_255' title='bbox 629 1854 857 1912; x_wconf 90' lang='lat' dir='ltr'><strong>ﬁdeliter</strong></span> <span class='ocrx_word' id='word_1_256' title='bbox 883 1859 1271 1930; x_wconf 84' lang='lat' dir='ltr'><strong>amplectamur</strong></span> <span class='ocrx_word' id='word_1_257' title='bbox 1297 1881 1310 1917; x_wconf 90' lang='lat'><strong>:</strong></span> <span class='ocrx_word' id='word_1_258' title='bbox 1348 1865 1498 1935; x_wconf 88' lang='lat' dir='ltr'><strong>quia,</strong></span> <span class='ocrx_word' id='word_1_259' title='bbox 1529 1875 1588 1922; x_wconf 92' lang='lat' dir='ltr'><strong>ut</strong></span> <span class='ocrx_word' id='word_1_260' title='bbox 1609 1867 1750 1939; x_wconf 78' lang='lat' dir='ltr'><strong>Apo-</strong></span> <span class='ocrx_word' id='word_1_261' title='bbox 1777 1881 1824 1942; x_wconf 78' lang='lat' dir='ltr'><strong><em>B</em></strong></span> <span class='ocrx_word' id='word_1_262' title='bbox 1853 1859 1945 1931; x_wconf 75' lang='lat' dir='ltr'><strong>Qui</strong></span> <span class='ocrx_word' id='word_1_263' title='bbox 1974 1864 2152 1916; x_wconf 85' lang='lat' dir='ltr'><strong>omnia</strong></span> <span class='ocrx_word' id='word_1_264' title='bbox 2181 1877 2511 1936; x_wconf 56' lang='lat' dir='ltr'><strong>quacunque</strong></span> <span class='ocrx_word' id='word_1_265' title='bbox 2539 1867 2707 1924; x_wconf 91' lang='lat' dir='ltr'><strong>voluit</strong></span> <span class='ocrx_word' id='word_1_266' title='bbox 2737 1868 2890 1926; x_wconf 85' lang='lat' dir='ltr'><strong>fecit?</strong></span> 
     </span>
    </p>
   </div>
   <div class='ocr_carea' id='block_1_34' title="bbox 175 1941 1753 2024">
    <p class='ocr_par' dir='ltr' id='par_1_34' title="bbox 175 1941 1753 2024">
     <span class='ocr_line' id='line_1_34' title="bbox 175 1941 1753 2024; baseline 0.011 -27"><span class='ocrx_word' id='word_1_267' title='bbox 175 1941 348 1997; x_wconf 88' lang='lat' dir='ltr'><strong>stolus</strong></span> <span class='ocrx_word' id='word_1_268' title='bbox 379 1945 553 2011; x_wconf 89' lang='lat' dir='ltr'><strong>docet,</strong></span> <span class='ocrx_word' id='word_1_269' title='bbox 593 1964 612 1996; x_wconf 75' lang='grc' dir='ltr'><strong>ι</strong></span> <span class='ocrx_word' id='word_1_270' title='bbox 641 1961 748 2002; x_wconf 88' lang='lat' dir='ltr'><strong>non</strong></span> <span class='ocrx_word' id='word_1_271' title='bbox 786 1948 1042 2006; x_wconf 88' lang='lat' dir='ltr'><strong>debemus</strong></span> <span class='ocrx_word' id='word_1_272' title='bbox 1067 1965 1224 2020; x_wconf 88' lang='lat' dir='ltr'><strong>posse</strong></span> <span class='ocrx_word' id='word_1_273' title='bbox 1254 1952 1457 2024; x_wconf 88' lang='lat' dir='ltr'><strong>aliquid</strong></span> <span class='ocrx_word' id='word_1_274' title='bbox 1496 1956 1753 2014; x_wconf 82' lang='lat' dir='ltr'><strong>adversus</strong></span> 
     </span>
    </p>
   </div>
   <div class='ocr_carea' id='block_1_35' title="bbox 173 2032 1494 2116">
    <p class='ocr_par' dir='ltr' id='par_1_35' title="bbox 173 2032 1494 2116">
     <span class='ocr_line' id='line_1_35' title="bbox 173 2032 1494 2116; baseline 0.008 -29"><span class='ocrx_word' id='word_1_275' title='bbox 173 2032 456 2090; x_wconf 86' lang='lat' dir='ltr'><strong>veritatem</strong></span> <span class='ocrx_word' id='word_1_276' title='bbox 483 2035 576 2092; x_wconf 86' lang='lat' dir='ltr'><strong>sed</strong></span> <span class='ocrx_word' id='word_1_277' title='bbox 601 2051 702 2108; x_wconf 91' lang='lat' dir='ltr'><strong>pro</strong></span> <span class='ocrx_word' id='word_1_278' title='bbox 724 2037 952 2094; x_wconf 85' lang='lat' dir='ltr'><strong>veritate</strong></span> <span class='ocrx_word' id='word_1_279' title='bbox 980 2039 1029 2111; x_wconf 87' lang='grc' dir='ltr'><strong>(Ι</strong></span> <span class='ocrx_word' id='word_1_280' title='bbox 1060 2039 1184 2096; x_wconf 88' lang='lat' dir='ltr'><strong>Cor.</strong></span> <span class='ocrx_word' id='word_1_281' title='bbox 1209 2057 1328 2110; x_wconf 82' lang='lat' dir='ltr'><strong>xm,</strong></span> <span class='ocrx_word' id='word_1_282' title='bbox 1361 2043 1435 2116; x_wconf 92' lang='lat'><strong>8).</strong></span> <span class='ocrx_word' id='word_1_283' title='bbox 1473 2061 1494 2097; x_wconf 71' lang='grc' dir='ltr'><strong>ι</strong></span> 
     </span>
    </p>
   </div>
   <div class='ocr_carea' id='block_1_36' title="bbox 770 2195 1125 2254">
    <p class='ocr_par' dir='ltr' id='par_1_36' title="bbox 770 2195 1125 2254">
     <span class='ocr_line' id='line_1_36' title="bbox 770 2195 1125 2254; baseline 0.003 -1"><span class='ocrx_word' id='word_1_284' title='bbox 770 2195 1000 2253; x_wconf 81' lang='lat' dir='ltr'><strong>CAPUT</strong></span> <span class='ocrx_word' id='word_1_285' title='bbox 1036 2197 1125 2254; x_wconf 86' lang='lat' dir='ltr'><strong>XI.</strong></span> 
     </span>
    </p>
   </div>
   <div class='ocr_carea' id='block_1_37' title="bbox 168 2301 1738 2382">
    <p class='ocr_par' dir='ltr' id='par_1_37' title="bbox 168 2301 1738 2382">
     <span class='ocr_line' id='line_1_37' title="bbox 168 2301 1738 2382; baseline 0.007 -23"><span class='ocrx_word' id='word_1_286' title='bbox 168 2301 246 2359; x_wconf 86' lang='lat' dir='ltr'><strong>De</strong></span> <span class='ocrx_word' id='word_1_287' title='bbox 277 2304 541 2382; x_wconf 71' lang='lat' dir='ltr'><strong>voluntate</strong></span> <span class='ocrx_word' id='word_1_288' title='bbox 568 2307 680 2362; x_wconf 84' lang='lat' dir='ltr'><strong>Dei.</strong></span> <span class='ocrx_word' id='word_1_289' title='bbox 702 2337 772 2382; x_wconf 92' lang='lat'><strong>_—-</strong></span> <span class='ocrx_word' id='word_1_290' title='bbox 793 2307 965 2382; x_wconf 64' lang='lat' dir='ltr'><strong>Locus</strong></span> <span class='ocrx_word' id='word_1_291' title='bbox 985 2311 1340 2382; x_wconf 68' lang='lat' dir='ltr'><strong>diﬁicjllimus,</strong></span> <span class='ocrx_word' id='word_1_292' title='bbox 1364 2311 1466 2381; x_wconf 86' lang='lat' dir='ltr'><strong>Qui</strong></span> <span class='ocrx_word' id='word_1_293' title='bbox 1486 2312 1603 2369; x_wconf 85' lang='lat' dir='ltr'><strong>vult</strong></span> <span class='ocrx_word' id='word_1_294' title='bbox 1626 2329 1738 2369; x_wconf 93' lang='lat' dir='ltr'><strong>om-</strong></span> 
     </span>
    </p>
   </div>
   <div class='ocr_carea' id='block_1_38' title="bbox 227 2377 1746 2455">
    <p class='ocr_par' dir='ltr' id='par_1_38' title="bbox 227 2377 1746 2455">
     <span class='ocr_line' id='line_1_38' title="bbox 227 2377 1746 2455; baseline 0.008 -26"><span class='ocrx_word' id='word_1_295' title='bbox 227 2391 340 2455; x_wconf 72' lang='lat' dir='ltr'><strong>nes</strong></span> <span class='ocrx_word' id='word_1_296' title='bbox 372 2377 615 2455; x_wconf 74' lang='lat' dir='ltr'><strong>homines</strong></span> <span class='ocrx_word' id='word_1_297' title='bbox 648 2378 823 2434; x_wconf 88' lang='lat' dir='ltr'><strong>salvos</strong></span> <span class='ocrx_word' id='word_1_298' title='bbox 853 2379 970 2435; x_wconf 86' lang='lat' dir='ltr'><strong>ﬁeri</strong></span> <span class='ocrx_word' id='word_1_299' title='bbox 1022 2377 1064 2435; x_wconf 83' lang='grc' dir='ltr'><em>ᾱ</em></span> <span class='ocrx_word' id='word_1_300' title='bbox 1089 2378 1339 2440; x_wconf 81' lang='lat' dir='ltr'><strong>Patribus</strong></span> <span class='ocrx_word' id='word_1_301' title='bbox 1378 2377 1604 2455; x_wconf 65' lang='lat' dir='ltr'><strong>quatuor</strong></span> <span class='ocrx_word' id='word_1_302' title='bbox 1629 2401 1746 2440; x_wconf 87' lang='lat' dir='ltr'><strong>mo-</strong></span> 
     </span>
    </p>
   </div>
   <div class='ocr_carea' id='block_1_39' title="bbox 233 2446 1344 2518">
    <p class='ocr_par' dir='ltr' id='par_1_39' title="bbox 233 2446 1344 2518">
     <span class='ocr_line' id='line_1_39' title="bbox 233 2446 1344 2518; baseline 0.005 -18"><span class='ocrx_word' id='word_1_303' title='bbox 233 2446 323 2501; x_wconf 73' lang='lat' dir='ltr'><strong>dis</strong></span> <span class='ocrx_word' id='word_1_304' title='bbox 349 2447 656 2518; x_wconf 74' lang='lat' dir='ltr'><strong>explicatur.</strong></span> <span class='ocrx_word' id='word_1_305' title='bbox 1342 2485 1344 2487; x_wconf 60' lang='grc'><strong>›</strong></span> 
     </span>
    </p>
   </div>
   <div class='ocr_carea' id='block_1_40' title="bbox 237 2579 1748 2660">
    <p class='ocr_par' dir='ltr' id='par_1_40' title="bbox 237 2579 1748 2660">
     <span class='ocr_line' id='line_1_40' title="bbox 237 2579 1748 2660; baseline 0.01 -27"><span class='ocrx_word' id='word_1_306' title='bbox 237 2579 501 2652; x_wconf 87' lang='lat' dir='ltr'><strong>Sequitur</strong></span> <span class='ocrx_word' id='word_1_307' title='bbox 538 2582 592 2640; x_wconf 92' lang='lat' dir='ltr'><strong>in</strong></span> <span class='ocrx_word' id='word_1_308' title='bbox 628 2581 741 2655; x_wconf 87' lang='lat' dir='ltr'><strong>jam</strong></span> <span class='ocrx_word' id='word_1_309' title='bbox 773 2587 915 2644; x_wconf 90' lang='lat' dir='ltr'><strong>dicta</strong></span> <span class='ocrx_word' id='word_1_310' title='bbox 961 2587 1195 2660; x_wconf 88' lang='lat' dir='ltr'><strong>Epistola</strong></span> <span class='ocrx_word' id='word_1_311' title='bbox 1235 2587 1516 2659; x_wconf 66' lang='lat' dir='ltr'><strong>praefatum</strong></span> <span class='ocrx_word' id='word_1_312' title='bbox 1558 2605 1748 2647; x_wconf 90' lang='lat' dir='ltr'><strong>mona-</strong></span> 
     </span>
    </p>
   </div>
   <div class='ocr_carea' id='block_1_41' title="bbox 167 2673 1752 2750">
    <p class='ocr_par' dir='ltr' id='par_1_41' title="bbox 167 2673 1752 2750">
     <span class='ocr_line' id='line_1_41' title="bbox 167 2673 1752 2750; baseline 0.009 -25"><span class='ocrx_word' id='word_1_313' title='bbox 167 2673 335 2728; x_wconf 88' lang='lat' dir='ltr'><strong>chum</strong></span> <span class='ocrx_word' id='word_1_314' title='bbox 363 2675 562 2732; x_wconf 83' lang='lat' dir='ltr'><strong>dixisse</strong></span> <span class='ocrx_word' id='word_1_315' title='bbox 593 2687 753 2750; x_wconf 91' lang='lat' dir='ltr'><strong>atque</strong></span> <span class='ocrx_word' id='word_1_316' title='bbox 780 2682 1059 2738; x_wconf 88' lang='lat' dir='ltr'><strong>docuisse:</strong></span> <span class='ocrx_word' id='word_1_317' title='bbox 1099 2701 1119 2736; x_wconf 72' lang='grc' dir='ltr'><strong>ι</strong></span> <span class='ocrx_word' id='word_1_318' title='bbox 1145 2681 1298 2749; x_wconf 87' lang='lat' dir='ltr'><strong>Quod</strong></span> <span class='ocrx_word' id='word_1_319' title='bbox 1329 2683 1472 2739; x_wconf 88' lang='lat' dir='ltr'><strong>Deus</strong></span> <span class='ocrx_word' id='word_1_320' title='bbox 1497 2699 1606 2740; x_wconf 92' lang='lat' dir='ltr'><strong>non</strong></span> <span class='ocrx_word' id='word_1_321' title='bbox 1636 2685 1752 2739; x_wconf 86' lang='lat' dir='ltr'><strong>vult</strong></span> 
     </span>
    </p>
   </div>
   <div class='ocr_carea' id='block_1_42' title="bbox 167 2765 1752 2846">
    <p class='ocr_par' dir='ltr' id='par_1_42' title="bbox 167 2765 1752 2846">
     <span class='ocr_line' id='line_1_42' title="bbox 167 2765 1752 2846; baseline 0.011 -30"><span class='ocrx_word' id='word_1_322' title='bbox 167 2776 361 2819; x_wconf 90' lang='lat' dir='ltr'><strong>omnes</strong></span> <span class='ocrx_word' id='word_1_323' title='bbox 390 2765 637 2826; x_wconf 87' lang='lat' dir='ltr'><strong>homines</strong></span> <span class='ocrx_word' id='word_1_324' title='bbox 664 2771 841 2829; x_wconf 89' lang='lat' dir='ltr'><strong>salvos</strong></span> <span class='ocrx_word' id='word_1_325' title='bbox 874 2772 1010 2840; x_wconf 80' lang='lat' dir='ltr'><strong>fieri,</strong></span> <span class='ocrx_word' id='word_1_326' title='bbox 1041 2773 1136 2829; x_wconf 92' lang='lat' dir='ltr'><strong>sed</strong></span> <span class='ocrx_word' id='word_1_327' title='bbox 1163 2787 1256 2829; x_wconf 91' lang='lat' dir='ltr'><strong>eos</strong></span> <span class='ocrx_word' id='word_1_328' title='bbox 1289 2782 1498 2831; x_wconf 87' lang='lat' dir='ltr'><strong>tantum</strong></span> <span class='ocrx_word' id='word_1_329' title='bbox 1525 2775 1619 2846; x_wconf 92' lang='lat' dir='ltr'><strong>qui</strong></span> <span class='ocrx_word' id='word_1_330' title='bbox 1645 2777 1752 2833; x_wconf 88' lang='lat' dir='ltr'><strong>sal-</strong></span> 
     </span>
    </p>
   </div>
   <div class='ocr_carea' id='block_1_43' title="bbox 166 2865 1749 2940">
    <p class='ocr_par' dir='ltr' id='par_1_43' title="bbox 166 2865 1749 2940">
     <span class='ocr_line' id='line_1_43' title="bbox 166 2865 1749 2940; baseline 0.013 -32"><span class='ocrx_word' id='word_1_331' title='bbox 166 2865 368 2913; x_wconf 86' lang='lat' dir='ltr'><strong>vantur</strong></span> <span class='ocrx_word' id='word_1_332' title='bbox 393 2880 411 2912; x_wconf 75' lang='grc' dir='ltr'><strong>ι</strong></span> <span class='ocrx_word' id='word_1_333' title='bbox 445 2879 458 2915; x_wconf 88' lang='lat'><strong>:</strong></span> <span class='ocrx_word' id='word_1_334' title='bbox 491 2871 546 2918; x_wconf 89' lang='lat' dir='ltr'><strong>et</strong></span> <span class='ocrx_word' id='word_1_335' title='bbox 574 2865 716 2934; x_wconf 92' lang='lat' dir='ltr'><strong>quod</strong></span> <span class='ocrx_word' id='word_1_336' title='bbox 759 2867 890 2924; x_wconf 91' lang='lat' dir='ltr'><strong>dicit</strong></span> <span class='ocrx_word' id='word_1_337' title='bbox 918 2868 1226 2940; x_wconf 85' lang='lat' dir='ltr'><strong>Apostolus,</strong></span> <span class='ocrx_word' id='word_1_338' title='bbox 1254 2889 1275 2922; x_wconf 71' lang='grc' dir='ltr'><strong>ι</strong></span> <span class='ocrx_word' id='word_1_339' title='bbox 1306 2871 1398 2940; x_wconf 91' lang='lat' dir='ltr'><strong>qui</strong></span> <span class='ocrx_word' id='word_1_340' title='bbox 1423 2870 1540 2927; x_wconf 90' lang='lat' dir='ltr'><strong>vult</strong></span> <span class='ocrx_word' id='word_1_341' title='bbox 1561 2886 1749 2928; x_wconf 92' lang='lat' dir='ltr'><strong>omnes</strong></span> 
     </span>
    </p>
   </div>
   <div class='ocr_carea' id='block_1_44' title="bbox 166 2945 1748 3032">
    <p class='ocr_par' dir='ltr' id='par_1_44' title="bbox 166 2945 1748 3032">
     <span class='ocr_line' id='line_1_44' title="bbox 166 2945 1748 3032; baseline 0.013 -32"><span class='ocrx_word' id='word_1_342' title='bbox 166 2945 420 3006; x_wconf 85' lang='lat' dir='ltr'><strong>homines</strong></span> <span class='ocrx_word' id='word_1_343' title='bbox 446 2952 620 3010; x_wconf 87' lang='lat' dir='ltr'><strong>salvos</strong></span> <span class='ocrx_word' id='word_1_344' title='bbox 645 2954 760 3012; x_wconf 84' lang='lat' dir='ltr'><strong>ﬁeri</strong></span> <span class='ocrx_word' id='word_1_345' title='bbox 792 2956 844 3030; x_wconf 88' lang='grc' dir='ltr'><strong>(Ι</strong></span> <span class='ocrx_word' id='word_1_346' title='bbox 871 2958 1008 3014; x_wconf 89' lang='lat' dir='ltr'><strong>Tim.</strong></span> <span class='ocrx_word' id='word_1_347' title='bbox 1033 2975 1093 3028; x_wconf 89' lang='grc' dir='ltr'><strong>ιι,</strong></span> <span class='ocrx_word' id='word_1_348' title='bbox 1119 2959 1198 3032; x_wconf 87' lang='lat'><strong>4),</strong></span> <span class='ocrx_word' id='word_1_349' title='bbox 1234 2979 1254 3014; x_wconf 78' lang='grc' dir='ltr'><strong>ι</strong></span> <span class='ocrx_word' id='word_1_350' title='bbox 1282 2960 1403 3018; x_wconf 91' lang='lat' dir='ltr'><strong>illos</strong></span> <span class='ocrx_word' id='word_1_351' title='bbox 1431 2961 1538 3018; x_wconf 90' lang='lat' dir='ltr'><strong>dici</strong></span> <span class='ocrx_word' id='word_1_352' title='bbox 1569 2979 1748 3020; x_wconf 77' lang='lat' dir='ltr'><strong>omnes</strong></span> 
     </span>
    </p>
   </div>
   <div class='ocr_carea' id='block_1_45' title="bbox 163 3039 828 3106">
    <p class='ocr_par' dir='ltr' id='par_1_45' title="bbox 163 3039 828 3106">
     <span class='ocr_line' id='line_1_45' title="bbox 163 3039 828 3106; baseline 0.023 -17"><span class='ocrx_word' id='word_1_353' title='bbox 163 3039 257 3106; x_wconf 92' lang='lat' dir='ltr'><strong>qni</strong></span> <span class='ocrx_word' id='word_1_354' title='bbox 297 3048 502 3096; x_wconf 90' lang='lat' dir='ltr'><strong>tantum</strong></span> <span class='ocrx_word' id='word_1_355' title='bbox 536 3044 828 3103; x_wconf 88' lang='lat' dir='ltr'><strong>salvantur.</strong></span> 
     </span>
    </p>
   </div>
   <div class='ocr_carea' id='block_1_46' title="bbox 237 3130 1749 3214">
    <p class='ocr_par' dir='ltr' id='par_1_46' title="bbox 237 3130 1749 3214">
     <span class='ocr_line' id='line_1_46' title="bbox 237 3130 1749 3214; baseline 0.012 -30"><span class='ocrx_word' id='word_1_356' title='bbox 237 3130 369 3186; x_wconf 65' lang='lat' dir='ltr'><strong>llam</strong></span> <span class='ocrx_word' id='word_1_357' title='bbox 394 3142 570 3189; x_wconf 89' lang='lat' dir='ltr'><strong>autem</strong></span> <span class='ocrx_word' id='word_1_358' title='bbox 599 3139 825 3207; x_wconf 82' lang='lat' dir='ltr'><strong>quaestio</strong></span> <span class='ocrx_word' id='word_1_359' title='bbox 847 3140 1000 3197; x_wconf 84' lang='lat' dir='ltr'><strong>valde</strong></span> <span class='ocrx_word' id='word_1_360' title='bbox 1030 3141 1281 3214; x_wconf 83' lang='lat' dir='ltr'><strong>perplexa</strong></span> <span class='ocrx_word' id='word_1_361' title='bbox 1301 3183 1316 3211; x_wconf 93' lang='lat'><strong>,</strong></span> <span class='ocrx_word' id='word_1_362' title='bbox 1357 3151 1414 3201; x_wconf 86' lang='lat' dir='ltr'><strong>et</strong></span> <span class='ocrx_word' id='word_1_363' title='bbox 1447 3144 1500 3200; x_wconf 93' lang='lat' dir='ltr'><strong>in</strong></span> <span class='ocrx_word' id='word_1_364' title='bbox 1531 3153 1749 3202; x_wconf 85' lang='lat' dir='ltr'><strong>sancto-</strong></span> 
     </span>
    </p>
   </div>
   <div class='ocr_carea' id='block_1_47' title="bbox 1925 1952 3428 2032">
    <p class='ocr_par' dir='ltr' id='par_1_47' title="bbox 1925 1952 3428 2032">
     <span class='ocr_line' id='line_1_47' title="bbox 1925 1952 3428 2032; baseline 0.005 -23"><span class='ocrx_word' id='word_1_365' title='bbox 1925 1952 2079 2012; x_wconf 83' lang='lat' dir='ltr'><strong>Hunc</strong></span> <span class='ocrx_word' id='word_1_366' title='bbox 2121 1955 2565 2015; x_wconf 89' lang='lat' dir='ltr'><strong>obscurissimum</strong></span> <span class='ocrx_word' id='word_1_367' title='bbox 2606 1969 2661 2016; x_wconf 90' lang='lat' dir='ltr'><strong>et</strong></span> <span class='ocrx_word' id='word_1_368' title='bbox 2703 1961 3068 2022; x_wconf 78' lang='lat' dir='ltr'><strong>diﬁicillimum</strong></span> <span class='ocrx_word' id='word_1_369' title='bbox 3123 1967 3328 2032; x_wconf 82' lang='lat' dir='ltr'><strong>locum,</strong></span> <span class='ocrx_word' id='word_1_370' title='bbox 3360 1958 3428 2018; x_wconf 82' lang='lat' dir='ltr'><strong>in.</strong></span> 
     </span>
    </p>
   </div>
   <div class='ocr_carea' id='block_1_48' title="bbox 1853 2053 3423 2132">
    <p class='ocr_par' dir='ltr' id='par_1_48' title="bbox 1853 2053 3423 2132">
     <span class='ocr_line' id='line_1_48' title="bbox 1853 2053 3423 2132; baseline 0.01 -30"><span class='ocrx_word' id='word_1_371' title='bbox 1853 2057 2116 2120; x_wconf 90' lang='lat' dir='ltr'><strong>quantum</strong></span> <span class='ocrx_word' id='word_1_372' title='bbox 2145 2058 2344 2108; x_wconf 83' lang='lat' dir='ltr'><strong>nostrae</strong></span> <span class='ocrx_word' id='word_1_373' title='bbox 2371 2053 2681 2123; x_wconf 89' lang='lat' dir='ltr'><strong>pusillitatis</strong></span> <span class='ocrx_word' id='word_1_374' title='bbox 2705 2059 2980 2114; x_wconf 82' lang='lat' dir='ltr'><strong>memoriae</strong></span> <span class='ocrx_word' id='word_1_375' title='bbox 3001 2063 3256 2128; x_wconf 89' lang='lat' dir='ltr'><strong>occurrit,</strong></span> <span class='ocrx_word' id='word_1_376' title='bbox 3289 2076 3423 2132; x_wconf 86' lang='lat' dir='ltr'><strong>qua-</strong></span> 
     </span>
    </p>
   </div>
   <div class='ocr_carea' id='block_1_49' title="bbox 1854 2140 3424 2213">
    <p class='ocr_par' dir='ltr' id='par_1_49' title="bbox 1854 2140 3424 2213">
     <span class='ocr_line' id='line_1_49' title="bbox 1854 2140 3424 2213; baseline 0.008 -20"><span class='ocrx_word' id='word_1_377' title='bbox 1854 2147 1976 2194; x_wconf 91' lang='lat' dir='ltr'><strong>tuor</strong></span> <span class='ocrx_word' id='word_1_378' title='bbox 1997 2140 2172 2197; x_wconf 90' lang='lat' dir='ltr'><strong>modis</strong></span> <span class='ocrx_word' id='word_1_379' title='bbox 2198 2141 2252 2196; x_wconf 91' lang='lat' dir='ltr'><strong>in</strong></span> <span class='ocrx_word' id='word_1_380' title='bbox 2282 2142 2501 2213; x_wconf 86' lang='lat' dir='ltr'><strong>scriptis</strong></span> <span class='ocrx_word' id='word_1_381' title='bbox 2539 2145 2929 2202; x_wconf 87' lang='lat' dir='ltr'><strong>catholicorum</strong></span> <span class='ocrx_word' id='word_1_382' title='bbox 2970 2149 3192 2205; x_wconf 89' lang='lat' dir='ltr'><strong>Patrum</strong></span> <span class='ocrx_word' id='word_1_383' title='bbox 3219 2152 3424 2207; x_wconf 85' lang='lat' dir='ltr'><strong>inveni-</strong></span> 
     </span>
    </p>
   </div>
   <div class='ocr_carea' id='block_1_50' title="bbox 1852 2234 3424 2309">
    <p class='ocr_par' dir='ltr' id='par_1_50' title="bbox 1852 2234 3424 2309">
     <span class='ocr_line' id='line_1_50' title="bbox 1852 2234 3424 2309; baseline 0.005 -21"><span class='ocrx_word' id='word_1_384' title='bbox 1852 2248 1972 2288; x_wconf 91' lang='lat' dir='ltr'><strong>mus</strong></span> <span class='ocrx_word' id='word_1_385' title='bbox 2014 2234 2382 2305; x_wconf 77' lang='lat' dir='ltr'><strong>explanatum,</strong></span> <span class='ocrx_word' id='word_1_386' title='bbox 2428 2236 2676 2292; x_wconf 83' lang='lat' dir='ltr'><strong>videlicet</strong></span> <span class='ocrx_word' id='word_1_387' title='bbox 2719 2246 2778 2293; x_wconf 93' lang='lat' dir='ltr'><strong>ut</strong></span> <span class='ocrx_word' id='word_1_388' title='bbox 2821 2239 2906 2294; x_wconf 89' lang='lat' dir='ltr'><strong>vel</strong></span> <span class='ocrx_word' id='word_1_389' title='bbox 2943 2239 3021 2295; x_wconf 86' lang='lat' dir='ltr'><strong>ita</strong></span> <span class='ocrx_word' id='word_1_390' title='bbox 3063 2240 3424 2309; x_wconf 83' lang='lat' dir='ltr'><strong>intelligamus</strong></span> 
     </span>
    </p>
   </div>
   <div class='ocr_carea' id='block_1_51' title="bbox 1851 2323 3429 2398">
    <p class='ocr_par' dir='ltr' id='par_1_51' title="bbox 1851 2323 3429 2398">
     <span class='ocr_line' id='line_1_51' title="bbox 1851 2323 3429 2398; baseline 0.004 -18"><span class='ocrx_word' id='word_1_391' title='bbox 1851 2323 2052 2380; x_wconf 89' lang='lat' dir='ltr'><strong>dictum</strong></span> <span class='ocrx_word' id='word_1_392' title='bbox 2076 2343 2090 2380; x_wconf 92' lang='lat'><strong>:</strong></span> <span class='ocrx_word' id='word_1_393' title='bbox 2126 2344 2144 2377; x_wconf 76' lang='grc' dir='ltr'><strong>ι</strong></span> <span class='ocrx_word' id='word_1_394' title='bbox 2173 2325 2274 2392; x_wconf 85' lang='lat' dir='ltr'><strong>Qui</strong></span> <span class='ocrx_word' id='word_1_395' title='bbox 2302 2327 2415 2382; x_wconf 91' lang='lat' dir='ltr'><strong>vult</strong></span> <span class='ocrx_word' id='word_1_396' title='bbox 2437 2342 2624 2384; x_wconf 92' lang='lat' dir='ltr'><strong>omnes</strong></span> <span class='ocrx_word' id='word_1_397' title='bbox 2653 2329 2898 2386; x_wconf 89' lang='lat' dir='ltr'><strong>homines</strong></span> <span class='ocrx_word' id='word_1_398' title='bbox 2923 2331 3102 2386; x_wconf 83' lang='lat' dir='ltr'><strong>salvos</strong></span> <span class='ocrx_word' id='word_1_399' title='bbox 3131 2331 3247 2386; x_wconf 91' lang='lat' dir='ltr'><strong>ﬁeri</strong></span> <span class='ocrx_word' id='word_1_400' title='bbox 3265 2371 3280 2398; x_wconf 91' lang='lat'><strong>,</strong></span> <span class='ocrx_word' id='word_1_401' title='bbox 3310 2350 3328 2383; x_wconf 78' lang='grc' dir='ltr'><strong>ι</strong></span> <span class='ocrx_word' id='word_1_402' title='bbox 3365 2342 3429 2390; x_wconf 89' lang='lat' dir='ltr'><strong>ut</strong></span> 
     </span>
    </p>
   </div>
   <div class='ocr_carea' id='block_1_52' title="bbox 1850 2414 3422 2490">
    <p class='ocr_par' dir='ltr' id='par_1_52' title="bbox 1850 2414 3422 2490">
     <span class='ocr_line' id='line_1_52' title="bbox 1850 2414 3422 2490; baseline 0.006 -23"><span class='ocrx_word' id='word_1_403' title='bbox 1850 2428 2026 2468; x_wconf 76' lang='lat' dir='ltr'><strong>omnes</strong></span> <span class='ocrx_word' id='word_1_404' title='bbox 2051 2414 2284 2470; x_wconf 77' lang='lat' dir='ltr'><strong>homines</strong></span> <span class='ocrx_word' id='word_1_405' title='bbox 2317 2417 2496 2472; x_wconf 88' lang='lat' dir='ltr'><strong>omnia</strong></span> <span class='ocrx_word' id='word_1_406' title='bbox 2528 2416 2804 2472; x_wconf 89' lang='lat' dir='ltr'><strong>hominum</strong></span> <span class='ocrx_word' id='word_1_407' title='bbox 2843 2433 3042 2490; x_wconf 84' lang='lat' dir='ltr'><strong>genera</strong></span> <span class='ocrx_word' id='word_1_408' title='bbox 3069 2419 3422 2490; x_wconf 87' lang='lat' dir='ltr'><strong>accipiamus,</strong></span> 
     </span>
    </p>
   </div>
   <div class='ocr_carea' id='block_1_53' title="bbox 1849 2501 3425 2576">
    <p class='ocr_par' dir='ltr' id='par_1_53' title="bbox 1849 2501 3425 2576">
     <span class='ocr_line' id='line_1_53' title="bbox 1849 2501 3425 2576; baseline 0.006 -19"><span class='ocrx_word' id='word_1_409' title='bbox 1849 2502 1904 2558; x_wconf 91' lang='lat' dir='ltr'><strong>id</strong></span> <span class='ocrx_word' id='word_1_410' title='bbox 1929 2510 2014 2559; x_wconf 91' lang='lat' dir='ltr'><strong>est</strong></span> <span class='ocrx_word' id='word_1_411' title='bbox 2038 2501 2344 2560; x_wconf 82' lang='lat' dir='ltr'><strong>Judaeorum</strong></span> <span class='ocrx_word' id='word_1_412' title='bbox 2397 2514 2452 2560; x_wconf 91' lang='lat' dir='ltr'><strong>et</strong></span> <span class='ocrx_word' id='word_1_413' title='bbox 2483 2507 2722 2576; x_wconf 89' lang='lat' dir='ltr'><strong>gentium</strong></span> <span class='ocrx_word' id='word_1_414' title='bbox 2746 2547 2762 2574; x_wconf 94' lang='lat'><strong>,</strong></span> <span class='ocrx_word' id='word_1_415' title='bbox 2809 2507 3100 2564; x_wconf 89' lang='lat' dir='ltr'><strong>liberorum</strong></span> <span class='ocrx_word' id='word_1_416' title='bbox 3143 2517 3201 2564; x_wconf 91' lang='lat' dir='ltr'><strong>et</strong></span> <span class='ocrx_word' id='word_1_417' title='bbox 3240 2518 3425 2566; x_wconf 63' lang='lat' dir='ltr'><strong>servio-</strong></span> 
     </span>
    </p>
   </div>
   <div class='ocr_carea' id='block_1_54' title="bbox 1847 2594 3422 2672">
    <p class='ocr_par' dir='ltr' id='par_1_54' title="bbox 1847 2594 3422 2672">
     <span class='ocr_line' id='line_1_54' title="bbox 1847 2594 3422 2672; baseline 0.006 -25"><span class='ocrx_word' id='word_1_418' title='bbox 1847 2605 1969 2648; x_wconf 86' lang='lat' dir='ltr'><strong>rum</strong></span> <span class='ocrx_word' id='word_1_419' title='bbox 1990 2633 2006 2660; x_wconf 96' lang='lat'><strong>,</strong></span> <span class='ocrx_word' id='word_1_420' title='bbox 2033 2594 2271 2650; x_wconf 89' lang='lat' dir='ltr'><strong>virorum</strong></span> <span class='ocrx_word' id='word_1_421' title='bbox 2299 2603 2354 2652; x_wconf 91' lang='lat' dir='ltr'><strong>et</strong></span> <span class='ocrx_word' id='word_1_422' title='bbox 2376 2596 2690 2664; x_wconf 88' lang='lat' dir='ltr'><strong>mulierum,</strong></span> <span class='ocrx_word' id='word_1_423' title='bbox 2727 2597 2949 2655; x_wconf 86' lang='lat' dir='ltr'><strong>divitum</strong></span> <span class='ocrx_word' id='word_1_424' title='bbox 2993 2608 3048 2656; x_wconf 90' lang='lat' dir='ltr'><strong>et</strong></span> <span class='ocrx_word' id='word_1_425' title='bbox 3091 2615 3422 2672; x_wconf 87' lang='lat' dir='ltr'><strong>pauperum,</strong></span> 
     </span>
    </p>
   </div>
   <div class='ocr_carea' id='block_1_55' title="bbox 1847 2684 3422 2774">
    <p class='ocr_par' dir='ltr' id='par_1_55' title="bbox 1847 2684 3422 2774">
     <span class='ocr_line' id='line_1_55' title="bbox 1847 2684 3422 2774; baseline 0.007 -35"><span class='ocrx_word' id='word_1_426' title='bbox 1847 2684 2104 2741; x_wconf 91' lang='lat' dir='ltr'><strong>nobilium</strong></span> <span class='ocrx_word' id='word_1_427' title='bbox 2131 2696 2186 2742; x_wconf 90' lang='lat' dir='ltr'><strong>et</strong></span> <span class='ocrx_word' id='word_1_428' title='bbox 2206 2687 2536 2759; x_wconf 77' lang='lat' dir='ltr'><strong>ignobilium,</strong></span> <span class='ocrx_word' id='word_1_429' title='bbox 2561 2698 2618 2746; x_wconf 90' lang='lat' dir='ltr'><strong>et</strong></span> <span class='ocrx_word' id='word_1_430' title='bbox 2636 2706 2967 2762; x_wconf 67' lang='lat' dir='ltr'><strong>quascunque</strong></span> <span class='ocrx_word' id='word_1_431' title='bbox 3009 2692 3316 2774; x_wconf 73' lang='lat' dir='ltr'><strong>huiusmodi</strong></span> <span class='ocrx_word' id='word_1_432' title='bbox 3353 2710 3422 2751; x_wconf 84' lang='lat' dir='ltr'><strong>ex</strong></span> 
     </span>
    </p>
   </div>
   <div class='ocr_carea' id='block_1_56' title="bbox 1848 2779 3422 2856">
    <p class='ocr_par' dir='ltr' id='par_1_56' title="bbox 1848 2779 3422 2856">
     <span class='ocr_line' id='line_1_56' title="bbox 1848 2779 3422 2856; baseline 0.004 -19"><span class='ocrx_word' id='word_1_433' title='bbox 1848 2779 1995 2837; x_wconf 90' lang='lat' dir='ltr'><strong>omni</strong></span> <span class='ocrx_word' id='word_1_434' title='bbox 2023 2796 2221 2851; x_wconf 88' lang='lat' dir='ltr'><strong>genere</strong></span> <span class='ocrx_word' id='word_1_435' title='bbox 2249 2781 2525 2838; x_wconf 88' lang='lat' dir='ltr'><strong>hominum</strong></span> <span class='ocrx_word' id='word_1_436' title='bbox 2552 2783 2758 2852; x_wconf 89' lang='lat' dir='ltr'><strong>salvat,</strong></span> <span class='ocrx_word' id='word_1_437' title='bbox 2791 2794 2845 2841; x_wconf 88' lang='lat' dir='ltr'><strong>ct</strong></span> <span class='ocrx_word' id='word_1_438' title='bbox 2874 2787 2940 2841; x_wconf 92' lang='lat' dir='ltr'><strong>ad</strong></span> <span class='ocrx_word' id='word_1_439' title='bbox 2966 2787 3297 2856; x_wconf 87' lang='lat' dir='ltr'><strong>agnitionem</strong></span> <span class='ocrx_word' id='word_1_440' title='bbox 3329 2803 3422 2844; x_wconf 89' lang='lat' dir='ltr'><strong>ve-</strong></span> 
     </span>
    </p>
   </div>
   <div class='ocr_carea' id='block_1_57' title="bbox 1849 2870 3423 2950">
    <p class='ocr_par' dir='ltr' id='par_1_57' title="bbox 1849 2870 3423 2950">
     <span class='ocr_line' id='line_1_57' title="bbox 1849 2870 3423 2950; baseline 0.008 -26"><span class='ocrx_word' id='word_1_441' title='bbox 1849 2870 2025 2927; x_wconf 87' lang='lat' dir='ltr'><strong>ritatis</strong></span> <span class='ocrx_word' id='word_1_442' title='bbox 2057 2871 2303 2941; x_wconf 88' lang='lat' dir='ltr'><strong>perducit</strong></span> <span class='ocrx_word' id='word_1_443' title='bbox 2340 2889 2437 2943; x_wconf 89' lang='lat' dir='ltr'><strong>per</strong></span> <span class='ocrx_word' id='word_1_444' title='bbox 2476 2874 2764 2931; x_wconf 89' lang='lat' dir='ltr'><strong>Dominum</strong></span> <span class='ocrx_word' id='word_1_445' title='bbox 2801 2875 2986 2932; x_wconf 84' lang='lat' dir='ltr'><strong>Jesum</strong></span> <span class='ocrx_word' id='word_1_446' title='bbox 3022 2877 3299 2935; x_wconf 87' lang='lat' dir='ltr'><strong>Christum</strong></span> <span class='ocrx_word' id='word_1_447' title='bbox 3325 2879 3423 2950; x_wconf 87' lang='lat' dir='ltr'><strong>qui</strong></span> 
     </span>
    </p>
   </div>
   <div class='ocr_carea' id='block_1_58' title="bbox 1849 2958 3420 3040">
    <p class='ocr_par' dir='ltr' id='par_1_58' title="bbox 1849 2958 3420 3040">
     <span class='ocr_line' id='line_1_58' title="bbox 1849 2958 3420 3040; baseline 0.008 -24"><span class='ocrx_word' id='word_1_448' title='bbox 1849 2961 1904 3017; x_wconf 92' lang='lat' dir='ltr'><strong>in</strong></span> <span class='ocrx_word' id='word_1_449' title='bbox 1942 2958 2230 3034; x_wconf 86' lang='lat' dir='ltr'><strong>Evangelio</strong></span> <span class='ocrx_word' id='word_1_450' title='bbox 2276 2964 2450 3020; x_wconf 90' lang='lat' dir='ltr'><strong>dicit:</strong></span> <span class='ocrx_word' id='word_1_451' title='bbox 2487 2983 2507 3018; x_wconf 70' lang='grc'><strong>(</strong></span> <span class='ocrx_word' id='word_1_452' title='bbox 2538 2964 2726 3022; x_wconf 89' lang='lat' dir='ltr'><strong>Simile</strong></span> <span class='ocrx_word' id='word_1_453' title='bbox 2766 2976 2850 3024; x_wconf 91' lang='lat' dir='ltr'><strong>est</strong></span> <span class='ocrx_word' id='word_1_454' title='bbox 2893 2982 3114 3040; x_wconf 89' lang='lat' dir='ltr'><strong>regnum</strong></span> <span class='ocrx_word' id='word_1_455' title='bbox 3156 2971 3420 3028; x_wconf 67' lang='lat' dir='ltr'><strong>caelorum</strong></span> 
     </span>
    </p>
   </div>
   <div class='ocr_carea' id='block_1_59' title="bbox 1846 3053 3421 3132">
    <p class='ocr_par' dir='ltr' id='par_1_59' title="bbox 1846 3053 3421 3132">
     <span class='ocr_line' id='line_1_59' title="bbox 1846 3053 3421 3132; baseline 0.006 -26"><span class='ocrx_word' id='word_1_456' title='bbox 1846 3065 2058 3123; x_wconf 81' lang='lat' dir='ltr'><strong>sagenae</strong></span> <span class='ocrx_word' id='word_1_457' title='bbox 2082 3053 2262 3108; x_wconf 71' lang='lat' dir='ltr'><strong>missae</strong></span> <span class='ocrx_word' id='word_1_458' title='bbox 2291 3054 2345 3108; x_wconf 87' lang='lat' dir='ltr'><strong>in</strong></span> <span class='ocrx_word' id='word_1_459' title='bbox 2377 3069 2545 3120; x_wconf 89' lang='lat' dir='ltr'><strong>mare,</strong></span> <span class='ocrx_word' id='word_1_460' title='bbox 2591 3064 2648 3111; x_wconf 90' lang='lat' dir='ltr'><strong>et</strong></span> <span class='ocrx_word' id='word_1_461' title='bbox 2684 3071 2753 3112; x_wconf 84' lang='lat' dir='ltr'><strong>ex</strong></span> <span class='ocrx_word' id='word_1_462' title='bbox 2789 3058 2934 3113; x_wconf 91' lang='lat' dir='ltr'><strong>omni</strong></span> <span class='ocrx_word' id='word_1_463' title='bbox 2965 3074 3163 3129; x_wconf 88' lang='lat' dir='ltr'><strong>genere</strong></span> <span class='ocrx_word' id='word_1_464' title='bbox 3191 3061 3421 3132; x_wconf 87' lang='lat' dir='ltr'><strong>piscium</strong></span> 
     </span>
    </p>
   </div>
   <div class='ocr_carea' id='block_1_60' title="bbox 1846 3145 3423 3223">
    <p class='ocr_par' dir='ltr' id='par_1_60' title="bbox 1846 3145 3423 3223">
     <span class='ocr_line' id='line_1_60' title="bbox 1846 3145 3423 3223; baseline 0.006 -22"><span class='ocrx_word' id='word_1_465' title='bbox 1846 3145 2193 3218; x_wconf 79' lang='lat' dir='ltr'><strong>congreganti</strong></span> <span class='ocrx_word' id='word_1_466' title='bbox 2217 3145 2436 3217; x_wconf 79' lang='lat' dir='ltr'><strong>(Matth.</strong></span> <span class='ocrx_word' id='word_1_467' title='bbox 2465 3163 2585 3216; x_wconf 78' lang='lat' dir='ltr'><strong>xm,</strong></span> <span class='ocrx_word' id='word_1_468' title='bbox 2611 3147 2724 3221; x_wconf 84' lang='lat'><strong>47).</strong></span> <span class='ocrx_word' id='word_1_469' title='bbox 2755 3168 2774 3202; x_wconf 73' lang='grc' dir='ltr'><strong>ι</strong></span> <span class='ocrx_word' id='word_1_470' title='bbox 2806 3149 2916 3206; x_wconf 87' lang='lat' dir='ltr'><strong>Isto</strong></span> <span class='ocrx_word' id='word_1_471' title='bbox 2939 3167 3171 3223; x_wconf 89' lang='lat' dir='ltr'><strong>namque</strong></span> <span class='ocrx_word' id='word_1_472' title='bbox 3195 3152 3423 3210; x_wconf 85' lang='lat' dir='ltr'><strong>locutio-</strong></span> 
     </span>
    </p>
   </div>
   <div class='ocr_carea' id='block_1_61' title="bbox 163 3223 3420 3316">
    <p class='ocr_par' dir='ltr' id='par_1_61' title="bbox 163 3223 3420 3316">
     <span class='ocr_line' id='line_1_61' title="bbox 163 3223 3420 3316; baseline 0.007 -40"><span class='ocrx_word' id='word_1_473' title='bbox 163 3239 288 3277; x_wconf 90' lang='lat' dir='ltr'><strong>rum</strong></span> <span class='ocrx_word' id='word_1_474' title='bbox 313 3223 532 3279; x_wconf 89' lang='lat' dir='ltr'><strong>Patrum</strong></span> <span class='ocrx_word' id='word_1_475' title='bbox 554 3227 770 3298; x_wconf 88' lang='lat' dir='ltr'><strong>scriptis</strong></span> <span class='ocrx_word' id='word_1_476' title='bbox 795 3231 1020 3287; x_wconf 90' lang='lat' dir='ltr'><strong>multum</strong></span> <span class='ocrx_word' id='word_1_477' title='bbox 1043 3242 1278 3299; x_wconf 89' lang='lat' dir='ltr'><strong>versata,</strong></span> <span class='ocrx_word' id='word_1_478' title='bbox 1304 3241 1361 3289; x_wconf 87' lang='lat' dir='ltr'><strong>et</strong></span> <span class='ocrx_word' id='word_1_479' title='bbox 1378 3234 1746 3306; x_wconf 89' lang='lat' dir='ltr'><strong>multipliciter</strong></span> <span class='ocrx_word' id='word_1_480' title='bbox 1773 3239 1818 3304; x_wconf 86' lang='lat' dir='ltr'><strong>C</strong></span> <span class='ocrx_word' id='word_1_481' title='bbox 1849 3235 1934 3290; x_wconf 92' lang='lat' dir='ltr'><strong>nis</strong></span> <span class='ocrx_word' id='word_1_482' title='bbox 1962 3234 2121 3291; x_wconf 91' lang='lat' dir='ltr'><strong>modo</strong></span> <span class='ocrx_word' id='word_1_483' title='bbox 2145 3234 2258 3307; x_wconf 87' lang='lat' dir='ltr'><strong>ipse</strong></span> <span class='ocrx_word' id='word_1_484' title='bbox 2286 3236 2544 3293; x_wconf 89' lang='lat' dir='ltr'><strong>Dominus</strong></span> <span class='ocrx_word' id='word_1_485' title='bbox 2573 3238 2627 3294; x_wconf 94' lang='lat' dir='ltr'><strong>in</strong></span> <span class='ocrx_word' id='word_1_486' title='bbox 2656 3239 2942 3313; x_wconf 87' lang='lat' dir='ltr'><strong>Evangelio</strong></span> <span class='ocrx_word' id='word_1_487' title='bbox 2969 3241 3136 3298; x_wconf 89' lang='lat' dir='ltr'><strong>dicit:</strong></span> <span class='ocrx_word' id='word_1_488' title='bbox 3172 3263 3191 3296; x_wconf 86' lang='grc'><em>‹</em></span> <span class='ocrx_word' id='word_1_489' title='bbox 3218 3243 3284 3298; x_wconf 84' lang='grc' dir='ltr'>Ει</span> <span class='ocrx_word' id='word_1_490' title='bbox 3318 3259 3420 3316; x_wconf 87' lang='lat' dir='ltr'><strong>ego</strong></span> 
     </span>
    </p>
   </div>
   <div class='ocr_carea' id='block_1_62' title="bbox 161 3316 1738 3395">
    <p class='ocr_par' dir='ltr' id='par_1_62' title="bbox 161 3316 1738 3395">
     <span class='ocr_line' id='line_1_62' title="bbox 161 3316 1738 3395; baseline 0.008 -27"><span class='ocrx_word' id='word_1_491' title='bbox 161 3316 434 3386; x_wconf 81' lang='lat' dir='ltr'><strong>exposita,</strong></span> <span class='ocrx_word' id='word_1_492' title='bbox 458 3332 565 3372; x_wconf 89' lang='lat' dir='ltr'><strong>non</strong></span> <span class='ocrx_word' id='word_1_493' title='bbox 587 3319 742 3376; x_wconf 91' lang='lat' dir='ltr'><strong>nobis</strong></span> <span class='ocrx_word' id='word_1_494' title='bbox 760 3321 974 3378; x_wconf 87' lang='lat' dir='ltr'><strong>videtur</strong></span> <span class='ocrx_word' id='word_1_495' title='bbox 992 3325 1394 3395; x_wconf 66' lang='lat' dir='ltr'><strong>praecipitanter</strong></span> <span class='ocrx_word' id='word_1_496' title='bbox 1414 3325 1738 3392; x_wconf 85' lang='lat' dir='ltr'><strong>deﬁnienda,</strong></span> 
     </span>
    </p>
   </div>
   <div class='ocr_carea' id='block_1_63' title="bbox 161 3409 1746 3491">
    <p class='ocr_par' dir='ltr' id='par_1_63' title="bbox 161 3409 1746 3491">
     <span class='ocr_line' id='line_1_63' title="bbox 161 3409 1746 3491; baseline 0.008 -28"><span class='ocrx_word' id='word_1_497' title='bbox 161 3409 258 3463; x_wconf 87' lang='lat' dir='ltr'><strong>sed</strong></span> <span class='ocrx_word' id='word_1_498' title='bbox 303 3409 650 3479; x_wconf 88' lang='lat' dir='ltr'><strong>cautissime,</strong></span> <span class='ocrx_word' id='word_1_499' title='bbox 692 3421 747 3469; x_wconf 91' lang='lat' dir='ltr'><strong>et</strong></span> <span class='ocrx_word' id='word_1_500' title='bbox 778 3414 1088 3472; x_wconf 88' lang='lat' dir='ltr'><strong>ﬁdelissime</strong></span> <span class='ocrx_word' id='word_1_501' title='bbox 1131 3418 1542 3489; x_wconf 90' lang='lat' dir='ltr'><strong>perscrutanda,</strong></span> <span class='ocrx_word' id='word_1_502' title='bbox 1584 3428 1746 3491; x_wconf 87' lang='lat' dir='ltr'><strong>atque</strong></span> 
     </span>
    </p>
   </div>
   <div class='ocr_carea' id='block_1_64' title="bbox 161 3504 1745 3582">
    <p class='ocr_par' dir='ltr' id='par_1_64' title="bbox 161 3504 1745 3582">
     <span class='ocr_line' id='line_1_64' title="bbox 161 3504 1745 3582; baseline 0.009 -29"><span class='ocrx_word' id='word_1_503' title='bbox 161 3504 568 3570; x_wconf 88' lang='lat' dir='ltr'><strong>pertractanda,</strong></span> <span class='ocrx_word' id='word_1_504' title='bbox 599 3514 654 3560; x_wconf 91' lang='lat' dir='ltr'><strong>et</strong></span> <span class='ocrx_word' id='word_1_505' title='bbox 680 3521 745 3561; x_wconf 81' lang='lat' dir='ltr'><strong>ex</strong></span> <span class='ocrx_word' id='word_1_506' title='bbox 773 3506 894 3564; x_wconf 90' lang='lat' dir='ltr'><strong>aliis</strong></span> <span class='ocrx_word' id='word_1_507' title='bbox 924 3509 1174 3565; x_wconf 87' lang='lat' dir='ltr'><strong>videlicet</strong></span> <span class='ocrx_word' id='word_1_508' title='bbox 1212 3510 1508 3582; x_wconf 83' lang='lat' dir='ltr'><strong>Scripturae</strong></span> <span class='ocrx_word' id='word_1_509' title='bbox 1543 3522 1745 3569; x_wconf 65' lang='lat' dir='ltr'><strong>sanctae</strong></span> 
     </span>
    </p>
   </div>
   <div class='ocr_carea' id='block_1_65' title="bbox 161 3589 1745 3672">
    <p class='ocr_par' dir='ltr' id='par_1_65' title="bbox 161 3589 1745 3672">
     <span class='ocr_line' id='line_1_65' title="bbox 161 3589 1745 3672; baseline 0.012 -30"><span class='ocrx_word' id='word_1_510' title='bbox 161 3589 630 3650; x_wconf 83' lang='lat' dir='ltr'><strong>manifestioribus</strong></span> <span class='ocrx_word' id='word_1_511' title='bbox 657 3595 790 3652; x_wconf 90' lang='lat' dir='ltr'><strong>locis</strong></span> <span class='ocrx_word' id='word_1_512' title='bbox 819 3599 1013 3667; x_wconf 88' lang='lat' dir='ltr'><strong>quibus</strong></span> <span class='ocrx_word' id='word_1_513' title='bbox 1038 3601 1154 3672; x_wconf 91' lang='lat' dir='ltr'><strong>ejus</strong></span> <span class='ocrx_word' id='word_1_514' title='bbox 1181 3602 1486 3658; x_wconf 89' lang='lat' dir='ltr'><strong>obscuritas</strong></span> <span class='ocrx_word' id='word_1_515' title='bbox 1509 3603 1745 3661; x_wconf 82' lang='lat' dir='ltr'><strong>illustre-</strong></span> 
     </span>
    </p>
   </div>
   <div class='ocr_carea' id='block_1_66' title="bbox 161 3687 1744 3757">
    <p class='ocr_par' dir='ltr' id='par_1_66' title="bbox 161 3687 1744 3757">
     <span class='ocr_line' id='line_1_66' title="bbox 161 3687 1744 3757; baseline 0.011 -25"><span class='ocrx_word' id='word_1_516' title='bbox 161 3687 274 3744; x_wconf 91' lang='lat' dir='ltr'><strong>tur,</strong></span> <span class='ocrx_word' id='word_1_517' title='bbox 306 3690 361 3735; x_wconf 90' lang='lat' dir='ltr'><strong>et</strong></span> <span class='ocrx_word' id='word_1_518' title='bbox 390 3697 456 3736; x_wconf 80' lang='lat' dir='ltr'><strong>ex</strong></span> <span class='ocrx_word' id='word_1_519' title='bbox 482 3694 754 3753; x_wconf 73' lang='lat' dir='ltr'><strong>paternae,</strong></span> <span class='ocrx_word' id='word_1_520' title='bbox 801 3697 859 3742; x_wconf 89' lang='lat' dir='ltr'><strong>ut</strong></span> <span class='ocrx_word' id='word_1_521' title='bbox 886 3688 1088 3743; x_wconf 87' lang='lat' dir='ltr'><strong>dictum</strong></span> <span class='ocrx_word' id='word_1_522' title='bbox 1124 3699 1235 3757; x_wconf 90' lang='lat' dir='ltr'><strong>est,</strong></span> <span class='ocrx_word' id='word_1_523' title='bbox 1277 3693 1616 3750; x_wconf 85' lang='lat' dir='ltr'><strong>auctoritatis</strong></span> <span class='ocrx_word' id='word_1_524' title='bbox 1644 3710 1744 3750; x_wconf 82' lang='lat' dir='ltr'><strong>cx-</strong></span> 
     </span>
    </p>
   </div>
   <div class='ocr_carea' id='block_1_67' title="bbox 157 3771 1281 3846">
    <p class='ocr_par' dir='ltr' id='par_1_67' title="bbox 157 3771 1281 3846">
     <span class='ocr_line' id='line_1_67' title="bbox 157 3771 1281 3846; baseline 0.011 -24"><span class='ocrx_word' id='word_1_525' title='bbox 157 3771 542 3838; x_wconf 87' lang='lat' dir='ltr'><strong>positionibus,</strong></span> <span class='ocrx_word' id='word_1_526' title='bbox 574 3783 629 3829; x_wconf 90' lang='lat' dir='ltr'><strong>et</strong></span> <span class='ocrx_word' id='word_1_527' title='bbox 655 3790 722 3830; x_wconf 89' lang='lat' dir='ltr'><strong>ex</strong></span> <span class='ocrx_word' id='word_1_528' title='bbox 753 3777 866 3846; x_wconf 86' lang='lat' dir='ltr'><strong>ipsa</strong></span> <span class='ocrx_word' id='word_1_529' title='bbox 898 3778 1021 3834; x_wconf 88' lang='lat' dir='ltr'><strong>ﬁdei</strong></span> <span class='ocrx_word' id='word_1_530' title='bbox 1053 3780 1281 3838; x_wconf 88' lang='lat' dir='ltr'><strong>ratione.</strong></span> 
     </span>
    </p>
   </div>
   <div class='ocr_carea' id='block_1_68' title="bbox 240 3859 1747 3941">
    <p class='ocr_par' dir='ltr' id='par_1_68' title="bbox 240 3859 1747 3941">
     <span class='ocr_line' id='line_1_68' title="bbox 240 3859 1747 3941; baseline 0.012 -28"><span class='ocrx_word' id='word_1_531' title='bbox 240 3873 267 3900; x_wconf 75' lang='grc' dir='ltr'>ει</span> <span class='ocrx_word' id='word_1_532' title='bbox 293 3859 478 3918; x_wconf 90' lang='lat' dir='ltr'><strong>Primo</strong></span> <span class='ocrx_word' id='word_1_533' title='bbox 503 3864 683 3934; x_wconf 89' lang='lat' dir='ltr'><strong>itaque</strong></span> <span class='ocrx_word' id='word_1_534' title='bbox 720 3867 824 3923; x_wconf 91' lang='lat' dir='ltr'><strong>hoc</strong></span> <span class='ocrx_word' id='word_1_535' title='bbox 847 3868 1135 3926; x_wconf 92' lang='lat' dir='ltr'><strong>dicendum</strong></span> <span class='ocrx_word' id='word_1_536' title='bbox 1165 3873 1307 3941; x_wconf 91' lang='lat' dir='ltr'><strong>quod</strong></span> <span class='ocrx_word' id='word_1_537' title='bbox 1337 3870 1648 3930; x_wconf 89' lang='lat' dir='ltr'><strong>ﬁrmissime</strong></span> <span class='ocrx_word' id='word_1_538' title='bbox 1674 3875 1747 3931; x_wconf 90' lang='lat' dir='ltr'><strong>sit</strong></span> 
     </span>
    </p>
   </div>
   <div class='ocr_carea' id='block_1_69' title="bbox 161 3951 1746 4034">
    <p class='ocr_par' dir='ltr' id='par_1_69' title="bbox 161 3951 1746 4034">
     <span class='ocr_line' id='line_1_69' title="bbox 161 3951 1746 4034; baseline 0.011 -30"><span class='ocrx_word' id='word_1_539' title='bbox 161 3951 520 4019; x_wconf 84' lang='lat' dir='ltr'><strong>credendum,</strong></span> <span class='ocrx_word' id='word_1_540' title='bbox 551 3964 601 4010; x_wconf 91' lang='lat' dir='ltr'><strong>et</strong></span> <span class='ocrx_word' id='word_1_541' title='bbox 626 3957 931 4029; x_wconf 86' lang='lat' dir='ltr'><strong>nullatenus</strong></span> <span class='ocrx_word' id='word_1_542' title='bbox 954 3961 1326 4031; x_wconf 85' lang='lat' dir='ltr'><strong>dubitandum,</strong></span> <span class='ocrx_word' id='word_1_543' title='bbox 1348 3964 1492 4034; x_wconf 90' lang='lat' dir='ltr'><strong>quod</strong></span> <span class='ocrx_word' id='word_1_544' title='bbox 1517 3965 1746 4034; x_wconf 75' lang='lat' dir='ltr'><strong>Aposto-</strong></span> 
     </span>
    </p>
   </div>
   <div class='ocr_carea' id='block_1_70' title="bbox 157 4041 1742 4127">
    <p class='ocr_par' dir='ltr' id='par_1_70' title="bbox 157 4041 1742 4127">
     <span class='ocr_line' id='line_1_70' title="bbox 157 4041 1742 4127; baseline 0.011 -32"><span class='ocrx_word' id='word_1_545' title='bbox 157 4042 248 4096; x_wconf 90' lang='lat' dir='ltr'><strong>lus</strong></span> <span class='ocrx_word' id='word_1_546' title='bbox 277 4041 496 4102; x_wconf 88' lang='lat' dir='ltr'><strong>Christo</strong></span> <span class='ocrx_word' id='word_1_547' title='bbox 525 4046 577 4102; x_wconf 92' lang='lat' dir='ltr'><strong>in</strong></span> <span class='ocrx_word' id='word_1_548' title='bbox 609 4064 667 4104; x_wconf 92' lang='lat' dir='ltr'><strong>se</strong></span> <span class='ocrx_word' id='word_1_549' title='bbox 697 4049 948 4122; x_wconf 90' lang='lat' dir='ltr'><strong>loquente</strong></span> <span class='ocrx_word' id='word_1_550' title='bbox 991 4062 1220 4110; x_wconf 87' lang='lat' dir='ltr'><strong>testatur</strong></span> <span class='ocrx_word' id='word_1_551' title='bbox 1263 4064 1318 4111; x_wconf 90' lang='lat' dir='ltr'><strong>et</strong></span> <span class='ocrx_word' id='word_1_552' title='bbox 1355 4057 1616 4127; x_wconf 83' lang='lat' dir='ltr'><strong>praedicat</strong></span> <span class='ocrx_word' id='word_1_553' title='bbox 1656 4058 1742 4115; x_wconf 90' lang='lat' dir='ltr'><strong>di-</strong></span> 
     </span>
    </p>
   </div>
   <div class='ocr_carea' id='block_1_71' title="bbox 156 4134 1742 4218">
    <p class='ocr_par' dir='ltr' id='par_1_71' title="bbox 156 4134 1742 4218">
     <span class='ocr_line' id='line_1_71' title="bbox 156 4134 1742 4218; baseline 0.012 -32"><span class='ocrx_word' id='word_1_554' title='bbox 156 4147 294 4187; x_wconf 89' lang='lat' dir='ltr'><strong>cens</strong></span> <span class='ocrx_word' id='word_1_555' title='bbox 320 4134 386 4190; x_wconf 91' lang='lat' dir='ltr'><strong>de</strong></span> <span class='ocrx_word' id='word_1_556' title='bbox 414 4135 524 4193; x_wconf 90' lang='lat' dir='ltr'><strong>Deo</strong></span> <span class='ocrx_word' id='word_1_557' title='bbox 553 4157 565 4192; x_wconf 91' lang='lat'><strong>:</strong></span> <span class='ocrx_word' id='word_1_558' title='bbox 602 4158 621 4192; x_wconf 69' lang='grc'><strong>(</strong></span> <span class='ocrx_word' id='word_1_559' title='bbox 653 4139 753 4208; x_wconf 88' lang='lat' dir='ltr'><strong>Qui</strong></span> <span class='ocrx_word' id='word_1_560' title='bbox 775 4143 891 4199; x_wconf 90' lang='lat' dir='ltr'><strong>vult</strong></span> <span class='ocrx_word' id='word_1_561' title='bbox 915 4159 1105 4202; x_wconf 90' lang='lat' dir='ltr'><strong>omnes</strong></span> <span class='ocrx_word' id='word_1_562' title='bbox 1131 4146 1376 4204; x_wconf 86' lang='lat' dir='ltr'><strong>homines</strong></span> <span class='ocrx_word' id='word_1_563' title='bbox 1402 4148 1580 4205; x_wconf 90' lang='lat' dir='ltr'><strong>salvos</strong></span> <span class='ocrx_word' id='word_1_564' title='bbox 1600 4147 1742 4218; x_wconf 86' lang='lat' dir='ltr'><strong>ﬁeri,</strong></span> 
     </span>
    </p>
   </div>
   <div class='ocr_carea' id='block_1_72' title="bbox 154 4222 1740 4312">
    <p class='ocr_par' dir='ltr' id='par_1_72' title="bbox 154 4222 1740 4312">
     <span class='ocr_line' id='line_1_72' title="bbox 154 4222 1740 4312; baseline 0.013 -35"><span class='ocrx_word' id='word_1_565' title='bbox 154 4230 215 4277; x_wconf 86' lang='lat' dir='ltr'><strong>et</strong></span> <span class='ocrx_word' id='word_1_566' title='bbox 246 4222 313 4276; x_wconf 86' lang='lat' dir='ltr'><strong>ad</strong></span> <span class='ocrx_word' id='word_1_567' title='bbox 344 4227 671 4295; x_wconf 86' lang='lat' dir='ltr'><strong>agnitionem</strong></span> <span class='ocrx_word' id='word_1_568' title='bbox 693 4233 942 4292; x_wconf 89' lang='lat' dir='ltr'><strong>veritatis</strong></span> <span class='ocrx_word' id='word_1_569' title='bbox 967 4238 1150 4293; x_wconf 91' lang='lat' dir='ltr'><strong>venire</strong></span> <span class='ocrx_word' id='word_1_570' title='bbox 1179 4237 1231 4311; x_wconf 89' lang='grc' dir='ltr'><strong>(Ι</strong></span> <span class='ocrx_word' id='word_1_571' title='bbox 1258 4238 1392 4295; x_wconf 90' lang='lat' dir='ltr'><strong>Tim.</strong></span> <span class='ocrx_word' id='word_1_572' title='bbox 1421 4256 1486 4308; x_wconf 90' lang='grc' dir='ltr'><strong>ιι,</strong></span> <span class='ocrx_word' id='word_1_573' title='bbox 1512 4240 1588 4312; x_wconf 86' lang='lat'><strong>4).</strong></span> <span class='ocrx_word' id='word_1_574' title='bbox 1620 4260 1640 4294; x_wconf 77' lang='grc' dir='ltr'><strong>ι</strong></span> <span class='ocrx_word' id='word_1_575' title='bbox 1671 4241 1740 4298; x_wconf 86' lang='lat' dir='ltr'><strong>Et</strong></span> 
     </span>
    </p>
   </div>
   <div class='ocr_carea' id='block_1_73' title="bbox 159 4319 1736 4405">
    <p class='ocr_par' dir='ltr' id='par_1_73' title="bbox 159 4319 1736 4405">
     <span class='ocr_line' id='line_1_73' title="bbox 159 4319 1736 4405; baseline 0.015 -39"><span class='ocrx_word' id='word_1_576' title='bbox 159 4321 341 4368; x_wconf 85' lang='lat' dir='ltr'><strong>tamen</strong></span> <span class='ocrx_word' id='word_1_577' title='bbox 373 4319 715 4376; x_wconf 81' lang='lat' dir='ltr'><strong>manifestum</strong></span> <span class='ocrx_word' id='word_1_578' title='bbox 746 4333 829 4380; x_wconf 91' lang='lat' dir='ltr'><strong>est</strong></span> <span class='ocrx_word' id='word_1_579' title='bbox 856 4343 964 4382; x_wconf 93' lang='lat' dir='ltr'><strong>non</strong></span> <span class='ocrx_word' id='word_1_580' title='bbox 993 4343 1182 4386; x_wconf 92' lang='lat' dir='ltr'><strong>omnes</strong></span> <span class='ocrx_word' id='word_1_581' title='bbox 1207 4331 1436 4400; x_wconf 90' lang='lat' dir='ltr'><strong>salvari,</strong></span> <span class='ocrx_word' id='word_1_582' title='bbox 1468 4349 1592 4390; x_wconf 92' lang='lat' dir='ltr'><strong>cum</strong></span> <span class='ocrx_word' id='word_1_583' title='bbox 1620 4333 1736 4405; x_wconf 89' lang='lat' dir='ltr'><strong>ipsa</strong></span> 
     </span>
    </p>
   </div>
   <div class='ocr_carea' id='block_1_74' title="bbox 160 4399 1744 4491">
    <p class='ocr_par' dir='ltr' id='par_1_74' title="bbox 160 4399 1744 4491">
     <span class='ocr_line' id='line_1_74' title="bbox 160 4399 1744 4491; baseline 0.017 -39"><span class='ocrx_word' id='word_1_584' title='bbox 160 4399 381 4458; x_wconf 74' lang='lat' dir='ltr'><strong>Veritas</strong></span> <span class='ocrx_word' id='word_1_585' title='bbox 411 4407 574 4474; x_wconf 82' lang='lat' dir='ltr'><strong>dicat,</strong></span> <span class='ocrx_word' id='word_1_586' title='bbox 618 4409 934 4472; x_wconf 88' lang='lat' dir='ltr'><strong>discernens</strong></span> <span class='ocrx_word' id='word_1_587' title='bbox 963 4417 1107 4473; x_wconf 87' lang='lat' dir='ltr'><strong>inter</strong></span> <span class='ocrx_word' id='word_1_588' title='bbox 1133 4435 1228 4476; x_wconf 90' lang='lat' dir='ltr'><strong>eos</strong></span> <span class='ocrx_word' id='word_1_589' title='bbox 1257 4422 1348 4491; x_wconf 90' lang='lat' dir='ltr'><strong>qui</strong></span> <span class='ocrx_word' id='word_1_590' title='bbox 1377 4422 1656 4478; x_wconf 84' lang='lat' dir='ltr'><strong>salvantur</strong></span> <span class='ocrx_word' id='word_1_591' title='bbox 1687 4431 1744 4478; x_wconf 84' lang='lat' dir='ltr'><strong>et</strong></span> 
     </span>
    </p>
   </div>
   <div class='ocr_carea' id='block_1_75' title="bbox 157 4491 1736 4584">
    <p class='ocr_par' dir='ltr' id='par_1_75' title="bbox 157 4491 1736 4584">
     <span class='ocr_line' id='line_1_75' title="bbox 157 4491 1736 4584; baseline 0.02 -42"><span class='ocrx_word' id='word_1_592' title='bbox 157 4491 254 4560; x_wconf 85' lang='lat' dir='ltr'><strong>qui</strong></span> <span class='ocrx_word' id='word_1_593' title='bbox 273 4498 728 4558; x_wconf 85' lang='lat' dir='ltr'><strong>condemnamur:</strong></span> <span class='ocrx_word' id='word_1_594' title='bbox 753 4523 770 4556; x_wconf 75' lang='grc' dir='ltr'><strong>ι</strong></span> <span class='ocrx_word' id='word_1_595' title='bbox 798 4505 899 4574; x_wconf 87' lang='lat' dir='ltr'><strong>Qut</strong></span> <span class='ocrx_word' id='word_1_596' title='bbox 917 4511 1208 4567; x_wconf 89' lang='lat' dir='ltr'><strong>crediderit</strong></span> <span class='ocrx_word' id='word_1_597' title='bbox 1225 4522 1281 4568; x_wconf 88' lang='lat' dir='ltr'><strong>et</strong></span> <span class='ocrx_word' id='word_1_598' title='bbox 1294 4513 1598 4584; x_wconf 83' lang='lat' dir='ltr'><strong>baptizatus</strong></span> <span class='ocrx_word' id='word_1_599' title='bbox 1611 4517 1736 4582; x_wconf 86' lang='lat' dir='ltr'><strong>erit,</strong></span> 
     </span>
    </p>
   </div>
   <div class='ocr_carea' id='block_1_76' title="bbox 1845 3323 3420 3400">
    <p class='ocr_par' dir='ltr' id='par_1_76' title="bbox 1845 3323 3420 3400">
     <span class='ocr_line' id='line_1_76' title="bbox 1845 3323 3420 3400; baseline 0.006 -19"><span class='ocrx_word' id='word_1_600' title='bbox 1845 3323 1897 3400; x_wconf 80' lang='lat' dir='ltr'><strong>si</strong></span> <span class='ocrx_word' id='word_1_601' title='bbox 1934 3324 2204 3382; x_wconf 82' lang='lat' dir='ltr'><strong>exaltatus</strong></span> <span class='ocrx_word' id='word_1_602' title='bbox 2248 3325 2400 3384; x_wconf 80' lang='lat' dir='ltr'><strong>fuero</strong></span> <span class='ocrx_word' id='word_1_603' title='bbox 2443 3342 2474 3382; x_wconf 92' lang='lat' dir='ltr'><strong>a</strong></span> <span class='ocrx_word' id='word_1_604' title='bbox 2519 3338 2692 3394; x_wconf 87' lang='lat' dir='ltr'><strong>terra,</strong></span> <span class='ocrx_word' id='word_1_605' title='bbox 2741 3331 2924 3387; x_wconf 88' lang='lat' dir='ltr'><strong>omnia</strong></span> <span class='ocrx_word' id='word_1_606' title='bbox 2971 3333 3184 3389; x_wconf 89' lang='lat' dir='ltr'><strong>traham</strong></span> <span class='ocrx_word' id='word_1_607' title='bbox 3221 3342 3290 3391; x_wconf 82' lang='lat' dir='ltr'><strong>ad</strong></span> <span class='ocrx_word' id='word_1_608' title='bbox 3330 3351 3420 3391; x_wconf 82' lang='lat' dir='ltr'><strong>me</strong></span> 
     </span>
    </p>
   </div>
   <div class='ocr_carea' id='block_1_77' title="bbox 1845 3415 3420 3494">
    <p class='ocr_par' dir='ltr' id='par_1_77' title="bbox 1845 3415 3420 3494">
     <span class='ocr_line' id='line_1_77' title="bbox 1845 3415 3420 3494; baseline 0.009 -24"><span class='ocrx_word' id='word_1_609' title='bbox 1845 3415 2026 3488; x_wconf 84' lang='lat' dir='ltr'><strong>(Joan.</strong></span> <span class='ocrx_word' id='word_1_610' title='bbox 2060 3433 2158 3483; x_wconf 80' lang='lat' dir='ltr'><strong>xu,</strong></span> <span class='ocrx_word' id='word_1_611' title='bbox 2187 3417 2300 3489; x_wconf 74' lang='grc'><strong>52).</strong></span> <span class='ocrx_word' id='word_1_612' title='bbox 2332 3438 2352 3471; x_wconf 74' lang='grc' dir='ltr'><strong>ι</strong></span> <span class='ocrx_word' id='word_1_613' title='bbox 2385 3417 2663 3486; x_wconf 90' lang='lat' dir='ltr'><strong>Quomodo</strong></span> <span class='ocrx_word' id='word_1_614' title='bbox 2688 3422 2830 3478; x_wconf 85' lang='lat' dir='ltr'><strong>enim</strong></span> <span class='ocrx_word' id='word_1_615' title='bbox 2853 3437 2950 3493; x_wconf 90' lang='lat' dir='ltr'><strong>per</strong></span> <span class='ocrx_word' id='word_1_616' title='bbox 2969 3425 3274 3494; x_wconf 90' lang='lat' dir='ltr'><strong>passionem</strong></span> <span class='ocrx_word' id='word_1_617' title='bbox 3293 3442 3420 3483; x_wconf 86' lang='lat' dir='ltr'><strong>cru-</strong></span> 
     </span>
    </p>
   </div>
   <div class='ocr_carea' id='block_1_78' title="bbox 1844 3507 3419 3588">
    <p class='ocr_par' dir='ltr' id='par_1_78' title="bbox 1844 3507 3419 3588">
     <span class='ocr_line' id='line_1_78' title="bbox 1844 3507 3419 3588; baseline 0.008 -27"><span class='ocrx_word' id='word_1_618' title='bbox 1844 3507 1946 3573; x_wconf 90' lang='lat' dir='ltr'><strong>cis,</strong></span> <span class='ocrx_word' id='word_1_619' title='bbox 1988 3508 2043 3562; x_wconf 91' lang='lat' dir='ltr'><strong>in</strong></span> <span class='ocrx_word' id='word_1_620' title='bbox 2081 3522 2185 3577; x_wconf 89' lang='lat' dir='ltr'><strong>qua</strong></span> <span class='ocrx_word' id='word_1_621' title='bbox 2219 3508 2489 3565; x_wconf 85' lang='lat' dir='ltr'><strong>exaltatus</strong></span> <span class='ocrx_word' id='word_1_622' title='bbox 2527 3518 2634 3578; x_wconf 89' lang='lat' dir='ltr'><strong>est,</strong></span> <span class='ocrx_word' id='word_1_623' title='bbox 2678 3512 2857 3566; x_wconf 89' lang='lat' dir='ltr'><strong>omnia</strong></span> <span class='ocrx_word' id='word_1_624' title='bbox 2903 3515 3066 3568; x_wconf 78' lang='lat' dir='ltr'><strong>traxit</strong></span> <span class='ocrx_word' id='word_1_625' title='bbox 3103 3516 3172 3571; x_wconf 89' lang='lat' dir='ltr'><strong>ad</strong></span> <span class='ocrx_word' id='word_1_626' title='bbox 3202 3531 3280 3582; x_wconf 90' lang='lat' dir='ltr'><strong>se,</strong></span> <span class='ocrx_word' id='word_1_627' title='bbox 3323 3519 3419 3588; x_wconf 90' lang='lat' dir='ltr'><strong>qui</strong></span> 
     </span>
    </p>
   </div>
   <div class='ocr_carea' id='block_1_79' title="bbox 1844 3595 3420 3671">
    <p class='ocr_par' dir='ltr' id='par_1_79' title="bbox 1844 3595 3420 3671">
     <span class='ocr_line' id='line_1_79' title="bbox 1844 3595 3420 3671; baseline 0.008 -19"><span class='ocrx_word' id='word_1_628' title='bbox 1844 3595 1972 3653; x_wconf 89' lang='lat' dir='ltr'><strong>alibi</strong></span> <span class='ocrx_word' id='word_1_629' title='bbox 1997 3597 2168 3652; x_wconf 77' lang='lat' dir='ltr'><strong>dicit:</strong></span> <span class='ocrx_word' id='word_1_630' title='bbox 2204 3615 2223 3650; x_wconf 72' lang='grc' dir='ltr'><strong>ε</strong></span> <span class='ocrx_word' id='word_1_631' title='bbox 2244 3596 2412 3654; x_wconf 83' lang='lat' dir='ltr'><strong>Nemo</strong></span> <span class='ocrx_word' id='word_1_632' title='bbox 2449 3607 2629 3670; x_wconf 86' lang='lat' dir='ltr'><strong>potest</strong></span> <span class='ocrx_word' id='word_1_633' title='bbox 2667 3602 2868 3657; x_wconf 78' lang='lat' dir='ltr'><strong>venire‘</strong></span> <span class='ocrx_word' id='word_1_634' title='bbox 2887 3603 2955 3660; x_wconf 88' lang='lat' dir='ltr'><strong>ad</strong></span> <span class='ocrx_word' id='word_1_635' title='bbox 2985 3618 3091 3671; x_wconf 89' lang='lat' dir='ltr'><strong>me,</strong></span> <span class='ocrx_word' id='word_1_636' title='bbox 3122 3605 3227 3662; x_wconf 89' lang='lat' dir='ltr'><strong>nisi</strong></span> <span class='ocrx_word' id='word_1_637' title='bbox 3253 3607 3420 3664; x_wconf 85' lang='lat' dir='ltr'><strong>Pater</strong></span> 
     </span>
    </p>
   </div>
   <div class='ocr_carea' id='block_1_80' title="bbox 1844 3691 3422 3772">
    <p class='ocr_par' dir='ltr' id='par_1_80' title="bbox 1844 3691 3422 3772">
     <span class='ocr_line' id='line_1_80' title="bbox 1844 3691 3422 3772; baseline 0.009 -28"><span class='ocrx_word' id='word_1_638' title='bbox 1844 3691 1938 3761; x_wconf 91' lang='lat' dir='ltr'><strong>qui</strong></span> <span class='ocrx_word' id='word_1_639' title='bbox 1972 3691 2122 3746; x_wconf 90' lang='lat' dir='ltr'><strong>misit</strong></span> <span class='ocrx_word' id='word_1_640' title='bbox 2157 3705 2243 3746; x_wconf 91' lang='lat' dir='ltr'><strong>me</strong></span> <span class='ocrx_word' id='word_1_641' title='bbox 2287 3693 2515 3748; x_wconf 73' lang='lat' dir='ltr'><strong>traxerit</strong></span> <span class='ocrx_word' id='word_1_642' title='bbox 2557 3695 2725 3750; x_wconf 81' lang='lat' dir='ltr'><strong>eum?</strong></span> <span class='ocrx_word' id='word_1_643' title='bbox 2756 3715 2775 3749; x_wconf 72' lang='grc' dir='ltr'><strong>ι</strong></span> <span class='ocrx_word' id='word_1_644' title='bbox 2803 3691 2983 3768; x_wconf 83' lang='lat' dir='ltr'><strong>(Joan.</strong></span> <span class='ocrx_word' id='word_1_645' title='bbox 3017 3715 3088 3763; x_wconf 83' lang='lat' dir='ltr'><strong>vt,</strong></span> <span class='ocrx_word' id='word_1_646' title='bbox 3124 3699 3242 3772; x_wconf 87' lang='lat'><strong>44.)</strong></span> <span class='ocrx_word' id='word_1_647' title='bbox 3265 3703 3422 3769; x_wconf 87' lang='lat' dir='ltr'><strong>Quod</strong></span> 
     </span>
    </p>
   </div>
   <div class='ocr_carea' id='block_1_81' title="bbox 1845 3779 3419 3858">
    <p class='ocr_par' dir='ltr' id='par_1_81' title="bbox 1845 3779 3419 3858">
     <span class='ocr_line' id='line_1_81' title="bbox 1845 3779 3419 3858; baseline 0.01 -23"><span class='ocrx_word' id='word_1_648' title='bbox 1845 3779 2033 3852; x_wconf 89' lang='lat' dir='ltr'><strong>utique</strong></span> <span class='ocrx_word' id='word_1_649' title='bbox 2063 3782 2131 3836; x_wconf 89' lang='lat' dir='ltr'><strong>de</strong></span> <span class='ocrx_word' id='word_1_650' title='bbox 2154 3780 2282 3838; x_wconf 90' lang='lat' dir='ltr'><strong>solis</strong></span> <span class='ocrx_word' id='word_1_651' title='bbox 2314 3781 2560 3840; x_wconf 90' lang='lat' dir='ltr'><strong>ﬁdelibus</strong></span> <span class='ocrx_word' id='word_1_652' title='bbox 2589 3784 2991 3858; x_wconf 85' lang='lat' dir='ltr'><strong>intelligendum</strong></span> <span class='ocrx_word' id='word_1_653' title='bbox 3017 3797 3133 3857; x_wconf 88' lang='lat' dir='ltr'><strong>est;</strong></span> <span class='ocrx_word' id='word_1_654' title='bbox 3173 3792 3268 3848; x_wconf 87' lang='lat' dir='ltr'><strong>sed</strong></span> <span class='ocrx_word' id='word_1_655' title='bbox 3293 3807 3419 3850; x_wconf 83' lang='lat' dir='ltr'><strong>.om-</strong></span> 
     </span>
    </p>
   </div>
   <div class='ocr_carea' id='block_1_82' title="bbox 1845 3871 3420 3954">
    <p class='ocr_par' dir='ltr' id='par_1_82' title="bbox 1845 3871 3420 3954">
     <span class='ocr_line' id='line_1_82' title="bbox 1845 3871 3420 3954; baseline 0.007 -28"><span class='ocrx_word' id='word_1_656' title='bbox 1845 3872 1935 3926; x_wconf 93' lang='lat' dir='ltr'><strong>nia</strong></span> <span class='ocrx_word' id='word_1_657' title='bbox 1971 3871 2040 3927; x_wconf 90' lang='lat' dir='ltr'><strong>ad</strong></span> <span class='ocrx_word' id='word_1_658' title='bbox 2066 3885 2126 3927; x_wconf 92' lang='lat' dir='ltr'><strong>se</strong></span> <span class='ocrx_word' id='word_1_659' title='bbox 2152 3872 2318 3928; x_wconf 89' lang='lat' dir='ltr'><strong>trahit</strong></span> <span class='ocrx_word' id='word_1_660' title='bbox 2345 3873 2438 3943; x_wconf 90' lang='lat' dir='ltr'><strong>qui</strong></span> <span class='ocrx_word' id='word_1_661' title='bbox 2467 3889 2536 3929; x_wconf 83' lang='lat' dir='ltr'><strong>ex</strong></span> <span class='ocrx_word' id='word_1_662' title='bbox 2569 3875 2738 3942; x_wconf 90' lang='lat' dir='ltr'><strong>omni,</strong></span> <span class='ocrx_word' id='word_1_663' title='bbox 2768 3885 2826 3931; x_wconf 93' lang='lat' dir='ltr'><strong>ut</strong></span> <span class='ocrx_word' id='word_1_664' title='bbox 2849 3879 3050 3934; x_wconf 91' lang='lat' dir='ltr'><strong>dictum</strong></span> <span class='ocrx_word' id='word_1_665' title='bbox 3073 3888 3178 3947; x_wconf 90' lang='lat' dir='ltr'><strong>est,</strong></span> <span class='ocrx_word' id='word_1_666' title='bbox 3219 3897 3420 3954; x_wconf 87' lang='lat' dir='ltr'><strong>genere</strong></span> 
     </span>
    </p>
   </div>
   <div class='ocr_carea' id='block_1_83' title="bbox 1848 3963 3423 4042">
    <p class='ocr_par' dir='ltr' id='par_1_83' title="bbox 1848 3963 3423 4042">
     <span class='ocr_line' id='line_1_83' title="bbox 1848 3963 3423 4042; baseline 0.006 -23"><span class='ocrx_word' id='word_1_667' title='bbox 1848 3963 2126 4021; x_wconf 90' lang='lat' dir='ltr'><strong>hominum</strong></span> <span class='ocrx_word' id='word_1_668' title='bbox 2152 3963 2449 4021; x_wconf 86' lang='lat' dir='ltr'><strong>Ecclesiam</strong></span> <span class='ocrx_word' id='word_1_669' title='bbox 2477 3981 2631 4022; x_wconf 91' lang='lat' dir='ltr'><strong>suam</strong></span> <span class='ocrx_word' id='word_1_670' title='bbox 2661 3967 2891 4042; x_wconf 88' lang='lat' dir='ltr'><strong>colligit,</strong></span> <span class='ocrx_word' id='word_1_671' title='bbox 2921 3977 2977 4025; x_wconf 91' lang='lat' dir='ltr'><strong>et</strong></span> <span class='ocrx_word' id='word_1_672' title='bbox 3002 3970 3233 4040; x_wconf 91' lang='lat' dir='ltr'><strong>perﬁcit.</strong></span> <span class='ocrx_word' id='word_1_673' title='bbox 3264 3971 3423 4029; x_wconf 86' lang='lat' dir='ltr'><strong>Sicut</strong></span> 
     </span>
    </p>
   </div>
   <div class='ocr_carea' id='block_1_84' title="bbox 1844 4051 3420 4127">
    <p class='ocr_par' dir='ltr' id='par_1_84' title="bbox 1844 4051 3420 4127">
     <span class='ocr_line' id='line_1_84' title="bbox 1844 4051 3420 4127; baseline 0.008 -18"><span class='ocrx_word' id='word_1_674' title='bbox 1844 4053 2010 4110; x_wconf 90' lang='lat' dir='ltr'><strong>etiam</strong></span> <span class='ocrx_word' id='word_1_675' title='bbox 2038 4053 2166 4111; x_wconf 89' lang='lat' dir='ltr'><strong>illud</strong></span> <span class='ocrx_word' id='word_1_676' title='bbox 2187 4055 2256 4111; x_wconf 89' lang='lat' dir='ltr'><strong>ab</strong></span> <span class='ocrx_word' id='word_1_677' title='bbox 2273 4051 2529 4127; x_wconf 87' lang='lat' dir='ltr'><strong>Apostolo</strong></span> <span class='ocrx_word' id='word_1_678' title='bbox 2548 4054 2750 4114; x_wconf 90' lang='lat' dir='ltr'><strong>dictum</strong></span> <span class='ocrx_word' id='word_1_679' title='bbox 2769 4065 2853 4116; x_wconf 89' lang='lat' dir='ltr'><strong>est</strong></span> <span class='ocrx_word' id='word_1_680' title='bbox 2877 4077 2891 4114; x_wconf 90' lang='lat'><strong>:</strong></span> <span class='ocrx_word' id='word_1_681' title='bbox 2926 4078 2944 4111; x_wconf 74' lang='grc' dir='ltr'><strong>ι</strong></span> <span class='ocrx_word' id='word_1_682' title='bbox 2973 4060 3251 4119; x_wconf 89' lang='lat' dir='ltr'><strong>Conclusit</strong></span> <span class='ocrx_word' id='word_1_683' title='bbox 3272 4063 3420 4121; x_wconf 88' lang='lat' dir='ltr'><strong>enim</strong></span> 
     </span>
    </p>
   </div>
   <div class='ocr_carea' id='block_1_85' title="bbox 1845 4141 3420 4216">
    <p class='ocr_par' dir='ltr' id='par_1_85' title="bbox 1845 4141 3420 4216">
     <span class='ocr_line' id='line_1_85' title="bbox 1845 4141 3420 4216; baseline 0.006 -15"><span class='ocrx_word' id='word_1_684' title='bbox 1845 4141 1988 4202; x_wconf 90' lang='lat' dir='ltr'><strong>Deus</strong></span> <span class='ocrx_word' id='word_1_685' title='bbox 2015 4147 2195 4203; x_wconf 89' lang='lat' dir='ltr'><strong>omnia</strong></span> <span class='ocrx_word' id='word_1_686' title='bbox 2223 4147 2278 4202; x_wconf 91' lang='lat' dir='ltr'><strong>in</strong></span> <span class='ocrx_word' id='word_1_687' title='bbox 2304 4144 2704 4216; x_wconf 89' lang='lat' dir='ltr'><strong>incredulitate,</strong></span> <span class='ocrx_word' id='word_1_688' title='bbox 2735 4155 2796 4205; x_wconf 89' lang='lat' dir='ltr'><strong>ut</strong></span> <span class='ocrx_word' id='word_1_689' title='bbox 2826 4151 3065 4206; x_wconf 91' lang='lat' dir='ltr'><strong>omnium</strong></span> <span class='ocrx_word' id='word_1_690' title='bbox 3096 4153 3420 4210; x_wconf 87' lang='lat' dir='ltr'><strong>misereatur</strong></span> 
     </span>
    </p>
   </div>
   <div class='ocr_carea' id='block_1_86' title="bbox 1846 4236 3420 4312">
    <p class='ocr_par' dir='ltr' id='par_1_86' title="bbox 1846 4236 3420 4312">
     <span class='ocr_line' id='line_1_86' title="bbox 1846 4236 3420 4312; baseline 0.005 -20"><span class='ocrx_word' id='word_1_691' title='bbox 1846 4236 2023 4312; x_wconf 87' lang='lat' dir='ltr'><strong>(Rom.</strong></span> <span class='ocrx_word' id='word_1_692' title='bbox 2053 4252 2130 4306; x_wconf 74' lang='grc' dir='ltr'><strong>ιι,</strong></span> <span class='ocrx_word' id='word_1_693' title='bbox 2159 4237 2273 4310; x_wconf 74' lang='lat'><strong>32),</strong></span> <span class='ocrx_word' id='word_1_694' title='bbox 2302 4258 2321 4291; x_wconf 76' lang='grc' dir='ltr'><strong>ι</strong></span> <span class='ocrx_word' id='word_1_695' title='bbox 2361 4239 2629 4310; x_wconf 89' lang='lat' dir='ltr'><strong>quomodo</strong></span> <span class='ocrx_word' id='word_1_696' title='bbox 2667 4241 2810 4296; x_wconf 90' lang='lat' dir='ltr'><strong>enim</strong></span> <span class='ocrx_word' id='word_1_697' title='bbox 2847 4243 3084 4299; x_wconf 90' lang='lat' dir='ltr'><strong>omnium</strong></span> <span class='ocrx_word' id='word_1_698' title='bbox 3128 4245 3420 4302; x_wconf 88' lang='lat' dir='ltr'><strong>miseretur</strong></span> 
     </span>
    </p>
   </div>
   <div class='ocr_carea' id='block_1_87' title="bbox 1844 4329 3420 4402">
    <p class='ocr_par' dir='ltr' id='par_1_87' title="bbox 1844 4329 3420 4402">
     <span class='ocr_line' id='line_1_87' title="bbox 1844 4329 3420 4402; baseline 0.003 -16"><span class='ocrx_word' id='word_1_699' title='bbox 1844 4339 2047 4388; x_wconf 67' lang='lat' dir='ltr'><strong>aeterna</strong></span> <span class='ocrx_word' id='word_1_700' title='bbox 2088 4329 2178 4385; x_wconf 92' lang='lat' dir='ltr'><strong>illa</strong></span> <span class='ocrx_word' id='word_1_701' title='bbox 2216 4329 2588 4398; x_wconf 91' lang='lat' dir='ltr'><strong>miseratione,</strong></span> <span class='ocrx_word' id='word_1_702' title='bbox 2631 4345 2737 4402; x_wconf 89' lang='lat' dir='ltr'><strong>qua</strong></span> <span class='ocrx_word' id='word_1_703' title='bbox 2771 4331 2972 4389; x_wconf 91' lang='lat' dir='ltr'><strong>electos</strong></span> <span class='ocrx_word' id='word_1_704' title='bbox 2997 4349 3126 4391; x_wconf 92' lang='lat' dir='ltr'><strong>suos</strong></span> <span class='ocrx_word' id='word_1_705' title='bbox 3177 4354 3196 4388; x_wconf 73' lang='grc' dir='ltr'><strong>ι</strong></span> <span class='ocrx_word' id='word_1_706' title='bbox 3253 4336 3420 4392; x_wconf 84' lang='lat' dir='ltr'><strong>Coro-</strong></span> 
     </span>
    </p>
   </div>
   <div class='ocr_carea' id='block_1_88' title="bbox 1844 4419 3414 4498">
    <p class='ocr_par' dir='ltr' id='par_1_88' title="bbox 1844 4419 3414 4498">
     <span class='ocr_line' id='line_1_88' title="bbox 1844 4419 3414 4498; baseline 0.003 -24"><span class='ocrx_word' id='word_1_707' title='bbox 1844 4430 1938 4476; x_wconf 89' lang='lat' dir='ltr'><strong>nat</strong></span> <span class='ocrx_word' id='word_1_708' title='bbox 1967 4419 2355 4498; x_wconf 84' lang='lat' dir='ltr'><strong>misericordia,</strong></span> <span class='ocrx_word' id='word_1_709' title='bbox 2400 4429 2456 4477; x_wconf 92' lang='lat' dir='ltr'><strong>et</strong></span> <span class='ocrx_word' id='word_1_710' title='bbox 2490 4421 2928 4479; x_wconf 88' lang='lat' dir='ltr'><strong>miserationibus</strong></span> <span class='ocrx_word' id='word_1_711' title='bbox 2958 4422 3131 4495; x_wconf 73' lang='lat' dir='ltr'><strong>(Psal.</strong></span> <span class='ocrx_word' id='word_1_712' title='bbox 3158 4440 3254 4492; x_wconf 82' lang='lat' dir='ltr'><strong>cu,</strong></span> <span class='ocrx_word' id='word_1_713' title='bbox 3281 4425 3361 4497; x_wconf 69' lang='grc' dir='ltr'>ι),</span> <span class='ocrx_word' id='word_1_714' title='bbox 3393 4445 3414 4478; x_wconf 76' lang='grc' dir='ltr'><strong>ι</strong></span> 
     </span>
    </p>
   </div>
   <div class='ocr_carea' id='block_1_89' title="bbox 1841 4507 3410 4586">
    <p class='ocr_par' dir='ltr' id='par_1_89' title="bbox 1841 4507 3410 4586">
     <span class='ocr_line' id='line_1_89' title="bbox 1841 4507 3410 4586; baseline 0.005 -20"><span class='ocrx_word' id='word_1_715' title='bbox 1841 4513 1932 4584; x_wconf 92' lang='lat' dir='ltr'><strong>qui</strong></span> <span class='ocrx_word' id='word_1_716' title='bbox 1960 4507 2172 4567; x_wconf 87' lang='lat' dir='ltr'><strong>occulta</strong></span> <span class='ocrx_word' id='word_1_717' title='bbox 2196 4511 2546 4582; x_wconf 89' lang='lat' dir='ltr'><strong>dispositione</strong></span> <span class='ocrx_word' id='word_1_718' title='bbox 2566 4512 2754 4583; x_wconf 90' lang='lat' dir='ltr'><strong>judicii</strong></span> <span class='ocrx_word' id='word_1_719' title='bbox 2781 4514 2883 4578; x_wconf 91' lang='lat' dir='ltr'><strong>sui,</strong></span> <span class='ocrx_word' id='word_1_720' title='bbox 2919 4532 2937 4565; x_wconf 72' lang='grc' dir='ltr'><strong><em>ο</em></strong></span> <span class='ocrx_word' id='word_1_721' title='bbox 2966 4513 3131 4586; x_wconf 90' lang='lat' dir='ltr'><strong>Cujus</strong></span> <span class='ocrx_word' id='word_1_722' title='bbox 3164 4517 3282 4572; x_wconf 89' lang='lat' dir='ltr'><strong>vult</strong></span> <span class='ocrx_word' id='word_1_723' title='bbox 3305 4518 3410 4574; x_wconf 87' lang='lat' dir='ltr'><strong>mi-</strong></span> 
     </span>
    </p>
   </div>
   <div class='ocr_carea' id='block_1_90' title="bbox 1092 4643 2467 4708">
    <p class='ocr_par' dir='ltr' id='par_1_90' title="bbox 1092 4643 2467 4708">
     <span class='ocr_line' id='line_1_90' title="bbox 1092 4643 2467 4708; baseline 0.002 -10"><span class='ocrx_word' id='word_1_724' title='bbox 1092 4643 1300 4702; x_wconf 65' lang='grc' dir='ltr'><strong>ΝΟΤᾸΕ</strong></span> <span class='ocrx_word' id='word_1_725' title='bbox 1342 4647 1668 4708; x_wconf 80' lang='lat' dir='ltr'><strong>DUVALLII</strong></span> <span class='ocrx_word' id='word_1_726' title='bbox 1707 4645 2049 4707; x_wconf 80' lang='lat' dir='ltr'><strong>DOCTORIS</strong></span> <span class='ocrx_word' id='word_1_727' title='bbox 2086 4645 2467 4704; x_wconf 84' lang='lat' dir='ltr'><strong>SORBONICI.</strong></span> 
     </span>
    </p>
   </div>
   <div class='ocr_carea' id='block_1_91' title="bbox 228 4745 3417 4847">
    <p class='ocr_par' dir='ltr' id='par_1_91' title="bbox 228 4745 3417 4847">
     <span class='ocr_line' id='line_1_91' title="bbox 228 4745 3417 4847; baseline 0.009 -48"><span class='ocrx_word' id='word_1_728' title='bbox 228 4759 280 4847; x_wconf 46' lang='grc' dir='ltr'><strong>ἒς</strong></span> <span class='ocrx_word' id='word_1_729' title='bbox 296 4745 536 4847; x_wconf 49' lang='grc' dir='ltr'>ῼυὲιξιιῼιδ</span> <span class='ocrx_word' id='word_1_730' title='bbox 555 4753 1165 4847; x_wconf 44' lang='lat' dir='ltr'><strong>explicationesvprofe‘rt</strong></span> <span class='ocrx_word' id='word_1_731' title='bbox 1193 4746 1575 4847; x_wconf 41' lang='lat' dir='ltr'><strong>propositio-nis</strong></span> <span class='ocrx_word' id='word_1_732' title='bbox 1599 4766 1742 4847; x_wconf 71' lang='lat' dir='ltr'><strong>Apo-</strong></span> <span class='ocrx_word' id='word_1_733' title='bbox 1767 4767 1818 4828; x_wconf 83' lang='lat' dir='ltr'><strong>l)</strong></span> <span class='ocrx_word' id='word_1_734' title='bbox 1843 4762 2099 4847; x_wconf 87' lang='lat' dir='ltr'><strong>ptioneet</strong></span> <span class='ocrx_word' id='word_1_735' title='bbox 2111 4761 2324 4847; x_wconf 51' lang='lat' dir='ltr'><strong>gratia,</strong></span> <span class='ocrx_word' id='word_1_736' title='bbox 2351 4777 2469 4844; x_wconf 60' lang='lat' dir='ltr'><strong>cap.</strong></span> <span class='ocrx_word' id='word_1_737' title='bbox 2494 4763 2559 4847; x_wconf 71' lang='lat' dir='ltr'><strong>l4</strong></span> <span class='ocrx_word' id='word_1_738' title='bbox 2579 4772 2635 4818; x_wconf 93' lang='lat' dir='ltr'><strong>et</strong></span> <span class='ocrx_word' id='word_1_739' title='bbox 2651 4763 2842 4847; x_wconf 55' lang='lat' dir='ltr'><strong>22;&quot;de</strong></span> <span class='ocrx_word' id='word_1_740' title='bbox 2864 4763 3044 4847; x_wconf 75' lang='lat' dir='ltr'><strong>Civit.,</strong></span> <span class='ocrx_word' id='word_1_741' title='bbox 3070 4782 3189 4847; x_wconf 76' lang='lat' dir='ltr'><strong>cap.</strong></span> <span class='ocrx_word' id='word_1_742' title='bbox 3218 4771 3251 4847; x_wconf 52' lang='grc' dir='ltr'>ξ</span> <span class='ocrx_word' id='word_1_743' title='bbox 3270 4779 3324 4826; x_wconf 91' lang='lat' dir='ltr'><strong>et</strong></span> <span class='ocrx_word' id='word_1_744' title='bbox 3346 4771 3417 4836; x_wconf 78' lang='lat'><strong>2;</strong></span> 
     </span>
    </p>
   </div>
   <div class='ocr_carea' id='block_1_92' title="bbox 151 4815 1745 4907">
    <p class='ocr_par' dir='ltr' id='par_1_92' title="bbox 151 4815 1742 4907">
     <span class='ocr_line' id='line_1_92' title="bbox 151 4815 1742 4907; baseline 0.014 -37"><span class='ocrx_word' id='word_1_745' title='bbox 151 4815 282 4907; x_wconf 72' lang='lat' dir='ltr'><strong>stoli</strong></span> <span class='ocrx_word' id='word_1_746' title='bbox 309 4817 330 4870; x_wconf 90' lang='grc' dir='ltr'><strong>ι</strong></span> <span class='ocrx_word' id='word_1_747' title='bbox 365 4819 434 4907; x_wconf 66' lang='lat' dir='ltr'><strong>ad</strong></span> <span class='ocrx_word' id='word_1_748' title='bbox 462 4815 695 4907; x_wconf 65' lang='lat' dir='ltr'><strong>Timoth.</strong></span> <span class='ocrx_word' id='word_1_749' title='bbox 718 4843 809 4907; x_wconf 40' lang='grc' dir='ltr'>,ιιι</span> <span class='ocrx_word' id='word_1_750' title='bbox 844 4847 884 4907; x_wconf 40' lang='grc' dir='ltr'>ι.</span> <span class='ocrx_word' id='word_1_751' title='bbox 916 4815 1048 4907; x_wconf 39' lang='grc' dir='ltr'>,νὐιί</span> <span class='ocrx_word' id='word_1_752' title='bbox 1085 4815 1244 4907; x_wconf 18' lang='lat' dir='ltr'><strong>Deu&#39;sv</strong></span> <span class='ocrx_word' id='word_1_753' title='bbox 1267 4815 1742 4907; x_wconf 57' lang='lat' dir='ltr'><strong>biﬁﬁé&#39;é&#39;iiiiiﬁiaés</strong></span> 
     </span>
    </p>
   </div>
   <div class='ocr_carea' id='block_1_93' title="bbox 1850 4815 3416 4907">
    <p class='ocr_par' dir='ltr' id='par_1_93' title="bbox 1850 4815 3416 4907">
     <span class='ocr_line' id='line_1_93' title="bbox 1850 4815 3416 4907; baseline 0.005 -19"><span class='ocrx_word' id='word_1_754' title='bbox 1850 4815 1946 4888; x_wconf 71' lang='lat' dir='ltr'><strong>hec</strong></span> <span class='ocrx_word' id='word_1_755' title='bbox 1976 4815 2081 4907; x_wconf 62' lang='lat' dir='ltr'><strong>non</strong></span> <span class='ocrx_word' id='word_1_756' title='bbox 2111 4815 2173 4884; x_wconf 70' lang='grc' dir='ltr'><strong>Ι).</strong></span> <span class='ocrx_word' id='word_1_757' title='bbox 2203 4815 2516 4907; x_wconf 59' lang='grc' dir='ltr'><strong>Τὴόηξςιῖἰιι</strong></span> <span class='ocrx_word' id='word_1_758' title='bbox 2536 4815 2720 4907; x_wconf 71' lang='grc' dir='ltr'><strong>1οᾷιῆ</strong></span> <span class='ocrx_word' id='word_1_759' title='bbox 2738 4815 3189 4907; x_wconf 52' lang='grc' dir='ltr'><strong>’ίιῐιῐιγῖᾼῶεῐόιῖξ</strong></span> <span class='ocrx_word' id='word_1_760' title='bbox 3213 4815 3416 4907; x_wconf 71' lang='grc' dir='ltr'><strong>ῥιῖᾶνῖιὶ</strong></span> 
     </span>
    </p>
   </div>
   <div class='ocr_carea' id='block_1_94' title="bbox 151 4887 1734 4976">
    <p class='ocr_par' dir='ltr' id='par_1_94' title="bbox 151 4887 1734 4976">
     <span class='ocr_line' id='line_1_94' title="bbox 151 4887 1734 4976; baseline 0.014 -38"><span class='ocrx_word' id='word_1_761' title='bbox 151 4887 349 4976; x_wconf 35' lang='lat' dir='ltr'><strong>alvos</strong></span> <span class='ocrx_word' id='word_1_762' title='bbox 364 4887 560 4976; x_wconf 75' lang='lat' dir='ltr'><strong>l‘acere,</strong></span> <span class='ocrx_word' id='word_1_763' title='bbox 585 4903 641 4948; x_wconf 91' lang='lat' dir='ltr'><strong>et</strong></span> <span class='ocrx_word' id='word_1_764' title='bbox 667 4895 734 4950; x_wconf 87' lang='lat' dir='ltr'><strong>ad</strong></span> <span class='ocrx_word' id='word_1_765' title='bbox 765 4899 1089 4976; x_wconf 81' lang='lat' dir='ltr'><strong>agnitionem</strong></span> <span class='ocrx_word' id='word_1_766' title='bbox 1116 4887 1734 4976; x_wconf 52' lang='lat' dir='ltr'><strong>veritatis’ﬁérééiiiiél&#39;;</strong></span> 
     </span>
    </p>
   </div>
   <div class='ocr_carea' id='block_1_95' title="bbox 152 4955 1738 5047">
    <p class='ocr_par' dir='ltr' id='par_1_95' title="bbox 152 4955 1738 5047">
     <span class='ocr_line' id='line_1_95' title="bbox 152 4955 1738 5047; baseline 0.015 -39"><span class='ocrx_word' id='word_1_767' title='bbox 152 4955 296 5038; x_wconf 61' lang='lat' dir='ltr'><strong>Tres</strong></span> <span class='ocrx_word' id='word_1_768' title='bbox 323 4955 896 5047; x_wconf 9' lang='lat' dir='ltr'><strong>prioresircommen‘glat</strong></span> <span class='ocrx_word' id='word_1_769' title='bbox 930 4979 984 5025; x_wconf 92' lang='lat' dir='ltr'><strong>et</strong></span> <span class='ocrx_word' id='word_1_770' title='bbox 1011 4955 1738 5047; x_wconf 27' lang='lat' dir='ltr'><strong>quartani-anijiitimuPel&#39;a-1</strong></span> 
     </span>
    </p>
   </div>
   <div class='ocr_carea' id='block_1_96' title="bbox 152 5027 1738 5126">
    <p class='ocr_par' dir='ltr' id='par_1_96' title="bbox 152 5027 1738 5126">
     <span class='ocr_line' id='line_1_96' title="bbox 152 5027 1738 5126; baseline 0.011 -44"><span class='ocrx_word' id='word_1_771' title='bbox 152 5027 747 5126; x_wconf 42' lang='lat' dir='ltr'><strong>=(anulequat.</strong></span> <span class='ocrx_word' id='word_1_772' title='bbox 771 5027 1138 5126; x_wconf 51' lang='lat' dir='ltr'><strong>Xerum&#39;licet</strong></span> <span class='ocrx_word' id='word_1_773' title='bbox 1160 5027 1738 5126; x_wconf 28' lang='lat' dir='ltr'><strong>primaﬂs&#39;iltxu-gus&#39;tgini</strong></span> 
     </span>
    </p>
   </div>
   <div class='ocr_carea' id='block_1_97' title="bbox 153 5096 1738 5187">
    <p class='ocr_par' dir='ltr' id='par_1_97' title="bbox 153 5096 1738 5187">
     <span class='ocr_line' id='line_1_97' title="bbox 153 5096 1738 5187; baseline 0.013 -37"><span class='ocrx_word' id='word_1_774' title='bbox 153 5096 727 5187; x_wconf 33' lang='lat' dir='ltr'><strong>inP_nc_lgtiridio,‘cap.</strong></span> <span class='ocrx_word' id='word_1_775' title='bbox 765 5107 891 5173; x_wconf 80' lang='grc'><strong>103,</strong></span> <span class='ocrx_word' id='word_1_776' title='bbox 929 5096 1738 5187; x_wconf 55' lang='lat' dir='ltr'><strong>nihiib&#39;mﬁiug&quot;pEdbiéE°BI.}ﬁ§</strong></span> 
     </span>
    </p>
   </div>
   <div class='ocr_carea' id='block_1_98' title="bbox 156 5167 1734 5252">
    <p class='ocr_par' dir='ltr' id='par_1_98' title="bbox 156 5167 1734 5252">
     <span class='ocr_line' id='line_1_98' title="bbox 156 5167 1734 5252; baseline 0.015 -34"><span class='ocrx_word' id='word_1_777' title='bbox 156 5167 417 5252; x_wconf 61' lang='lat' dir='ltr'><strong>temporis</strong></span> <span class='ocrx_word' id='word_1_778' title='bbox 438 5167 722 5252; x_wconf 65' lang='lat' dir='ltr'><strong>haereticos</strong></span> <span class='ocrx_word' id='word_1_779' title='bbox 744 5167 1033 5252; x_wconf 78' lang='lat' dir='ltr'><strong>parumper</strong></span> <span class='ocrx_word' id='word_1_780' title='bbox 1050 5192 1132 5238; x_wconf 87' lang='lat' dir='ltr'><strong>est</strong></span> <span class='ocrx_word' id='word_1_781' title='bbox 1151 5167 1734 5252; x_wconf 53' lang='lat' dir='ltr'><strong>petiictiib‘sal&#39;uiéiﬁiﬁ</strong></span> 
     </span>
    </p>
   </div>
   <div class='ocr_carea' id='block_1_99' title="bbox 155 5245 1736 5358">
    <p class='ocr_par' dir='ltr' id='par_1_99' title="bbox 155 5245 1736 5358">
     <span class='ocr_line' id='line_1_99' title="bbox 155 5245 1736 5358; baseline 0.01 -64"><span class='ocrx_word' id='word_1_782' title='bbox 155 5250 381 5358; x_wconf 63' lang='lat' dir='ltr'><strong>lmrlam</strong></span> <span class='ocrx_word' id='word_1_783' title='bbox 426 5255 577 5295; x_wconf 88' lang='lat' dir='ltr'><strong>suam</strong></span> <span class='ocrx_word' id='word_1_784' title='bbox 628 5245 694 5299; x_wconf 85' lang='lat' dir='ltr'><strong>de</strong></span> <span class='ocrx_word' id='word_1_785' title='bbox 744 5245 1120 5316; x_wconf 81' lang='lat' dir='ltr'><strong>reprobatione</strong></span> <span class='ocrx_word' id='word_1_786' title='bbox 1153 5245 1475 5323; x_wconf 61' lang='lat' dir='ltr'><strong>&#39;opinionem</strong></span> <span class='ocrx_word' id='word_1_787' title='bbox 1526 5264 1736 5313; x_wconf 88' lang='lat' dir='ltr'><strong>astruat</strong></span> 
     </span>
     <span class='ocr_line' id='line_1_100' title="bbox 155 5304 1731 5358; baseline 0 0"><span class='ocrx_word' id='word_1_788' title='bbox 155 5304 230 5358; x_wconf 86' lang='lat' dir='ltr'><strong>Ca</strong></span> <span class='ocrx_word' id='word_1_789' title='bbox 259 5322 413 5358; x_wconf 78' lang='lat' dir='ltr'><strong>vinus</strong></span> <span class='ocrx_word' id='word_1_790' title='bbox 438 5326 532 5358; x_wconf 84' lang='grc' dir='ltr'>ιιι-</span> <span class='ocrx_word' id='word_1_791' title='bbox 568 5313 795 5358; x_wconf 68' lang='lat' dir='ltr'><strong>Instituit-</strong></span> <span class='ocrx_word' id='word_1_792' title='bbox 865 5335 894 5358; x_wconf 75' lang='grc' dir='ltr'><strong>ιι</strong></span> <span class='ocrx_word' id='word_1_793' title='bbox 959 5321 1028 5358; x_wconf 74' lang='lat' dir='ltr'><strong>u</strong></span> <span class='ocrx_word' id='word_1_794' title='bbox 1098 5323 1242 5358; x_wconf 68' lang='lat' dir='ltr'><strong>illam</strong></span> <span class='ocrx_word' id='word_1_795' title='bbox 1273 5325 1400 5358; x_wconf 65' lang='grc' dir='ltr'>,ιςηιρ</span> <span class='ocrx_word' id='word_1_796' title='bbox 1431 5326 1501 5358; x_wconf 70' lang='grc' dir='ltr'><strong>ς...</strong></span> <span class='ocrx_word' id='word_1_797' title='bbox 1537 5328 1731 5358; x_wconf 58' lang='lat' dir='ltr'><strong>:.....n:,</strong></span> 
     </span>
    </p>
   </div>
   <div class='ocr_carea' id='block_1_100' title="bbox 153 5304 1735 5395">
    <p class='ocr_par' dir='ltr' id='par_1_100' title="bbox 153 5304 1735 5395">
     <span class='ocr_line' id='line_1_101' title="bbox 153 5304 1735 5395; baseline -0.006 -5"><span class='ocrx_word' id='word_1_798' title='bbox 153 5304 413 5395; x_wconf 59' lang='grc' dir='ltr'><strong>ἕλξιέῐίξιμε</strong></span> <span class='ocrx_word' id='word_1_799' title='bbox 432 5326 499 5395; x_wconf 68' lang='lat'><strong>,1&quot;</strong></span> <span class='ocrx_word' id='word_1_800' title='bbox 518 5353 532 5378; x_wconf 70' lang='grc' dir='ltr'><strong>ι</strong></span> <span class='ocrx_word' id='word_1_801' title='bbox 567 5304 822 5395; x_wconf 71' lang='grc' dir='ltr'>ιηειξμιιοὶ</span> <span class='ocrx_word' id='word_1_802' title='bbox 865 5304 1504 5395; x_wconf 54' lang='grc' dir='ltr'><strong>ῳιιῖξίιιᾱπῖιῖἱίῖίῖἷῐε</strong></span> <span class='ocrx_word' id='word_1_803' title='bbox 1527 5304 1735 5383; x_wconf 47' lang='lat' dir='ltr'><strong>item:</strong></span> 
     </span>
    </p>
   </div>
   <div class='ocr_carea' id='block_1_101' title="bbox 153 5378 1734 5464">
    <p class='ocr_par' dir='ltr' id='par_1_101' title="bbox 153 5378 1734 5464">
     <span class='ocr_line' id='line_1_102' title="bbox 153 5378 1734 5464; baseline 0.016 -36"><span class='ocrx_word' id='word_1_804' title='bbox 153 5378 389 5464; x_wconf 65' lang='lat' dir='ltr'><strong>gentiam</strong></span> <span class='ocrx_word' id='word_1_805' title='bbox 416 5381 482 5436; x_wconf 93' lang='lat' dir='ltr'><strong>de</strong></span> <span class='ocrx_word' id='word_1_806' title='bbox 510 5378 1504 5464; x_wconf 24' lang='lat' dir='ltr'><strong>generibus&quot;scilhzet&#39;singtilorumvpet</strong></span> <span class='ocrx_word' id='word_1_807' title='bbox 1530 5378 1734 5454; x_wconf 70' lang='lat' dir='ltr'><strong>nonde</strong></span> 
     </span>
    </p>
   </div>
   <div class='ocr_carea' id='block_1_102' title="bbox 151 5446 1730 5534">
    <p class='ocr_par' dir='ltr' id='par_1_102' title="bbox 151 5446 1730 5534">
     <span class='ocr_line' id='line_1_103' title="bbox 151 5446 1730 5534; baseline 0.015 -35"><span class='ocrx_word' id='word_1_808' title='bbox 151 5446 384 5534; x_wconf 67' lang='lat' dir='ltr'><strong>singulis</strong></span> <span class='ocrx_word' id='word_1_809' title='bbox 413 5446 664 5534; x_wconf 69' lang='lat' dir='ltr'><strong>generum</strong></span> <span class='ocrx_word' id='word_1_810' title='bbox 694 5469 708 5509; x_wconf 88' lang='lat'><strong>:</strong></span> <span class='ocrx_word' id='word_1_811' title='bbox 740 5457 812 5512; x_wconf 89' lang='lat' dir='ltr'><strong>ita</strong></span> <span class='ocrx_word' id='word_1_812' title='bbox 829 5470 902 5534; x_wconf 81' lang='lat' dir='ltr'><strong>_ut</strong></span> <span class='ocrx_word' id='word_1_813' title='bbox 929 5446 1072 5534; x_wconf 81' lang='lat' dir='ltr'><strong>Deus</strong></span> <span class='ocrx_word' id='word_1_814' title='bbox 1089 5446 1171 5518; x_wconf 52' lang='lat' dir='ltr'><strong>’e’i’</strong></span> <span class='ocrx_word' id='word_1_815' title='bbox 1187 5446 1512 5533; x_wconf 58' lang='lat' dir='ltr'><strong>muni—sexu,</strong></span> <span class='ocrx_word' id='word_1_816' title='bbox 1532 5446 1730 5534; x_wconf 42' lang='lat' dir='ltr'><strong>“tritate,</strong></span> 
     </span>
    </p>
   </div>
   <div class='ocr_carea' id='block_1_103' title="bbox 149 5519 1733 5598">
    <p class='ocr_par' dir='ltr' id='par_1_103' title="bbox 149 5519 1733 5598">
     <span class='ocr_line' id='line_1_104' title="bbox 149 5519 1733 5598; baseline 0.016 -29"><span class='ocrx_word' id='word_1_817' title='bbox 149 5519 466 5598; x_wconf 68' lang='lat' dir='ltr'><strong>conditione</strong></span> <span class='ocrx_word' id='word_1_818' title='bbox 492 5531 546 5576; x_wconf 90' lang='lat' dir='ltr'><strong>et</strong></span> <span class='ocrx_word' id='word_1_819' title='bbox 573 5531 714 5578; x_wconf 85' lang='lat' dir='ltr'><strong>statu</strong></span> <span class='ocrx_word' id='word_1_820' title='bbox 737 5569 750 5591; x_wconf 91' lang='lat'><strong>,</strong></span> <span class='ocrx_word' id='word_1_821' title='bbox 797 5528 1006 5598; x_wconf 90' lang='lat' dir='ltr'><strong>aliquos</strong></span> <span class='ocrx_word' id='word_1_822' title='bbox 1033 5519 1529 5592; x_wconf 35' lang='lat' dir='ltr'><strong>duntaxatsalvtmre</strong></span> <span class='ocrx_word' id='word_1_823' title='bbox 1551 5519 1733 5594; x_wconf 61' lang='lat' dir='ltr'><strong>value:</strong></span> 
     </span>
    </p>
   </div>
   <div class='ocr_carea' id='block_1_104' title="bbox 148 5594 1732 5679">
    <p class='ocr_par' dir='ltr' id='par_1_104' title="bbox 148 5594 1732 5679">
     <span class='ocr_line' id='line_1_105' title="bbox 148 5594 1732 5679; baseline 0.016 -40"><span class='ocrx_word' id='word_1_824' title='bbox 148 5594 248 5679; x_wconf 65' lang='lat' dir='ltr'><strong>rit,</strong></span> <span class='ocrx_word' id='word_1_825' title='bbox 281 5603 378 5679; x_wconf 69' lang='lat' dir='ltr'><strong>nos</strong></span> <span class='ocrx_word' id='word_1_826' title='bbox 403 5599 814 5679; x_wconf 49' lang='lat' dir='ltr'><strong>tamen‘omnes</strong></span> <span class='ocrx_word' id='word_1_827' title='bbox 851 5594 906 5654; x_wconf 77' lang='lat' dir='ltr'><strong>ei</strong></span> <span class='ocrx_word' id='word_1_828' title='bbox 945 5603 1494 5679; x_wconf 63' lang='lat' dir='ltr'><strong>si_ngulos.__SeQUItda</strong></span> <span class='ocrx_word' id='word_1_829' title='bbox 1527 5610 1732 5679; x_wconf 86' lang='lat' dir='ltr'><strong>pariter</strong></span> 
     </span>
    </p>
   </div>
   <div class='ocr_carea' id='block_1_105' title="bbox 149 5658 1733 5750">
    <p class='ocr_par' dir='ltr' id='par_1_105' title="bbox 149 5658 1733 5750">
     <span class='ocr_line' id='line_1_106' title="bbox 149 5658 1733 5750; baseline 0.019 -43"><span class='ocrx_word' id='word_1_830' title='bbox 149 5658 552 5750; x_wconf 49' lang='grc' dir='ltr'><strong>εξιιριιξυξξίιεξ</strong></span> <span class='ocrx_word' id='word_1_831' title='bbox 586 5664 704 5721; x_wconf 92' lang='lat' dir='ltr'><strong>loco</strong></span> <span class='ocrx_word' id='word_1_832' title='bbox 747 5669 914 5750; x_wconf 73' lang='lat' dir='ltr'><strong>citato</strong></span> <span class='ocrx_word' id='word_1_833' title='bbox 961 5658 1277 5750; x_wconf 58' lang='lat' dir='ltr'><strong>Enchiridii,</strong></span> <span class='ocrx_word' id='word_1_834' title='bbox 1298 5658 1733 5750; x_wconf 56' lang='grc' dir='ltr'><strong>ῖδῖόξβεῖἶὶὠέ</strong></span> 
     </span>
    </p>
   </div>
   <div class='ocr_carea' id='block_1_106' title="bbox 152 5726 1732 5818">
    <p class='ocr_par' dir='ltr' id='par_1_106' title="bbox 152 5726 1732 5818">
     <span class='ocr_line' id='line_1_107' title="bbox 152 5726 1732 5818; baseline 0.018 -41"><span class='ocrx_word' id='word_1_835' title='bbox 152 5726 415 5818; x_wconf 40' lang='grc' dir='ltr'>ἕξειὲξιί</span> <span class='ocrx_word' id='word_1_836' title='bbox 433 5731 686 5818; x_wconf 55' lang='lat' dir='ltr'><strong>[inlinle</strong></span> <span class='ocrx_word' id='word_1_837' title='bbox 707 5748 816 5818; x_wconf 23' lang='grc' dir='ltr'>...ει</span> <span class='ocrx_word' id='word_1_838' title='bbox 845 5740 899 5818; x_wconf 76' lang='lat' dir='ltr'><strong>in</strong></span> <span class='ocrx_word' id='word_1_839' title='bbox 928 5726 1278 5818; x_wconf 65' lang='lat' dir='ltr'><strong>responsione</strong></span> <span class='ocrx_word' id='word_1_840' title='bbox 1304 5726 1592 5805; x_wconf 54' lang='lat' dir='ltr'><strong>(Iciiia&#39;éa</strong></span> <span class='ocrx_word' id='word_1_841' title='bbox 1616 5726 1732 5818; x_wconf 63' lang='lat' dir='ltr'><strong>35i—</strong></span> 
     </span>
    </p>
   </div>
   <div class='ocr_carea' id='block_1_107' title="bbox 148 5798 1732 5889">
    <p class='ocr_par' dir='ltr' id='par_1_107' title="bbox 148 5798 1732 5889">
     <span class='ocr_line' id='line_1_108' title="bbox 148 5798 1732 5889; baseline 0.017 -38"><span class='ocrx_word' id='word_1_842' title='bbox 148 5810 352 5866; x_wconf 80' lang='lat' dir='ltr'><strong>scopos</strong></span> <span class='ocrx_word' id='word_1_843' title='bbox 376 5798 578 5858; x_wconf 70' lang='lat' dir='ltr'><strong>Gallim.</strong></span> <span class='ocrx_word' id='word_1_844' title='bbox 611 5798 790 5864; x_wconf 80' lang='lat' dir='ltr'><strong>Tertia</strong></span> <span class='ocrx_word' id='word_1_845' title='bbox 833 5798 1072 5880; x_wconf 71' lang='lat' dir='ltr'><strong>ejusdem</strong></span> <span class='ocrx_word' id='word_1_846' title='bbox 1112 5798 1502 5889; x_wconf 61' lang='grc' dir='ltr'><strong>Αίίέίίειίῐιῑέιέ</strong></span> <span class='ocrx_word' id='word_1_847' title='bbox 1525 5798 1732 5878; x_wconf 67' lang='lat' dir='ltr'><strong>EoEr&#39;é-</strong></span> 
     </span>
    </p>
   </div>
   <div class='ocr_carea' id='block_1_108' title="bbox 1843 4901 3418 4977">
    <p class='ocr_par' dir='ltr' id='par_1_108' title="bbox 1843 4901 3418 4977">
     <span class='ocr_line' id='line_1_109' title="bbox 1843 4901 3418 4977; baseline 0.005 -19"><span class='ocrx_word' id='word_1_848' title='bbox 1843 4917 1908 4977; x_wconf 82' lang='lat' dir='ltr'><strong>eo</strong></span> <span class='ocrx_word' id='word_1_849' title='bbox 1933 4901 2092 4977; x_wconf 78' lang='lat' dir='ltr'><strong>modo</strong></span> <span class='ocrx_word' id='word_1_850' title='bbox 2119 4916 2227 4970; x_wconf 90' lang='lat' dir='ltr'><strong>quo</strong></span> <span class='ocrx_word' id='word_1_851' title='bbox 2253 4903 2555 4973; x_wconf 84' lang='lat' dir='ltr'><strong>explicatur</strong></span> <span class='ocrx_word' id='word_1_852' title='bbox 2581 4905 2650 4958; x_wconf 89' lang='lat' dir='ltr'><strong>ah</strong></span> <span class='ocrx_word' id='word_1_853' title='bbox 2672 4905 2912 4977; x_wconf 68' lang='lat' dir='ltr'><strong>Ecclesia</strong></span> <span class='ocrx_word' id='word_1_854' title='bbox 2941 4901 3282 4977; x_wconf 61' lang='lat' dir='ltr'><strong>[lugdunensi</strong></span> <span class='ocrx_word' id='word_1_855' title='bbox 3317 4927 3418 4966; x_wconf 83' lang='lat' dir='ltr'><strong>ex-</strong></span> 
     </span>
    </p>
   </div>
   <div class='ocr_carea' id='block_1_109' title="bbox 1841 4971 3419 5049">
    <p class='ocr_par' dir='ltr' id='par_1_109' title="bbox 1841 4971 3419 5049">
     <span class='ocr_line' id='line_1_110' title="bbox 1841 4971 3419 5049; baseline 0.01 -26"><span class='ocrx_word' id='word_1_856' title='bbox 1841 4971 2103 5042; x_wconf 91' lang='lat' dir='ltr'><strong>plodenda</strong></span> <span class='ocrx_word' id='word_1_857' title='bbox 2127 4979 2247 5049; x_wconf 76' lang='lat' dir='ltr'><strong>est:</strong></span> <span class='ocrx_word' id='word_1_858' title='bbox 2273 4971 2492 5049; x_wconf 78' lang='lat' dir='ltr'><strong>certum</strong></span> <span class='ocrx_word' id='word_1_859' title='bbox 2511 4983 2596 5029; x_wconf 89' lang='lat' dir='ltr'><strong>est</strong></span> <span class='ocrx_word' id='word_1_860' title='bbox 2617 4975 2760 5030; x_wconf 88' lang='lat' dir='ltr'><strong>enim</strong></span> <span class='ocrx_word' id='word_1_861' title='bbox 2783 4975 2952 5049; x_wconf 88' lang='lat' dir='ltr'><strong>Deum</strong></span> <span class='ocrx_word' id='word_1_862' title='bbox 2973 4971 3080 5033; x_wconf 73' lang='lat' dir='ltr'><strong>non</strong></span> <span class='ocrx_word' id='word_1_863' title='bbox 3103 4990 3419 5049; x_wconf 78' lang='lat' dir='ltr'><strong>exspeCtare</strong></span> 
     </span>
    </p>
   </div>
   <div class='ocr_carea' id='block_1_110' title="bbox 1843 5041 3491 5118">
    <p class='ocr_par' dir='ltr' id='par_1_110' title="bbox 1843 5041 3491 5118">
     <span class='ocr_line' id='line_1_111' title="bbox 1843 5041 3491 5118; baseline 0.007 -21"><span class='ocrx_word' id='word_1_864' title='bbox 1843 5041 2494 5118; x_wconf 68' lang='lat' dir='ltr'><strong>noslrasvoluntatesvel</strong></span> <span class='ocrx_word' id='word_1_865' title='bbox 2525 5046 2956 5118; x_wconf 86' lang='lat' dir='ltr'><strong>cooperationem</strong></span> <span class='ocrx_word' id='word_1_866' title='bbox 2985 5041 3315 5117; x_wconf 73' lang='lat' dir='ltr'><strong>earumdem,</strong></span> <span class='ocrx_word' id='word_1_867' title='bbox 3359 5063 3420 5108; x_wconf 88' lang='lat' dir='ltr'><strong>ut</strong></span> <span class='ocrx_word' id='word_1_868' title='bbox 3489 5116 3491 5118; x_wconf 29' lang='grc' dir='ltr'><strong>η</strong></span> 
     </span>
    </p>
   </div>
   <div class='ocr_carea' id='block_1_111' title="bbox 1842 5111 3415 5181">
    <p class='ocr_par' dir='ltr' id='par_1_111' title="bbox 1842 5111 3415 5181">
     <span class='ocr_line' id='line_1_112' title="bbox 1842 5111 3415 5181; baseline 0.007 -14"><span class='ocrx_word' id='word_1_869' title='bbox 1842 5111 2158 5181; x_wconf 89' lang='lat' dir='ltr'><strong>simpliciter</strong></span> <span class='ocrx_word' id='word_1_870' title='bbox 2180 5122 2236 5167; x_wconf 90' lang='lat' dir='ltr'><strong>et</strong></span> <span class='ocrx_word' id='word_1_871' title='bbox 2258 5113 2500 5170; x_wconf 89' lang='lat' dir='ltr'><strong>absolute</strong></span> <span class='ocrx_word' id='word_1_872' title='bbox 2515 5111 2758 5171; x_wconf 69' lang='lat' dir='ltr'><strong>nostrum</strong></span> <span class='ocrx_word' id='word_1_873' title='bbox 2770 5117 3010 5172; x_wconf 90' lang='lat' dir='ltr'><strong>omnium</strong></span> <span class='ocrx_word' id='word_1_874' title='bbox 3025 5119 3251 5176; x_wconf 87' lang='lat' dir='ltr'><strong>salutem</strong></span> <span class='ocrx_word' id='word_1_875' title='bbox 3265 5111 3415 5178; x_wconf 80' lang='lat' dir='ltr'><strong>velit.</strong></span> 
     </span>
    </p>
   </div>
   <div class='ocr_carea' id='block_1_112' title="bbox 1844 5180 3414 5251">
    <p class='ocr_par' dir='ltr' id='par_1_112' title="bbox 1844 5180 3414 5251">
     <span class='ocr_line' id='line_1_113' title="bbox 1844 5180 3414 5251; baseline 0.008 -14"><span class='ocrx_word' id='word_1_876' title='bbox 1844 5180 1903 5238; x_wconf 91' lang='lat' dir='ltr'><strong>Si</strong></span> <span class='ocrx_word' id='word_1_877' title='bbox 1933 5180 2109 5237; x_wconf 78' lang='lat' dir='ltr'><strong>tamen</strong></span> <span class='ocrx_word' id='word_1_878' title='bbox 2134 5182 2208 5237; x_wconf 90' lang='lat' dir='ltr'><strong>ita</strong></span> <span class='ocrx_word' id='word_1_879' title='bbox 2236 5195 2556 5251; x_wconf 84' lang='lat' dir='ltr'><strong>exponatur,</strong></span> <span class='ocrx_word' id='word_1_880' title='bbox 2597 5195 2657 5239; x_wconf 91' lang='lat' dir='ltr'><strong>ut</strong></span> <span class='ocrx_word' id='word_1_881' title='bbox 2701 5186 2844 5242; x_wconf 89' lang='lat' dir='ltr'><strong>Deus</strong></span> <span class='ocrx_word' id='word_1_882' title='bbox 2877 5186 3150 5245; x_wconf 90' lang='lat' dir='ltr'><strong>voluntate</strong></span> <span class='ocrx_word' id='word_1_883' title='bbox 3191 5201 3414 5249; x_wconf 89' lang='lat' dir='ltr'><strong>antece-</strong></span> 
     </span>
    </p>
   </div>
   <div class='ocr_carea' id='block_1_113' title="bbox 1841 5251 3416 5326">
    <p class='ocr_par' dir='ltr' id='par_1_113' title="bbox 1841 5251 3416 5326">
     <span class='ocr_line' id='line_1_114' title="bbox 1841 5251 3416 5326; baseline 0.007 -19"><span class='ocrx_word' id='word_1_884' title='bbox 1841 5251 2000 5326; x_wconf 81' lang='lat' dir='ltr'><strong>dente</strong></span> <span class='ocrx_word' id='word_1_885' title='bbox 2027 5267 2218 5326; x_wconf 78' lang='lat' dir='ltr'><strong>omnes</strong></span> <span class='ocrx_word' id='word_1_886' title='bbox 2245 5251 2455 5326; x_wconf 86' lang='lat' dir='ltr'><strong>salvare</strong></span> <span class='ocrx_word' id='word_1_887' title='bbox 2482 5254 2629 5319; x_wconf 80' lang='lat' dir='ltr'><strong>velit,</strong></span> <span class='ocrx_word' id='word_1_888' title='bbox 2659 5257 2784 5326; x_wconf 91' lang='lat' dir='ltr'><strong>quia</strong></span> <span class='ocrx_word' id='word_1_889' title='bbox 2816 5256 3132 5315; x_wconf 71' lang='lat' dir='ltr'><strong>sufﬁcientia</strong></span> <span class='ocrx_word' id='word_1_890' title='bbox 3165 5263 3416 5318; x_wconf 85' lang='lat' dir='ltr'><strong>omnibus</strong></span> 
     </span>
    </p>
   </div>
   <div class='ocr_carea' id='block_1_114' title="bbox 1840 5322 3413 5402">
    <p class='ocr_par' dir='ltr' id='par_1_114' title="bbox 1840 5322 3413 5402">
     <span class='ocr_line' id='line_1_115' title="bbox 1840 5322 3413 5402; baseline 0.008 -25"><span class='ocrx_word' id='word_1_891' title='bbox 1840 5331 1895 5377; x_wconf 93' lang='lat' dir='ltr'><strong>et</strong></span> <span class='ocrx_word' id='word_1_892' title='bbox 1918 5322 2144 5402; x_wconf 67' lang='lat' dir='ltr'><strong>singulis</strong></span> <span class='ocrx_word' id='word_1_893' title='bbox 2173 5325 2442 5402; x_wconf 88' lang='lat' dir='ltr'><strong>media__ad</strong></span> <span class='ocrx_word' id='word_1_894' title='bbox 2471 5322 2699 5402; x_wconf 71' lang='lat' dir='ltr'><strong>salutem</strong></span> <span class='ocrx_word' id='word_1_895' title='bbox 2723 5326 2952 5402; x_wconf 78' lang='lat' dir='ltr'><strong>confert,</strong></span> <span class='ocrx_word' id='word_1_896' title='bbox 2989 5343 3199 5395; x_wconf 89' lang='lat' dir='ltr'><strong>verum,</strong></span> <span class='ocrx_word' id='word_1_897' title='bbox 3244 5332 3413 5402; x_wconf 89' lang='lat' dir='ltr'><strong>pium,</strong></span> 
     </span>
    </p>
   </div>
   <div class='ocr_carea' id='block_1_115' title="bbox 1840 5391 3411 5469">
    <p class='ocr_par' dir='ltr' id='par_1_115' title="bbox 1840 5391 3411 5469">
     <span class='ocr_line' id='line_1_116' title="bbox 1840 5391 3411 5469; baseline 0.007 -23"><span class='ocrx_word' id='word_1_898' title='bbox 1840 5391 2164 5469; x_wconf 75' lang='lat' dir='ltr'><strong>catholicum</strong></span> <span class='ocrx_word' id='word_1_899' title='bbox 2185 5403 2239 5449; x_wconf 90' lang='lat' dir='ltr'><strong>et</strong></span> <span class='ocrx_word' id='word_1_900' title='bbox 2261 5395 2590 5469; x_wconf 79' lang='lat' dir='ltr'><strong>nullomodo</strong></span> <span class='ocrx_word' id='word_1_901' title='bbox 2609 5395 2956 5469; x_wconf 77' lang='lat' dir='ltr'><strong>Pelagianam</strong></span> <span class='ocrx_word' id='word_1_902' title='bbox 2977 5391 3195 5456; x_wconf 84' lang='lat' dir='ltr'><strong>sensum</strong></span> <span class='ocrx_word' id='word_1_903' title='bbox 3218 5391 3411 5459; x_wconf 66' lang='lat' dir='ltr'><strong>h&#39;abetE</strong></span> 
     </span>
    </p>
   </div>
   <div class='ocr_carea' id='block_1_116' title="bbox 1838 5463 3416 5528">
    <p class='ocr_par' dir='ltr' id='par_1_116' title="bbox 1838 5463 3416 5528">
     <span class='ocr_line' id='line_1_117' title="bbox 1838 5463 3416 5528; baseline 0.007 -11"><span class='ocrx_word' id='word_1_904' title='bbox 1838 5463 1980 5518; x_wconf 90' lang='lat' dir='ltr'><strong>hanc</strong></span> <span class='ocrx_word' id='word_1_905' title='bbox 2026 5463 2170 5518; x_wconf 90' lang='lat' dir='ltr'><strong>enim</strong></span> <span class='ocrx_word' id='word_1_906' title='bbox 2214 5474 2357 5520; x_wconf 90' lang='lat' dir='ltr'><strong>tenet</strong></span> <span class='ocrx_word' id='word_1_907' title='bbox 2397 5465 2718 5522; x_wconf 81' lang='lat' dir='ltr'><strong>Ambrosius</strong></span> <span class='ocrx_word' id='word_1_908' title='bbox 2740 5463 2982 5524; x_wconf 71' lang='lat' dir='ltr'><strong>secundo</strong></span> <span class='ocrx_word' id='word_1_909' title='bbox 3021 5470 3087 5526; x_wconf 89' lang='lat' dir='ltr'><strong>de</strong></span> <span class='ocrx_word' id='word_1_910' title='bbox 3123 5472 3416 5528; x_wconf 82' lang='lat' dir='ltr'><strong>Vocationc</strong></span> 
     </span>
    </p>
   </div>
   <div class='ocr_carea' id='block_1_117' title="bbox 1837 5533 3415 5611">
    <p class='ocr_par' dir='ltr' id='par_1_117' title="bbox 1837 5533 3415 5611">
     <span class='ocr_line' id='line_1_118' title="bbox 1837 5533 3415 5611; baseline 0.006 -24"><span class='ocrx_word' id='word_1_911' title='bbox 1837 5533 2267 5611; x_wconf 34' lang='lat' dir='ltr'><strong>gentiumucap.</strong></span> <span class='ocrx_word' id='word_1_912' title='bbox 2300 5535 2352 5600; x_wconf 81' lang='lat' dir='ltr'><strong>l,</strong></span> <span class='ocrx_word' id='word_1_913' title='bbox 2381 5535 2415 5590; x_wconf 87' lang='lat'><strong>6</strong></span> <span class='ocrx_word' id='word_1_914' title='bbox 2439 5537 2623 5611; x_wconf 81' lang='lat' dir='ltr'><strong>et_10;_</strong></span> <span class='ocrx_word' id='word_1_915' title='bbox 2643 5536 2874 5608; x_wconf 90' lang='lat' dir='ltr'><strong>Prosper</strong></span> <span class='ocrx_word' id='word_1_916' title='bbox 2901 5544 2967 5594; x_wconf 87' lang='lat' dir='ltr'><strong>ad</strong></span> <span class='ocrx_word' id='word_1_917' title='bbox 2992 5541 3220 5611; x_wconf 89' lang='lat' dir='ltr'><strong>primam</strong></span> <span class='ocrx_word' id='word_1_918' title='bbox 3249 5550 3304 5595; x_wconf 87' lang='lat' dir='ltr'><strong>et</strong></span> <span class='ocrx_word' id='word_1_919' title='bbox 3331 5557 3415 5596; x_wconf 89' lang='lat' dir='ltr'><strong>sc-</strong></span> 
     </span>
    </p>
   </div>
   <div class='ocr_carea' id='block_1_118' title="bbox 1837 5603 3415 5680">
    <p class='ocr_par' dir='ltr' id='par_1_118' title="bbox 1837 5603 3415 5680">
     <span class='ocr_line' id='line_1_119' title="bbox 1837 5603 3415 5680; baseline 0.006 -23"><span class='ocrx_word' id='word_1_920' title='bbox 1837 5604 2068 5680; x_wconf 78' lang='lat' dir='ltr'><strong>cundam</strong></span> <span class='ocrx_word' id='word_1_921' title='bbox 2102 5603 2375 5680; x_wconf 77' lang='lat' dir='ltr'><strong>Gallorum</strong></span> <span class='ocrx_word' id='word_1_922' title='bbox 2400 5603 2794 5680; x_wconf 24' lang='lat' dir='ltr'><strong>thjectionem‘</strong></span> <span class='ocrx_word' id='word_1_923' title='bbox 2811 5650 2829 5680; x_wconf 82' lang='lat'><strong>,</strong></span> <span class='ocrx_word' id='word_1_924' title='bbox 2865 5603 3160 5680; x_wconf 74' lang='lat' dir='ltr'><strong>omnesque</strong></span> <span class='ocrx_word' id='word_1_925' title='bbox 3199 5612 3415 5667; x_wconf 86' lang='lat' dir='ltr'><strong>schola-</strong></span> 
     </span>
    </p>
   </div>
   <div class='ocr_carea' id='block_1_119' title="bbox 1838 5673 3414 5756">
    <p class='ocr_par' dir='ltr' id='par_1_119' title="bbox 1838 5673 3414 5756">
     <span class='ocr_line' id='line_1_120' title="bbox 1838 5673 3414 5756; baseline 0.008 -28"><span class='ocrx_word' id='word_1_926' title='bbox 1838 5673 1958 5729; x_wconf 91' lang='lat' dir='ltr'><strong>stici</strong></span> <span class='ocrx_word' id='word_1_927' title='bbox 1976 5675 2044 5756; x_wconf 45' lang='lat' dir='ltr'><strong>.in</strong></span> <span class='ocrx_word' id='word_1_928' title='bbox 2073 5675 2248 5746; x_wconf 82' lang='lat' dir='ltr'><strong>prima</strong></span> <span class='ocrx_word' id='word_1_929' title='bbox 2289 5673 2551 5746; x_wconf 80' lang='lat' dir='ltr'><strong>distinct.,</strong></span> <span class='ocrx_word' id='word_1_930' title='bbox 2597 5677 2695 5746; x_wconf 87' lang='lat'><strong>46,</strong></span> <span class='ocrx_word' id='word_1_931' title='bbox 2741 5679 2902 5737; x_wconf 86' lang='lat' dir='ltr'><strong>unico</strong></span> <span class='ocrx_word' id='word_1_932' title='bbox 2944 5673 3170 5753; x_wconf 69' lang='lat' dir='ltr'><strong>excepto</strong></span> <span class='ocrx_word' id='word_1_933' title='bbox 3209 5680 3414 5740; x_wconf 83' lang='lat' dir='ltr'><strong>Arimi-</strong></span> 
     </span>
    </p>
   </div>
   <div class='ocr_carea' id='block_1_120' title="bbox 1837 5759 2010 5801">
    <p class='ocr_par' dir='ltr' id='par_1_120' title="bbox 1837 5759 2010 5801">
     <span class='ocr_line' id='line_1_121' title="bbox 1837 5759 2010 5801; baseline 0.006 -1"><span class='ocrx_word' id='word_1_934' title='bbox 1837 5759 2010 5801; x_wconf 73' lang='lat' dir='ltr'><strong>nensn.</strong></span> 
     </span>
    </p>
   </div>
  </div>
