3966 6334
578 407 711 465 ίοῦἳ

1607 400 1663 457 S.
1706 396 1962 483 REMlGll
2003 394 2485 455 LL'GDUNENSIS
2524 397 2830 457 EPISCOPI

3644 404 3739 464 1008

578 530 815 588 seretur,
865 529 919 576 et
955 534 1114 591 quem
1151 516 1264 571 vult
1303 514 1521 570 indurat
1549 512 1721 586 (Rom.
1751 529 1830 578 rx,
1860 510 1971 582 l8),
2004 531 2021 563 ι
2056 511 2159 566 nisi
2188 512 2236 573 A
2264 510 2461 567 Psalmi
2494 511 2675 568 verbis
2707 512 2772 567 de
2798 526 2962 583 opere
3004 509 3381 566 misericordire
3408 509 3490 567 Det
3518 531 3529 567 :
3555 515 3612 568 ita
3637 528 3677 572 et
3703 537 3740 576 ιη

579 616 708 686 quia
738 615 819 681 (ut
846 609 1178 682 dictum'cst)
1206 608 1352 664 omni
1392 606 1668 662 hominum
1711 605 1894 678 generi
1941 605 2164 660 misere-

580 716 691 764 tur.
725 706 878 775 Quod
907 704 959 759 in
990 700 1200 758 duobus
1239 700 1449 771 populis
1491 698 1798 755 Iudaeorum
1844 696 2074 762 scilicet,
2108 703 2165 750 et

582 796 824 871 gentium
852 795 1176 852 continetur.
1222 791 1299 847 De
1326 791 1540 861 quibus,
1581 797 1641 845 ut
1682 789 1784 845 hoc
1819 788 2044 853 diceret,
2076 800 2166 842 su-

582 904 681 959 pra
711 885 1032 957 loquebatur
1058 881 1365 953 Apostolus.

536 1004 545 1047 ι
648 977 757 1031 Aut
783 976 857 1031 ita
882 974 1209 1044 accipiamus
1235 971 1470 1027 dictum:
1497 969 1597 1038 Qui
1629 969 1741 1024 vult
1769 983 1959 1025 omnes
1986 967 2165 1024 homi-

578 1083 677 1124 nes
715 1066 892 1123 salvos
919 1065 1057 1132 ﬁeri,
1087 1073 1147 1120 ιιι
1187 1064 1305 1119 illos
1348 1063 1491 1120 solos
1532 1062 1730 1119 salvari
1778 1062 2162 1135 intelligamus,

581 1162 728 1233 Quos
754 1161 870 1231 ipse
914 1158 1127 1215 salvare
1159 1155 1411 1221 voluerit,
1446 1155 1498 1211 id
1539 1164 1622 1211 est
1667 1170 1772 1211 non
1804 1154 1945 1224 quod
1976 1167 2167 1210 omnes

581 1251 880 1317 solventur,
910 1249 1005 1306 sed
1029 1246 1169 1319 quod
1200 1260 1380 1312 nemo,
1410 1245 1514 1301 nisi
1545 1243 1910 1300 miserationis
1930 1244 2048 1316 ejus
2073 1259 2167 1300 vo-

579 1342 790 1398 luntate
830 1339 1091 1402 salvetur,
1124 1337 1191 1392 de
1221 1351 1328 1407 quo
1354 1334 1641 1391 Psalmista
1683 1333 1814 1390 dicit
1846 1350 1860 1388 :
1890 1350 1910 1386 ι
1945 1332 2163 1389 Salvum

581 1447 672 1488 me
714 1415 875 1496 fecit,
901 1428 1156 1499 quoniam
1193 1425 1361 1482 voluit
1384 1422 1556 1497 (Psal.
1584 1440 1733 1491 xvn,
1755 1423 1891 1496 20);
1927 1441 1947 1477 ι
1985 1430 2041 1479 et
2069 1412 2168 1479 ite-

578 1538 736 1578 rum:
774 1539 793 1574 ι
837 1521 906 1576 Ει
940 1519 1051 1575 vita
1094 1518 1146 1573 in
1186 1515 1461 1573 voluntate
1498 1514 1617 1586 ejus
1647 1512 1819 1588 (Psal.
1845 1530 1991 1578 χχιχ,
2024 1512 2100 1586 6).
2141 1530 2161 1566 ι

577 1614 689 1672 Iste
715 1613 860 1669 enim
891 1609 1179 1668 locutionis
1221 1608 1412 1664 modus
1439 1607 1491 1662 in
1531 1606 1711 1662 verbis
1736 1605 1973 1675 Apostoli
2001 1606 2164 1661 etiam

584 1702 704 1760 aliis
723 1703 855 1760 locis
882 1701 1179 1767 invenitur,
1201 1699 1341 1756 sicut
1363 1706 1448 1755 est
1469 1698 1597 1753 illud
1625 1715 1680 1751 ει
1709 1696 1857 1752 Sicut
1885 1712 1985 1766 per
2004 1696 2169 1752 unius

584 1795 819 1851 hominis
861 1792 1113 1850 delictum
1144 1791 1199 1848 in
1241 1806 1432 1848 omnes
1460 1789 1706 1845 homines
1746 1788 1800 1842 iu
1841 1786 2167 1843 condemna-

2265 608 2354 663 illa
2384 609 2676 680 apostolica
2708 606 2972 663 sententia
2993 648 3007 672 ,
3043 606 3167 677 quia
3212 606 3277 660 dc
3305 606 3413 678 ipso
3453 608 3619 664 dictum
3646 622 3707 668 cst
3729 608 3757 668 ε’

2270 718 2291 753 ι
2328 692 2428 769 Qui
2454 701 2568 756 vult
2591 715 2779 756 omnes
2819 699 3064 755 homines
3102 699 3275 755 salvos
3301 698 3407 754 ﬁeri
3428 741 3441 764 ,
3474 719 3490 753 ο
3521 688 3763 761 ιεξειίεδὶιιιι¹

2266 792 2581 863 intelligitur
2603 792 2668 848 de
2695 791 2974 847 voluntate
3000 789 3255 848 bonitatis
3276 789 3387 845 Dei.

2334 881 2434 940 Vel
2462 891 2609 938 certe
2631 883 2703 937 ita
2746 881 3114 953 intelligatur:
3145 900 3165 934 ι
3195 880 3297 949 Qui
3323 881 3428 936 vult
3447 898 3605 941 omnes
3623 887 3743 943 homi-

2266 989 2365 1030 nes
2390 973 2566 1030 salvos
2605 973 2720 1029 ﬁeri
2752 973 2929 1046 (Rom.
2954 990 3075 1040 vtu,
3102 972 3191 1044 26,
3213 973 3329 1045 27).
3367 993 3385 1025 ο
3418 974 3528 1044 quia
3558 976 3639 1030 hoc
3660 993 3742 1033 san-

2267 1072 2383 1121 ctos
2412 1080 2538 1121 suos
2566 1081 2661 1136 per
2692 1063 2953 1136 Spiritum
2990 1080 3144 1120 suum
3171 1065 3305 1120 velle
3332 1064 3479 1131 facit,
3503 1067 3549 1121 id
3569 1078 3635 1122 est
3653 1070 3743 1125 velle

2267 1153 2346 1209 eis
2378 1153 2636 1224 inspirat,
2666 1162 2725 1209 ut
2761 1167 2952 1210 omnes
2986 1155 3233 1210 homines
3262 1154 3398 1210 sicut
3419 1156 3598 1228 seipsos
3622 1158 3743 1217 salvos

2269 1243 2385 1300 ﬁeri
2413 1252 2631 1315 optent;
2665 1240 2804 1300 sicut
2828 1252 2883 1300 et
2903 1244 2969 1300 de
2995 1243 3197 1315 Spiritu
3227 1228 3409 1302 sancto
3434 1248 3743 1319 intelligendum

2266 1344 2351 1393 est
2365 1336 2507 1408 quod
2523 1337 2665 1393 idem
2686 1337 2816 1393 dicit
2833 1337 3152 1408 Apostolus:
3175 1357 3193 1389 ι
3214 1338 3319 1396 Sed
3350 1340 3455 1410 ipse
3478 1339 3665 1406 Spiritus
3684 1358 3745 1414 po-

2267 1427 2432 1484 stulat
2451 1442 2549 1498 pro
2570 1427 2725 1483 nobis
2745 1426 3036 1498 gemitibus
3050 1428 3507 1484 inenarrabilibus.
3525 1438 3608 1497 Qui
3621 1442 3743 1487 autem

2268 1525 2542 1575 scrutatur
2564 1519 2746 1585 corda,
2772 1519 2873 1575 scit
2894 1519 3024 1590 quid
3045 1519 3555 1590 desideretSpiritus,
3581 1520 3674 1591 quia
3692 1535 3747 1575 sc-

2268 1608 2503 1664 cundum
2525 1607 2693 1664 Deum
2715 1607 2952 1680 postulat
2971 1625 3072 1681 pro
3084 1610 3304 1666 sanctis.
3326 1629 3344 1662 ι
3364 1608 3746 1681 Postulatuamque

2269 1695 2525 1769 Spiritus,
2555 1698 2702 1769 quia,
2730 1709 2791 1753 ut
2810 1699 3001 1755 beatus
3022 1698 3313 1771 Gregorius
3339 1700 3537 1770 exponit
3555 1699 3608 1753 ad
3625 1708 3746 1770 postu-

2268 1788 2485 1844 landum
2507 1803 2601 1845 eos
2615 1805 2751 1860 quos
2774 1789 3063 1861 repleverit
3086 1790 3401 1846 inflammat.
3423 1791 3746 1863 Etgemitatque

583 1888 809 1953 tionem,
865 1886 943 1943 ita
966 1895 1020 1941 et
1040 1899 1138 1956 per
1164 1884 1322 1939 unius
1349 1882 1583 1939 hominis
1604 1882 1872 1953 justitiam
1901 1881 1956 1935 in
1979 1895 2168 1938 omnes
2198 1871 2244 1931 Β
2271 1878 2808 1953 desideratSpiritus,
2826 1881 2952 1953 quia
2972 1890 3191 1938 sanctos
3211 1881 3267 1937 in
3280 1882 3583 1938 orationibus
3598 1899 3748 1953 gemen-

580 1977 833 2034 homines
851 1977 905 2033 in
926 1975 1367 2048 justiticationem
1405 1974 1527 2029 vitae
1547 1972 1725 2045 (Rom.
1749 1988 1802 2038 v,
1827 1968 1938 2045 l8).
1982 1990 2003 2024 ι
2030 1971 2168 2040 Quo-

580 2069 748 2125 modo
777 2069 919 2125 enim
947 2082 1045 2138 per
1075 2066 1232 2122 unius
1257 2064 1490 2121 hominis
1508 2063 1798 2134 justitiam,
1824 2063 1878 2119 id
1905 2071 1990 2119 est
2012 2061 2168 2119 Chri-

521 2177 529 2187 '
583 2162 674 2229 sti,
705 2162 758 2217 in
785 2175 973 2217 omnes
1011 2159 1257 2215 homines
1296 2158 1349 2213 in
1382 2157 1827 2230 justilicationem
1858 2155 2017 2211 vitae?
2044 2170 2165 2211 cum

582 2251 1026 2308 manifestissime
1075 2265 1184 2306 non
1229 2264 1420 2306 omnes
1473 2249 1720 2305 homines
1769 2264 1867 2321 per
1898 2247 2166 2320 justitiam

582 2344 784 2402 Christi
823 2343 1210 2415 justillcentur,
1255 2352 1311 2399 et
1348 2341 1690 2398 viviﬂcentur
1737 2341 1793 2397 in
1835 2339 2072 2397 Christo.
2100 2340 2169 2397 Et

582 2446 763 2492 tamen
788 2435 1064 2492 verissime
1087 2434 1223 2490 dixit
1244 2432 1564 2505 Apostolus:
1586 2452 1605 2484 ι
1628 2431 1733 2489 Per
1752 2431 1914 2488 unius
1933 2430 2168 2487 hominis

577 2527 845 2599 justitiam
896 2528 951 2583 in
1014 2540 1204 2582 omnes
1265 2524 1513 2581 homines
1573 2524 1627 2579 in
1680 2522 2167 2596 justitillcationem

585 2620 728 2686 Viue,
768 2637 787 2673 ι
828 2635 933 2674 non
960 2618 1085 2690 quia
1112 2616 1290 2672 nullus
1315 2616 1594 2672 hominum
1634 2624 1749 2681 est,
1777 2614 1869 2687 qui
1902 2629 2001 2686 per
2025 2612 2169 2670 illius

575 2711 844 2780 justitiam
892 2726 997 2765 non
1032 2707 1398 2778 justiﬁcetur:
1427 2707 1521 2763 sed
1546 2707 1700 2778 quia,
1725 2713 1923 2778 prteter
1947 2703 2063 2775 ejus
2082 2703 2169 2775 ju-

581 2802 783 2858 stitiam
804 2844 819 2868 ,
851 2817 1010 2858 nemo
1048 2801 1399 2871 justilicatur.
1430 2818 1447 2851 ι
1481 2797 1680 2855 Omnes
1710 2815 1727 2849 ι
1753 2812 1884 2869 ergo
1923 2812 2019 2868 per
2058 2796 2171 2867 pri-

582 2908 731 2949 mum
771 2893 941 2949 Adam
987 2892 1041 2946 in
1090 2890 1629 2954 condemnationem,
1660 2895 1713 2943 et
1743 2906 1762 2939 ι
1798 2901 1989 2943 omnes
2020 2905 2039 2940 ι
2071 2901 2170 2956 per

582 2983 933 3040 novissimum
965 2983 1135 3037 Adam
1171 2982 1224 3034 in
1249 2979 1691 3052 justiﬁcatiouem
1719 2995 1733 3032 :
1761 2977 1885 3049 quia
1920 2992 2082 3033 nemo
2112 2977 2165 3031 in

584 3075 1030 3132 condemnationc
1051 3074 1153 3129 nisi
1179 3089 1272 3144 per
1304 3073 1475 3138 illum,
1519 3087 1679 3127 nemo
1707 3070 1759 3126 in
1778 3069 2169 3143 justiﬁcatione

582 3166 686 3221 nisi
715 3180 812 3238 per
833 3166 1014 3221 istum.
1061 3163 1176 3219 Tali
1204 3179 1366 3220 sensu
1404 3171 1459 3219 et
1485 3162 1615 3218 illud
1643 3161 2011 3234 accipiendum
2038 3154 2161 3216 est:

587 3280 607 3311 ‹
639 3234 789 3316 Sicut
810 3260 861 3315 in
894 3260 1064 3315 Adam
1094 3272 1286 3316 omnes
1327 3256 1654 3320 moriuntur,
1682 3256 1755 3309 ita
1781 3263 1837 3310 et
1871 3253 1925 3308 in
1947 3252 2162 3309 Christo
2189 3234 2236 3299 Ο

582 3368 773 3409 omnes
797 3353 1211 3409 viviﬁcabuntur
1239 3349 1291 3423 (I
1328 3348 1451 3406 Cor.
1482 3365 1573 3417 xv,
1608 3348 1721 3413 22).
1753 3369 1771 3400 ι
1803 3347 1955 3416 Quod
1980 3346 2167 3418 utique

580 3447 647 3501 de
696 3445 877 3500 futura
920 3442 1319 3501 resurrectione
1366 3441 1503 3498 dixit
1558 3439 1865 3509 Apostolus.
1914 3436 2167 3509 Nunquid

578 3540 723 3596 enim
765 3546 892 3594 tunc
922 3536 1339 3592 viviﬁcabuntur
1380 3536 1433 3590 in
1475 3532 1724 3600 Christo,
1754 3531 1848 3603 qui
1889 3543 2166 3600 nunquam

583 3626 930 3685 crediderunt
957 3629 1011 3684 in
1036 3627 1311 3684 Christum
1342 3666 1358 3692 ,
1398 3625 1491 3697 qui
1532 3638 1807 3694 nunquam
1848 3621 2065 3678 fuerunt
2112 3619 2165 3675 in

580 3720 814 3784 Christo,
843 3722 934 3791 qui
964 3734 1238 3791 nunquam
1285 3719 1556 3781 vixerunt,
1585 3731 1684 3771 nec
1713 3714 1911 3771 mortui
1956 3721 2082 3769 sunt
2111 3711 2165 3768 in

579 3810 831 3866 Christo?
858 3811 925 3865 Et
950 3810 1072 3866 ideo
1098 3808 1407 3863 nullatenus
1427 3807 1719 3877 pertinent,
1748 3812 1809 3860 ut
1833 3804 1888 3859 in
1913 3802 2005 3859 illo
2025 3802 2166 3858 acci-

576 3905 728 3975 piant
755 3903 1206 3959 resurrectionem
1244 3902 1388 3966 vitae,
1426 3916 1587 3971 quam
1629 3897 1888 3955 Dominus
1918 3895 2166 3952 ﬁdelibus

575 3996 843 4066 promittit
870 3995 1095 4052 dicens:
1140 4014 1157 4046 ι
1207 3991 1309 4061 Qui
1345 3993 1485 4049 bona
1527 3992 1807 4057 fecerunt,
1833 3988 1886 4044 in
1922 4001 2166 4044 resurre-

579 4086 815 4143 ctionem
843 4087 990 4152 vitae,
1028 4106 1045 4140 ι
1075 4093 1132 4140 et
1173 4084 1293 4139 ideo
1321 4083 1388 4138 ad
1413 4099 1598 4140 eorum
1629 4082 1903 4154 pertinent
1938 4087 2163 4147 sortem,

580 4179 646 4233 de
671 4177 865 4249 quibus
914 4177 1095 4232 statim
1140 4175 1457 4246 subjungit:
1498 4193 1515 4226 ι
1551 4173 1652 4242 Qui
1696 4188 1827 4229 vero
1864 4170 2006 4228 mala
2036 4185 2164 4241 ege—

576 4278 729 4336 runt,
763 4269 819 4324 in
848 4266 1299 4323 resurrectionem
1324 4264 1511 4335 judicii
1544 4263 1727 4336 (loan.
1757 4277 1843 4329 xv,
1875 4261 1991 4333 29).
2045 4280 2065 4314 ι
2098 4261 2166 4318 Ει

576 4351 757 4418 tamen
807 4375 933 4417 vere
983 4359 1037 4414 in
1084 4357 1253 4414 Adam
1290 4375 1308 4409 ι
1347 4360 1536 4412 Omnes
1579 4374 1598 4407 ι
1646 4354 1984 4421 moriuntur,
2038 4355 2164 4425 quia

577 4471 736 4512 nemo
768 4454 823 4511 in
871 4461 1100 4510 mortem
1148 4451 1250 4507 nisi
1277 4466 1375 4522 per
1400 4449 1570 4505 illum.
1602 4448 1670 4505 Et
1700 4463 1827 4505 vere
1867 4448 1922 4503 in
1950 4446 2164 4504 Christo

579 4568 598 4601 ι
639 4564 831 4605 omnes
860 4567 878 4601 ι
909 4545 1328 4603 viviﬁcabuntur
1356 4561 1371 4598 :
1404 4543 1532 4615 quia
1577 4558 1736 4599 nemo
1776 4543 1830 4598 in
1866 4540 1953 4597 illa
1982 4556 2163 4597 resur-

574 4641 820 4696 rectione
843 4639 968 4695 vitae
989 4638 1094 4695 nisi
1123 4652 1220 4709 per
1245 4638 1442 4709 ipsum.
1467 4636 1587 4705 Quo
1607 4636 1770 4692 etiam
1797 4649 1962 4691 sensu
1989 4633 2162 4690 mani-

500 4803 510 4814 ‘
570 4730 1008 4788 festissimeillud
1034 4731 1087 4785 in
1108 4727 1320 4800 psalmo
1340 4727 1543 4783 dictum
1558 4736 1643 4784 est
1668 4746 1681 4783 :
1708 4744 1728 4780 ι
1744 4726 1956 4783 Allevat
1976 4725 2162 4782 Domi-

570 4839 675 4879 nus
719 4838 910 4879 omnes
963 4822 1055 4893 qui
1118 4829 1399 4887 corruunt,
1447 4830 1504 4876 et
1552 4818 1717 4891 erigit
1760 4833 1951 4876 omnes
1999 4818 2162 4876 elisos

571 4912 748 4984 (Psal.
779 4930 970 4978 cxuv,
1004 4913 1115 4983 14).
1152 4930 1169 4963 ι
1197 4911 1383 4983 Neque
1402 4911 1548 4967 enim
1575 4929 1594 4984 ι
1631 4924 1820 4967 omnes
1857 4930 1877 4961 ι
1904 4909 2158 4977 omnino,

573 5006 663 5078 qui
692 5006 743 5061 iu
775 5004 1004 5061 diversis
1032 5002 1376 5070 criminibus,
1403 5014 1460 5060 et
1487 4980 1636 5060 vitiis
1664 5010 1941 5068 corruunt,
1981 5010 2036 5060 et
2061 5002 2160 5059 eli-

573 5101 776 5155 duntur
823 5098 1085 5154 Dominus
1131 5096 1483 5161 misercndo,
1535 5104 1698 5166 atque
1746 5094 2074 5167 indulgendo
2126 5109 2157 5150 a

574 5191 724 5262 lapsu
772 5191 941 5245 ruinae
987 5206 1099 5247 sua:
1148 5190 1376 5256 allevat,
1423 5197 1477 5245 ct
1515 5189 1676 5259 erigit
1713 5204 1836 5245 eum
1882 5198 2061 5245 tantos
2106 5189 2158 5242 in

573 5281 777 5337 eisdem
808 5280 921 5337 suis
949 5281 1288 5350 criminibus,
1314 5290 1369 5337 et
1413 5280 1789 5354 iniquitatibus
1831 5282 2010 5353 perire
2038 5296 2158 5338 cer-

575 5386 688 5432 tum
731 5376 824 5432 sit.
856 5374 925 5431 Et
960 5384 1138 5432 tamen
1181 5389 1309 5432 vere
1346 5376 1463 5446 ipse
1495 5394 1513 5427 ι
1543 5389 1734 5432 omnes
1764 5393 1783 5429 ι
1820 5382 2158 5437 eorruentes,

572 5479 624 5524 et
667 5484 686 5520 ι
723 5483 911 5526 omnes
939 5486 958 5521 ι
989 5467 1153 5524 elisos
1180 5466 1398 5533 allevat,
1425 5476 1589 5538 atque
1614 5465 1797 5540 erigit,
1830 5465 1956 5537 quia
1989 5463 2070 5521 vel
2089 5479 2158 5519 ex

570 5554 942 5637 ounii‘geuere
984 5560 1324 5634 peccantium
1376 5560 1490 5617 sive
1530 5560 1947 5616 criminosorum
1973 5599 1986 5625 ,
2023 5570 2159 5628 quos

574 5648 820 5722 voluerit,
848 5654 1059 5721 salvat;
1089 5652 1174 5708 vel
1199 5651 1325 5722 quia
1353 5652 1456 5708 nisi
1493 5668 1589 5723 per
1633 5649 1782 5708 illum
1829 5664 1991 5705 nemo
2031 5661 2159 5717 pro-

570 5756 777 5804 stratus
804 5747 1050 5818 erigitur,
1076 5752 1169 5800 aut
1191 5743 1473 5809 allevatur,
1504 5744 1629 5798 dum
1653 5758 1759 5799 non
1787 5741 1904 5797 suis
1927 5739 2153 5805 viribus,

571 5843 666 5899 sed
704 5842 794 5898 Dei
843 5841 1189 5897 miseratione
1234 5840 1530 5909 consurgit.
1585 5839 1738 5896 Sicut
1780 5855 1909 5911 ergo
1960 5841 2015 5897 in
2070 5841 2156 5897 his

2267 1977 2351 2026 tes
2376 1979 2431 2026 et
2452 1970 2817 2028 desiderantes
2858 1971 3011 2039 facit,
3038 1972 3191 2044 juxta
3222 1972 3366 2029 hunc
3386 1972 3548 2045 itaque
3579 1988 3745 2039 sensum,

2271 2083 2289 2117 ι
2312 2065 2454 2122 Deus
2474 2063 2794 2122 vultomnes
2813 2065 3061 2122 homines
3078 2065 3256 2122 salvos
3281 2067 3422 2130 heri,
3454 2087 3472 2120 ι
3496 2067 3617 2136 quia,
3638 2077 3677 2120 ut
3697 2067 3747 2121 di-

2265 2165 2412 2213 ctum
2434 2166 2537 2225 est,
2562 2157 2677 2229 ipse
2695 2159 2901 2215 sanctis
2926 2161 3041 2215 suis
3061 2159 3294 2231 inspirat
3314 2168 3371 2215 ut
3398 2161 3493 2216 hoc
3512 2159 3657 2223 velint,
3675 2159 3747 2229 ipse

2264 2261 2359 2303 eos
2377 2247 2453 2303 ita
2475 2246 2717 2304 volentes
2736 2246 2867 2305 facit
2888 2249 3029 2305 sicut
3042 2249 3176 2320 inspi
3185 2259 3399 2306 raverat
3416 2250 3559 2305 beato
3570 2248 3747 2318 Apostolo

2266 2341 2357 2414 qui
2386 2341 2599 2398 dicebat
2623 2359 2636 2395 :
2668 2359 2688 2393 ι
2728 2340 2861 2398 Volo
2883 2352 3064 2398 autem
3086 2359 3279 2399 omnes
3305 2342 3534 2398 homines
3553 2356 3645 2397 esse
3660 2340 3748 2397 sicut

2268 2431 2530 2502 meipsum
2558 2429 2612 2505 (Ι
2655 2430 2780 2487 Cor.
2812 2448 2922 2499 vn,
2950 2432 3028 2505 7).
3057 2453 3077 2487 ι
3114 2433 3179 2488 Ει
3215 2433 3342 2488 alibi
3364 2448 3482 2490 cum
3499 2446 3646 2487 coram
3669 2443 3749 2500 rege

2265 2520 2503 2595 Agrippa
2553 2530 2608 2577 et
2650 2522 2992 2596 principibus
3046 2525 3415 2581 testimonium
3461 2524 3630 2581 Christi
3661 2523 3748 2579 tuin

2267 2614 2517 2671 libertate
2560 2624 2615 2671 et
2667 2615 2970 2672 constantia
2996 2614 3341 2688 praedicaret,
3384 2617 3573 2673 dicente
3602 2614 3748 2671 sibieo-

2268 2706 2389 2763 dem
2411 2723 2568 2781 rege:
2599 2727 2615 2762 ι
2640 2708 2699 2765 In
2721 2710 2934 2766 medico
2963 2709 3158 2768 suades
3182 2725 3273 2767 me
3284 2709 3615 2768 Christianum
3632 2706 3745 2770 ﬁeri,»

2263 2799 2524 2856 continuo
2563 2799 2756 2871 plenus
2794 2800 3083 2868 desiderio,
3126 2801 3321 2859 salutis
3363 2802 3577 2858 omnium
3599 2813 3749 2868 respon-

2269 2891 2348 2947 dit
2374 2910 2387 2946 :
2428 2909 2447 2944 ι
2480 2890 2625 2964 Opto
2654 2894 2797 2965 apud
2840 2893 3012 2949 Deum
3039 2902 3096 2950 et
3122 2896 3177 2950 in
3224 2896 3451 2960 modico,
3478 2902 3526 2949 et
3552 2894 3593 2947 in
3620 2904 3748 2962 ιιιιιειιο

2268 2998 2374 3041 non
2406 2984 2579 3041 solum
2625 2994 2711 3053 te,
2736 2986 2831 3043 sed
2854 2996 2910 3043 et
2936 3002 3127 3044 omnes
3171 2990 3267 3058 qui
3313 3002 3396 3043 me
3428 2987 3617 3043 audiunt
3646 2984 3748 3039 homo

2270 3073 2405 3130 tales
2436 3073 2549 3131 fieri
2591 3094 2603 3130 :
2646 3076 2824 3147 qualis
2868 3092 2968 3149 ego
3015 3092 3134 3133 sum
3184 3079 3426 3151 exceptis
3467 3076 3650 3133 vinculis
3671 3073 3747 3128 istis

2270 3166 2409 3241 (Act.
2436 3183 2587 3237 xxvr,
2608 3167 2698 3235 28,
2724 3168 2840 3241 ‘29).
2874 3188 2894 3223 ι

2865 3306 3092 3365 CAPUT
3130 3308 3245 3365 XII.

2555 3420 2803 3493 Sequitur
2833 3422 3069 3495 ejusdem
3108 3422 3210 3477 loci
3244 3422 3547 3494 explanatio.

2339 3535 2543 3605 Quarto
2575 3546 2755 3591 autem
2784 3537 2944 3594 modo
2968 3539 3039 3595 ita
3070 3555 3099 3594 a
3127 3539 3336 3595 sanctis
3362 3537 3587 3595 Patribus
3613 3530 3750 3588 intelle-

2273 3638 2418 3686 ctum
2450 3631 2725 3687 invenitur
2763 3632 2906 3702 quod
2930 3632 3132 3690 dictum
3161 3643 3250 3689 est
3284 3652 3296 3688 :
3334 3652 3351 3685 ι
3399 3631 3493 3701 Qui
3517 3629 3609 3685 vult
3626 3636 3748 3683 omnes

2268 3720 2515 3777 homines
2542 3720 2719 3776 salvos
2751 3721 2888 3788 fieri,
2927 3742 2945 3775 ι
2978 3730 3038 3777 ιιι
3079 3722 3401 3793 simpliciter
3428 3713 3748 3791 accipiaturboc

2268 3808 2336 3866 de
2357 3811 2607 3867 omnibus
2635 3811 2943 3867 hominibus
2980 3830 2999 3863 ι
3033 3811 3310 3881 Quantum
3353 3815 3405 3868 in
3434 3813 3536 3884 ipso
3556 3817 3621 3865 est
3642 3805 3746 3860 Deum

2268 3899 2428 3967 velle,
2467 3919 2485 3952 ι
2512 3914 2577 3956 eo
2599 3902 2741 3972 quod
2764 3917 2954 3958 omnes
2978 3903 3177 3960 salvari
3211 3906 3342 3960 velit
3370 3923 3387 3957 ι
3423 3903 3625 3960 bonitate
3642 3896 3747 3953 Cm-

2270 3990 2403 4045 toris
2429 4007 2442 4044 :
2477 4009 2495 4043 ι
2522 3991 2615 4046 sed
2657 3992 2783 4061 quia
2809 3989 2965 4048 liberi
2988 3993 3201 4050 arbitrii
3255 4011 3349 4051 eos
3377 3992 3601 4056 condidit,
3622 3999 3747 4055 exspe

2267 4090 2398 4147 etet,
2429 4091 2487 4137 ut
2516 4083 2621 4139 hoc
2654 4083 2815 4139 etiam
2841 4085 2944 4155 ipsi
2965 4084 3135 4141 velint
3163 4105 3179 4142 :
3210 4097 3272 4143 et
3295 4087 3341 4144 si
3378 4084 3630 4146 voluerint,
3653 4076 3748 4148 juslc

2267 4171 2581 4229 salventur:
2626 4173 2670 4230 si
2705 4175 3001 4245 noluerint,
3034 4176 3183 4249 juste
3228 4180 3529 4251 puniantur.
3562 4171 3644 4230 Sed
3667 4165 3747 4223 huic

2267 4266 2452 4320 sensui
2506 4262 2772 4337 imprimis
2820 4266 2951 4324 illud
3005 4268 3221 4326 videtur
3274 4285 3394 4327 esse
3443 4263 3745 4327 contrarium:

2273 4372 2293 4407 ι
2324 4354 2603 4423 Quomodo
2632 4357 2975 4429 omnipotens
3000 4359 3142 4417 Deus
3179 4376 3393 4430 eorum,
3421 4376 3541 4433 quos
3560 4356 3648 4411 vult
3680 4346 3747 4405 stl-

2269 4462 2364 4503 vos
2392 4449 2508 4504 ﬁeri
2549 4459 2825 4532 exspectet
2854 4452 3211 4521 voluntatem,
3252 4474 3271 4508 ι
3308 4462 3367 4509 ιιι
3405 4462 3455 4509 et
3490 4449 3575 4521 ipsi
3607 4441 3746 4501 scilicrt

2266 4543 2485 4612 propria
2515 4530 2726 4600 arbitrii
2756 4543 3007 4602 libertate
3034 4546 3168 4603 salvi
3197 4562 3318 4603 esse
3351 4545 3521 4607 velint,
3544 4552 3638 4596 cum
3659 4530 3743 4585 velle

2266 4631 2499 4691 ﬁdeliter
2525 4634 2734 4693 salvum
2776 4635 2895 4693 ﬁeri
2934 4637 3007 4693 sit
3036 4653 3134 4710 per
3177 4636 3575 4707 redemptionem
3600 4618 3743 4683 Domini

2262 4726 2394 4785 Jesu
2422 4727 2644 4787 Christi.
2670 4728 2864 4803 (Quia,
2912 4733 3051 4789 sicut
3097 4731 3291 4789 beatus
3332 4730 3512 4787 Petrus
3550 4716 3745 4794 aposlolns

2264 4824 2425 4882 docet
2449 4842 2462 4878 :
2507 4843 2526 4878 ι
2566 4823 2684 4881 Non
2713 4834 2797 4882 est
2826 4825 2880 4881 in
2904 4826 3013 4882 ullo
3039 4826 3147 4882 alio
3168 4826 3333 4893 salus,
3379 4833 3431 4881 et
3454 4837 3545 4879 non
3566 4825 3630 4873 est
3651 4807 3745 4867 aliud

2263 4930 2460 4972 nomen
2491 4915 2593 4972 sub
2614 4916 2754 4972 caelo
2797 4917 2981 4973 datum
3010 4919 3339 4980 hominibus.
3384 4916 3436 4971 in
3462 4927 3556 4984 quo
3576 4906 3747 4978 οροτίθί

2265 5024 2365 5066 nos
2386 5010 2564 5066 salvos
2589 5010 2706 5067 ﬁeri
2733 5011 2873 5083 (Act.
2901 5027 2978 5080 tv,
3007 5011 3116 5084 l2),
3152 5033 3170 5066 ι
3195 5026 3354 5069 nemo
3378 5007 3574 5065 omnino
3606 4993 3745 5071 p065“.

2266 5102 2370 5159 nisi
2401 5103 2456 5158 in
2484 5117 2551 5159 eo
2581 5102 2723 5160 Deus
2743 5112 2996 5174 operetur
3013 5113 3071 5161 et
3092 5104 3227 5161 velle
3245 5114 3301 5161 et
3326 5116 3508 5174 posse:
3530 5088 3747 5155 sith

2266 5193 2681 5249 stolustestatnr
2694 5194 2881 5251 dicens
2905 5213 2918 5250 :
2942 5214 2960 5248 ι
2983 5195 3125 5253 Deus
3146 5205 3230 5252 est
3246 5195 3387 5252 enim
3409 5191 3491 5264 qui
3505 5193 3698 5259 operainr
3711 5174 3746 5227 ίη

2266 5285 2419 5342 vobis
2446 5296 2501 5342 et
2530 5285 2663 5343 velle
2690 5295 2744 5343 et
2769 5288 3030 5359 perlicere
3065 5305 3163 5359 pro
3200 5288 3340 5344 bona
3375 5285 3611 5341 voluntate
3630 5265 3746 5345 (Phil-

2268 5370 2329 5446 "is
2360 5381 2471 5453 ιδ).
2509 5382 2599 5439 tsi
2633 5382 2778 5439 enim
2823 5384 2965 5439 hanc
3009 5383 3334 5439 voluntatem
3374 5366 3746 5445 redemptioneml

2269 5478 2459 5535 salutis
2486 5494 2606 5549 qute
2642 5485 2726 5534 est
2772 5477 2824 5533 in
2857 5477 3075 5535 Christo
3106 5492 3263 5534 nemo
3292 5475 3448 5532 habet
3483 5486 3542 5527 ex
3575 5479 3620 5521 se
3654 5460 3744 5549 3N

2267 5569 2363 5627 sed
2381 5570 2448 5625 ab
2474 5543 2567 5626 illo
2593 5589 2612 5621 ι
2648 5568 2740 5640 qui
2765 5577 3024 5642 operatur
3053 5571 3107 5626 in
3134 5570 3233 5637 eis,
3262 5583 3395 5641 quos
3427 5568 3566 5620 vocat
3595 5561 3639 5611 ct
3660 5543 3747 5642 velle

2267 5669 2321 5717 et
2335 5659 2595 5733 perlicere
2616 5639 2715 5731 pro
2734 5639 2874 5719 bona
2889 5661 3181 5726 voluntate,
3202 5681 3220 5715 ι
3249 5639 3389 5717 sicut
3406 5639 3746 5733 manilestisfil"

2269 5731 2575 5825 apo5tolic:e
2622 5755 2882 5810 doctrina:
2935 5758 3139 5814 veritas
3180 5755 3373 5817 docet,
3418 5760 3474 5805 ut
3509 5740 3613 5814 quid
3649 5731 3743 5825 Mf

2265 5853 2541 5916 exspectat
2566 5858 2752 5902 eorum
2775 5861 2911 5916 quos
2935 5848 3047 5903 vult
3068 5847 3240 5904 salvos
3265 5843 3377 5901 ﬁeri
3408 5820 3741 5895 voluntatctttinl
