3966 6334
198 361 331 419 1009

193 574 371 630 divina
397 571 639 627 bonitate
667 570 962 635 salventur,
992 578 1052 624 ut
1089 569 1301 624 initium
1338 569 1529 626 salutis
1568 584 1761 626 eorum

194 663 262 719 sit
284 676 350 716 ex
380 660 534 731 ipsis,
554 658 815 731 perfectio
834 665 1014 713 autem
1041 656 1282 728 ejusdem
1314 658 1508 714 salutis
1538 672 1605 713 ex
1629 658 1760 713 Deo.

195 751 368 807 Etubi
400 749 676 822 eritquod
716 748 856 805 idem
898 748 1184 819 Apostolus
1227 750 1403 806 dicit:
1442 770 1463 803 ι
1511 749 1619 805 Ant
1642 750 1765 821 quis

190 845 335 915 prior
355 844 500 900 dedit
525 842 602 899 illi
620 852 675 899 et
704 843 1031 899 retribuetur
1057 844 1143 899 ei?
1167 864 1182 896 ι
1209 844 1389 915 (Rom.
1419 861 1495 912 ιι,
1516 844 1630 917 55.)
1657 845 1766 901 Aut

187 934 455 1009 quomodo
491 935 547 991 in
579 936 670 991 tali
713 949 873 991 sensu
909 934 1225 1007 Pelagianus
1262 952 1419 994 error
1448 953 1555 995 non
1603 934 1765 995 habet

188 1025 490 1093 victoriam,
519 1026 609 1096 qui
628 1025 854 1083 salutem
884 1026 1120 1082 hominis
1146 1042 1251 1083 non
1274 1042 1339 1083 ex
1360 1026 1455 1084 Dei
1476 1027 1639 1093 dono.
1670 1026 1762 1084 sed

186 1134 254 1175 ex
274 1117 445 1175 libero
474 1117 642 1188 ipsius
672 1117 904 1174 hominis
929 1118 1155 1174 arbitrio
1180 1133 1303 1175 esse
1328 1119 1654 1176 conﬁrmat?

256 1207 411 1277 Quod
440 1208 488 1266 si
509 1208 704 1266 falsum
729 1219 832 1275 est,
857 1211 996 1266 sicut
1023 1210 1243 1266 omnino
1274 1210 1468 1266 falsum
1492 1226 1612 1267 esse
1635 1227 1764 1268 con-

186 1301 438 1369 vincitur,
462 1303 591 1374 quid
611 1318 790 1358 causae
815 1311 916 1365 est,
942 1311 1000 1357 ut
1029 1302 1169 1358 Deus
1196 1322 1215 1355 ι
1260 1303 1354 1374 qui
1383 1317 1572 1360 omnes
1590 1303 1765 1359 homi-

187 1408 282 1449 nes
313 1391 427 1448 vult
449 1392 626 1449 salvos
653 1393 766 1448 ﬁeri
798 1391 850 1465 (1
885 1390 1021 1448 Tim.
1051 1408 1112 1458 ιι,
1139 1391 1216 1464 Δ),
1249 1411 1269 1445 ι
1304 1407 1410 1448 non
1445 1407 1635 1449 omnes
1662 1394 1761 1449 bo-

184 1482 359 1540 mines
397 1483 614 1540 salvet?
661 1484 1004 1542 Voluntatem
1049 1500 1236 1540 eorum
1284 1500 1390 1540 non
1451 1494 1760 1558 exspectat,

182 1575 311 1644 quia
324 1575 655 1632 voluntatem
674 1591 814 1631 vera:
825 1575 1014 1632 salutis
1037 1591 1147 1633 suae
1165 1591 1322 1632 nemo
1345 1578 1544 1633 habere
1564 1586 1761 1648 potest,

183 1666 291 1723 nisi
314 1681 414 1737 per
438 1666 609 1722 illum.
636 1667 718 1722 An
741 1667 885 1737 quod
906 1667 1042 1734 vult,
1068 1683 1173 1723 non
1195 1676 1372 1738 potest
1391 1668 1765 1740 omnipotens?

182 1770 242 1814 ιιι
271 1758 456 1832 (quod
480 1759 644 1832 absit)
689 1760 818 1816 velit
851 1759 1062 1816 salvare
1103 1775 1292 1817 omnes
1340 1761 1610 1829 homines,
1659 1775 1761 1817 nec

1250 388 1257 397 -
1292 362 1496 422 unus
1534 360 1622 419 ne
1661 356 1915 417 ramus
1952 363 2329 427 EPISTOLlS.

196 482 293 556 ipsi
310 479 482 537 libero
503 477 730 536 arbitrio
751 494 852 535 suo
870 478 1129 550 incipiant
1150 479 1285 536 velle
1306 480 1527 546 salvari,
1549 488 1605 535 et
1629 487 1762 535 tunc
1788 482 1838 537 Α

2754 428 2760 439 .
3304 380 3442 441 ιυω

2448 485 2677 547 CAPUT
2705 490 2838 548 Xlll.

2505 624 2804 683 Conclusio.

1934 749 1989 806 in
2020 751 2191 811 tribus
2221 754 2402 827 itaque
2448 760 2717 828 prioribus
2753 762 2926 819 modis
2956 764 3323 838 intelligentia:
3344 782 3463 827 eoa:

1863 856 1985 897 rum
2026 844 2335 913 verborum,
2359 848 2553 919 quibus
2581 852 2647 907 de
2690 853 2798 910 Deo
2842 854 3039 912 dicitur
3072 875 3103 911 εν
3133 876 3153 911 ι
3187 858 3288 928 Qui
3329 862 3447 918 vnit

1863 949 2051 992 omnes
2077 938 2322 996 homines
2349 940 2527 999 salvos
2565 943 2714 1010 ﬁeri,
2753 955 2809 1002 et
2835 948 2900 1004 ad
2942 951 3270 1021 agnitionem
3309 956 3449 1010 veri-

1866 1029 1993 1084 tatis
2036 1030 2221 1086 venire
2263 1030 2315 1102 (Ι
2344 1031 2477 1089 Tim.
2506 1051 2569 1101 ιι,
2597 1035 2677 1106 4).
2714 1057 2732 1089 ι
2760 1036 2910 1094 Nulla
2932 1041 3257 1107 absurditas,
3299 1044 3446 1100 nulla

1866 1121 2217 1189 repugnantia
2256 1120 2379 1179 ﬁdei
2413 1122 2685 1181 invenitur
2716 1142 2731 1182 :
2758 1129 2883 1197 quia
2911 1130 3024 1186 sive
3060 1148 3239 1188 omnes
3274 1134 3449 1189 homi-

1865 1224 1962 1265 nes
1983 1224 2123 1280 quos
2153 1211 2294 1268 Deus
2326 1213 2440 1268 vult
2479 1215 2654 1272 salvos
2684 1216 2797 1274 ﬁeri
2828 1222 3004 1276 omnia
3038 1239 3227 1293 genera
3272 1225 3449 1281 homin.

1865 1317 1993 1356 num
2034 1304 2389 1375 accipiantur,
2430 1307 2544 1364 sive
2588 1324 2777 1369 omnes
2822 1312 3069 1370 homines
3100 1316 3281 1372 salvos
3330 1317 3467 1373 ﬁeri:

1866 1389 2033 1446 Deum
2062 1393 2197 1449 velle
2223 1394 2294 1449 ita
2322 1395 2654 1467 intelligatur
2682 1418 2696 1454 :
2723 1403 2847 1470 quia
2890 1419 3078 1460 omnes
3111 1406 3202 1477 qui
3231 1406 3457 1463 salvam

1867 1490 1955 1536 tur
1993 1499 2099 1540 non
2132 1485 2234 1541 nisi
2269 1487 2386 1559 ejus
2408 1488 2681 1546 voluntate
2709 1493 2984 1550 salvantur
3010 1515 3023 1551 :
3053 1497 3168 1553 sive
3194 1512 3260 1554 eo
3287 1497 3450 1554 modo

1864 1575 2067 1631 dictum
2098 1578 2386 1635 credatur:
2418 1596 2606 1639 omnes
2632 1583 2878 1640 homines
2908 1584 3078 1642 Deum
3105 1588 3243 1645 velle
3271 1589 3451 1645 salvos

1866 1663 1981 1720 ﬁeri
2020 1683 2031 1719 :
2065 1666 2188 1735 quia
2219 1666 2273 1721 in
2313 1671 2519 1727 sanctis
2546 1672 2658 1727 suis
2688 1673 2801 1743 ipse
2832 1674 2933 1732 hoc
2960 1676 3095 1742 vult,
3131 1677 3221 1749 qui
3253 1678 3332 1734 eis
3365 1687 3467 1734 ta--

1866 1751 1973 1810 lem
2014 1755 2350 1814 voluntatem
2392 1759 2651 1830 inspirat,
2690 1772 2749 1818 ut
2774 1778 2962 1822 omnes
3006 1765 3252 1824 homines
3282 1768 3465 1823 velint

178 1824 377 1921 pos‘si-t.
422 1849 562 1919 Quid
600 1824 730 1923 έτεο
764 1859 955 1918 restat,
998 1851 1105 1907 nisi
1133 1860 1191 1907 ιιι
1240 1852 1330 1908 ille
1355 1871 1376 1907 ς
1425 1852 1528 1921 Qui
1577 1824 1758 1910 omnia
1789 1824 1839 1886 Β
1869 1843 2045 1900 salvos
2076 1843 2193 1901 ﬁeri
2234 1847 2374 1902 sicut
2399 1824 2606 1920 seipsos
2686 1851 2739 1907 in
2773 1852 2859 1909 bis
2896 1852 3160 1928 (inquam)
3198 1856 3452 1913 omnibus

179 1955 517 2012 quacunque
536 1941 707 1997 voluit
732 1940 860 1997 fecit
890 1942 1006 2014 (Ps.
1031 1957 1186 2011 CXIII,
1212 1942 1291 2013 5),
1333 1963 1352 1997 ι
1383 1943 1504 2000 ideo
1531 1944 1635 2000 hoc
1654 1959 1763 2000 non

184 2031 381 2099 faciat,
408 2031 534 2103 quia
565 2032 719 2099 nolit,
747 2049 850 2089 non
883 2035 1007 2104 quia
1060 2049 1166 2089 non
1199 2034 1409 2106 possit?
1446 2035 1581 2103 Quia
1624 2036 1767 2091 sicut

177 2136 314 2178 vere
337 2141 357 2174 ι
393 2123 570 2177 omnia
594 2139 714 2194 qua:
739 2122 906 2179 voluit
953 2123 1082 2180 fecit
1111 2144 1130 2177 ι
1172 2125 1247 2180 ita
1274 2139 1399 2180 vere
1435 2125 1609 2181 noluit
1644 2140 1765 2194 qua:

176 2227 290 2269 non
330 2210 479 2268 fecit.
510 2210 619 2269 Cur
644 2228 774 2285 ergo
797 2213 989 2281 noluit,
1010 2214 1112 2270 nisi
1142 2214 1266 2284 quia
1295 2215 1351 2271 in
1378 2215 1480 2271 hac
1509 2229 1590 2281 re,
1624 2214 1777 2279 sicut

172 2303 410 2374 justum,
438 2305 510 2358 ita
541 2312 595 2360 et
621 2304 888 2361 occultum
911 2314 995 2362 est
1031 2305 1293 2378 judicium
1318 2305 1456 2376 eius,
1497 2310 1584 2366 cui
1617 2308 1771 2365 Psal-

175 2393 346 2449 mista
374 2392 505 2450 dicit
528 2411 541 2449 :
571 2412 589 2448 ι
610 2393 816 2452 Judicia
838 2403 928 2452 tua
951 2395 1176 2470 abyssus
1191 2398 1394 2455 multa?
1413 2418 1432 2452 ι
1460 2397 1577 2473 (Ps.
1597 2417 1764 2468 xxxv,

175 2484 260 2558 7.)
312 2486 382 2542 Et
425 2487 495 2543 de
535 2502 641 2558 quo
660 2486 948 2558 Apostolus
974 2489 1143 2554 dicit:
1171 2509 1191 2543 ‹
1240 2488 1373 2559 Quis
1398 2491 1544 2547 enim
1571 2506 1770 2564 cogno-

175 2578 257 2634 vit
289 2594 508 2637 sensum
537 2578 769 2643 Domini,
818 2588 914 2636 aut
944 2581 1091 2652 quis'
1107 2581 1450 2640 consiliarius
1495 2580 1610 2651 ejus
1633 2581 1771 2637 fuit?

176 2666 368 2737 (Rom.
386 2684 464 2735 ιι,
484 2668 598 2742 δι.)
629 2689 647 2722 ι
674 2670 744 2727 Ει
764 2669 958 2727 iterum
987 2690 1000 2726 :
1025 2689 1045 2724 ι
1074 2669 1328 2743 Nunquid
1350 2673 1605 2743 iniquitas
1628 2673 1771 2745 apud

178 2759 402 2816 Deum?
426 2760 585 2818 Absit
610 2761 782 2835 (Rom.
808 2778 885 2829 ιιι,
930 2762 1041 2835 ll).
1071 2783 1089 2816 ι
1123 2762 1271 2832 Quos
1313 2779 1446 2838 ergo
1466 2764 1634 2821 voluit
1656 2764 1770 2821 sal-

175 2867 337 2920 vare,
362 2853 609 2922 salvavit,
639 2854 768 2926 quia
810 2854 994 2912 omnia
1020 2870 1355 2927 quaecunque
1398 2856 1564 2914 voluit
1607 2855 1767 2922 fecit;

174 2957 327 3014 quos
355 2949 536 2999 autem
570 2943 782 3001 salvare
806 2944 1004 3012 noluit,
1035 2945 1128 3002 ubi
1167 2945 1267 3002 nisi
1293 2946 1347 3000 in
1374 2945 1462 3001 illa
1491 2961 1560 3003 ex
1597 2946 1770 3003 Adam

175 3032 440 3090 veniente
463 3048 641 3091 massa
681 3034 1040 3093 damnationis
1069 3036 1304 3108 reliquit.
1334 3037 1413 3093 Ita
1443 3037 1505 3095 ﬁt
1533 3039 1698 3095 etiam
1723 3039 1771 3095 si

175 3125 485 3181 secundum
509 3124 656 3197 pium
685 3129 1041 3198 quorumdam
1067 3127 1291 3185 Patrum
1316 3129 1527 3201 piorum
1552 3145 1772 3188 sensum

1866 1944 1920 1993 et
1940 1953 2069 1993 vera
2092 1940 2331 2006 omnino,
2351 1949 2406 1997 et
2423 1942 2654 2000 salubris
2674 1944 3025 2018 intelligentia
3042 1957 3145 2006 est.
3170 1949 3231 2006 ιιι
3255 1961 3452 2022 quarto

1868 2039 2047 2083 autem
2082 2030 2240 2085 modo
2273 2030 2399 2086 illud
2429 2032 2547 2089 sine
2572 2033 2733 2089 dubio
2765 2037 3088 2104 cavendum,
3118 2040 3243 2108 quia
3274 2049 3329 2094 et
3358 2056 3453 2114 9e-

1867 2120 2138 2175 casionem
2183 2119 2485 2192 Pelagianae
2527 2125 2780 2194 pravitati
2817 2127 3040 2197 praebet,
3071 2130 3212 2197 quod
3242 2128 3449 2195 Deum;

1869 2220 1926 2275 ut
1956 2210 2128 2267 salvet
2166 2212 2443 2280 homines,
2484 2213 2752 2272 humanas
2790 2228 3105 2290 exspectare
3133 2219 3331 2275 asserit
3354 2235 3451 2276 vo-

1867 2300 2121 2358 luntates.
2163 2301 2365 2359 Contra
2393 2318 2553 2377 quem
2579 2321 2821 2377 errorem
2866 2308 2940 2363 ita
2979 2307 3033 2363 in
3072 2308 3309 2378 antiquis
3344 2306 3451 2364 Pa—

1868 2402 2011 2450 trum
2074 2392 2320 2452 Conciliis
2384 2394 2580 2467 legitur
2637 2398 2914 2465 deﬁnitum
2970 2399 3175 2471 (Cone.
3228 2399 3454 2465 Arnum,

1868 2502 1991 2543 can.
2020 2485 2075 2559 4)
2104 2505 2117 2540 :
2146 2486 2229 2560 [Si
2257 2488 2379 2560 quis
2408 2497 2519 2545 uta
2546 2500 2769 2560 peccato
2793 2507 3086 2563 purgemur
3115 2492 3451 2549 voluntatem

1869 2586 2108 2634 nostram
2156 2577 2324 2634 Deum
2368 2588 2685 2650 exspectare
2718 2582 3040 2648 contendit,
3092 2597 3201 2638 non
3245 2590 3450 2650 autem,

1870 2675 1930 2743 ut
1960 2667 2124 2722 etiam
2151 2667 2373 2739 purgari
2415 2668 2661 2736 velimus,
2703 2684 2801 2741 per
2826 2670 2998 2726 sancti
3036 2670 3271 2742 Spiritus
3309 2670 3453 2727 infu—

1872 2756 2103 2822 sionem,
2134 2764 2191 2812 et
2226 2757 2595 2830 Operationem
2622 2759 2677 2814 in
2706 2760 2862 2818 nobis
2887 2759 3002 2816 ﬁeri
3026 2759 3335 2826 conﬁtetur,
3369 2775 3455 2817 re-

1871 2849 2016 2908 sistit
2056 2851 2157 2924 ipsi
2200 2850 2425 2922 Spiritui
2448 2861 2660 2909 .sancto
2697 2868 2794 2924 per
2839 2853 3180 2910 Salomonem
3220 2852 3451 2910 dicenti:

1876 2964 1895 2997 ι
1926 2943 2267 3017 Prazparatur
2299 2945 2549 3004 voluntas
2574 2962 2605 3002 a
2634 2945 2862 3003 Domino
2882 2944 3074 3018 (Prov.
3103 2947 3308 3015 vtIt,5l
3348 2963 3453 3002 sec.

1872 3032 2079 3107 LXX);
2111 3055 2131 3090 ι
2173 3042 2229 3091 et
2256 3034 2513 3107 Apostolo
2540 3035 2831 3094 salubriter
2856 3037 3170 3108 praedicanti
3202 3051 3217 3091 :
3261 3054 3288 3090 ι
3312 3035 3456 3094 Deus

1873 3131 1958 3180 est
1994 3124 2087 3195 qui
2126 3133 2383 3197 operatur
2407 3124 2465 3182 in
2499 3124 2674 3194 nobis,
2711 3135 2769 3183 et
2795 3126 2933 3184 velle
2967 3135 3023 3184 et
3057 3126 3323 3199 perﬁcere
3357 3142 3458 3199 pro

175 3219 336 3275 Deus
356 3185 545 3276 omnes
576 3185 824 3277 homines
847 3221 963 3277 vult
986 3222 1166 3280 salvos
1192 3185 1773 3282 (ἰετιιὶιιιοιιίιιιιένίζῖιιιξιιἰ
1797 3185 1844 3249 C
1874 3185 2337 3273 ῢυιιείνοιυῖιιοιθ-
2367 3214 2416 3290 ι]
2452 3215 2607 3286 Quod
2639 3185 2819 3274 autem
2847 3217 2923 3275 ibi
2948 3185 3266 3290 simpliciter
3300 3185 3460 3274 intel-

177 3308 344 3375 toris,
365 3324 471 3379 qua
502 3317 809 3367 creaturam
837 3327 992 3368 suam
1032 3313 1174 3370 bene
1217 3328 1249 3368 a
1277 3327 1337 3370 se
1380 3314 1654 3371 conditam
1684 3327 1774 3387 pe-

175 3400 301 3457 rire
326 3415 436 3456 non
476 3400 614 3470 vult,
637 3401 692 3459 id
726 3403 906 3475 ipsum
933 3404 1132 3462 iterum
1157 3404 1293 3461 nolit
1333 3424 1353 3459 ι
1378 3405 1577 3477 judicis
1600 3405 1771 3477 aequi-

175 3499 323 3559 tate,
356 3511 377 3547 ι
404 3508 514 3565 qua
533 3496 781 3552 eamdem
799 3505 1102 3553 creaturam
1122 3510 1277 3555 suam
1290 3496 1379 3552 vel
1403 3496 1672 3568 originali,
1689 3496 1775 3554 vel

172 3584 356 3643 etiam
378 3586 580 3644 actuali
618 3596 842 3660 peccato
870 3590 1118 3660 nequiter
1151 3589 1485 3660 inquinatam
1530 3598 1587 3645 et
1609 3589 1774 3646 vitia-

171 3685 302 3735 tam
350 3678 669 3750 impunitam
718 3694 839 3736 esse
885 3696 1014 3753 non_
1044 3681 1196 3737 sinit.
1245 3679 1303 3735 ln
1346 3689 1556 3737 tantum
1585 3682 1729 3736 enim
1756 3700 1774 3737 :

180 3790 203 3824 ι
264 3767 555 3825 Neminem
575 3770 690 3826 vult
715 3770 912 3842 perire,
956 3790 976 3824 ι
1018 3784 1120 3826 nec
1159 3768 1409 3826 voluntas
1448 3768 1566 3840 ejus
1615 3770 1779 3827 alicui

178 3874 362 3919 causa
397 3861 715 3933 perditionis
759 3862 977 3931 existit,
1021 3871 1081 3939 ut
1124 3878 1224 3934 per
1253 3864 1581 3935 prophetam
1613 3863 1779 3920 etiam

166 3951 337 4023 jurat
362 3958 419 4005 et
436 3950 615 4007 dicat:
648 3970 667 4005 ι
703 3951 839 4008 Vivo
865 3968 965 4025 ego
982 3993 998 4019 ,
1021 3952 1153 4009 dicit
1175 3952 1441 4009 Dominus
1460 3994 1480 4020 ,
1499 3953 1627 4025 quia
1650 3952 1778 4009 nolo

171 4045 426 4098 mortem
451 4041 643 4113 impii,
688 4041 784 4100 sed
830 4051 892 4099 ut
933 4052 1236 4099 revertatur
1268 4059 1300 4099 a
1335 4043 1423 4099 via
1474 4058 1573 4100 sua
1614 4043 1781 4113 impia

169 4141 238 4190 et
268 4132 415 4189 vivat
465 4130 681 4205 (Ezech.
713 4151 921 4202 xxxtn,
952 4134 1062 4208 ll).
1085 4154 1116 4188 ιι
1170 4134 1241 4191 Et
1273 4143 1454 4190 tamen
1485 4134 1600 4209 ipse
1624 4175 1655 4201 ,,
1686 4134 1782 4205 qui

170 4238 301 4281 non
335 4221 452 4278 vult
477 4230 706 4280 mortem
748 4224 900 4295 impii
942 4232 1380 4297 perseverantem
1419 4223 1474 4280 in
1502 4224 1778 4297 impietate

172 4329 292 4373 sua
320 4313 545 4386 impium
573 4315 764 4387 procul
807 4315 968 4373 dubio
1014 4317 1191 4388 punit.
1241 4315 1322 4373 Ita
1366 4316 1420 4372 in
1472 4332 1583 4375 uno
1618 4325 1778 4388 atque

171 4405 383 4465 eodem
409 4406 629 4464 homine
655 4416 712 4464 et
740 4407 1034 4464 bonitatem
1056 4416 1112 4464 et
1141 4409 1484 4465 severitatem
1513 4424 1665 4466 suam
1691 4423 1781 4466 os-

172 4493 455 4552 tendens:
486 4495 788 4563 bonitatem,
819 4512 924 4568 qua
950 4514 1057 4555 non
1096 4499 1209 4554 vult
1237 4514 1360 4555 eum
1387 4499 1598 4571 perire;
1626 4516 1775 4555 seve-

171 4588 422 4652 ritatem,
456 4599 565 4657 qua
615 4596 1051 4657 perseverantem
1089 4588 1143 4642 in
1176 4588 1463 4660 iniquitate
1506 4604 1612 4646 non
1657 4588 1773 4643 vult

168 4678 517 4751 impunitum
548 4679 874 4751 relinquere.
906 4678 962 4735 Si
989 4695 1117 4754 ergo
1145 4683 1247 4738 hoc
1275 4683 1418 4753 quod
1446 4685 1514 4739 de
1536 4694 1645 4741 uno
1670 4683 1769 4740 bo-

166 4774 341 4832 mine
360 4769 600 4828 diximus
622 4790 635 4827 :
655 4770 733 4827 De
754 4771 1008 4828 universo
1032 4787 1230 4844 genere
1250 4773 1528 4830 hominum
1548 4789 1773 4845 percun-

172 4867 328 4922 tinm
376 4863 628 4921 similiter
666 4863 1017 4936 intelligatur,
1058 4874 1234 4936 potest
1262 4863 1487 4921 forsitan
1532 4881 1639 4922 non
1671 4865 1770 4921 ab-

143 4947 354 5010 'ssu'de
398 4952 506 5010 dici
536 4954 680 5025 quod
722 4953 867 5010 Deus
904 4969 1093 5011 omnes
1132 4955 1383 5012 homines
1417 4955 1548 5012 velit
1593 4956 1773 5014 salvos

168 5044 309 5101 ﬁeri
343 5045 587 5103 bonitate
617 5046 922 5115 Creatoris;
950 5056 1007 5104 et
1034 5057 1214 5104 tamen
1243 5063 1338 5104 eos
1362 5063 1498 5118 quos
1527 5048 1778 5125 indignos

167 5136 367 5195 salute
381 5136 723 5207 iudicaverit,
742 5136 889 5210 justa
909 5137 1108 5209 judicis
1134 5140 1423 5197 severitate
1446 5154 1554 5196 non
1581 5141 1772 5197 salvet.

169 5227 333 5283 Nam
361 5235 417 5284 et
449 5225 504 5283 in
533 5242 642 5282 uno
679 5226 917 5292 homine,
951 5237 1010 5282 ut
1039 5227 1153 5300 jam
1183 5229 1387 5285 dictum
1427 5237 1531 5295 est,
1561 5238 1777 5285 ιιιηιιιι-

166 5334 302 5391 que
340 5316 457 5375 ﬁeri
485 5333 647 5390 posse
678 5318 914 5375 ostendit
939 5317 1252 5390 Apostolus,
1296 5321 1482 5377 dicens
1522 5336 1537 5376 :
1584 5340 1605 5374 ι
1643 5320 1780 5377 Vide

166 5396 327 5485 ergo
381 5410 677 5469 bonitatem
708 5420 764 5468 et
791 5411 1138 5469 severitatem
1168 5413 1298 5478 Dei,
1335 5413 1390 5469 in
1428 5414 1532 5470 illis
1555 5413 1775 5486 quidem

169 5507 285 5580 qui
322 5505 634 5563 ceciderunt
660 5506 1041 5563 severitatem:
1072 5507 1125 5564 in
1151 5514 1205 5564 te
1234 5516 1415 5565 autem
1440 5507 1738 5565 bonitatem
1757 5550 1776 5577 ,

170 5599 227 5655 si
272 5598 638 5667 permanseris
663 5599 715 5654 in
752 5598 991 5655 bonitate
1013 5639 1029 5666 ,
1058 5597 1297 5670 alioquin
1332 5610 1387 5656 et
1426 5608 1478 5655 tu
1508 5601 1777 5660 excideris

172 5686 611 5759 (Rom.xl,2‘2);
649 5708 667 5743 ι
691 5688 843 5759 quod
876 5696 960 5745 cst
984 5697 1169 5760 aperte
1195 5691 1541 5748 severitatem
1570 5690 1776 5751 denun-

176 5780 339 5835 tiare
367 5778 443 5836 illi
472 5774 696 5853 quinon
727 5783 1085 5862 pcnnanserit
1115 5783 1171 5839 in
1210 5782 1471 5840 bonitate.

1874 3306 2062 3380 ligitur
2085 3307 2255 3365 Deum
2282 3324 2476 3367 omnes
2509 3309 2759 3369 homines
2783 3310 2920 3366 velle
2945 3309 3125 3368 salvos
3157 3310 3275 3366 ﬁeri
3304 3310 3462 3367 boni-

1876 3405 1988 3468 tate
2016 3398 2226 3456 scilicet
2247 3398 2527 3456 Creatoris
2573 3400 2671 3471 (ita
2700 3407 2759 3455 ut
2784 3400 3071 3471 putamus)
3102 3399 3336 3467 ﬁdeliter
3362 3414 3461 3471 po-

1879 3497 1982 3546 test
2022 3490 2229 3561 recipi.,
2267 3490 2315 3546 si
2344 3491 2489 3546 hanc
2524 3489 2859 3546 voluntatem
2900 3489 3161 3546 bonitatis
3189 3504 3301 3545 sua:
3330 3492 3460 3562 erga

1877 3581 2109 3637 salutem
2141 3582 2423 3639 hominum
2452 3597 2559 3637 non
2596 3582 2849 3639 credatur
2887 3582 3124 3637 humana
3160 3578 3477 3643 obsistente,

1879 3671 2157 3727 voluntate
2189 3670 2410 3741 implere
2438 3688 2547 3729 non
2575 3687 2749 3743 posse,
2777 3672 2873 3729 sed
2896 3673 3195 3730 obsistente
3220 3674 3461 3729 humana

1878 3762 2165 3841 iniquitate
2218 3763 2445 3835 implere
2500 3763 2661 3821 nolle.
2733 3763 2865 3832 Qua:
2914 3765 3099 3821 omnia
3165 3780 3293 3821 cum
3349 3773 3461 3822 tam

1878 3855 2107 3913 obscura
2136 3856 2262 3924 sint,
2296 3864 2352 3914 et
2381 3866 2487 3913 tam
2530 3856 2796 3929 profunda
2837 3867 3001 3930 atque
3032 3858 3308 3930 perplexa,
3337 3859 3478 3917 nolr.

1880 3946 2049 4002 lenius
2077 3947 2221 4003 inter
2240 3947 2441 4006 fratres
2462 3957 2519 4007 et
2546 3950 2901 4008 charissimos
2928 3963 3145 4008 nostros
3166 3952 3369 4024 aliquid
3391 3954 3462 4008 do

1882 4038 1966 4105 bis
1990 4040 2324 4096 contentiose
2351 4040 2599 4096 ventilari
2627 4041 2717 4098 vel
2742 4049 2943 4099 temere
2977 4042 3211 4111 deﬁniri,
3239 4041 3335 4098 sed
3364 4057 3472 4113 pos

1880 4130 1986 4187 tius
2010 4131 2152 4201 quod
2183 4131 2239 4186 in
2269 4130 2347 4188 eis
2373 4140 2580 4189 certum
2605 4140 2690 4189 est
2714 4134 2831 4190 sine
2862 4133 3196 4191 dubitatione
3223 4133 3460 4190 defendi.

1880 4219 2032 4290 Quod
2056 4230 2238 4303 autem
2262 4224 2426 4279 etiam
2468 4224 2612 4280 inter
2640 4239 2866 4298 magnos
2892 4225 3106 4281 diverso
3134 4224 3326 4292 modo,
3365 4226 3463 4281 sed

1879 4330 1987 4371 non
2028 4313 2243 4372 diversa
2279 4316 2480 4387 pietate
2513 4317 2808 4374 sentientes
2846 4317 3156 4389 ambiguum
3188 4326 3354 4388 atque
3381 4318 3465 4373 in-

1837 4430 1848 4442 -
1880 4416 2088 4465 certum
2126 4409 2408 4475 remansit,
2439 4410 2605 4465 etiam
2646 4411 2785 4481 apud
2814 4425 2914 4467 nos
2940 4418 2995 4466 et
3026 4419 3340 4466 reverenter
3366 4411 3479 4466 hoc.

1881 4500 2101 4566 norari,
2147 4501 2273 4572 quia
2306 4511 2559 4558 neutrum
2598 4515 2788 4559 eorum
2832 4502 3048 4558 videtur
3090 4517 3212 4558 esse
3242 4501 3481 4568 falsum,

1882 4592 1968 4648 vel
2009 4591 2134 4659 ﬁdei
2174 4592 2542 4658 contrarium;
2586 4599 2641 4647 et
2672 4592 2846 4664 magis
2878 4592 2931 4647 in
2966 4591 3162 4648 talibus
3193 4592 3467 4662 inquietos

1883 4693 1939 4741 et
1974 4683 2344 4741 contentiosos
2382 4683 2451 4739 ad
2488 4682 2894 4754 tranquillitatis
2930 4690 2984 4739 et
3014 4682 3469 4740 sobrietatisamo-

1881 4776 2111 4835 destiam
2158 4776 2473 4850 provocari,
2522 4792 2682 4847 quam
2727 4791 2827 4848 pro
2873 4776 3147 4833 inusitatis
3187 4784 3243 4832 et
3284 4777 3484 4831 minus.

1879 4870 2220 4927 elucentibus
2261 4871 2423 4927 rebus
2461 4869 2696 4942 aliquem
2752 4869 3110 4929 immoderata
3147 4869 3470 4925 austeritate

1880 4977 1945 5019 ac
1969 4961 2258 5018 severitate
2291 4960 2556 5049 damnari.

2468 5096 2696 5154 CAPUT
2736 5096 2875 5154 XIV.

2411 5209 2486 5265 De
2514 5218 2678 5264 morte
2705 5207 2947 5264 Christi..

1948 5322 2275 5397 Adjungitur
2300 5300 2421 5394 post
2443 5298 2558 5376 hmo
2584 5321 2636 5376 in
2651 5319 2875 5393 prmfata
2902 5318 3128 5391 epistola
3157 5320 3299 5392 quod
3328 5336 3465 5393 prte-

1884 5415 2148 5472 dieaverit
2173 5413 2262 5469 ille
2289 5411 2613 5487 miserabilis
2647 5412 2965 5483 monachus,
2993 5412 3118 5482 quia
3164 5431 3182 5464 l
3213 5411 3483 5483 Christus.

1884 5524 1995 5566 non
2015 5505 2166 5563 venit
2188 5512 2455 5561 utomnes
2480 5503 2730 5570 salvaret,
2760 5518 2860 5560 nec
2886 5518 3081 5579 passus
3107 5512 3191 5571 est
3217 5519 3314 5574 pro
3338 5518 3485 5571 οιιιο,

1883 5599 2071 5666 nibus,
2105 5595 2217 5653 nisi
2245 5594 2581 5672 solummodo
2622 5609 2722 5666 pro
2768 5594 2854 5651 his
2897 5595 2989 5671 qui
3035 5594 3306 5667 passionis
3343 5593 3479 5667 ejus.

1882 5690 2162 5748 salvantur
2191 5688 2469 5762 mysterio.
2508 5707 2527 5740 ι
2572 5686 2678 5745 Sed
2709 5688 2849 5744 etde
2874 5688 2978 5744 hac
3002 5688 3296 5759 quaestione
3329 5689 3479 5744 nihil.

1884 5782 2127 5854 confuse,
2152 5790 2205 5837 et
2234 5781 2629 5839 inconsiderate
2653 5779 2785 5850 dici,
2808 5779 2895 5837 vel
2926 5779 3140 5840 deliniri
3161 5781 3424 5839 vellemus
3447 5822 3467 5850 ,
