3966 6334
555 382 687 438 1011

1559 373 1616 427 S.
1657 371 1916 428 REMIGII
1954 365 2439 427 LUGDUNENSIS
2477 363 2779 421 EPlSCOPl

3631 371 3731 431 1012

552 496 718 552 habet
756 493 899 548 enim
933 504 988 548 et
1015 491 1129 561 ipsa
1167 485 1582 560 profunditatem
1607 524 1623 552 ,
1663 493 1718 539 et
1758 482 2128 539 ditlieultatem
2156 486 2210 546 Α
2234 488 2317 537 est
2349 479 2662 550 propitiatio
2688 493 2786 548 pro
2812 487 3048 548 peccatis
3081 477 3314 544 nostris;
3357 494 3456 535 non
3479 495 3566 551 pro
3588 490 3734 543 nostris

553 602 729 652 suam,
767 600 875 643 non
909 591 1095 639 nostra
1122 577 1559 652 praesumptione,
1599 575 1692 632 sed
1729 575 2136 644 Scripturarum

553 686 866 736 sanctarum
893 673 1141 738 veritate,
1174 679 1228 727 et
1255 669 1678 726 orthodoxorum
1708 667 1930 724 Patrum
1956 675 2138 721 aucto-

553 770 716 824 ritate
740 763 1051 837 diligentius
1077 759 1548 834 perscrutandam,
1577 766 1632 814 et
1663 757 1716 812 in
1745 766 2006 826 quantum
2035 753 2136 811 Do-

553 860 736 914 minus
765 856 976 926 aperire
1001 855 1277 926 dignatur,
1311 851 1544 908 ﬁdeliter
1568 849 1993 920 intelligendam.
2027 847 2136 903 Nos
2167 844 2176 854 ’

553 952 699 1009 enim
729 949 1036 1005 ﬁrmissime
1067 957 1310 1003 tenemus
1329 986 1344 1012 ,
1379 961 1479 1000 nec
1511 943 1777 1000 ullatenus
1807 943 2135 1010 dubitamus,

543 1039 704 1110 juxta
731 1037 1094 1110 evangelicam
1134 1045 1190 1093 et
1227 1035 1582 1108 apostolicam
1624 1033 1810 1101 ﬁdem,
1849 1032 2137 1088 Dominum

551 1137 800 1184 nostrum
844 1125 1026 1184 Jesum
1057 1126 1330 1182 Christum
1352 1165 1367 1191 ,
1400 1134 1672 1194 pastorem
1715 1123 1918 1178 bonum
1969 1139 1988 1173 α
2025 1121 2140 1176 ani-

551 1234 700 1275 mam
737 1232 893 1275 suam
935 1216 1182 1289 posuisse
1229 1231 1324 1284 pro
1359 1215 1548 1271 ovibus
1585 1213 1729 1278 suis;
1764 1231 1785 1266 ι
1837 1211 1976 1268 sicut
2023 1211 2140 1282 ipse

557 1311 689 1367 dicit
722 1327 736 1364 :
775 1328 794 1363 ‹
823 1310 936 1382 Ego
964 1325 1083 1365 sum
1113 1319 1298 1381 pastor
1340 1310 1516 1364 bonus
1542 1326 1556 1362 :
1603 1308 1777 1362 bonus
1801 1307 1988 1376 pastor
2019 1305 2138 1359 ani-

556 1419 700 1459 mam
721 1418 874 1458 suam
901 1401 994 1457 dat
1021 1417 1117 1474 pro
1145 1402 1392 1458 ovibus.»
1419 1400 1486 1456 Et
1515 1401 1710 1456 iterum
1745 1414 1799 1454 ε(
1829 1397 2140 1454 Sicutnovit

559 1511 646 1550 me
667 1495 848 1561 Pater,
873 1502 928 1550 et
953 1509 1054 1566 ego
1079 1508 1311 1566 agnosco
1332 1492 1570 1549 Patrem.
1596 1491 1664 1546 Et
1692 1491 1930 1546 animam
1963 1503 2141 1543 meam

555 1600 700 1658 pono
723 1601 820 1656 pro
847 1585 1039 1664 ovibus
1063 1586 1200 1641 meis
1223 1584 1405 1657 (Joan.
1439 1600 1495 1650 χ,
1521 1583 1609 1650 14,
1641 1583 1751 1654 15).
1794 1603 1814 1636 ι
1845 1582 1922 1638 De
1947 1581 2142 1652 quibus

557 1679 748 1736 ovibus
770 1679 896 1736 alibi
923 1680 1123 1736 dicitur
1149 1698 1162 1735 :
1201 1699 1220 1734 ι
1250 1679 1403 1737 Sicut
1425 1679 1566 1736 ﬁlius
1602 1680 1837 1736 hominis
1863 1694 1971 1734 non
1997 1679 2145 1734 venit

558 1769 877 1836 ministrari,
907 1770 1001 1826 sed
1029 1770 1360 1834 ministrare,
1395 1777 1451 1824 et
1479 1769 1609 1824 dare
1636 1769 1876 1823 animam
1903 1783 2057 1823 suam
2088 1767 2142 1821 in

2237 580 2420 625 autem
2467 577 2671 622 tantum
2699 608 2714 633 ,
2767 567 2862 622 sed
2904 576 2958 622 et
3002 581 3098 637 pro
3132 568 3301 623 totius
3348 572 3516 625 mundi
3556 571 3599 642 (Ι
3618 574 3733 630 Jour.

2236 661 2401 732 11,2);
2432 681 2450 712 ι
2467 669 2523 715 et
2546 659 2708 714 ubiB.
2725 657 2924 713 Paulus
2944 659 3218 727 apostolus
3233 658 3387 715 dicit:
3418 679 3434 711 ι
3456 661 3680 718 Deuserat
3699 667 3734 719 in

2235 753 2453 810 Christo
2481 754 2738 809 mundum
2771 751 3124 808 reconcilians
3154 751 3279 817 sibi,
3306 769 3407 806 non
3435 765 3650 825 reputans
3667 757 3739 816 illis

2237 847 2428 903 delicta
2460 847 2695 916 ipsorum
2726 844 2808 916 (ll
2847 842 2971 898 Cor.
3003 859 3057 908 v,
3095 844 3203 913 l9).
3232 863 3251 895 ι
3279 844 3372 899 Est
3397 861 3599 916 namque
3630 866 3740 904 mun-

2238 941 2337 996 dus
2376 940 2432 995 in
2485 938 2788 994 inﬁdelibus
2833 937 3083 992 inimicus
3123 939 3267 1003 Deo,
3308 954 3405 994 nec
3445 942 3741 1000 reconciliatus

2238 1033 2369 1088 Deo.
2419 1030 2496 1087 De
2522 1045 2630 1101 quo
2657 1030 2915 1100 scriptum
2941 1038 3025 1086 est
3055 1047 3070 1083 :
3107 1050 3124 1082 ι
3158 1028 3226 1085 Ει
3271 1031 3494 1087 mundus
3531 1048 3630 1087 eum
3669 1051 3740 1090 non

2238 1125 2506 1196 cognovit.
2542 1143 2562 1176 ι
2591 1124 2658 1178 Et
2678 1124 2874 1179 iterum
2901 1141 2914 1177 :
2944 1143 2963 1176 ί
2991 1124 3058 1179 Ει
3087 1125 3325 1180 mundus
3345 1134 3481 1181 totus
3502 1127 3548 1181 in
3571 1128 3742 1201 maligno

2237 1215 2447 1284 positus
2476 1221 2560 1269 est
2603 1212 2654 1284 (Ι
2678 1213 2838 1268 Joan.
2868 1230 2918 1279 v,
2952 1213 3062 1284 19).
3097 1233 3116 1266 ι
3151 1213 3322 1270 Totus
3347 1232 3471 1288 ergo
3503 1219 3686 1273 mundus
3708 1222 3742 1274 in

2241 1304 2430 1369 salute,
2463 1312 2520 1359 et
2546 1311 2688 1359 totus
2713 1304 2768 1358 in
2799 1304 3212 1370 incredulitate;
3252 1314 3395 1360 totus
3423 1307 3470 1360 in
3499 1307 3742 1362 reconcilia-

2243 1398 2417 1464 tione,
2457 1404 2513 1452 et
2542 1405 2686 1452 totus
2712 1397 2767 1451 in
2796 1396 3127 1464 inimicitiis;
3160 1398 3288 1468 quia
3318 1406 3372 1452 et
3405 1398 3487 1453 ille
3515 1400 3560 1453 in
3590 1415 3664 1454 suo
3680 1415 3743 1469 ge-

2243 1506 2375 1548 nere
2405 1499 2582 1558 totus,
2615 1499 2671 1546 et
2699 1489 2803 1547 iste
2833 1491 2888 1547 in
2918 1505 3017 1547 suo
3046 1505 3250 1563 genere
3282 1500 3421 1547 totus
3449 1491 3746 1565 intelligendus

2244 1591 2349 1639 est.

2857 1676 3084 1734 CAPUT
3115 1676 3236 1734 XV.

2249 1789 2392 1846 Ordo
2422 1791 2883 1855 reconciliationis;
2913 1791 2963 1844 l.
2999 1789 3329 1855 Electorum;
3353 1790 3406 1845 Ξ.
3435 1789 3656 1845 Fidelium
3675 1810 3749 1846 om-

556 1862 980 1934 t‘edemptionem
1009 1879 1108 1934 pro
1134 1863 1316 1918 multis
1346 1861 1559 1933 (Matth.
1585 1878 1676 1927 xx,
1705 1860 1830 1934 28):
1869 1869 1991 1916 iet:
2013 1860 2143 1914 illic
2173 1859 2218 1918 Β
2315 1862 2461 1934 nium
2487 1863 2578 1932 qui
2610 1879 2713 1916 non
2749 1871 3098 1928 perseverant;
3126 1862 3181 1916 5.
3237 1862 3601 1927 Vocandorum;
3631 1863 3750 1918 4.1:-

559 1963 647 2009 est
676 1955 815 2010 calix
845 1955 1123 2027 sanguinis
1163 1957 1270 2011 mei
1313 1954 1447 2010 Novi
1495 1954 1830 2010 Testamenti
1856 1994 1870 2018 ,
1917 1953 2009 2023 qui
2047 1966 2147 2024 pro

533 2045 744 2112 (vobis,
780 2055 835 2101 et
867 2062 963 2117 pro
1000 2047 1183 2102 multis
1207 2046 1511 2103 eﬁ‘undetur
1537 2047 1590 2101 in
1623 2047 1997 2102 remissionem
2023 2059 2148 2116 pec-

558 2144 804 2192 catorum
845 2137 1060 2207 (Matth.
1091 2154 1242 2204 xxvi,
1269 2137 1382 2208 28).
1418 2157 1438 2190 ι
1488 2137 1640 2193 Unde
1662 2147 1716 2193 et
1744 2136 2035 2208 Apostolus
2069 2135 2150 2191 di-

560 2229 636 2284 cit
671 2247 684 2282 :
722 2248 739 2282 ‹
775 2227 867 2285 Sic
900 2238 955 2285 et
991 2228 1242 2286 Christus
1278 2229 1445 2286 semel
1483 2229 1696 2286 oblatus
1740 2237 1824 2284 est
1854 2228 1921 2283 ad
1948 2227 2148 2282 multo-

562 2334 684 2376 rum
708 2319 1075 2377 exhaurienda
1102 2329 1326 2391 peccata
1353 2320 1540 2388 (Hebr.
1575 2337 1652 2388 ix,
1669 2320 1781 2392 28).
1807 2339 1824 2373 ι
1847 2320 1913 2374 Ει
1939 2319 2031 2388 qui
2059 2319 2148 2374 isti

563 2420 691 2468 sunt
729 2411 1139 2484 diligentissime
1179 2412 1577 2468 commendavit
1613 2412 1800 2468 dicens
1830 2429 1843 2466 :
1886 2431 1905 2462 r
1936 2410 2004 2464 Et
2033 2425 2147 2464 am-

557 2501 744 2557 bulate
773 2503 829 2556 in
863 2501 1173 2568 dilectione,
1201 2502 1342 2558 sicut
1371 2512 1426 2558 et
1453 2501 1702 2558 Christus
1729 2501 1919 2558 dilexit
1947 2515 2066 2567 nos,
2096 2506 2153 2556 et

559 2595 786 2653 tradidit
807 2596 1156 2667 semetipsum
1183 2610 1282 2667 pro
1303 2595 1460 2652 nobis
1479 2594 1807 2651 oblationem
1830 2602 1885 2650 et
1912 2593 2146 2648 hostiam

561 2687 675 2761 Deo
703 2687 758 2743 in
794 2687 958 2744 odore
995 2687 1278 2744 suavitatis
1330 2677 1547 2759 (Ephes.
1582 2702 1634 2752 v,
1666 2684 1745 2756 2).
1782 2704 1800 2737 ι
1852 2685 1920 2739 Et
1966 2683 2093 2738 alibi
2129 2699 2145 2740 :

573 2796 593 2829 ι
626 2778 838 2847 Quanto
866 2779 1062 2850 magis,
1095 2798 1115 2832 ›
1155 2777 1352 2849 inquit,
1387 2796 1406 2830 ε
1433 2776 1654 2848 sanguis
1681 2775 1902 2841 Christi,
1935 2775 2027 2847 qui
2053 2789 2151 2846 per

568 2869 833 2941 Spiritum
869 2867 1112 2926 sanctum
1139 2872 1488 2944 semetipsum
1517 2871 1710 2928 obtulit
1745 2870 2150 2939 immaculatum

564 2960 680 3017 Deo
714 2961 1028 3017 emundavit
1061 2963 1450 3018 conscientiam
1491 2972 1730 3019 vestram
1781 2963 1850 3018 ab
1892 2961 2150 3032 operibus

559 3051 812 3118 mortuis,
837 3054 904 3107 ad
930 3053 1272 3109 serviendum
1302 3057 1412 3110 Deo
1432 3056 1634 3110 viventi
1662 3053 1849 3126 (Hebr.
1874 3070 1952 3121 ιι,
1979 3051 2092 3125 14).
2123 3071 2142 3105 ι

561 3134 635 3196 Et
663 3140 858 3195 iterum
888 3156 903 3194 :
937 3161 954 3192 ι
984 3140 1086 3210 Qui
1121 3142 1270 3199 dedit
1309 3144 1658 3215 semetipsum
1704 3160 1804 3215 pro
1847 3143 2005 3199 nobis
2029 3183 2045 3211 ,
2087 3149 2149 3198 ut

2321 1931 2579 2002 ﬁdelium.

2315 2044 2373 2100 In
2404 2045 2505 2101 hac
2533 2045 2920 2117 redemptionis
2948 2054 3002 2101 et
3038 2047 3495 2103 reconciliationis
3519 2048 3657 2119 gratia
3679 2047 3750 2116 prio

2246 2151 2368 2192 mus
2393 2134 2525 2192 ordo
2553 2145 2638 2192 est
2673 2137 2968 2194 electorum
3015 2145 3072 2193 et
3129 2138 3610 2207 praedestinatorum
3633 2137 3748 2192 adri-

2249 2234 2357 2280 tam
2380 2234 2639 2280 aeternam
2669 2241 2684 2280 :
2711 2227 2777 2281 de
2797 2227 2994 2297 quibus
3021 2227 3204 2296 perire
3232 2228 3411 2283 nullus
3437 2236 3612 2298 potest,
3634 2235 3674 2282 et
3692 2229 3750 2294 qui

2247 2317 2468 2372 omnino
2495 2333 2683 2372 omnes
2724 2317 3005 2372 salvantur
3029 2325 3084 2373 et
3124 2319 3373 2389 ad'quos
3413 2318 3634 2389 pertinet,
3657 2316 3750 2386 quod

2249 2410 2509 2466 Dominus
2531 2411 2659 2466 dicit
2685 2429 2697 2465 :
2729 2430 2746 2462 ι
2776 2410 2878 2478 Qui
2905 2413 3341 2481 perseveraverit
3372 2426 3530 2480 usque
3554 2411 3602 2465 in
3624 2409 3752 2471 ﬁnem,

2256 2501 2347 2557 hic
2373 2501 2554 2558 salvus
2582 2503 2688 2557 erit
2732 2500 2948 2570 (Matth.
2981 2519 3037 2569 κ,
3062 2501 3176 2573 22).
3218 2522 3239 2555 ι
3297 2501 3558 2558 Secundus
3581 2500 3682 2556 ordo
3700 2509 3753 2553 est

2250 2606 2439 2649 eorum
2467 2592 2704 2648 ﬁdelium
2728 2593 2820 2662 qui
2864 2601 3013 2650 recta
3047 2594 3151 2650 ﬁde
3176 2603 3238 2649 et
3263 2595 3460 2666 pietate
3486 2593 3694 2649 accedunt
3710 2591 3751 2644 ad

2253 2684 2483 2758 gratiam
2515 2683 2790 2755 baptismi,
2816 2694 2870 2740 et
2897 2700 2994 2756 per
3014 2700 3135 2741 eam
3161 2685 3438 2756 accipiunt
3462 2681 3752 2754 indulgentiam

2253 2786 2628 2847 peccatorum,
2664 2776 2925 2846 baptizati
2962 2776 3018 2830 in
3055 2785 3238 2834 morte
3283 2776 3501 2842 Christi,
3526 2789 3575 2832 et
3595 2774 3752 2829 abluti:

2252 2869 2491 2941 peccatis
2518 2868 2632 2924 suis
2658 2867 2711 2922 in
2739 2868 3002 2938 sanguine
3035 2866 3174 2937 ejus,
3209 2884 3277 2924 ac
3303 2884 3397 2940 per
3425 2869 3522 2923 hoc
3546 2864 3753 2936 participes

2254 2958 2644 3030 redemptionis
2687 2958 2856 3029 ipsius
2891 2957 3102 3024 eﬁ'ecti;
3141 2959 3240 3014 sed
3268 2969 3450 3030 postea
3476 2957 3664 3012 diversis
3681 2963 3752 3007 ten-

2257 3051 2554 3107 tationibus
2581 3058 2636 3105 ct
2666 3050 3040 3120 iniquitatibus
3069 3050 3306 3120 gratiam
3335 3050 3495 3120 ipsius
3519 3046 3619 3101 ﬁdei
3639 3053 3752 3098 etre-

2254 3142 2581 3216 demptionis
2611 3142 2868 3199 amittunt
2891 3151 3312 3213 perseverantes
3338 3141 3390 3196 in
3431 3139 3570 3194 malis
3593 3135 3701 3198 suis,
3720 3140 3753 3185 et

561 3244 665 3285 nos
695 3230 986 3287 redimeret
1015 3233 1083 3288 ab
1115 3234 1261 3288 omni
1289 3234 1604 3306 iniquitate,
1642 3247 1697 3290 et
1726 3237 2012 3292 mandaret
2036 3234 2141 3291 sibi
2169 3229 2214 3292 C
2245 3236 2324 3292 sic
2349 3234 2419 3292 de
2443 3234 2641 3291 mulo
2666 3244 2950 3290 exeuntes.
2997 3233 3073 3288 De
3100 3232 3358 3304 qualibus
3398 3231 3521 3286 dicit
3543 3222 3752 3298 Apostolus

471 3401 474 3404 ἢ
558 3319 818 3391 populum
841 3323 1245 3393 acceptabilem,
1273 3333 1596 3380 sectatorem
1622 3326 1887 3382 bonorum
1919 3342 2144 3398 operum

560 3413 693 3484 (Tit.
726 3430 791 3481 ιι,
820 3414 930 3486 M).
967 3435 987 3470 ι
1032 3415 1100 3471 Et
1128 3416 1234 3474 alio
1264 3416 1385 3474 loco
1415 3435 1428 3472 :
1465 3435 1484 3470 ι
1521 3416 1623 3484 Qui
1651 3417 1826 3474 lactus
1851 3427 1935 3474 est
1964 3419 2018 3474 in
2050 3433 2146 3474 no-

558 3509 665 3576 bis,
695 3530 718 3563 s
752 3511 945 3582 inquit,
984 3531 1003 3563 ‹
1033 3513 1296 3584 sapientia
1345 3528 1375 3567 a
1416 3513 1560 3579 Deo,
1599 3523 1657 3569 et
1695 3513 1906 3584 justitia
1938 3523 1992 3569 et
2022 3528 2146 3569 san-

560 3599 821 3658 ctiﬁcatio
871 3611 926 3658 et
960 3603 1258 3674 redemptio
1303 3602 1356 3675 (I
1388 3603 1511 3658 Cor.
1546 3620 1586 3669 ι,
1615 3603 1726 3676 '50).
1763 3623 1781 3657 ι
1835 3603 1948 3660 Hoc
1988 3613 2043 3659 et
2089 3604 2145 3658 in

559 3689 792 3748 Psalmis
830 3693 1080 3748 similiter
1114 3701 1196 3749 est
1238 3693 1657 3764 praenuntiatum
1688 3735 1702 3760 ,
1745 3693 1834 3749 ubi
1875 3693 2090 3749 canitur
2128 3712 2141 3748 :

568 3801 589 3832 ι
629 3781 1072 3855 Redemptionem
1114 3784 1264 3840 misit
1303 3785 1560 3840 Dominus
1597 3785 1792 3856 p0pulo
1822 3801 1921 3841 suo
1969 3783 2142 3856 (Psal.

561 3889 654 3941 cx,
683 3874 772 3946 9);
813 3895 831 3928 ›
884 3885 941 3931 et
985 3893 1000 3930 :
1049 3895 1068 3928 ι
1102 3875 1402 3932 Redemisti
1433 3877 1487 3930 in
1519 3875 1740 3931 brachio
1771 3885 1861 3930 tuo
1892 3874 2147 3946 populum

564 3974 719 4019 tuum
766 3963 936 4037 (Psal.
987 3983 1179 4034 Lxxvt,
1212 3966 1318 4039 l6).
1357 3987 1377 4020 ›
1411 3967 1473 4023 Et
1507 3967 1703 4024 iterum
1738 3984 1751 4021 :
1790 3986 1808 4019 ι
1840 3966 1979 4034 Quia
2006 3967 2148 4038 apud

565 4056 854 4112 Dominum
902 4059 1309 4126 misericordia,
1356 4069 1410 4115 et
1455 4061 1674 4130 copiosa
1709 4060 1853 4130 apud
1891 4075 2014 4114 eum
2061 4075 2147 4115 re-

568 4149 807 4219 demptio
847 4167 860 4202 :
899 4159 954 4204 et
983 4150 1096 4219 ipse
1134 4150 1360 4206 redimet
1385 4151 1548 4206 lsrael
1575 4167 1642 4207 ex
1673 4151 1922 4207 omnibus
1951 4150 2149 4221 iniqui-

567 4239 768 4295 tatibus
793 4239 909 4309 ejus
937 4239 1109 4311 (Psal.
1137 4256 1321 4306 cxxtx,
1355 4242 1408 4307 7,
1435 4240 1512 4311 8).
1553 4262 1571 4295 ι

637 4329 751 4386 Hoc
779 4331 934 4385 nobis
963 4337 1018 4385 et
1042 4331 1466 4386 sacratissimum
1495 4346 1692 4388 nomen
1723 4330 1840 4402 ejus
1869 4347 2148 4389 commen-

565 4424 660 4479 dat
703 4433 758 4479 et
801 4423 1025 4494 angelus
1070 4423 1228 4479 docet
1263 4423 1450 4480 dicens
1483 4443 1495 4479 :
1541 4443 1558 4476 ι
1590 4425 1656 4479 Et
1689 4425 1908 4482 vocabis
1949 4442 2146 4482 nomen

564 4515 681 4585 ejus
703 4514 910 4581 Jesum,
941 4516 1057 4588 ipse
1079 4517 1223 4571 enim
1257 4515 1462 4571 salvum
1506 4516 1667 4572 faciet
1707 4517 1960 4588 populum
1989 4534 2145 4574 suum

2245 3327 2392 3399 quod
2425 3344 2445 3378 ‹
2473 3340 2698 3396 regnum
2723 3324 2818 3380 Dei
2847 3338 2955 3380 non
2982 3321 3389 3392 consetiuentur
3412 3318 3542 3393 (Gal.
3563 3334 3607 3381 v,
3625 3315 3745 3382 21);»

2245 3428 2302 3475 et
2325 3438 2346 3472 r
2375 3419 2500 3490 quia
2527 3433 2633 3473 non
2657 3417 2855 3472 habent
2879 3415 3258 3471 hereditatem
3287 3415 3344 3469 in
3375 3426 3532 3482 regno
3551 3403 3704 3464 Christi
3716 3408 3750 3455 et

2247 3511 2344 3566 Dei
2373 3509 2591 3582 (Ephes.
2614 3525 2666 3576 v,
2689 3508 2777 3581 5);
2814 3528 2833 3562 ι
2879 3508 3076 3578 quibus
3109 3508 3280 3563 etiam
3304 3506 3552 3562 Dominus
3568 3515 3616 3557 se
3632 3498 3748 3554 dictu-

2248 3616 2368 3656 rum
2389 3601 2774 3666 comminatur,
2801 3600 2986 3655 dicens
3012 3617 3025 3653 :
3063 3617 3082 3650 ‹
3114 3598 3293 3654 Amen
3316 3598 3434 3652 dico
3456 3595 3606 3657 vobis,
3625 3585 3749 3645 nescio

2247 3708 2344 3748 vos
2362 3691 2825 3764 (Matth.xxv,12);
2848 3713 2866 3745 ι
2887 3691 3026 3747 unde
3039 3699 3094 3746 et
3108 3691 3252 3746 idem
3271 3689 3535 3762 apostolus
3548 3686 3602 3740 de
3613 3680 3749 3738 eisdem

2247 3784 2478 3854 gratiam
2503 3783 2702 3840 Christi
2726 3784 2780 3839 in
2802 3783 3041 3839 Ecclesia
3063 3784 3394 3848 consecutis,
3417 3781 3504 3837 sed
3530 3793 3628 3834 eam
3651 3770 3750 3828 mini-

2248 3891 2336 3930 me
2349 3875 2693 3930 servantibus
2710 3875 3022 3931 terribiliter
3051 3875 3340 3930 denuntiat
3364 3866 3750 3934 dicenschuanw

2249 3968 2423 4037 magis
2451 3966 2655 4036 putatis
2683 3967 2949 4022 deteriora
2975 3966 3173 4021 mereri
3202 3965 3487 4038 supplicia,
3515 3960 3593 4031 qui
3614 3955 3747 4010 Filium

2249 4057 2346 4112 Dei
2380 4056 2796 4123 conculcaverit,
2825 4065 2880 4112 et
2900 4057 3220 4128 sanguinem
3243 4053 3542 4112 testamenti
3565 4046 3750 4121 pollutum

2249 4146 2484 4212 duxerit,
2506 4146 2563 4201 in
2589 4161 2698 4218 quo
2741 4145 3113 4201 sanctiﬁcatus
3143 4153 3255 4211 est,
3303 4155 3358 4200 et
3395 4141 3589 4214 spiritui
3623 4134 3751 4207 gan

2249 4241 2631 4299 contumeliam
2657 4241 2843 4296 fecerit
2869 4239 3052 4312 (Hebr.
3077 4256 3132 4306 ι,
3159 4239 3277 4311 29).
3302 4259 3322 4292 ι
3350 4239 3414 4294 Ει
3433 4239 3605 4292 iterum
3625 4247 3669 4321 τι
3685 4227 3751 4321 lut-

2248 4335 2502 4407 possibile
2540 4341 2626 4389 est
2670 4332 2817 4387 enim
2846 4346 2961 4396 eos,
3010 4330 3105 4400 qui
3151 4329 3323 4385 semel
3369 4337 3491 4384 sunt
3521 4319 3750 4378 illuminati.

2249 4432 2601 4497 gustaverunt
2621 4423 2786 4479 etiam
2816 4422 3015 4478 donum
3035 4421 3286 4486 eteleste,
3317 4427 3370 4474 et
3397 4415 3652 4490 participes
3669 4408 3752 4497 sum

2253 4496 2381 4573 lacti
2411 4517 2646 4588 Spiritus
2687 4514 2860 4572 sancti
2890 4531 2904 4580 ;
2939 4521 3296 4584 gustaverunt
3347 4506 3655 4565 nihilominus
3690 4496 3751 4548 b0-

563 4623 595 4659 a
634 4605 872 4674 peccatis
902 4620 1093 4660 eorum
1137 4604 1351 4675 (Matth.
1385 4622 1422 4670 ι,
1454 4605 1568 4676 2|).
1601 4626 1621 4660 ι
1673 4606 1780 4662 Pro
1805 4608 1890 4664 his
1916 4624 2149 4680 namque
2179 4588 2226 4646 ί)
2254 4625 2381 4665 num
2405 4608 2500 4664 Dei
2522 4608 2774 4673 verbum,
2805 4605 3146 4674 virtutesque
3167 4601 3353 4657 saeculi
3377 4595 3594 4658 venturi,
3615 4596 3752 4655 etp“)-

566 4709 624 4754 et
651 4700 764 4769 ipse
794 4700 1053 4756 Dominus
1079 4715 1136 4754 se
1178 4700 1232 4754 in
1263 4700 1504 4771 patibulo
1532 4703 1712 4758 crucis
1747 4702 2044 4758 exaltatum
2074 4713 2154 4759 te-

563 4799 760 4857 statur,
783 4790 970 4848 dicens
994 4809 1008 4845 :
1038 4810 1056 4844 ‹
1086 4791 1156 4846 Et
1173 4792 1317 4848 sicut
1337 4791 1545 4864 Moyses
1562 4794 1822 4851 exaltavit
1841 4804 2150 4867 serpentem

500 4876 503 4880 ’
563 4883 620 4936 in
653 4882 889 4948 deserto,
930 4884 1005 4940 ita
1041 4883 1268 4940 exaltari
1307 4894 1522 4956 oportet
1542 4885 1740 4943 Filium
1770 4888 2042 4955 hominis;
2091 4899 2152 4944 ut

563 4973 742 5029 omnis
771 4976 862 5045 qui
886 4976 1060 5032 credit
1097 4977 1151 5032 in
1192 4977 1370 5048 ipsum
1415 4993 1523 5035 non
1564 4988 1775 5052 pereat,
1815 4981 1912 5037 sed
1950 4982 2148 5037 habeat

566 5063 732 5119 vitam
775 5075 1062 5135 aternam;
1103 5088 1122 5122 ι
1165 5069 1257 5124 ubi
1299 5076 1354 5125 et
1386 5070 1570 5126 statim
1617 5071 1899 5143 subjunxit
1938 5091 1951 5126 :
1995 5091 2014 5124 ‹
2056 5072 2148 5129 Sic

566 5156 713 5212 enim
743 5166 800 5213 et
837 5161 978 5215 Deus
1001 5162 1188 5217 dilexit
1215 5164 1498 5230 mundum,
1533 5171 1594 5218 ut
1620 5164 1818 5220 Filium
1844 5181 2001 5221 suum
2028 5166 2149 5220 uni-

566 5247 806 5320 genitum
852 5249 1005 5306 daret
1058 5251 1239 5322 (Joan.
1287 5270 1370 5320 ιιι,
1421 5253 1487 5309 14
1517 5285 1542 5296 -
1575 5255 1683 5326 16).
1723 5276 1742 5310 ›
1784 5257 1850 5311 Et
1885 5257 2005 5327 quis
2046 5258 2149 5312 iste

565 5338 638 5393 sit
665 5337 894 5393 mundus
916 5355 1076 5409 quem
1113 5342 1253 5397 Deus
1281 5343 1490 5410 dilexit,
1531 5352 1587 5400 et
1627 5361 1727 5416 pro
1755 5359 1861 5414 quo
1903 5345 2147 5416 unigeni-

566 5443 680 5486 tum
710 5447 866 5488 suum
897 5433 1073 5498 dedit,
1117 5438 1371 5491 continuo
1403 5451 1682 5509 exponens
1709 5436 1952 5506 adjunxit
1978 5454 1992 5490 :
2025 5455 2042 5488 ι
2079 5437 2147 5494 Ut

566 5526 742 5581 omnis
771 5525 862 5598 qui
892 5525 1065 5582 credit
1110 5528 1164 5582 in
1197 5529 1370 5598 ipsum
1431 5545 1538 5585 non
1569 5537 1788 5600 pereat,
1825 5529 1920 5585 sed
1948 5528 2145 5584 habeat

568 5618 733 5673 vitam
762 5627 1055 5682 :eternam,
1095 5638 1114 5671 ›
1159 5619 1234 5674 sic
1273 5619 1416 5675 enim
1452 5627 1505 5675 et
1545 5619 1618 5675 ibi
1649 5619 2026 5690 intelligendus
2066 5627 2152 5675 est
2194 5613 2202 5622 ’

570 5713 799 5768 mundus
829 5713 936 5768 Deo
956 5712 1206 5779 dilectus,
1231 5721 1285 5766 et
1309 5728 1402 5784 per
1428 5712 1778 5782 Unigenitum
1798 5712 1914 5780 ejus
1942 5713 2149 5767 redem-

566 5814 726 5879 ptus,
768 5807 1076 5885 ubiubeatus
1105 5807 1337 5864 Joannes
1381 5805 1852 5888 apostoluswdicit;
1894 5805 2008 5864 tEt
2036 5807 2146 5878 ipse

2251 4701 2389 4773 lapsi
2418 4707 2566 4766 sunt,
2598 4697 2844 4755 renovari
2875 4711 3063 4751 rursus
3096 4695 3163 4750 ad
3194 4692 3579 4764 paenitentiam,
3599 4689 3749 4773 rursum

2252 4767 2629 4862 cruciﬁgentes
2661 4789 3012 4860 sibimetipsis
3040 4786 3237 4843 Filium
3261 4785 3381 4849 Dei,
3403 4791 3456 4839 et
3476 4767 3750 4862 ostentui‘ha-

2251 4859 2662 4953 litantes—(Hebr.
2694 4897 2767 4947 vi,
2811 4879 2845 4935 4
2875 4910 2902 4922 -
2933 4879 3010 4950 6).
3046 4898 3064 4930 ι
3095 4877 3324 4947 Propter
3370 4877 3468 4930 hoc
3502 4859 3749 4956 horrendqu

2253 4973 2454 5030 malum
2503 4971 2970 5042 transgressionis,
3017 4979 3073 5025 et
3121 4967 3428 5023 amissionis
3469 4959 3627 5034 gratia:

2252 5066 2400 5122 omni
2425 5064 2722 5120 intentione
2745 5063 3044 5118 cavendum
3071 5069 3230 5131 atque
3250 5057 3563 5129 fugiendum;
3583 5041 3692 5101 omni
3711 5035 3750 5131 ii:

2254 5158 2362 5214 deli
2404 5156 2664 5213 Dominus
2710 5155 2766 5210 in
2813 5125 3370 5225 Apocalypsi-dicio:
3421 5166 3439 5198 ι
3490 5143 3614 5198 Tene
3651 5125 3750 5202 quod

2256 5249 2446 5314 habes,
2475 5256 2534 5302 ut
2557 5261 2717 5302 nemo
2758 5246 2993 5315 accipiat
3037 5257 3292 5299 coronam
3339 5251 3478 5295 tuam
3516 5234 3745 5305 (Apoc-HI,

2259 5341 2366 5413 “)-
2405 5360 2423 5392 ι
2455 5340 2522 5394 Et
2544 5342 2736 5395 iterum
2764 5358 2777 5393 :
2808 5359 2826 5392 ι
2862 5339 2993 5394 Esto
3044 5337 3219 5392 ﬁdelis
3245 5348 3412 5404 usque
3450 5329 3512 5384 ad
3545 5328 3745 5380 mortem.

2252 5440 2309 5487 et
2332 5432 2471 5488 dabo
2493 5431 2584 5487 tibi
2601 5446 2854 5487 coronam
2875 5431 3000 5486 vitae
3024 5429 3206 5501 (Apoc.
3240 5444 3298 5493 ιι,
3326 5424 3462 5496 10).»
3504 5419 3560 5512 ὶξῑ

2252 5524 2336 5579 lus
2375 5524 2630 5579 admonet
2673 5532 2834 5594 atque
2876 5523 3148 5588 hortatur,
3199 5522 3381 5576 dicens
3414 5533 3427 5569 :
3460 5533 3477 5565 ι
3523 5504 3747 5594 Ραιϋεὶρθε

2256 5618 2400 5675 enim
2425 5615 2628 5673 Christi
2649 5593 2822 5672 eﬁ‘ecti
2851 5630 3056 5682 sumus,
3081 5615 3124 5670 si
3153 5623 3327 5668 tamen
3347 5607 3540 5665 initium
3564 5593 3747 5682 subs-ttin-

2259 5709 2347 5764 tiae
2364 5723 2532 5779 usque
2548 5708 2613 5763 ad
2637 5707 2795 5762 ﬁnem
2821 5678 3332 5762 ﬁrmum'teneamus
3353 5696 3526 5769 (Hebr.
3549 5704 3616 5751 ιιι,
3635 5678 3742 5779 illm

2260 5810 2312 5859 et
2341 5776 2578 5860 iterum:
2617 5818 2636 5855 ι
2669 5800 2916 5859 Christus
2959 5813 3086 5856 vero
3128 5805 3377 5869 tanquam
3413 5789 3542 5848 ﬁlius
3564 5783 3608 5839 in
3633 5776 3745 5832 ἀοωο
