3966 6334
220 339 355 397 1013

1323 337 1524 394 LIBER
1564 335 1650 391 DE
1686 333 1939 393 TRIBUS
1978 341 2350 401 EPISTOLIS.

3318 341 3458 398 1014

217 473 337 523 sua,
367 470 485 526 qua:
509 453 699 510 domus
739 470 924 510 sumus
950 470 1073 522 nos,
1114 457 1158 511 si
1189 456 1438 512 ﬁduciam
1468 467 1522 513 et
1558 455 1782 528 gloriam
1813 461 1859 519 Α
1887 456 1992 513 alio
2018 458 2134 516 loco
2161 461 2226 516 de
2253 460 2591 517 inﬁdelibus:
2621 461 2943 534 [Quomodo,
2991 460 3196 530 inquit,
3227 459 3346 514 istis
3379 460 3461 513 di-

217 551 331 622 spei
360 566 528 621 usque
543 549 608 605 ad
631 549 790 604 ﬁnem
812 547 1022 602 ﬁrmam
1039 546 1560 617 retineamus(Hebr.
1577 563 1659 612 ιιι,
1674 546 1748 617 6).
1763 566 1781 600 ι

220 644 440 699 Tertius
463 651 640 698 autem
663 643 798 697 ordo
818 654 1003 694 eorum
1034 638 1124 707 qui
1149 639 1214 692 ad
1243 639 1382 693 hanc
1417 639 1646 709 gratiam
1690 654 1787 694 ac-

220 738 441 802 cedunt,
473 735 526 790 in
557 734 662 790 illis
683 731 1027 804 accipiendus
1048 741 1152 797 est,
1183 734 1272 802 qui
1305 734 1477 788 adhuc
1520 736 1572 788 in
1604 734 1792 789 inﬁde-

222 827 378 884 litate
402 827 585 899 positi,
614 827 836 884 vocandi
873 835 1048 882 tamen
1076 835 1200 880 sunt
1245 841 1341 896 per
1369 827 1792 883 misericordiam

226 917 346 982 Dei,
381 926 435 972 et
464 918 565 972 hoc
589 917 706 972 sine
734 916 896 972 dubio
934 915 987 970 in
1018 916 1254 972 Ecclesia
1285 920 1624 973 consecuturi
1648 919 1795 988 quod

225 1007 503 1062 consecuti
517 1015 661 1072 sunt,
680 1015 734 1062 et
753 1005 828 1060 illi
844 1006 946 1061 duo
959 1005 1176 1061 ordines
1188 1007 1297 1061 sive
1310 1009 1793 1076 perseverantium,

228 1097 343 1152 sive
373 1112 478 1152 non
507 1096 963 1167 perseverantium
993 1095 1045 1150 in
1073 1097 1242 1166 gratia
1267 1096 1494 1162 Christi,
1517 1096 1584 1151 de
1602 1097 1796 1166 quibus

225 1187 339 1258 iam
367 1187 620 1243 diximus.
648 1182 722 1242 De
747 1187 832 1242 his
856 1201 1089 1257 namque
1116 1186 1326 1241 Domini
1357 1202 1488 1242 voce
1528 1187 1797 1257 promitti-

233 1288 364 1334 tur:
400 1297 420 1331 ι
475 1277 575 1346 Qui
628 1278 919 1334 crediderit
962 1287 1016 1334 et
1060 1273 1368 1349 baptizatus
1413 1277 1574 1334 fuerit
1619 1279 1797 1334 salvus

231 1371 340 1426 erit
396 1369 614 1442 (Marc.
662 1385 784 1434 xvt.
833 1368 961 1442 16).
1015 1388 1036 1423 ι
1084 1368 1314 1436 Quartus
1375 1385 1502 1426 vero
1550 1369 1682 1425 ordo
1733 1371 1799 1426 de

233 1475 343 1528 quo
380 1460 560 1514 statim
607 1458 983 1530 subiungitur:
1015 1479 1032 1512 ι
1059 1458 1160 1527 Qui
1183 1470 1360 1514 autem
1383 1475 1486 1515 non
1515 1461 1802 1516 crediderit

234 1553 680 1610 condemnabitur
757 1554 921 1626 (ibid.
944 1554 1000 1626 )l,
1058 1574 1078 1608 ι
1139 1555 1420 1611 manifeste
1476 1565 1626 1611 extra
1702 1573 1803 1612 nu-

236 1659 444 1699 merum
490 1643 722 1700 ﬁdelium
766 1645 941 1716 jacet,
1002 1653 1055 1700 et
1116 1655 1328 1702 aeternae
1371 1646 1801 1702 condemnationi

234 1746 321 1791 est
347 1736 676 1804 destinatus;
704 1737 950 1808 qualibus
979 1738 1179 1793 dictum
1207 1746 1290 1794 est
1333 1757 1346 1793 :
1384 1758 1402 1791 ι
1437 1738 1543 1794 Sed
1570 1753 1666 1793 vos
1695 1754 1801 1796 non

1888 551 1966 604 xit
1993 569 2007 604 :
2037 551 2148 607 Non
2169 553 2300 609 estis
2319 569 2382 608 ex
2421 555 2612 610 ovibus
2635 555 2791 618 meis,
2841 555 2966 624 quia
3007 553 3222 608 videbat
3259 567 3353 606 eos
3390 553 3462 607 ad

1888 641 2268 711 sempiternum
2299 643 2573 699 interitum
2599 646 3026 715 praedestinatos,
3059 659 3165 699 non
3198 645 3264 698 ad
3292 645 3458 698 vitam

1889 743 2142 788 aeternam
2163 736 2243 789 sui
2277 738 2554 807 sanguinis
2581 739 2754 807 pretio
2779 747 3136 808 comparatos.
3171 737 3190 810 ]
3238 738 3303 792 Et
3331 738 3463 793 alibi

1891 826 2067 894 (tract.
2120 825 2210 898 55)
2237 827 2568 898 distinguens
2595 830 2732 883 inter
2755 829 3022 899 apostolos
3049 837 3104 884 et
3123 828 3313 883 Judam
3340 845 3465 899 pro-

1893 916 2156 983 ditorem,
2196 919 2336 987 quod
2381 934 2479 988 pro
2521 919 2625 975 illis
2667 919 2924 975 Dominus
2970 919 3267 974 moriturus
3296 932 3464 983 esset,

1891 1026 1990 1082 pro
2016 1011 2106 1066 illo
2139 1027 2244 1066 non
2273 1022 2416 1067 esset
2441 1031 2455 1067 :
2482 1012 2502 1085 [
2531 1011 2686 1078 Tota,
2712 1013 2905 1083 inquit,
2935 1013 3052 1083 ejus
3072 1012 3252 1082 passio
3279 1022 3466 1067 nostra

1893 1103 2142 1172 purgatio
2185 1111 2268 1157 est
2306 1117 2321 1156 :
2353 1117 2614 1172 passurus
2656 1104 2847 1167 exitia,
2889 1102 3140 1174 promisit
3184 1103 3462 1172 obsequia,

1896 1206 2002 1246 non
2031 1191 2202 1247 solum
2228 1191 2333 1247 illis
2361 1209 2458 1262 pro
2507 1193 2704 1263 quibus
2733 1202 2847 1248 erat
2894 1194 3174 1249 subiturus
3215 1203 3466 1256 mortem,

1897 1281 1990 1335 sed
2013 1281 2175 1336 etiam
2199 1282 2272 1336 illi
2301 1283 2390 1352 qui
2426 1282 2602 1337 fuerat
2626 1298 2748 1338 eum
2771 1285 3067 1338 traditurus
3088 1283 3154 1337 ad
3178 1281 3466 1353 mortem]

1896 1369 2026 1428 Item
2059 1373 2258 1429 docens
2282 1389 2379 1444 pro
2401 1374 2504 1429 illis
2527 1383 2734 1429 tantum
2759 1375 3045 1430 Dominum
3070 1389 3310 1445 passum,
3331 1389 3472 1444 quos

1900 1463 2012 1532 ipsa
2041 1466 2290 1534 passione
2313 1467 2652 1532 redimendo,
2686 1481 2814 1522 oves
2854 1481 2981 1521 suas
3009 1467 3171 1521 fecit:
3213 1464 3468 1538 [Omnes,

1901 1557 2093 1626 inquit,
2122 1557 2248 1612 fecit
2273 1571 2400 1612 suas
2426 1572 2578 1623 oves,
2609 1573 2708 1628 pro
2731 1558 2925 1627 quibus
2953 1566 3034 1612 est
3059 1558 3310 1612 omnibus
3347 1571 3472 1624 pas-
3580 1617 3582 1620 ,

1902 1662 2024 1714 Sus;
2058 1648 2180 1718 quia
2211 1658 2265 1702 et
2288 1648 2404 1719 ipse
2431 1659 2489 1704 ut
2510 1665 2605 1719 pro
2627 1650 2878 1704 omnibus
2910 1656 3206 1718 pateretur,
3239 1648 3366 1702 ovis
3573 1633 3575 1637 ’

1905 1738 2142 1812 factus.]
2172 1740 2302 1795 ltem
2329 1755 2450 1794 cum
2481 1751 2774 1812 exponeret
2801 1742 3114 1812 mysterium
3143 1740 3286 1796 illius
3322 1739 3485 1794 vituli.

236 1828 480 1911 creditis,
523 1829 648 1898 quia
694 1844 798 1884 non
838 1830 968 1885 estis
1009 1844 1076 1884 ex
1123 1830 1314 1886 ovibus
1361 1831 1495 1886 meis
1533 1831 1713 1900 (Joan.
1743 1848 1796 1897 χ,
1830 1815 1872 1874 Β
1901 1833 2152 1902 saginati,
2183 1847 2341 1902 quem
2364 1841 2514 1902 pater
2545 1833 2785 1889 redeunti
2816 1834 2924 1888 ﬁlio
2936 1833 3102 1902 jussit
3121 1833 3314 1894 occidi,
3344 1841 3489 1886 tunc.

237 1918 362 1986 26);
401 1939 418 1971 ι
452 1927 544 1974 et:
573 1939 590 1972 α
622 1919 911 1991 Propterea
951 1935 1042 1976 vos
1068 1936 1174 1976 non
1215 1920 1432 1984 auditis,
1463 1921 1552 1991 qui
1595 1937 1661 1976 ex
1692 1919 1804 1976 Deo
1901 1937 2022 1978 eum
2047 1915 2488 1992 pro'unoquoque
2511 1923 2640 1978 dicit
2665 1924 2859 1990 occidi,
2889 1939 3011 1979 cum
3031 1923 3204 1979 credit
3250 1924 3300 1976 iu
3325 1921 3470 1976 occi-

239 2024 346 2063 uon
370 2010 502 2065 estis
531 2008 711 2078 (Joau.
735 2027 856 2076 vm,
885 2011 1011 2083 47);
1049 2031 1068 2064 ι
1097 2019 1185 2066 et:
1215 2032 1232 2063 ι
1261 2011 1361 2079 Qui
1381 2027 1485 2066 non
1508 2010 1804 2081 crediljam
1901 2029 2020 2070 sum
2049 2032 2060 2067 :
2101 2013 2120 2085 ιΔ
2144 2013 2277 2072 Nam
2318 2022 2375 2068 ut
2394 2014 2558 2069 etiam
2589 2016 2858 2080 occidant,
2908 2015 3077 2083 inquit
3097 2055 3111 2078 ,
3135 2028 3257 2069 eum
3297 2011 3482 2079 jubet.

231 2100 507 2169 judicatus
529 2113 630 2168 est,
654 2105 776 2174 quia
801 2119 902 2158 non
933 2104 1163 2160 credidit
1205 2105 1256 2161 in
1289 2105 1505 2162 nomine
1543 2106 1805 2178 unigeniti
1903 2103 2005 2161 hoc
2026 2113 2127 2170 est,
2155 2113 2212 2158 ut
2240 2115 2465 2160 mortem
2488 2106 2604 2176 ejus
2626 2106 2897 2160 insinuent
2919 2123 2932 2160 :
2958 2115 3084 2161 tunc
3107 2105 3249 2162 enim
3282 2103 3476 2173 cuique

235 2193 358 2250 Filii
382 2193 474 2250 Dei
503 2194 682 2266 (Joan.
714 2211 796 2261 ιιι,
831 2195 939 2264 18).
975 2215 994 2249 ι
1903 2195 2168 2250 occiditur
2193 2209 2314 2250 cum
2346 2196 2516 2250 credit
2544 2197 2597 2251 in
2624 2195 2909 2251 occisum.l

827 2327 1052 2385 CAPUT
1089 2329 1224 2386 XVL
1974 2287 2170 2386 Beatus
2220 2288 2331 2344 Leo
2385 2288 2526 2386 nihil
2578 2289 2859 2386 Dominum
2939 2297 3182 2386 nostrum
3243 2287 3477 2386 ἱειξιιιὶῑρι·

740 2441 752 2453 0
788 2451 798 2456 Δ
834 2377 936 2384 ν--·
969 2377 999 2385 ν
1021 2377 1042 2385 -
1091 2377 1224 2456 ’“
1405 2443 1431 2456 L
1614 2437 1633 2448 ε
1691 2455 1695 2456 ν
1906 2377 2080 2448 egisse
2107 2385 2198 2433 aut
2226 2377 2510 2449 pertulisse
2532 2381 2672 2444 ,sed
2701 2388 2866 2434 totum
2895 2379 2959 2434 ad
2984 2379 3211 2433 salutem
3241 2378 3475 2433 ﬁdelium

340 2439 582 2496 Mortuus
625 2437 864 2497 Christus
899 2444 1260 2566 pt'§_omttibus
1296 2437 1633 2500 credentibus
1650 2455 1699 2501 et

872 2529 957 2566 cre
996 2523 1168 2568 ituris.

1907 2437 1985 2523 n3
2026 2469 2182 2524 docet
2209 2437 2241 2522 ι.
2257 2467 2422 2539 [Nihil
2462 2469 2602 2523 enim
2646 2469 2975 2539 Redemptor
3021 2480 3204 2523 noster
3253 2483 3358 2521 non
3408 2469 3475 2520 ad

1907 2565 2143 2612 nostram
2173 2557 2398 2611 salutem
2424 2566 2515 2611 aut
2543 2558 2672 2627 egit,
2697 2569 2788 2612 aut
2812 2557 3048 2626 pertulit,
3075 2567 3134 2612 ut
3156 2558 3327 2612 virtus
3355 2574 3476 2626 quae

310 2647 415 2704 Pro
438 2646 542 2703 illis
564 2646 744 2717 itaque
769 2645 938 2702 tribus
961 2645 1240 2704 ordinibus
1263 2645 1327 2702 ad
1350 2644 1550 2702 Christi
1578 2645 1805 2717 gratiam
1910 2646 2082 2701 inerat
2110 2645 2293 2718 capiti,
2324 2647 2522 2703 inesset
2545 2657 2599 2702 et
2623 2648 2854 2718 corpori.
2907 2647 3042 2702 Nam
3082 2647 3312 2717 primum
3361 2645 3476 2716 ipsa

238 2749 297 2795 et
323 2739 636 2794 societatem
669 2739 902 2794 ﬁdelium
946 2738 1339 2809 pertinentibus
1386 2737 1670 2793 Dominum
1719 2735 1810 2793 Je-
1910 2734 1994 2790 illa
2049 2735 2604 2792 substantim'nostrze
2658 2737 2712 2791 in
2759 2737 2956 2793 deitate
3011 2736 3323 2806 susceptio,
3371 2751 3478 2804 qua

241 2843 360 2883 sum
389 2828 665 2884 Christum
695 2837 747 2882 et
769 2828 981 2883 venisse
1024 2836 1082 2882 ut
1109 2844 1203 2884 eos
1227 2827 1474 2894 salvaret,
1505 2837 1555 2883 et
1597 2828 1810 2884 cruciﬁ-
1915 2843 1932 2876 ι
1963 2823 2195 2881 Verbum
2251 2841 2378 2881 caro
2425 2824 2627 2882 factum
2670 2836 2772 2890 est,
2818 2835 2874 2882 et
2917 2826 3177 2882 habitavit
3219 2826 3270 2880 in
3325 2823 3480 2879 nobis

241 2939 370 2981 xum
411 2938 530 2980 esse
575 2933 633 2978 ut
680 2939 774 2979 eos
814 2923 1126 2988 redimeret,
1172 2938 1370 2992 eosque
1412 2924 1465 2978 in
1511 2939 1605 2978 sua
1638 2931 1809 2980 morte
1911 2915 2091 2988 (Jaan.
2137 2933 2178 2983 ι,
2221 2917 2299 2989 4),
2337 2937 2354 2970 ι
2407 2934 2565 2989 quem
2616 2919 2889 2974 hominum
2937 2917 3318 2975 misericordiae
3345 2933 3477 2982 suae,

241 3015 558 3086 baptizaret,
587 3023 643 3070 et
691 3015 742 3069 in
771 3030 870 3069 suo
902 3014 1164 3083 sanguine
1209 3029 1244 3068 a
1268 3014 1501 3084 peccatis
1545 3013 1810 3080 ablueret,
1911 3009 2011 3064 nisi
2042 3007 2326 3076 inﬁdelem,
2376 3010 2593 3082 reliquit
2615 3011 2931 3067 exsortem?
2979 3019 3034 3066 ct
3067 3010 3169 3066 cui
3185 3025 3288 3065 nou
3328 3024 3485 3064 coma

239 3114 297 3162 et
317 3104 542 3160 ﬁdeliter
565 3105 886 3160 credendum
915 3113 1188 3170 tenemus,
1220 3113 1274 3160 et
1293 3105 1396 3159 hoc
1416 3119 1520 3160 non
1546 3104 1717 3160 solum
1741 3118 1810 3160 ex
1839 3151 1879 3170 η
1911 3101 2088 3158 munis
2110 3110 2302 3158 natura
2328 3117 2449 3159 cum
2477 3101 2697 3159 Christo
2728 3111 2812 3158 est
2833 3142 2848 3166 ,
2879 3101 2922 3157 si
2952 3108 3312 3159 assumentem
3343 3100 3484 3155 reci:

242 3197 438 3254 divinis
460 3195 771 3267 Scripturis,
793 3195 884 3252 sed
906 3196 1066 3252 etiam
1091 3211 1158 3251 ex
1185 3203 1490 3251 sanctorum
1513 3194 1732 3250 Patrum
1755 3195 1809 3250 ﬁ-
1835 3151 1880 3214 C
1913 3193 2008 3264 pit,
2034 3202 2088 3250 et
2113 3208 2178 3250 eo
2205 3193 2407 3265 Spiritu
2430 3201 2514 3250 est
2533 3200 2902 3265 regeneratus,
2922 3204 3028 3261 quo
3057 3198 3142 3247 est
3168 3189 3258 3245 ille
3284 3203 3478 3260 proge-

239 3286 308 3342 de
343 3297 398 3343 et
417 3287 670 3344 doctrina.
688 3288 963 3343 evidenter
983 3286 1340 3359 agnoscimus.
1363 3285 1558 3342 Beatus
1579 3301 1812 3357 namque
1913 3284 2058 3341 nitus
2081 3283 2126 3358 ?]
2173 3284 2370 3340 Beatus
2403 3297 2614 3354 quoque
2638 3281 2932 3353 Gregorius
2957 3280 3099 3351 quod
3127 3281 3193 3334 ad
3231 3294 3324 3334 eos
3365 3289 3484 3333 tau-

243 3378 623 3452 Hieronymus,
671 3395 946 3450 exponens
996 3362 1354 3433 illunﬂocum
1406 3378 1680 3450 Evangelii
1721 3378 1813 3434 ubi
1914 3366 2024 3432 tum
2069 3376 2326 3432 Dominus
2364 3384 2548 3431 noster
2591 3374 2875 3430 salvandos
2901 3372 3124 3434 venerit,
3168 3386 3300 3440 quos
3331 3371 3384 3425 in
3423 3386 3484 3425 se

245 3472 513 3527 Dominus.
533 3471 602 3527 de
627 3487 686 3527 se
716 3472 828 3526 ait:
863 3490 882 3523 ι
914 3471 979 3526 Ει
1011 3471 1140 3525 dare
1179 3471 1412 3526 animam
1444 3485 1597 3526 suam
1626 3470 1680 3526 in
1724 3486 1811 3526 re-
1913 3470 2253 3540 suscipiendo
2280 3468 2546 3532 liberavit,
2589 3467 2663 3520 ita
2693 3467 2885 3521 docet:
2927 3460 3256 3536 [lnterpellat
3299 3469 3478 3518 autem

245 3562 604 3634 demptionem
631 3576 727 3632 pro
756 3561 938 3617 multis
964 3561 1173 3633 (Matth.
1199 3577 1287 3624 xx,
1311 3563 1438 3633 28);
1470 3583 1488 3614 ι
1523 3564 1589 3618 de
1615 3564 1717 3618 hac
1755 3577 1815 3618 re
1915 3577 2012 3634 pro
2051 3561 2206 3616 nobis
2256 3558 2531 3622 Dominus,
2578 3572 2683 3611 non
2726 3569 2895 3618 voce,
2945 3553 3038 3608 sed
3087 3550 3430 3606 miseratione
3464 3567 3478 3602 :

246 3655 320 3710 ita
356 3653 556 3708 docet:
606 3651 854 3724 [Quando
895 3652 1118 3708 formam
1168 3655 1310 3710 servi
1355 3655 1599 3724 accepit,
1634 3663 1700 3709 ut
1719 3669 1816 3724 pro
1916 3653 2040 3722 quia
2068 3649 2291 3720 quodin
2321 3659 2582 3704 mteruum
2626 3643 2878 3700 damnari
2910 3641 3113 3705 noluit,
3144 3639 3482 3708 suscipiendo

247 3745 449 3800 mundo
474 3745 790 3816 sanguinem
815 3744 1089 3812 funderet,
1111 3756 1166 3802 et
1194 3762 1298 3801 non
1320 3747 1456 3804 dixit
1485 3765 1498 3800 :
1523 3747 1672 3802 Dare
1700 3747 1818 3800 anl-
1917 3739 2208 3813 liberavit.]

247 3850 396 3891 mam
437 3851 588 3891 suam
633 3835 1050 3906 redemptionem
1077 3849 1101 3877 ε
1133 3852 1230 3907 pro
1274 3837 1542 3901 omnibus,
1587 3835 1680 3892 sed
1721 3849 1816 3904 pro
1989 3836 2114 3892 llzec
2150 3851 2216 3891 ex
2259 3844 2564 3891 sanctorum
2594 3831 2811 3886 Patrum
2854 3827 3032 3885 verbis
3056 3825 3290 3882 breviter
3317 3821 3483 3877 adno-

249 3924 453 3991 multis,
501 3923 556 3980 id
582 3933 686 3991 est,
728 3939 826 3995 pro
871 3926 954 3981 his
993 3926 1084 3997 qui
1131 3926 1354 3983 credere
1397 3924 1713 3998 voluerint.]
1758 3923 1817 3980 lu
1921 3929 2170 3993 lavimus,
2216 3935 2274 3981 ut
2309 3941 2471 3996 quam
2501 3938 2627 3979 vere
2666 3936 2849 3978 eorum
2887 3916 3190 3974 veneranda
3239 3914 3485 3970 doctrina

245 4015 443 4086 quibus
480 4014 660 4072 verbis
704 4016 842 4072 miro
887 4026 942 4074 et
993 4018 1288 4088 apostolico
1327 4018 1488 4073 modo
1532 4017 1816 4073 Dominum
1917 4019 2081 4075 etiam
2103 4017 2158 4072 in
2187 4017 2288 4072 hac
2316 4029 2375 4070 re
2399 4016 2466 4070 de
2493 4029 2596 4084 qua
2636 4013 2911 4082 quaeritur,
2938 4007 3259 4079 evangelica:
3287 4013 3342 4060 et
3361 4019 3489 4074 apo-

246 4115 512 4173 nostrum,
543 4115 596 4162 et
621 4122 718 4177 pro
745 4108 943 4163 mundo
967 4109 1281 4180 sanguinem
1305 4107 1524 4172 fudisse,
1549 4116 1602 4161 et
1636 4116 1821 4162 tamen
1920 4109 2121 4165 stulicce
2149 4107 2452 4164 auctoritati
2485 4113 2743 4160 consonet
2767 4112 2822 4158 et
2848 4099 3170 4163 concordet,
3201 4096 3490 4153 evidentis-

246 4194 420 4266 ipsum
443 4195 699 4251 mundum
727 4211 825 4266 pro
850 4211 955 4266 quo
976 4197 1240 4268 pretiosus
1267 4197 1355 4253 ille
1379 4197 1598 4268 sanguis
1620 4194 1821 4252 eﬁ‘usus
1920 4206 2056 4262 sime
2078 4211 2416 4276 agnoscatur.
2472 4201 2539 4257 Et
2569 4200 2694 4256 licet
2715 4197 3004 4269 Apostolus
3048 4196 3112 4251 de
3153 4193 3341 4249 eodem
3385 4191 3490 4246 DO-

245 4293 350 4350 θεῑι
395 4299 500 4340 non
541 4285 676 4342 alios
714 4286 824 4341 nisi
864 4286 1051 4343 ﬁdeles
1099 4289 1437 4344 monstravit.
1466 4287 1664 4344 Beatus
1706 4289 1819 4343 Au-
1923 4295 2068 4350 mino
2088 4302 2144 4349 et
2165 4292 2519 4363 Redemptore
2541 4298 2726 4345 nostro
2749 4287 2927 4342 dicat:
2954 4303 2972 4336 ι
2995 4283 3144 4340 Unus
3161 4281 3304 4338 enim
3326 4279 3487 4343 Deus,

245 4375 493 4443 gustinus
514 4375 565 4429 in
591 4376 998 4432 tractationibus
1024 4377 1298 4449 Evangelii
1341 4379 1632 4434 secundum
1660 4378 1825 4435 Joane-
1922 4402 2061 4442 unus
2104 4394 2188 4442 est
2229 4384 2493 4440 mediator
2533 4382 2626 4436 Dei
2663 4388 2718 4436 et
2755 4379 3028 4434 hominum
3055 4376 3220 4432 homo
3244 4371 3491 4427 Christus

247 4479 368 4518 nem
394 4465 578 4535 (tract.
607 4467 746 4521 66cc
771 4467 882 4536 49),
915 4482 1022 4522 non
1044 4469 1218 4523 solum
1244 4485 1344 4538 pro
1374 4468 1697 4536 inﬁdelibus,
1723 4472 1816 4527 sed
1848 4530 1894 4542 -
1922 4473 2096 4537 Iesus,
2130 4473 2220 4542 qui
2259 4472 2405 4527 dedit
2437 4469 2781 4538 semetipsum
2807 4463 3227 4534 redemptionem
3252 4473 3350 4530 pro
3375 4472 3493 4513 om-

246 4555 412 4610 etiam
444 4571 543 4626 pro
565 4557 648 4612 his
672 4558 761 4627 qui
785 4573 852 4613 ex
878 4569 1030 4629 parte
1057 4561 1286 4615 credunt
1327 4559 1623 4626 Christum,
1655 4571 1712 4617 et
1748 4577 1824 4618 eL
1846 4547 1901 4591 υ
1925 4563 2101 4628 nibus,
2133 4581 2153 4614 ι
2193 4571 2369 4617 tamen
2410 4559 2564 4630 juxta
2612 4559 2859 4628 superius
2900 4557 3321 4611 demonstratam
3367 4547 3491 4603 ﬁdei

244 4654 398 4716 parte
423 4661 529 4700 non
564 4648 824 4715 credunt,
859 4651 1016 4705 docet
1059 4666 1166 4705 non
1200 4665 1320 4706 esse
1365 4660 1637 4706 mortuum
1663 4652 1818 4708 Chri-A
1923 4653 2161 4724 regulam
2188 4691 2203 4717 ,
2241 4660 2387 4708 recte
2429 4649 2740 4720 intelligitur
2782 4663 2882 4717 pro
2910 4645 3015 4702 illis
3042 4642 3293 4698 omnibus
3321 4655 3379 4695 se
3408 4655 3494 4694 re-

244 4745 411 4800 stum,
447 4736 518 4790 ita
546 4737 765 4793 dicens:
792 4737 916 4810 [Qui
941 4740 1013 4793 ita
1041 4739 1328 4794 confitetur
1347 4738 1618 4795 Christum
1647 4739 1816 4794 Deum
1917 4743 2281 4814 demptionem
2330 4741 2543 4796 dedisse
2582 4754 2680 4809 pro
2723 4738 2920 4808 quibus
2942 4735 3104 4789 etiam
3136 4732 3386 4802 dignatus
3411 4739 3496 4783 est

248 4839 302 4882 ut
325 4829 596 4884 hominem
620 4838 790 4901 neget,
809 4846 914 4885 non
945 4845 1044 4900 pro
1066 4830 1156 4886 illo
1180 4839 1420 4887 mortuus
1441 4839 1523 4886 est
1537 4830 1812 4887 Christus:
1916 4834 2182 4889 mediator
2214 4832 2308 4888 Dei
2336 4840 2391 4886 et
2421 4831 2698 4886 hominum
2738 4841 2876 4883 esse.
2918 4823 3102 4894 Neque
3125 4821 3269 4878 enim
3303 4817 3494 4873 inﬁde-

241 4918 366 4988 quia
403 4921 696 4975 secundum
731 4921 1000 4976 hominem
1032 4929 1278 4977 mortuus
1316 4931 1403 4976 est
1431 4920 1722 4993 Christus.]
1753 4921 1818 4977 Et
1917 4923 2047 4978 lium
2082 4923 2343 4979 mediator
2359 4929 2469 4986 est,
2501 4921 2642 4976 sicut
2667 4933 2767 4974 nec
2791 4919 3105 4980 advocatus,
3133 4912 3220 4968 vel
3240 4909 3510 4967 reconcie.

1192 5050 1400 5108 ΝΟΤίΕ
1438 5051 1760 5108 DUVALLII
1800 5053 2140 5112 DOCTOBIS
2178 5054 2555 5112 SOBBONICI.

317 5199 346 5230 ι
384 5185 639 5242 Afﬁrmab
667 5184 940 5240 Christum
966 5198 1089 5256 non
1137 5183 1303 5241 fuisse
1337 5200 1556 5256 passum
1592 5199 1691 5254 pro
1731 5186 1816 5256 his

285 5259 340 5314 ui
388 5259 440 5313 in
487 5256 798 5313 inﬁdelitate
844 5255 1175 5325 moriuntur,
1235 5265 1289 5311 et
1339 5255 1646 5325 passionem
1677 5255 1836 5322 .ejus.

285 5277 340 5314 ιιι
388 5277 440 5313 In
487 5277 798 5313 Inuueutate
844 5277 1175 5320 ΙΙΙυΓιυΙΙιυΓ,
1235 5277 1289 5311 ει
1344 5277 1646 5325 νδδδιυιιειιι
1677 5277 1815 5322 ,υλιιε

245 5277 414 5385 ?uisse
455 5328 713 5383 duntaxat
757 5341 856 5396 pro
905 5324 1110 5396 multis,
1157 5334 1212 5396 et
1256 5341 1362 5379 non
1408 5340 1515 5396 pro,
1543 5325 1828 5380 omnibus..

245 5399 374 5456 Haec
412 5407 592 5454 autem
630 5395 858 5466 benigna
899 5395 1147 5466 indigent,
1183 5395 1657 5466 interpretatione,
1688 5409 1813 5466 non

245 5471 425 5526 minus
449 5483 610 5537 quam
635 5463 918 5537 concilium
943 5463 1305 5528 Valentinum,
1327 5463 1454 5520 can.
1478 5464 1816 5537 Lubidam-

245 5551 344 5595 nat
373 5535 676 5593 asserentes
703 5536 974 5591 Christum
1017 5551 1116 5589 sua
1164 5537 1354 5590 merita
1398 5551 1496 5604 pro
1543 5535 1720 5604 impiis
1761 5545 1817 5589 et

244 5610 420 5690 quiin
448 5617 669 5690 peccato
697 5605 1304 5690 moriunturstatuisse,
1352 5603 1648 5690 dilﬁnitque
1689 5618 1812 5690 pref

248 5674 382 5734 tium
412 5674 687 5748 sanguinis
711 5675 910 5732 Christi
940 5674 1380 5748 oblatumufuisse
1417 5675 1485 5748 ad
1524 5674 1812 5748 multorum

246 5744 612 5806 exhaurienda
639 5755 878 5830 peccata,
907 5760 1092 5801 eorum
1116 5745 1319 5802 scilicet
1347 5745 1435 5817 qui
1463 5745 1728 5801 credendo
1762 5744 1811 5797 'm

1923 5189 2194 5244 Christum
2225 5204 2329 5263 non
2359 5195 2612 5263 pereunt,
2658 5185 2753 5263 sed
2772 5185 3280 5263 _vitam__aeternam_
3300 5195 3496 5263 con-se-

1921 5269 2161 5328 quuntur
2185 5277 2200 5312 :
2228 5249 2464 5328 loquitur
2493 5249 2636 5328 enim
2659 5255 2787 5328 illud
2809 5253 3118 5328 concilium,
3148 5251 3287 5328 sicut
3312 5260 3363 5305 et
3391 5249 3493 5328 Ec:

1920 5319 2083 5399 clesia
2111 5319 2505 5399 Lugdunensis,
2529 5327 2596 5380 de
2618 5327 2812 5399 merito
2839 5332 2893 5399 et
2922 5322 3286 5399 satisfactione
3315 5319 3494 5399 quoad

1921 5389 2234 5461 eﬂicaciani',
2260 5413 2364 5452 non
2393 5389 2570 5468 autem
2599 5396 2744 5468 quod
2760 5393 3176 5468 ‘suﬁicientiam;
3203 5405 3309 5460 quo
3338 5389 3494 5468 modo

1920 5485 2018 5540 pro
2039 5469 2296 5540 omnibus
2307 5465 3072 5540 omninohominibuspassus
3095 5472 3210 5540 est:
3239 5475 3344 5540 qua
3371 5465 3494 5540 qui-

1921 5527 2041 5594 dem
2064 5538 2409 5609 distinctione
2443 5534 2598 5590 facile
2627 5545 2711 5590 est
2735 5527 2986 5609 erunibus
3010 5527 3495 5609 Ecclesiaiiugdti-

1921 5609 2103 5664 nensis
2135 5608 2432 5664 rationibus
2456 5621 2762 5672 occurrere,
2797 5615 2855 5660 ut
2887 5603 3113 5678 legendo
3141 5600 3311 5657 cuivis
3334 5596 3495 5652 facile

1919 5680 2204 5737 constabit.
