3966 6334
465 342 605 399 1015

1479 339 1537 395 S.
1581 334 1839 393 REMIGII
1877 329 2366 394 LUGDUNENSIS
2407 330 2713 387 EPISCOPI

3597 328 3733 387 IOIG

464 455 643 520 liator,
674 452 769 508 sed
797 450 1028 507 ﬁdelium
1077 458 1319 515 tantum;
1349 450 1416 504 de
1440 449 1636 519 quibus
1658 450 1850 505 beatus
1878 446 2039 503 Joan-
2065 447 2118 507 Α
2142 451 2497 511 congregaret
2526 442 2577 496 in
2610 455 2774 496 unum
2800 440 2984 513 (Joan.
3016 459 3071 497 ru
3094 485 3109 509 ,
3147 443 3274 515 52);
3322 459 3340 494 ι
3374 450 3432 498 et
3474 442 3597 513 ipso
3626 442 3729 498 Do-

462 562 561 605 nes
611 545 884 617 apostolus
931 545 1063 600 dicit
1100 558 1115 597 :
1167 563 1185 595 ‹
1213 542 1546 597 Advocatum
1588 542 1850 597 habemus
1901 540 2042 611 apud

460 637 678 695 Patrem
714 634 897 692 Iesum
919 634 1190 690 Christum
1207 632 1433 701 justum,
1458 640 1513 688 et
1541 633 1654 703 ipse
1675 641 1756 688 est
1783 631 2042 702 prepitia-

464 728 542 784 tio
561 742 661 798 pro
686 726 922 797 peccatis
944 726 1142 781 nostris
1171 724 1221 797 (ι
1252 725 1413 779 Joan.
1448 741 1507 791 ιι,
1534 724 1621 796 l);
1654 744 1672 777 ›
1707 732 1768 779 ut
1792 724 2044 779 videlicet

460 819 535 873 ita
572 817 868 886 accipiatur
907 816 1050 886 quod
1081 815 1281 871 dictum
1309 822 1433 871 est:
1476 833 1497 868 ι
1524 814 1625 882 Qui
1653 816 1800 871 dedit
1844 822 2042 871 semet-

460 909 636 978 ipsum
659 908 1085 977 redemptionem
1111 900 1211 978 pro
1235 908 1486 964 omnibus
1521 908 1573 980 (I
1617 907 1750 962 Tim.
1794 923 1850 970 ιι,
1889 908 1978 977 ϋ);
2015 926 2033 960 ι

458 1014 565 1054 non
586 998 732 1069 quod
752 1013 941 1055 omnes
960 1014 1057 1055 sua
1083 1000 1328 1072 passione
1357 999 1663 1065 redemerit,
1694 999 1836 1055 sicut
1855 999 2039 1068 utique

456 1089 808 1149 manifestum
834 1100 941 1158 est,
966 1091 1061 1147 sed
1086 1093 1227 1161 quod
1256 1108 1414 1147 nemo
1438 1091 1668 1161 accipiat
1708 1091 2038 1161 redemptio-

456 1194 583 1234 nem
613 1179 717 1235 nisi
744 1180 801 1236 in
828 1180 919 1236 illo
945 1190 1003 1237 et
1024 1197 1122 1253 per
1154 1181 1323 1237 illum.
1376 1182 1517 1237 Dicit
1548 1182 1711 1238 etiam
1738 1181 1863 1236 alibi
1894 1181 2035 1236 idem

456 1268 745 1340 Apostolus
781 1272 848 1329 de
871 1272 1099 1328 Domino
1131 1290 1145 1328 :
1186 1289 1205 1325 ι
1231 1273 1303 1330 Ut
1330 1274 1503 1344 gratia
1530 1272 1629 1328 Dei
1659 1287 1757 1344 pro
1785 1272 2035 1328 omnibus

456 1370 701 1431 gustaret
739 1372 969 1419 mortem
1026 1364 1209 1436 (Hebr.
1250 1380 1306 1425 ιι.
1345 1366 1395 1428 9,
1438 1364 1550 1436 10),
1582 1385 1600 1417 ι
1636 1373 1690 1421 et
1718 1380 1816 1435 pro
1840 1364 2037 1434 quibus

454 1453 706 1509 omnibus
732 1465 961 1510 mortem
1000 1464 1243 1528 gustasse
1283 1457 1658 1526 intelligendus
1698 1458 1788 1525 sit,
1822 1457 2037 1512 videtur

453 1548 715 1604 continuo
768 1548 1172 1607 demonstrasse
1219 1565 1342 1607 cum
1390 1538 1663 1620 subjungit
1709 1568 1722 1605 :
1763 1570 1782 1603 ί
1811 1550 2035 1605 Dicebat

456 1638 598 1693 enim
637 1653 759 1694 eum
793 1650 1010 1711 propter
1035 1655 1192 1711 quem
1218 1641 1417 1707 omnia,
1449 1650 1502 1696 et
1524 1657 1619 1712 per
1642 1655 1801 1713 quem
1827 1642 2030 1709 omnia,

458 1729 549 1799 qui
575 1729 772 1786 multos
792 1729 931 1787 ﬁlios
956 1731 1011 1787 in
1041 1732 1265 1802 gloriam
1294 1732 1612 1801 adduxerat,
1643 1743 1916 1789 auctorem
1939 1749 2028 1787 sa-

2144 534 2291 588 mino
2322 533 2385 588 de
2412 533 2717 589 humilitate
2737 540 2793 588 et
2811 534 3031 604 copioso
3056 534 3231 590 fructu
3261 535 3508 605 ejusdem
3539 536 3733 591 mortis

2143 638 2254 680 suae
2282 623 2569 680 manifeste
2609 626 3007 696 prmnuntiante
3035 669 3049 694 ,
3081 643 3206 682 cum
3234 628 3307 681 ait
3335 644 3350 681 :
3381 646 3401 679 ι
3445 625 3562 681 Nisi
3603 643 3731 697 gra-

2141 729 2269 769 num
2309 714 2565 770 frumenti
2607 716 2809 773 cadens
2852 717 2904 771 in
2956 725 3158 772 terram
3210 726 3487 773 mortuum
3534 715 3731 784 fuerit,

2142 806 2315 875 ipsum
2345 806 2516 863 solum
2537 818 2749 875 manet;
2776 811 2857 865 sin
2881 819 3061 865 autem
3085 821 3355 867 mortuum
3381 812 3572 877 fuerit,
3597 814 3735 867 mul-

2142 903 2254 951 tum
2283 896 2518 953 fructum
2551 899 2708 955 affert
2736 900 2920 974 (Joan.
2951 918 3027 957 xu
3047 943 3062 968 ,
3091 902 3194 969 24,
3226 904 3340 977 25).
3380 924 3401 957 ι
3432 904 3571 961 Cum
3601 922 3737 977 ergo

2140 989 2255 1045 haec
2297 999 2448 1047 tanta
2480 993 2804 1048 certitudine
2844 995 3181 1065 praescierit,
3220 1005 3371 1052 tanta
3405 997 3643 1053 veritate
3683 1010 3737 1053 et

2140 1079 2395 1138 ﬁrmitate
2438 1085 2779 1155 prmdixerit,
2832 1087 2959 1156 quid
3000 1095 3085 1143 est
3130 1089 3274 1158 quod
3326 1089 3499 1145 dicit:
3536 1089 3605 1144 Et
3632 1105 3737 1159 ego

2139 1171 2248 1226 dixi
2278 1187 2293 1228 :
2324 1193 2342 1225 ε
2378 1174 2436 1229 ln
2463 1183 2688 1232 vacuum
2718 1176 2957 1233 laboravi
2984 1180 3101 1235 sine
3126 1196 3311 1247 causa,
3333 1190 3385 1237 et
3410 1199 3552 1236 vane
3581 1184 3736 1236 forti-

2140 1264 2375 1320 tudinem
2399 1282 2573 1323 meam
2595 1272 2943 1341 consumpsi?
2963 1292 2979 1323 ι
3002 1271 3136 1344 (lsa.
3154 1290 3301 1340 xm,
3322 1274 3403 1346 4.)
3432 1275 3503 1332 Ut
3526 1276 3737 1330 scilicet

2136 1354 2261 1423 quia
2288 1357 2331 1411 si
2354 1357 2534 1413 doleat
2560 1370 2614 1416 et
2643 1372 3011 1431 conqueratur
3036 1372 3185 1419 tanta
3212 1366 3529 1422 humilitate
3560 1377 3616 1421 et
3644 1367 3737 1422 ab-

2128 1445 2368 1517 jectione
2404 1454 2672 1522 passionis
2717 1471 2775 1511 se
2806 1456 2858 1511 in
2889 1472 3115 1512 vacuum
3156 1459 3465 1525 laborasse,
3512 1476 3581 1515 ac
3614 1462 3741 1516 sine

2136 1554 2297 1596 causa
2323 1551 2380 1598 et
2413 1559 2549 1601 vane
2586 1554 2791 1602 tantam
2832 1548 3136 1605 tolerantim
3174 1560 3230 1606 et
3261 1552 3544 1623 patientiae
3576 1552 3734 1608 forti-

2136 1634 2373 1690 tudinem
2403 1640 2836 1709 consumpsisse;
2871 1643 2995 1696 dum
3026 1642 3172 1698 velut
3201 1644 3547 1700 infructuosa
3568 1654 3735 1701 etva~

2134 1735 2235 1778 cua
2255 1725 2526 1782 videretur
2547 1729 2692 1784 inani
2715 1729 2902 1785 adnisu
2930 1739 2984 1785 et
3002 1742 3196 1786 conatu
3224 1748 3346 1788 esse
3368 1745 3690 1803 consumpta
3713 1753 3735 1796 ι

456 1819 587 1875 Iutis
614 1834 800 1877 eorum
831 1838 929 1893 per
957 1824 1235 1894 passiones
1277 1826 1663 1881 consummari.
1698 1847 1716 1880 ›
1778 1827 2040 1883 Similiter
2070 1809 2112 1868 Β
2143 1820 2238 1874 Sed
2268 1820 2369 1874 hoc
2393 1820 2649 1875 nimirum
2674 1821 2811 1876 bene
2840 1822 3162 1893 intelligitur
3187 1824 3370 1880 dicere
3398 1840 3467 1879 ex
3494 1841 3733 1896 persona

454 1915 654 1970 etalio
704 1916 824 1973 loco
872 1918 961 1973 ubi
1009 1918 1075 1973 de
1123 1920 1311 1975 eodem
1364 1919 1590 1977 Domino
1639 1931 1825 1977 nostro
1865 1922 2036 1978 dicit:

462 2026 483 2055 ι
510 2005 645 2073 Quia
688 2023 827 2063 unus
864 2022 963 2078 pro
1000 2009 1250 2065 omnibus
1279 2019 1525 2067 mortuus
1548 2020 1651 2078 est,
1685 2026 1813 2083 ergo
1848 2025 2040 2067 omnes

453 2097 654 2151 mortui
682 2105 826 2165 sunt,
853 2110 907 2154 et
928 2115 1028 2171 pro
1057 2102 1307 2159 omnibus
1331 2113 1578 2160 mortuus
1602 2112 1687 2160 est
1712 2104 1797 2178 (II
1827 2103 1950 2161 Cor.
1985 2122 2036 2172 v,

455 2186 575 2256 ll);
604 2206 621 2238 ι
641 2190 822 2244 statim
840 2205 941 2260 pro
964 2192 1159 2262 quibus
1182 2195 1433 2251 omnibus
1457 2203 1701 2252 mortuus
1728 2211 1847 2252 esse
1876 2195 2039 2252 intel-

452 2277 700 2349 ligendus
742 2281 815 2336 sit
851 2283 1125 2356 subjungit
1176 2285 1402 2342 dicens:
1440 2304 1459 2338 ι
1495 2286 1566 2343 Ut
1610 2295 1664 2343 et
1711 2288 1802 2357 qui
1850 2288 2039 2342 vivunt

452 2367 567 2435 jam
589 2384 699 2426 non
731 2371 831 2429 sibi
857 2372 1074 2440 vivant,
1112 2374 1205 2431 sed
1256 2375 1307 2430 ci
1348 2376 1439 2447 qui
1483 2393 1580 2447 pro
1619 2377 1750 2447 ipsis
1796 2374 2041 2434 mortuus

448 2469 533 2517 est
580 2469 637 2518 et
685 2465 980 2521 resurrexit
1020 2465 1210 2538 (Ibid.,
1254 2466 1362 2538 15).
1414 2487 1434 2520 ι
1486 2467 1579 2525 Isti
1626 2484 1860 2540 namque
1915 2476 2041 2525 sunt

451 2568 628 2608 omnes
681 2553 751 2611 de
787 2555 983 2625 quibus
1030 2556 1157 2614 alibi
1195 2558 1335 2615 idem
1374 2559 1665 2630 Apostolus
1711 2562 1767 2618 in
1811 2561 2039 2634 gloriam

451 2650 506 2698 et
542 2644 757 2701 laudem
784 2646 883 2703 Dei
906 2646 1086 2705 Patris
1102 2648 1281 2706 dicit:
1312 2668 1336 2704 ι
1362 2648 1466 2719 Qui
1501 2652 1666 2708 etiam
1694 2654 1917 2726 proprio
1943 2654 2039 2710 Fi-

454 2733 529 2790 lio
565 2749 663 2793 suo
685 2752 791 2794 non
818 2739 1087 2810 pepercit,
1111 2740 1207 2798 sed
1228 2756 1329 2813 pro
1357 2743 1515 2800 nobis
1543 2744 1794 2801 omnibus
1816 2745 2041 2804 tradidit

448 2826 600 2883 ilhlm
632 2826 1087 2905 (Rom.vm,52);
1110 2852 1129 2885 ι
1148 2833 1346 2906 quibus
1370 2844 1424 2891 et
1445 2835 1573 2891 alibi
1601 2837 1729 2894 dicit
1754 2856 1767 2892 :
1797 2856 1815 2890 α
1835 2837 1903 2893 Ει
1931 2830 2038 2894 nun

448 2921 583 2983 estis
628 2923 795 2980 vestri
823 2943 836 2979 :
861 2926 1027 2996 empti
1077 2926 1220 2982 enim
1249 2928 1384 2983 estis
1407 2929 1583 2998 pretio
1613 2945 1807 3001 magno
1835 2929 1888 3004 (Ι
1910 2916 2034 2987 (Σοί.

443 3023 499 3077 ν,
522 3011 636 3083 20).
668 3030 686 3064 ι
753 3013 906 3070 Unde
934 3025 1126 3086 penset
1148 3018 1516 3091 unusquisque
1536 3019 1730 3087 ﬁdelis,
1759 3037 1882 3077 cum
1911 3036 2038 3078 san-

446 3104 568 3174 guis
594 3104 681 3159 ille
712 3112 966 3176 tanquam
995 3108 1139 3178 Agni
1171 3109 1582 3167 incontaminati
1618 3120 1672 3168 et
1702 3113 2036 3170 immaculati

446 3194 648 3251 Christi
669 3196 738 3251 ab
758 3196 1014 3268 Apostolo
1051 3200 1289 3269 pretium
1322 3217 1577 3274 maguum
1620 3204 1832 3260 dicatur
1879 3219 2031 3273 esse,

445 3296 629 3344 utrum
659 3290 831 3362 possit
863 3289 968 3347 tale
990 3292 1223 3362 pretium
1253 3293 1309 3348 in
1341 3293 1517 3365 aliqua
1549 3306 1701 3367 parte
1730 3313 1855 3353 esse
1875 3299 2035 3355 inane

448 3389 506 3437 et
547 3396 796 3449 vacuum,
838 3397 906 3438 an
945 3384 1125 3458 potius
1175 3384 1389 3442 illarum
1420 3389 1683 3446 mercium
1711 3405 1812 3465 pro
1842 3392 2036 3463 quibus
2068 3460 2073 3467 ,

448 3474 635 3529 datum
661 3482 743 3531 est
772 3474 921 3533 lucro
948 3486 1003 3533 et
1030 3478 1244 3535 cumulo
1267 3479 1552 3541 refertum.

1017 3614 1242 3673 CAPUT
1293 3616 1451 3673 XVII.

453 3718 727 3786 Quomodo
764 3724 818 3777 in
862 3741 1079 3780 vacuum
1105 3726 1370 3783 laborasse
1392 3731 1588 3783 dicitur
1615 3730 1898 3788 Christus?
1949 3732 2039 3788 Ex

824 3810 1049 3865 persona
1077 3797 1269 3853 scilicet
1296 3802 1664 3856 membrorum.

520 3927 664 3983 Dicit
679 3928 893 3998 quidem
912 3928 1025 3999 ipse
1041 3930 1299 3986 Dominus
1319 3932 1460 4003 apud
1485 3933 1674 3988 Isaiam
1690 3936 2031 4006 prophetam,

449 4022 675 4091 loquens
697 4021 763 4077 de
785 4024 1041 4092 mysterio
1065 4024 1330 4093 passionis
1360 4039 1547 4080 suzezt1
1578 4047 1595 4078 ι
1616 4026 1797 4101 Etego
1819 4029 1929 4083 dixi
1947 4048 1959 4084 :
1976 4029 2035 4085 lu

454 4126 683 4165 vacuum
698 4110 931 4165 laboravi
947 4113 1062 4167 sine
1075 4123 1315 4179 causa,et
1330 4131 1462 4170 vane
1478 4117 1843 4174 fortitudinem
1860 4135 2037 4175 meam

453 4204 761 4274 consumpsi
787 4203 918 4275 (Isa.
944 4220 1094 4271 xux,
1112 4206 1186 4279 l).
1212 4226 1229 4258 ι
1264 4206 1370 4263 Sed
1395 4208 1537 4264 absit
1558 4218 1618 4264 ut
1641 4211 1743 4266 hoc
1766 4211 1911 4266 velut
1934 4227 2033 4266 an-

451 4299 571 4353 xius
586 4306 637 4353 et
654 4298 1029 4373 iguarusloqui
1045 4302 1313 4367 credatur,
1329 4302 1419 4363 qui
1435 4302 1550 4357 sine
1573 4302 1733 4360 dubio
1757 4320 2031 4375 nunquam

455 4393 706 4463 ignorare
748 4392 923 4462 potuit
951 4392 1153 4447 exitum
1185 4401 1239 4448 et
1267 4390 1518 4448 eﬁ‘ectum
1568 4396 1838 4465 passionis
1887 4412 2029 4462 sum,

2141 1915 2509 1970 membrorum
2557 1929 2777 1969 suorum
2828 1916 2928 1971 sub
2976 1916 3064 1971 illa
3117 1919 3387 1987 passionis
3432 1928 3490 1973 et
3541 1919 3739 1974 mortis

2141 2006 2435 2078 ignominia
2480 2006 2912 2074 inﬁrmantium,
2966 2023 3033 2080 ac
3081 2024 3218 2079 pene
3270 2011 3681 2081 despcrantium
3718 2029 3735 2064 :

2145 2097 2273 2153 dum
2313 2106 2368 2153 et
2396 2106 2801 2168 persecutorum
2834 2099 3037 2154 saevitia
3066 2100 3214 2155 velut
3243 2102 3421 2157 victus
3449 2114 3505 2157 et
3525 2103 3735 2158 exstin-

2141 2199 2261 2246 ctus
2290 2192 2602 2262 putabatur,
2623 2202 2678 2247 et
2701 2199 3105 2248 resurrecturus
3133 2201 3293 2262 atque
3317 2194 3545 2248 humani
3575 2208 3736 2265 gene-

2140 2283 2218 2337 ris
2265 2282 2576 2353 redemptor
2615 2283 2838 2338 minime
2888 2283 3230 2339 credebatur.
3264 2284 3343 2339 lla
3386 2301 3627 2355 namque
3670 2287 3736 2341 de

2140 2375 2231 2431 illo
2262 2377 2551 2447 desperare
2572 2384 2854 2447 coeperunt
2878 2376 2971 2447 qui
2996 2378 3291 2434 dicebant:
3321 2398 3340 2430 ι
3373 2380 3441 2434 Et
3464 2382 3741 2451 quomodo

2142 2468 2478 2525 tradiderunt
2502 2483 2625 2525 eum
2653 2470 2849 2525 summi
2874 2471 3187 2527 sacerdotes
3208 2512 3225 2538 ,
3256 2480 3307 2527 et
3336 2472 3619 2542 principes
3644 2488 3741 2528 no-

2140 2560 2240 2616 stri
2282 2559 2335 2615 in
2377 2559 2781 2620 damnationem
2810 2561 3003 2618 mortis
3024 2602 3040 2628 ,
3067 2569 3123 2618 et
3152 2561 3549 2618 cruciﬁxerunt
3571 2577 3695 2618 eum
3717 2580 3735 2616 :

2139 2651 2249 2708 Nos
2279 2660 2458 2708 autem
2486 2653 2840 2723 sperabamus
2869 2653 2994 2723 quia
3031 2653 3145 2724 ipse
3178 2661 3323 2708 esset
3354 2653 3747 2722 redempturus

2138 2740 2305 2799 Israel
2333 2742 2485 2816 (Luc.
2510 2758 2667 2810 xxrv,
2689 2742 2783 2810 20,
2806 2742 2931 2817 21);
2965 2763 2983 2794 »
3011 2752 3066 2799 et
3086 2743 3205 2798 ideo
3229 2741 3435 2797 vacuus
3459 2742 3541 2797 eis
3560 2743 3745 2797 videri

2140 2840 2356 2904 poterat
2402 2840 2457 2887 et
2500 2831 2656 2888 labor
2700 2833 2990 2904 passionis,
3022 2842 3078 2890 et
3117 2832 3380 2888 fortitudo
3402 2840 3572 2886 tanta:
3607 2832 3738 2887 teli»

2142 2923 2353 2992 rantize,
2377 2925 2531 2996 cujus
2557 2924 2737 2981 nullus
2767 2925 2977 2981 fructus
3004 2925 3309 2992 videbatur,
3338 2924 3489 2979 nulla
3520 2925 3735 2980 redem-

2139 3014 2344 3086 ptionis
2368 3015 2572 3072 utilitas
2602 3016 2939 3072 credebatur.
2971 3013 3062 3071 Sic
3103 3015 3250 3072 enim
3301 3024 3357 3071 et
3396 3016 3450 3070 iu
3489 3015 3733 3086 psalmo,

2143 3107 2330 3178 utique
2355 3123 2461 3163 non
2491 3124 2559 3163 ex
2585 3123 2679 3164 sua
2703 3148 2718 3174 ,
2748 3108 2838 3179 qui
2876 3115 3159 3177 peccatum
3193 3123 3301 3163 non
3338 3106 3470 3163 fecit
3489 3149 3506 3174 ,
3538 3108 3639 3164 sed
3665 3124 3731 3165 ex

2141 3213 2371 3271 persona
2394 3199 2763 3254 membrorum
2792 3213 3015 3253 suorum
3040 3197 3170 3254 dicit
3195 3217 3208 3253 :
3243 3198 3273 3238 δ
3300 3216 3320 3250 ι
3354 3196 3544 3270 Longe
3573 3215 3609 3254 a
3643 3213 3732 3255 sa-

2139 3293 2250 3349 lute
2280 3307 2402 3348 mea
2424 3292 2590 3348 verba
2612 3290 2934 3358 delictorum
2956 3306 3199 3347 meorum
3228 3289 3407 3364 (Psal.
3431 3309 3526 3348 XXI
3546 3334 3567 3363 ,
3591 3292 3669 3367 2).
3703 3311 3729 3350 ι

2136 3383 2206 3439 Ει
2233 3383 2341 3440 alio
2365 3383 2516 3440 loco:
2553 3402 2572 3436 ι
2605 3382 2768 3450 Deus,
2806 3391 2863 3438 tu
2888 3383 2994 3439 scis
3022 3383 3393 3454 insipientiam
3434 3400 3649 3449 meam,
3678 3393 3733 3441 et

2137 3477 2331 3533 delicta
2364 3491 2485 3532 mea
2514 3491 2544 3530 a
2572 3484 2625 3532 te
2652 3490 2757 3531 non
2785 3484 2914 3530 sunt
2940 3475 3257 3531 abscondita
3302 3475 3482 3548 (.Psal.
3520 3492 3689 3532 uvm
3711 3518 3728 3541 ,

2136 3568 2212 3638 ti).
2248 3587 2265 3641 ξ
2300 3567 2379 3623 Ita
2406 3583 2534 3639 ergo
2557 3576 2611 3623 et
2639 3568 2694 3623 in
2715 3568 2799 3622 his
2822 3567 3153 3640 propheticis
3177 3569 3358 3625 verbis
3381 3584 3449 3624 ex
3478 3585 3729 3641 persona.

2134 3667 2194 3713 ut
2240 3638 2447 3713 dictum
2476 3638 2613 3723 est,
2644 3638 3036 3712 inﬁrmantium
3064 3667 3118 3714 et
3146 3673 3283 3729 pene
3321 3638 3731 3729 desperandum

2137 3747 2505 3802 membrorum
2551 3760 2801 3814 suorum,
2835 3754 2890 3803 et
2930 3748 2986 3802 in
3026 3763 3225 3803 vanum
3266 3764 3323 3804 se
3354 3749 3443 3804 illa
3481 3751 3737 3820 passione

2141 3840 2442 3906 laborasse,
2474 3828 2532 3894 et
2562 3839 2682 3895 sine
2705 3854 2871 3895 causa
2901 3848 2955 3895 et
2985 3856 3123 3896 vane
3159 3839 3545 3897 fortitudinem
3582 3859 3731 3897 suam

2138 3930 2539 4000 consumpsisse
2561 3937 2889 4000 conquestus
2916 3936 3020 3985 est.
3045 3929 3164 4000 Ipse
3187 3939 3368 3985 autem
3397 3940 3465 3986 ex
3497 3948 3732 4002 persona

2137 4038 2233 4079 sua
2266 4021 2487 4077 omnino
2514 4030 2695 4077 certus
2721 4028 2774 4076 et
2810 4019 3015 4088 ﬁdens,
3039 4021 3168 4077 licet
3209 4029 3264 4078 et
3294 4038 3323 4076 a
3359 4023 3732 4093 persecutori—

2137 4117 2238 4172 bus
2262 4116 2539 4172 videretur
2572 4115 2750 4171 victus
2772 4157 2788 4183 ,
2817 4124 2871 4170 et
2896 4116 2964 4172 ab
3001 4116 3409 4174 inﬁrmitatibus
3451 4118 3733 4190 discipulis

2136 4214 2422 4281 putaretur
2445 4206 2648 4263 frustra
2678 4216 2841 4279 atque
2877 4208 2930 4262 in
2960 4223 3193 4264 vacuum
3216 4225 3439 4280 passus,
3472 4212 3730 4267 continuo

2137 4314 2236 4369 per
2263 4296 2353 4353 illa
2384 4298 2547 4354 verba
2578 4297 2727 4354 velut
2766 4298 3135 4369 quserimonire
3180 4310 3235 4355 et
3280 4291 3581 4357 anxietatis
3608 4304 3732 4358 sub-

2132 4389 2309 4462 jungit
2337 4410 2349 4445 :
2383 4411 2401 4443 ί
2434 4390 2574 4463 Ergo
2589 4389 2855 4459 judicium
2880 4406 3060 4447 meum
3089 4409 3211 4447 eum
3238 4393 3489 4458 Domino,
3517 4404 3573 4449 et
3599 4408 3729 4464 opus

451 4499 613 4555 quam
658 4480 756 4554 pro
797 4484 1077 4554 utriusque
1110 4484 1289 4556 populi
1341 4485 1712 4557 redemptione
1760 4496 1815 4543 ct
1860 4488 2031 4543 salute
2062 4524 2111 4583 Ι)
2140 4499 2318 4538 meum
2361 4482 2415 4538 in
2455 4483 2566 4538 Deo
2593 4481 2873 4555 mCOUsa.
2899 4500 3057 4551 XLIX.
3087 4484 3164 4557 4).
3195 4505 3214 4537 ι
3239 4484 3296 4541 Id
3318 4495 3425 4550 est,
3463 4485 3728 4556 judicium

449 4587 603 4633 certo
629 4585 684 4633 et
723 4576 945 4633 deﬁnito
982 4577 1207 4634 consilio
1238 4578 1506 4649 suscepit,
1540 4579 1753 4635 dicente
1796 4595 2028 4650 cvange‘

449 4668 571 4721 lista
597 4685 609 4720 :
644 4686 662 4718 ι
698 4667 832 4734 Quia
857 4665 1015 4723 Jesus
1040 4667 1334 4724 moriturus
1363 4679 1483 4723 erat
1510 4685 1607 4737 pro
1630 4676 1789 4738 gente
1806 4711 1826 4749 ,
1850 4678 1903 4724 et
1926 4686 2033 4725 non

462 4758 671 4815 tantum
698 4774 797 4829 pro
823 4766 1000 4829 gente,
1025 4758 1120 4814 sed
1151 4766 1208 4812 ut
1236 4757 1373 4814 ﬁlios
1396 4757 1489 4813 Dei
1511 4761 1600 4830 qui
1628 4773 1785 4816 erant
1808 4762 2036 4832 dispersi

2139 4595 2338 4643 meum,
2368 4578 2512 4656 quod
2541 4580 2683 4649 apud
2707 4579 2959 4635 homines
2988 4579 3043 4634 in
3079 4578 3167 4634 illa
3199 4578 3515 4635 humilitate
3545 4577 3725 4633 subla-

2141 4681 2253 4726 tum
2280 4679 2382 4739 est,
2415 4672 2558 4742 apud
2600 4672 2889 4749 Dominum
2921 4672 3129 4727 salvum
3171 4680 3228 4727 et
3272 4671 3593 4727 inviolatum
3624 4678 3722 4726 est.

2140 4763 2207 4817 Et
2235 4778 2368 4833 opus
2395 4778 2599 4829 meum,
2622 4763 2765 4833 quod
2787 4762 2890 4820 sub
2918 4770 3069 4819 tanta
3088 4763 3384 4837 ignominia
3412 4772 3468 4819 et
3490 4772 3726 4820 contem-

1413 4890 1623 4948 ΝΟΤΑΞ
1660 4891 1982 4950 DUVALLII
2023 4891 2369 4949 DOCTORIS
2405 4890 2786 4949 SORBONlCl.

525 5051 550 5078 α
600 5035 769 5105 Caute
811 5032 1036 5105 legenda
1064 5041 1162 5105 est
1205 5033 1471 5105 expositio
1506 5034 1700 5090 horum
1738 5035 2032 5091 verborum

404 5120 410 5125 '
446 5108 601 5163 lsaire
627 5123 640 5160 :
671 5123 689 5155 ι
717 5104 829 5174 Ego
853 5104 1032 5174 autem
1058 5104 1112 5158 in
1138 5104 1368 5159 vacuum
1393 5105 1654 5169 laboravi,
1679 5105 1881 5161 frustra
1904 5120 2032 5162 con-

452 5175 655 5246 sumpsi
686 5172 1055 5229 fortitudinem
1094 5189 1290 5230 meam.
1323 5195 1342 5227 I
1388 5174 1531 5230 Dicit
1573 5176 1716 5231 enim
1755 5176 2030 5232 Christum

453 5250 556 5305 hoc
593 5247 711 5301 loco
740 5256 805 5299 ex
835 5254 1066 5317 persona
1102 5246 1469 5317 membrorum
1505 5247 1604 5302 sub
1640 5247 1727 5317 illa
1763 5248 2031 5317 passionis

451 5314 955 5389 mortis'ignominia
976 5314 1366 5389 inﬁrmantium
1388 5329 1452 5372 ac
1473 5330 1612 5387 pene
1629 5314 2030 5389 desperandum

452 5404 571 5445 esse
595 5385 863 5460 locutum;
894 5393 949 5442 et
975 5386 1079 5460 hoc
1104 5385 1457 5460 conformiter
1476 5385 1582 5443 suo
1605 5385 1862 5460 dogmati,
1887 5388 2029 5459 quod

452 5473 645 5529 neinpe
684 5456 932 5514 Christus
970 5458 1138 5513 solum
1172 5471 1287 5529 pro
1303 5456 1492 5513 electis
1521 5456 1712 5528 passus
1740 5456 1931 5523 fuerit,
1969 5468 2053 5514 ut-

455 5527 652 5586 idcoin
681 5545 912 5584 vacuum
954 5528 1179 5584 minime
1225 5527 1552 5584 laboraverit
1583 5548 1596 5584 :
1635 5545 1824 5586 verum
1859 5530 2030 5586 satius

450 5609 534 5655 est
558 5616 621 5671 ea
649 5601 716 5655 de
745 5600 966 5655 Christo
990 5599 1107 5668 ipso
1134 5613 1433 5671 exponere,
1474 5615 1767 5671 paucorum
1800 5602 2026 5657 salutem

449 5670 803 5745 praevidcnte,
834 5672 1082 5744 quamvis
1109 5670 1618 5727 sullicicntissimum
1642 5713 1655 5740 ,
1701 5674 1809 5730 imo
1838 5687 2027 5743 super-

2137 5031 2549 5104 abuntissimum
2579 5032 2812 5104 pretium
2841 5033 3238 5104 redemptionis
3270 5036 3516 5092 omnium
3549 5037 3721 5095 homi-

2135 5118 2266 5157 num
2291 5101 2344 5156 in
2373 5115 2466 5155 ara
2498 5102 2674 5157 crucis
2702 5101 3043 5159 exsolvisset.

2206 5173 2235 5213 ιι
2272 5171 2474 5227 Ibidem
2503 5180 2690 5228 notent
2718 5172 3024 5229 Calvinistae
3054 5175 3195 5232 hunc
3222 5175 3525 5232 Psalmistm
3555 5181 3722 5235 versi-

2133 5243 2314 5318 culum
2346 5261 2362 5318 :_
2397 5243 2625 5318 5_Quare
2646 5257 2733 5299 me
2755 5241 3126 5315 dereliquisti?
3146 5247 3381 5318 Longega
3404 5250 3580 5306 salute
3602 5265 3723 5306 mea

2134 5312 2300 5392 verba
2332 5312 2961 5392 delictorummeorum;
2982 5335 3000 5366 ι
3053 5332 3158 5392 non
3206 5312 3289 5392 de'
3315 5316 3535 5375 Christo
3580 5321 3720 5392 ipso,

2137 5384 2229 5459 sed
2256 5384 2323 5439 de
2346 5383 2487 5439 illius
2513 5383 2772 5439 membris
2797 5401 2926 5459 esse
2946 5386 3310 5459 intelligenda,
3341 5403 3577 5458 quorum
3599 5383 3722 5448 ἱ)ωὲ

2138 5454 2287 5528 nium
2315 5462 2535 5528 peccata
2572 5463 2827 5528 tanquam
2865 5456 2971 5528 sibi
3009 5454 3224 5528 propria
3266 5454 3598 5528 imputabat;
3645 5463 3725 5527 ita

2139 5532 2199 5599 ut
2226 5524 2582 5599 hmsitatioet
2607 5526 2931 5599 desperatio,
2957 5524 3211 5596 cujus'ibi
3243 5528 3300 5584 ﬁt
3328 5524 3537 5586 mentio
3557 5573 3573 5599 ,
3608 5547 3720 5588 non

2139 5594 2514 5668 Christo,_qui
2552 5596 2618 5651 de
2663 5594 2759 5653 sua
2808 5597 2981 5653 salute
3022 5594 3220 5668 anceps
3257 5608 3313 5656 et
3347 5594 3721 5657 dubius’nun-

2137 5679 2312 5791 grana
2332 5664 2450 5791 fuit;
2484 5682 2580 5724 nec
2609 5682 2728 5725 esse
2755 5670 2953 5741 potuit,
2983 5671 3077 5727 sed
3104 5664 3245 5728 illius
3275 5672 3538 5729 membris
3564 5673 3717 5731 attri-

2193 5750 2277 5791 ten
2317 5749 2347 5790 a
2372 5751 2420 5791 sn
2453 5757 2480 5790 ,ν
2951 5752 2957 5759 ’

2193 5745 2347 5791 renda
2372 5745 2480 5791 Sli.’
2951 5752 2957 5759 ’
