3966 6334
212 322 345 382 lttl'l

1312 325 1512 381 L‘lBER
1552 326 1640 380 DE
1681 327 1931 385 'l'lllBUS
1968 331 2340 391 EPISTOLIS.

3312 322 3472 398 μηδ’

211 456 298 519 ptu
323 444 588 516 passionis
614 442 811 496 frustra
842 440 1053 496 videtur
1075 438 1301 497 eflusum
1335 452 1497 511 atque
1527 457 1776 498 consum-
1807 452 1850 508 Α
1882 456 1997 515 tua,
2020 465 2053 504 o
2076 466 2221 505 mors
2248 470 2261 506 :
2294 468 2388 507 ero
2426 468 2637 509 morsus
2673 461 2814 520 tuus,
2864 455 3075 510 inferne
3120 456 3264 529 (Ose.
3313 475 3449 525 xm,

210 549 377 613 ptum,
410 536 548 609 apud
579 538 743 593 Deum
773 535 986 606 plenum
1019 543 1102 590 est
1124 534 1326 600 fructu,
1350 542 1406 589 et
1432 534 1485 589 in
1519 533 1665 588 nullo
1692 534 1775 589 sui

212 630 429 690 eﬂ'ectus
456 629 609 685 lucro
642 627 969 682 fraudatum.
991 626 1234 696 Denique
1252 634 1312 681 ut
1333 626 1513 680 statim
1540 624 1778 680 fructuo-

212 723 479 779 sissimum
503 722 671 792 ipsius
694 721 775 775 sui
804 721 982 790 operis
1021 718 1268 774 eﬁ‘ectum
1292 719 1346 774 in
1375 718 1653 789 utriusque
1679 734 1779 788 po-

213 810 317 883 puli
346 809 731 880 redemptione,
763 818 922 877 atque
953 807 1341 862 illuminatione
1375 806 1779 862 evidentissime

212 902 529 967 declararet,
558 900 849 971 praemissis
881 898 1059 954 verbis
1084 899 1326 968 protinus
1355 897 1594 967 adjunxit
1623 915 1635 951 :
1667 902 1687 949 ι
1714 897 1779 952 Et

212 990 541 1062 gloriﬁcatus
583 1005 700 1045 sum
747 989 801 1043 in
849 987 1019 1045 oculis
1061 988 1304 1055 Domini,
1342 996 1397 1042 et
1443 988 1583 1043 Deus
1628 1001 1780 1042 meus

210 1079 383 1136 factus
405 1088 488 1135 est
518 1079 777 1136 fortitudo
801 1092 919 1134 mea
945 1094 960 1145 ;
990 1086 1045 1135 et
1071 1079 1243 1133 dixit:
1274 1079 1472 1133 Parum
1496 1088 1599 1143 est,
1621 1088 1681 1133 ut
1706 1078 1781 1134 sis

210 1174 341 1228 mihi
372 1186 561 1228 servus
605 1172 672 1227 ad
715 1171 1054 1227 suscitandas
1100 1172 1272 1226 tribus
1300 1170 1493 1234 Iacob,
1533 1180 1588 1226 et
1620 1169 1780 1226 faeces

208 1265 368 1321 Israel
394 1249 805 1320 convertendos.
840 1263 1000 1320 Posui
1037 1273 1089 1318 te
1122 1265 1177 1318 in
1216 1262 1387 1319 lucem
1417 1264 1688 1334 gentibus,
1718 1271 1778 1318 ut

208 1361 283 1418 sis
339 1363 486 1418 salus
538 1378 657 1418 mea
693 1378 863 1433 usque
918 1363 983 1418 ad
1033 1370 1332 1418 extremum
1382 1370 1537 1417 terra:
1587 1360 1775 1433 (Ibid.,

208 1451 264 1517 5,
294 1450 371 1523 6).
406 1471 426 1504 ι
461 1452 578 1507 Non
609 1467 741 1524 ergo
775 1452 971 1523 aliquis
996 1467 1062 1507 ex
1098 1451 1202 1509 illis
1232 1452 1413 1507 verbis
1441 1452 1587 1507 velut
1616 1450 1781 1505 ratio-

206 1559 332 1599 nem
364 1559 422 1599 se
449 1544 717 1601 invenisse
739 1545 1038 1610 existimet,
1067 1545 1193 1615 quia
1221 1545 1504 1600 Dominum
1532 1552 1781 1599 nostrum

206 1635 413 1708 aliquid
438 1638 671 1693 inaniter
696 1647 754 1693 et
779 1653 917 1693 vane
948 1637 1001 1693 in
1044 1638 1292 1708 passione
1327 1653 1423 1692 sua
1464 1645 1518 1691 et
1559 1635 1782 1706 pretiosi

204 1728 483 1800 sanguinis
512 1728 772 1786 eﬁ‘usione
796 1729 973 1801 egisse
995 1729 1315 1794 contendat;
1345 1743 1465 1784 cum
1488 1735 1597 1782 tota
1625 1725 1782 1793 hujus

1881 539 1992 611 M).
2027 559 2045 591 ι
2075 541 2140 595 Ει
2171 541 2294 597 ideo
2316 558 2587 613 nunquam
2624 544 2820 614 aliquis
2848 546 3234 601 catholicorum
3266 548 3448 604 docto-

1878 647 1999 685 rum
2032 632 2105 686 ita
2136 634 2389 698 sensisse,
2418 643 2511 710 aqt
2537 634 2785 691 docuisse
2813 637 3111 693 credendus
3148 648 3261 705 est,
3295 640 3455 711 quasi

1878 722 2138 778 Dominus
2160 732 2213 777 et
2240 722 2477 780 salvator
2500 735 2683 781 noster
2703 726 2864 782 etiam
2897 728 2962 783 ad
2992 727 3138 783 illam
3162 729 3451 801 impiorum

1878 812 2272 868 multitudinem
2292 856 2306 879 ,
2337 831 2457 885 quze
2500 825 2623 872 ante
2662 819 2967 888 passionem
2997 820 3113 891 ejus
3140 821 3317 890 periit,
3346 821 3454 877 sal-

1880 907 2108 960 vandam
2155 914 2317 977 atque
2356 908 2757 975 redimendam,
2792 911 3090 980 passionem
3130 921 3186 966 et
3224 921 3454 967 mortem

1880 998 2199 1069 susceperit.
2229 999 2361 1054 Cum
2387 1013 2515 1069 ergo
2539 1015 2640 1070 pro
2666 1001 2751 1055 illa
2778 1001 3228 1056 inaestimabiliter
3254 1002 3455 1074 majore

1880 1094 2101 1150 humani
2133 1093 2348 1164 generis
2373 1100 2557 1162 parte,
2595 1108 2714 1163 quae
2748 1109 2848 1163 per
2874 1102 2953 1148 tot
2984 1093 3149 1148 millia
3189 1108 3454 1148 annorum

1880 1191 2269 1255 praecesserat,
2320 1182 2628 1239 nullatenus
2665 1183 2966 1239 credendus
2994 1185 3065 1239 sit
3106 1200 3329 1255 passus,
3355 1200 3457 1239 nec

1880 1288 1979 1343 pro
2003 1273 2125 1344 ejus
2144 1272 2317 1328 salute
2345 1272 2655 1338 cruciﬁxus,
2688 1274 2815 1342 quid
2836 1275 2900 1329 de
2924 1275 3027 1329 ista
3052 1275 3235 1344 utique
3259 1275 3455 1329 minori

1881 1371 2035 1434 parte
2056 1362 2349 1418 inﬁdelium
2371 1371 2425 1417 et
2444 1361 2730 1432 impiorum
2752 1363 3077 1418 credendum
3099 1372 3205 1429 est,
3225 1364 3317 1433 qui
3339 1373 3462 1434 post

1881 1454 2187 1523 passionem
2219 1451 2334 1521 ejus
2362 1467 2533 1522 usque
2559 1453 2625 1507 ad
2651 1453 2834 1507 mundi
2866 1453 3151 1507 terminum
3174 1463 3267 1507 aut
3295 1452 3462 1507 exsti-

1885 1552 2066 1598 terunt
2091 1553 2182 1598 aut
2207 1544 2469 1610 existunt,
2494 1554 2587 1597 aut
2608 1543 2772 1597 futuri
2801 1544 2961 1599 sunt?
2981 1543 3037 1598 ln
3061 1543 3255 1613 quibus
3276 1544 3464 1615 utique

1885 1643 1939 1691 et
1960 1635 2125 1690 homo
2156 1634 2244 1689 ille
2288 1633 2525 1688 nondum
2562 1642 2720 1689 natus
2757 1634 3121 1689 Antichristus
3167 1636 3293 1690 erit.
3325 1633 3462 1689 Nam

1886 1726 1931 1782 si
1967 1727 2033 1782 ad
2076 1728 2208 1781 istos
2252 1724 2384 1780 tales
2428 1725 2687 1781 Dominus
2731 1725 3017 1781 salvandos
3061 1727 3240 1791 venit,
3274 1725 3328 1781 id
3378 1732 3464 1782 est

208 1820 540 1890 propheticus
569 1819 817 1877 lectionis
846 1820 986 1876 serie
1010 1820 1415 1875 ordinatissimo
1437 1832 1616 1873 rerum
1645 1815 1780 1872 eﬁ‘e-
1812 1808 1856 1868 Β
1885 1818 2100 1887 impios,
2127 1823 2183 1872 et
2210 1815 2261 1870 in
2292 1830 2389 1870 sua
2412 1814 2690 1885 impietate
2716 1816 2986 1885 perituros
3008 1856 3022 1880 ,
3052 1830 3180 1886 ergo
3211 1815 3468 1887 praestitit

202 1921 318 1979 ctu,
334 1922 390 1968 et
414 1928 483 1968 ex
507 1920 835 1985 persona,ut
848 1913 1053 1969 dictum
1078 1921 1183 1978 est,
1204 1910 1594 1966 inﬁrmantium
1616 1923 1786 1963 mem-

200 2002 425 2057 brorum
473 2003 694 2058 evidens
724 2002 995 2058 baesitatio
1021 2010 1075 2057 et
1112 2001 1450 2072 desperatio,
1482 2007 1536 2055 et
1565 2013 1631 2053 ex
1661 2013 1786 2068 per-

1888 1910 1995 1967 illis
2034 1909 2176 1981 quod
2218 1908 2323 1963 illis
2366 1907 2602 1977 antiquis
2634 1907 2812 1978 impiis
2860 1922 2966 1962 non
3016 1907 3305 1978 prtestitit:
3339 1907 3466 1977 quia

1887 2003 2140 2058 videlicet
2169 2017 2267 2072 pro
2297 2001 2414 2055 istis
2458 2007 2541 2055 est
2583 1999 2877 2054 cruciﬁxus
2904 2007 2958 2054 et
2997 2006 3277 2064 mortuus,
3322 1998 3497 2067 quod'

202 2107 338 2147 sona
370 2093 539 2162 ipsius
562 2093 759 2164 capitis
787 2093 919 2165 justi
942 2092 1158 2164 judicii,
1184 2103 1239 2147 et
1271 2090 1631 2147 elﬁcacissimi
1654 2104 1785 2159 opc-
1888 2109 1986 2165 pro
2014 2093 2120 2149 illis
2145 2092 2449 2147 nullatenus
2478 2089 2779 2145 credendus
2819 2101 2903 2145 est
2937 2104 3148 2159 passus.
3187 2089 3244 2144 Si
3286 2098 3468 2144 autem

201 2180 284 2237 ris
332 2184 710 2254 praesumptio,
748 2192 802 2238 et
848 2198 912 2237 ex
964 2197 1192 2251 persona
1237 2190 1448 2252 patrum
1477 2178 1786 2250 pleniSSima
1888 2201 1990 2243 nec
2017 2199 2117 2256 pro
2141 2184 2258 2240 istis
2285 2190 2369 2238 est
2394 2179 2684 2235 cruciﬁxus
2709 2188 2764 2236 et
2783 2187 3045 2247 mortuus,
3077 2180 3216 2236 sicut
3246 2194 3347 2236 nec
3369 2194 3469 2251 pro

200 2272 509 2328 declaretur
527 2280 688 2328 tantae
707 2272 1047 2337 humilitatis,
1064 2279 1119 2327 et
1142 2270 1279 2325 tanti
1304 2269 1478 2340 operis
1500 2256 1562 2323 in
1587 2269 1788 2343 utrius-
1888 2277 2015 2343 illis,
2043 2290 2173 2347 ergo
2207 2287 2368 2345 pares
2403 2280 2529 2327 sunt
2554 2270 2853 2342 impietate,
2881 2286 3040 2342 pares
3062 2270 3389 2342 perditione,
3415 2277 3471 2325 et
3494 2276 3499 2289 '

201 2377 315 2434 que
343 2362 523 2435 populi
549 2364 906 2435 acquisitione
932 2363 1302 2433 compensatio
1328 2375 1343 2415 :
1369 2359 1423 2416 in
1450 2360 1556 2416 illis
1595 2360 1786 2416 videli-

202 2463 319 2520 cet,
347 2453 440 2525 qui
471 2469 569 2524 per
594 2470 717 2510 eum
752 2470 783 2508 a
804 2461 978 2509 morte
1003 2453 1197 2508 animae
1226 2452 1572 2518 suscitantur,
1604 2452 1696 2522 qui
1723 2452 1791 2508 ad

204 2547 374 2602 ﬁdem
415 2555 817 2614 convertuntur,
854 2546 1051 2618 quibus
1083 2547 1138 2602 in
1166 2546 1341 2602 lucem
1369 2545 1605 2616 ponitur,
1628 2553 1793 2616 atque

206 2637 271 2693 in
298 2637 535 2694 salutem
558 2638 739 2694 datur.

782 2748 1010 2807 CAPUT
1050 2748 1230 2808 Χνιιι.

203 2839 320 2897 Pro
343 2843 515 2914 impiis
542 2850 909 2914 anteimortem
933 2842 1129 2898 Cirriin
1151 2842 1417 2914 damnatis
1451 2838 1597 2895 nullo
1635 2840 1792 2914 modo

1888 2370 2093 2444 pariter
2118 2370 2339 2426 omnino
2365 2365 2611 2422 extranei
2640 2379 2670 2419 a
2696 2363 2899 2420 Christi
2925 2363 3322 2434 redemptione:
3345 2362 3472 2432 quia

1888 2473 1947 2520 et
1973 2463 2018 2519 si
2047 2476 2148 2533 pro
2186 2459 2303 2515 istis
2331 2473 2524 2528 passus
2553 2450 2674 2512 esse
2699 2455 2928 2520 dicatur,
2965 2453 3093 2524 quid
3128 2452 3207 2507 eis
3236 2450 3470 2523 profecit

1889 2553 2007 2626 ejus
2030 2555 2212 2627 passio
2241 2554 2441 2625 impiis,
2472 2561 2526 2608 et
2546 2553 2602 2608 in
2624 2567 2720 2607 sua
2745 2550 3022 2621 impietate
3042 2547 3320 2620 perituris,
3344 2546 3470 2609 nisi,

1891 2656 1953 2706 ut
1970 2648 2063 2719 qui
2087 2662 2197 2703 non
2226 2644 2367 2702 ﬁunt
2383 2643 2676 2716 participes
2697 2640 3104 2712 redemptionis,
3125 2636 3385 2709 majorem
3410 2643 3470 2693 et

1891 2739 2195 2815 graviorem
2213 2737 2497 2796 incurrant
2523 2733 2800 2792 cumulum
2828 2728 3228 2790 damnationis?

2487 2863 2719 2924 CAPUT
2755 2862 2898 2920 XIX.

282 2909 469 2983 passus
510 2924 603 2968 est.
656 2913 797 2980 Quid
836 2914 901 2967 de
928 2914 1151 2983 posteris
1192 2912 1531 2982 inﬁdelibus,
1562 2909 1689 2982 quid
1730 2909 1769 2963 Δ

282 2982 649 3039 Ἁηιὶεὴήειοῖ

283 3095 541 3164 Quamvis
579 3096 744 3168 igitur
772 3096 913 3152 idem
943 3098 1205 3172 Dominus
1244 3110 1449 3166 noster,
1477 3106 1535 3155 et
1571 3097 1638 3155 ad
1673 3111 1792 3154 om-

204 3202 312 3244 nes
341 3186 624 3246 salvandos
651 3197 707 3244 et
734 3203 923 3246 omnes
949 3190 1312 3258 redimendos,
1341 3192 1505 3247 etiam
1526 3207 1664 3262 quos
1688 3206 1790 3247 nec

208 3278 440 3337 salvavit
471 3293 573 3335 nec
601 3279 864 3347 redemit,
893 3281 946 3336 id
971 3290 1056 3337 est
1082 3281 1356 3350 inﬁdeles,
1383 3290 1438 3338 et
1478 3282 1703 3355 impios,
1735 3281 1791 3336 in
1896 3281 2270 3346 attendentes,
2296 3277 2381 3335 vel
2409 3277 2591 3333 minus
2633 3272 3026 3345 intelligentes,
3071 3268 3318 3324 fortassis
3353 3279 3479 3321 eum

209 3387 311 3429 sua
353 3372 673 3430 inﬁdelitate
706 3382 762 3429 et
787 3373 1066 3444 impietate
1100 3375 1341 3446 perditos
1372 3382 1427 3433 et
1466 3382 1789 3447 pereuntes,
1897 3375 2091 3432 docere
2123 3378 2179 3427 et
2215 3367 2417 3426 sentire
2462 3364 2777 3422 existimant
2816 3361 2959 3432 quod
2999 3359 3257 3415 Dominus
3293 3362 3482 3411 noster

208 3461 329 3517 sive
353 3462 646 3533 perituros,
667 3463 882 3520 venisse
903 3468 1283 3533 contendatur,
1315 3482 1480 3522 unum
1504 3475 1681 3523 tamen
1710 3475 1795 3523 est
1896 3466 2058 3520 etiam
2084 3476 2186 3533 pro
2214 3459 2394 3530 impiis
2419 3457 2473 3511 in
2504 3470 2599 3511 sua
2628 3454 2905 3526 impietate
2937 3450 3254 3507 durantibus
3289 3460 3485 3517 passus

209 3551 359 3621 quod
383 3566 484 3608 nos
508 3560 561 3608 et
591 3552 900 3609 ﬁdelissime
929 3554 1227 3623 credimus,
1248 3565 1306 3613 et
1329 3557 1611 3613 verissime
1636 3557 1791 3612 novi-
1897 3554 1990 3621 sit,
2021 3562 2077 3607 et
2104 3565 2290 3606 eorum
2338 3546 2508 3619 possit
2537 3544 2642 3599 dici
2680 3544 3009 3612 redemptor,
3048 3540 3188 3595 sicut
3233 3535 3359 3592 illud
3398 3543 3482 3589 est

209 3659 363 3710 mus,
382 3644 506 3715 quia
532 3645 794 3713 proomni
818 3645 905 3699 illa
934 3645 1311 3703 innumerabili
1339 3657 1393 3704 et
1418 3648 1629 3704 inﬁnita
1655 3648 1794 3704 mul-
1897 3644 2041 3713 quod
2087 3640 2322 3711 quodam
2369 3638 2488 3692 loco
2532 3635 2609 3690 ait
2648 3652 2661 3688 :
2707 3631 2963 3706 [ReSpice
2996 3630 3242 3693 tandem,
3267 3625 3485 3692 Judaee,

212 3733 447 3789 titudine
473 3735 763 3805 impiorum
784 3775 801 3801 ,
829 3736 921 3805 qui
955 3737 1024 3791 ab
1052 3738 1279 3793 exordio
1306 3739 1494 3794 mundi
1526 3753 1697 3809 usque
1722 3737 1796 3794 ad
1898 3734 2141 3806 respice,
2171 3739 2227 3787 et
2261 3731 2329 3787 ad
2371 3728 2788 3798 Redemptorem
2834 3724 3000 3779 etiam
3028 3730 3177 3777 tuum
3195 3760 3211 3787 ,
3239 3718 3478 3790 deposita

212 3822 523 3893 passionem
571 3824 783 3880 Domini
821 3838 847 3869 α
886 3842 983 3897 per
1026 3836 1258 3898 quatuor
1307 3828 1476 3885 ferme
1530 3844 1797 3884 annorum
1900 3825 2237 3891 inﬁdelitate,
2266 3827 2599 3880 convertere.
2636 3818 2756 3875 Noli
2793 3816 3017 3874 sceleris
3048 3815 3122 3871 tui
3145 3813 3485 3870 immanitate

214 3912 387 3969 millia
415 3915 469 3969 in
497 3930 591 3972 sua
625 3917 902 3987 impietate
931 3925 1057 3973 sunt
1085 3920 1312 3987 mortui,
1336 3927 1391 3976 et
1420 3920 1560 3991 apud
1592 3918 1798 3975 inferos
1902 3917 2125 3983 terreri;
2152 3930 2259 3973 non
2292 3914 2471 3986 justos
2510 3910 2793 3977 Christus,
2821 3909 2915 3965 sed
2948 3914 3257 3980 peccatores
3284 3912 3477 3960 vocat:

211 4013 415 4064 aeterna
437 4007 741 4077 perditione
764 4008 1041 4077 damnati,
1075 4025 1351 4081 nunquam
1389 4011 1649 4068 Dominus
1674 4026 1800 4081 pas—
1900 4024 2000 4065 nec
2026 4009 2355 4081 impietatem
2385 4015 2533 4062 tuam
2556 4003 2783 4075 repellit,
2813 4002 2904 4072 qui
2932 4015 3030 4071 pro
3059 4009 3129 4063 te,
3153 4013 3276 4054 cum
3301 3994 3477 4053 cruci-

213 4111 342 4164 sus,
388 4113 666 4169 nunquam
701 4111 945 4156 mortuus
992 4110 1074 4157 est
1093 4142 1109 4168 ,
1152 4117 1253 4158 nec
1290 4102 1359 4159 ad
1391 4118 1484 4158 eos
1513 4102 1800 4159 salvandos
1900 4105 2039 4159 ﬁxus
2064 4109 2226 4168 esset,
2255 4098 2478 4170 oravit.)
2506 4096 2610 4152 Sed
2640 4096 2693 4151 in
2718 4095 2803 4151 his
2824 4093 3003 4150 verbis
3030 4089 3376 4146 manifestum
3397 4094 3482 4142 est

214 4185 486 4243 υυίιῑθηυε
525 4188 706 4256 Ven“.
737 4204 839 4244 nec
882 4205 981 4260 Pro
1029 4190 1109 4246 eis
1148 4191 1445 4261 pretiosum
1481 4192 1797 4263 sanguinem
1897 4197 2040 4253 bene
2069 4190 2511 4265 intelligentibus,
2537 4188 2689 4258 quia,
2717 4185 2917 4241 usitato
2946 4196 3096 4239 more
3122 4180 3375 4237 humana:
3396 4176 3477 4231 lo-

215 4275 393 4331 fudit:
420 4278 688 4354 quoniam
724 4280 868 4335 solos
914 4281 1033 4337 illos
1082 4296 1151 4337 ex
1197 4283 1282 4337 his
1329 4282 1420 4354 qui
1462 4282 1529 4337 ab
1577 4283 1798 4339 exordio
1898 4285 2152 4352 cutionis,
2182 4283 2282 4340 sub
2310 4282 2469 4338 unius
2493 4278 2664 4336 Judaei
2697 4291 2931 4347 persona
2964 4282 3134 4329 totum
3172 4270 3479 4326 Judaeorum

217 4367 406 4424 mundi
441 4383 617 4440 usque
648 4372 713 4427 ad
740 4374 1042 4443 passionem
1075 4376 1190 4446 ejus
1218 4378 1569 4442 exstiterunt,
1610 4376 1796 4432 eadem
1897 4380 2152 4453 populum
2181 4376 2495 4450 alloquitur,
2525 4381 2579 4429 et
2607 4371 2811 4432 idcirco
2838 4369 2985 4424 velut
3015 4368 3069 4421 in
3098 4378 3327 4435 persona
3364 4374 3485 4417 oma

215 4461 471 4532 passione
501 4478 597 4519 sua
628 4465 921 4524 redemisse
949 4476 1005 4522 et
1029 4469 1287 4534 salvasse,
1316 4479 1476 4539 atque
1502 4470 1570 4525 ab
1596 4468 1792 4526 inferni
1823 4506 1876 4566 Β
1900 4471 2075 4538 nium,
2103 4470 2170 4525 ad
2199 4484 2362 4524 unum
2389 4467 2589 4521 clamat
2612 4472 2666 4518 et
2685 4461 2852 4516 dicit:
2883 4458 2974 4533 [Et
2994 4457 3061 4512 ad
3084 4455 3486 4566 redempjogim

2285 2979 2365 3037 De
2390 2978 2458 3035 B.
2491 2978 2680 3034 Leonis
2716 2974 3085 3048 intelligentia.

1967 3093 2128 3152 Ponit
2158 3092 2411 3166 quaedam
2450 3092 2615 3147 verba
2653 3089 2718 3145 B.
2761 3088 2871 3144 Leo
2902 3086 2957 3142 in
3004 3082 3327 3156 quibusdam
3364 3095 3480 3138 ser-

1898 3188 2150 3247 monibus
2177 3184 2246 3242 ad
2272 3182 2552 3257 populum,
2582 3196 2649 3237 ex
2673 3180 2877 3251 quibus
2894 3175 3157 3241 nonnulli,
3179 3174 3267 3231 vel
3297 3173 3482 3234 minus

218 4549 475 4609 claustris
500 4554 751 4611 eduxisse
771 4557 1072 4614 credendus
1088 4565 1193 4623 est,
1221 4558 1312 4629 qui
1339 4568 1393 4614 et
1421 4558 1651 4615 lideliter
1670 4574 1795 4614 eum

218 4652 576 4712 speraverant
600 4653 886 4711 venturum
905 4687 919 4713 ,
950 4654 1005 4702 et
1032 4647 1263 4703 ﬁdeliter
1301 4663 1399 4718 per
1428 4663 1550 4704 eum
1592 4649 1800 4704 redem-

218 4730 462 4806 ptionem
502 4743 557 4790 et
590 4734 962 4793 liberationem
1004 4738 1072 4793 ad
1119 4738 1348 4793 salutem
1376 4754 1434 4795 se
1479 4747 1800 4810 accepturos

220 4836 347 4878 esse
374 4826 721 4881 crediderunt
748 4842 763 4881 :
796 4837 1012 4885 sanctos
1050 4828 1303 4907 videlicet
1336 4830 1709 4901 patriarchas,
1745 4837 1802 4886 ct

217 4916 537 4986 prophetas,
566 4928 623 4976 et
646 4930 873 4977 czeteros
895 4920 1070 4991 justos
1091 4921 1287 4992 quibus
1320 4922 1486 4979 etiam
1520 4937 1620 4994 per
1644 4922 1797 4979 Osca:

218 5002 541 5078 prophetam
565 5020 691 5067 ante
716 5014 1057 5083 promiserat,
1074 5015 1258 5072 dicens
1283 5033 1297 5069 :
1326 5033 1346 5068 ι
1368 5015 1446 5071 De
1472 5031 1634 5072 manu
1658 5030 1804 5071 mor-

223 5098 298 5155 tis
342 5098 584 5159 liberabo
610 5118 739 5172 eos,
774 5104 840 5162 de
868 5114 1043 5163 morte
1080 5108 1341 5164 redimam
1369 5122 1484 5164 eos.
1515 5108 1625 5164 Ero
1652 5123 1801 5165 mors

1906 4565 2069 4621 etiam
2111 4571 2261 4617 tuum
2305 4558 2546 4630 deposita
2588 4554 2903 4610 inﬁdelitate
2947 4542 3320 4617 convertere.]
3365 4542 3489 4602 Non

1905 4655 2030 4726 quia
2058 4651 2235 4709 nullus
2259 4650 2331 4707 sit
2366 4647 2659 4705 inﬁdelium
2689 4644 2995 4703 Iudaeorum
3033 4639 3185 4711 cujus
3223 4636 3493 4692 Dominus

1904 4763 2012 4804 non
2039 4746 2110 4802 sit
2139 4744 2466 4813 redemptor,
2493 4739 2585 4795 sed
2615 4739 2739 4808 quia
2768 4752 2874 4795 non
2898 4733 3069 4790 solum
3094 4731 3319 4786 aliarum
3351 4744 3487 4802 gena

1906 4838 2058 4902 tium,
2089 4834 2183 4891 sed
2212 4832 2378 4889 etiam
2401 4830 2544 4886 illius
2564 4828 2772 4883 Judaici
2796 4826 2998 4898 populi,
3025 4824 3177 4895 cujus
3203 4821 3409 4878 scelere
3432 4829 3487 4877 et

1904 4927 2180 4997 impietate
2208 4921 2501 4979 cruciﬁxus
2530 4928 2644 4984 est,
2669 4918 2715 4974 si
2739 4917 2808 4972 ad
2841 4932 2964 4972 eum
2992 4921 3362 4977 convertatur,
3394 4925 3487 4968 re.

1906 5018 2155 5088 demptor
2177 5030 2300 5072 esse
2340 5013 2609 5084 dignatur.
2640 5010 2709 5065 Et
2736 5010 2860 5065 ideo
2895 5009 2972 5063 ait
2996 5007 3108 5081 [qui
3146 5021 3246 5076 pro
3280 5012 3335 5059 te
3360 5018 3492 5060 cum

1908 5110 2200 5167 cruciﬁxus
2222 5115 2371 5164 esset
2393 5105 2567 5163 oravit
2591 5124 2603 5160 :
2628 5102 2649 5176 ]
2673 5118 2779 5159 non
2809 5101 2953 5173 quod
2980 5099 3154 5155 nullus
3191 5093 3490 5157 inﬁdelium

1179 5243 1389 5301 ΝΟΤᾸΞ
1431 5244 1755 5302 DUVALLII
1796 5244 2137 5303 DOCTORIS
2177 5241 2560 5302 SORBONICL

299 5390 327 5420 ι
363 5376 444 5433 lta
480 5375 619 5449 varii
645 5384 774 5431 sunt
805 5376 1098 5449 chronistaé
1137 5377 1193 5432 in
1238 5392 1503 5449 annorum
1547 5386 1810 5449 supputa-
1909 5381 2185 5438 creatione
2225 5380 2292 5436 ad
2330 5377 2608 5449 Christum
2653 5376 2941 5434 eﬂluxisse.
2973 5375 3325 5449 Communior
3361 5375 3486 5446 qui.

163 5473 173 5481 ~
226 5446 378 5530 tione
401 5462 433 5502 a
456 5447 730 5530 creatione
755 5462 928 5530 usque
949 5448 1018 5530 ad
1037 5447 1347 5530 Christum,
1367 5458 1429 5505 ut
1460 5448 1580 5519 jure
1609 5446 1681 5505 de
1705 5449 1811 5530 illis
1912 5453 2056 5516 dem,
2087 5452 2213 5530 quia
2242 5459 2328 5530 est
2357 5459 2465 5530 tam
2499 5447 3009 5530 ﬁrmcorumquam
3050 5447 3387 5530 latinorum,
3428 5454 3488 5527 ut

227 5517 337 5572 dici
366 5517 581 5588 possit:
611 5516 714 5591 T_ot
742 5516 950 5588 capita,
995 5526 1075 5573 tot
1119 5520 1430 5582 sententias;
1460 5516 1812 5591 communior
1913 5531 2065 5577 notat
2101 5516 2367 5576 Baronius
2405 5521 2459 5575 in
2495 5516 2906 5591 Martyrologio';
2948 5520 3148 5591 certior
3174 5516 3487 5591 vero._‘l“_i.a

232 5587 414 5662 tamen
443 5587 833 5662 etcertiorest
858 5591 1400 5662 eorumgsupputatio,
1433 5592 1525 5662 qui
1547 5589 1808 5662 exunxx

1912 5593 2056 5647 hunc
2090 5606 2354 5647 annorum
2394 5585 2677 5647 numerum
2713 5585 2953 5648 Ecclesia
3002 5590 3054 5645 in
3094 5585 3487 5661 Martyrologiis

230 5656 620 5735 lpterpretihus
661 5668 716 5713 et
764 5660 1093 5735 pervetustis
1140 5656 1487 5735 Hebraeorum
1532 5659 1808 5726 codicibus
1910 5671 2169 5735 perpetuo
2196 5661 2437 5719 retinuit.

232 5727 422 5788 dicunt
450 5728 686 5801 quinque
718 5729 884 5786 millia
912 5740 1128 5786 centum
1155 5740 1207 5788 et
1234 5731 1522 5806 nonaginta
1554 5746 1742 5787 novem
1774 5747 1804 5788 a

2518 5831 2595 5838 -—.-u.
