3966 6334
498 309 638 369 1019

1509 305 1567 363 S.
1604 304 1863 363 REMIGII
1892 304 2383 365 LUGDUNENSIS
2419 306 2726 369 EPISCOPI

3618 310 3750 368 1020

493 418 803 482 Iudaeorum
825 420 897 478 sit
934 434 1033 491 pro
1055 425 1163 491 quo
1185 433 1289 476 non
1322 417 1579 476 Dominus
1611 418 1668 474 in
1693 434 1856 476 cruce
1874 434 2065 476 orave—
2095 428 2144 487 Α
2169 420 2421 478 omnibus
2450 420 2653 492 impiis,
2703 421 2869 478 etiam
2915 436 3016 494 pro
3057 437 3167 479 non
3216 424 3567 483 credentibus
3599 437 3661 485 et
3698 429 3749 484 in

494 515 598 580 rit,
628 513 814 568 dicens
839 528 853 566 :
888 529 908 562 ι
938 510 1118 575 Pater,
1145 509 1366 580 ignosce
1406 508 1513 564 illis
1536 548 1555 575 ,
1584 524 1691 563 non
1721 509 1868 565 enim
1893 510 2071 565 sciunt

490 607 623 679 quid
655 605 860 661 faciunt
891 603 1041 677 (Luc.
1077 617 1234 667 XXIII,
1258 601 1377 671 24),
1406 623 1424 656 ο
1453 618 1575 679 cum
1607 613 1793 674 aperte
1827 605 1946 674 ipse
1963 604 2070 661 Do-

489 671 671 755 minus
711 698 856 754 dicat
883 671 952 750 it
989 696 1102 767 Ego
1129 710 1225 766 pro
1263 694 1345 751 eis
1391 671 1555 767 rogo,
1586 711 1693 752 non
1731 711 1831 767 pro
1872 694 2073 751 mundo

488 806 640 863 rogo,
665 789 759 845 sed
784 803 884 859 pro
913 787 998 843 his
1022 802 1159 857 quos
1193 786 1386 843 dedisti
1412 786 1544 842 mihi
1575 787 1862 873 demundo
1883 785 2062 860 (Joan.

486 896 621 948 xvu,
651 879 708 952 9)
737 890 788 934 ι.
821 899 842 935 ι
876 877 985 935 Sed
1022 878 1149 950 quia
1189 878 1354 934 etiam
1400 878 1453 934 in
1494 878 1611 948 ipso
1640 878 1839 935 infideli
1871 877 2068 951 populo

483 980 542 1027 et
574 978 747 1038 sunt,
789 978 846 1026 et
885 968 1106 1026 fuerunt
1155 969 1348 1033 multi,
1402 984 1501 1040 pro
1540 969 1737 1039 quibus
1787 976 1847 1023 ut
1890 985 1922 1023 a
1969 984 2067 1024 suo

482 1077 670 1119 errore
715 1071 1101 1119 convertantur
1142 1072 1195 1117 et
1253 1061 1536 1117 salventur
1587 1059 1801 1115 Domini
1852 1059 2068 1115 miseri-

480 1152 722 1210 corditer
745 1153 950 1216 oravit,
979 1161 1036 1207 et
1075 1151 1219 1223 quod
1247 1151 1425 1208 oravit
1456 1149 1750 1208 efﬁcaciter
1788 1149 2021 1206 obtinuit
2046 1191 2062 1217 ,

478 1225 536 1299 et
566 1241 811 1312 perfecit.
846 1241 913 1296 Et
940 1238 1088 1297 recte
1114 1241 1175 1296 Β.
1202 1242 1391 1297 doctor
1418 1241 1575 1307 dicit,
1597 1240 1742 1296 velut
1768 1241 1867 1297 sub
1899 1240 2064 1296 unius

476 1347 708 1403 persona
737 1331 807 1387 ad
837 1339 1005 1387 totum
1042 1330 1486 1388 illum-infidelem
1525 1331 1776 1402 populum
1809 1330 1925 1405 [qui
1964 1347 2064 1404 pro

476 1432 672 1478 tecum
700 1421 992 1477 cruciﬁxus
1013 1429 1159 1476 esset
1185 1418 1402 1493 oravit],
1437 1419 1573 1488 Quia
1614 1418 1857 1491 profecto
1893 1429 1949 1475 et
1994 1436 2062 1476 ex

476 1512 588 1577 illo,
617 1520 675 1568 et
698 1511 754 1566 in
784 1511 874 1567 illo
904 1511 1101 1583 populo
1126 1520 1181 1567 et
1207 1511 1445 1570 fuerunt.
1492 1519 1545 1565 et
1589 1520 1731 1574 sunt,
1781 1520 1841 1567 et
1880 1518 2063 1577 erunt,

476 1616 578 1671 pro
601 1601 796 1671 quibus
821 1601 1016 1656 oravit.
1064 1600 1190 1657 Hinc
1216 1601 1374 1657 verba
1410 1600 1471 1655 B.
1498 1600 1694 1657 Leonis
1730 1601 1801 1656 ita
1837 1601 2061 1657 omnino

472 1706 599 1748 esse
624 1691 994 1764 intelligenda,
1023 1703 1189 1748 etiam
1223 1694 1337 1764 ipse
1367 1693 1426 1748 in
1449 1692 1569 1749 aliis
1590 1693 1722 1750 locis
1744 1696 2060 1752 earumdem

2169 526 2267 567 sua
2305 511 2580 581 impietate
2618 512 2966 584 pereuntibus
3008 512 3153 570 facta
3195 515 3466 571 credenda
3509 519 3628 572 sit:
3658 518 3750 573 sed

2168 616 2267 671 pro
2292 601 2486 671 quibus
2508 602 2758 659 omnibus
2778 603 2957 674 impiis
2980 602 3266 660 Dominum
3287 615 3563 661 mortuum
3587 608 3750 675 dicat,

2168 699 2224 746 et
2253 691 2383 760 quid
2419 693 2723 763 generalem
2760 693 3181 765 redemptionem
3212 696 3340 751 velit
3368 698 3599 769 intelligi
3649 715 3750 770 pu-

2169 790 2344 839 ιέιωυε
2368 785 2510 854 quod
2542 785 2657 855 ipse
2681 785 2796 841 suis
2818 786 3017 852 verbis,
3045 802 3165 857 quae
3183 788 3346 858 paulo
3374 792 3628 860 superius
3660 807 3753 861 po-

2169 873 2375 930 suimus
2399 875 2685 946 diligenter
2710 884 2964 947 exponat,
2992 878 3177 934 dicens
3203 894 3217 932 :
3253 878 3374 951 [Qui
3406 881 3557 935 enim
3586 897 3748 936 vene-

2166 975 2254 1024 rat
2293 968 2562 1025 universis
2598 970 2941 1026 credentibus
2974 971 3155 1026 omnia
3188 981 3414 1043 peccata
3453 974 3751 1039 dimittere,

2166 1075 2198 1115 a
2237 1062 2477 1133 generali
2509 1062 2839 1134 indulgentia
2878 1079 2980 1120 nec
3027 1063 3307 1121 Iudaicum
3340 1066 3514 1123 voluit
3544 1067 3751 1122 crimen

2164 1150 2497 1225 excludere]
2564 1153 2633 1209 Ut
2664 1168 2787 1209 vere
2824 1169 2925 1225 pro
2958 1155 3064 1210 illis
3095 1157 3348 1213 omnibus
3390 1158 3576 1228 impiis
3605 1175 3755 1214 mors

2165 1240 2377 1295 Domini
2408 1240 2565 1297 fuerit
2593 1241 2852 1312 impensa,
2882 1244 3077 1315 quibus
3110 1245 3377 1301 universis
3401 1247 3751 1303 credentibus

2162 1329 2342 1385 omnia
2376 1340 2596 1401 peccata
2633 1332 2873 1387 dimittit.
2927 1352 2944 1384 ‹
2973 1332 3034 1387 ΕΙ
3069 1333 3373 1405 generalem
3420 1336 3752 1407 redemptio-

2161 1436 2315 1489 nem,
2341 1423 2452 1479 sive
2478 1423 2786 1497 generalem
2818 1423 3202 1497 indulgentiam
3234 1447 3253 1478 ι
3282 1426 3403 1483 ideo
3434 1428 3639 1485 dixisse
3668 1430 3753 1483 in-

2163 1513 2450 1587 telligatur,
2489 1517 2615 1587 quia
2658 1534 2760 1574 nec
2790 1518 3040 1589 populum
3086 1518 3392 1587 Iudaicum,
3435 1536 3539 1578 nec
3581 1522 3753 1577 ullum

2160 1620 2330 1676 genus
2380 1607 2656 1662 hominum
2687 1610 2755 1664 ab
2795 1609 2883 1664 illa
2924 1611 3320 1680 redemptione,
3372 1622 3429 1668 et
3460 1613 3745 1685 indulgen-

2162 1697 2234 1754 tia
2258 1698 2563 1775 inveniatur
2586 1700 2881 1756 exclusum.
2936 1701 3042 1757 Sed
3063 1702 3116 1757 in
3141 1702 3246 1759 illis
3271 1704 3475 1771 verbis,
3504 1721 3608 1776 pro
3632 1706 3752 1775 qui-

470 1799 782 1840 sermonum
810 1785 877 1840 ad
900 1785 1154 1856 pooulnm
1183 1794 1289 1841 tam
1316 1786 1462 1843 clare
1488 1788 1728 1857 exponit,
1778 1796 1840 1843 ut
1877 1789 1943 1845 de
1972 1789 2058 1846 his
2088 1778 2133 1838 Β
2159 1786 2261 1842 bus
2303 1790 2636 1858 exponendis
2686 1791 2789 1846 ista
2839 1790 3236 1863 replicavimus,
3284 1794 3416 1850 illud
3464 1797 3748 1853 evidenter

472 1873 679 1930 nemini
724 1875 1076 1930 dubitandum
1123 1876 1213 1932 sit.
1268 1875 1446 1949 [Sicut
1489 1877 1632 1932 enim
1675 1878 1906 1947 quodam
1939 1877 2063 1936 loco

471 1964 551 2020 ait
578 1982 593 2019 :
624 1965 882 2022 Dominus
910 1975 1094 2023 noster
1120 1967 1196 2023 ita
1224 1967 1460 2023 humano
1499 1968 1684 2039 generi
1731 1985 1826 2025 sua
1880 1979 2057 2027 morte

471 2055 705 2111 consulit
726 2095 743 2123 ,
788 2064 851 2112 ut
887 2068 1284 2114 sacramentum
1313 2059 1501 2116 salutis
1526 2062 1688 2116 etiam
1715 2061 1846 2132 ipsis
1871 2076 2057 2132 perse-

473 2143 754 2201 cutoribus
781 2161 890 2203 non
917 2156 1182 2219 negaret;
1227 2148 1322 2219 qui
1362 2149 1513 2205 enim
1539 2159 1758 2207 venerat
1787 2151 2054 2209 universis

467 2236 815 2295 credentibus
840 2240 1022 2295 omnia
1047 2247 1265 2310 peccata
1291 2240 1564 2298 dimittere
1582 2281 1598 2307 ,
1628 2257 1662 2297 a
1686 2243 1926 2315 generali
1970 2244 2053 2301 in-

469 2327 743 2400 dulgentia
781 2343 885 2386 nec
921 2328 1204 2387 Iudaicum
1248 2331 1419 2388 voluit
1465 2332 1670 2390 crimen
1719 2334 2057 2411 excludere}

463 2416 601 2474 [tem
623 2418 751 2476 alibi
777 2421 844 2476 de
871 2420 1058 2478 eodem
1082 2422 1310 2479 Domino
1331 2432 1520 2481 nostro
1542 2425 1769 2497 loquens
1793 2444 1809 2483 :
1838 2426 2047 2501 [Cujus,

462 2508 660 2580 inquit,
697 2510 862 2566 etiam
891 2512 1034 2569 circa
1062 2512 1437 2571 interfectores
1463 2531 1591 2573 suos
1617 2525 1765 2574 tanta
1793 2528 1913 2574 erat
1936 2522 2053 2592 pie-

462 2600 592 2655 tatis
627 2599 856 2667 affectio,
888 2610 949 2656 ut
996 2602 1062 2658 de
1098 2618 1260 2659 cruce
1303 2604 1609 2675 supplicans
1643 2610 1785 2678 patri
1832 2625 1939 2665 non
1990 2625 2052 2668 se

461 2691 750 2757 vindicari,
777 2693 872 2747 sed
902 2692 1008 2749 illis
1033 2694 1331 2764 postularet
1358 2695 1600 2766 ignosci,
1631 2698 1818 2756 dicens
1844 2718 1858 2756 :
1891 2720 1908 2753 α
1937 2700 2045 2756 Pa-

462 2788 568 2847 ter,
598 2780 805 2836 dimitte
835 2782 963 2848 illis,
987 2799 1093 2840 non
1121 2784 1263 2841 enim
1298 2786 1476 2842 sciunt
1499 2788 1630 2859 quid
1657 2789 1878 2847 faciunt.
1910 2813 1929 2847 ι
1969 2793 2048 2850 De

458 2867 616 2939 cujus
638 2871 823 2940 utique
869 2872 1131 2930 orationis
1170 2877 1409 2946 potentia
1455 2876 1579 2945 fuit,
1624 2886 1685 2934 ut
1729 2882 2045 2951 praedicatio

459 2957 687 3029 apostoli
728 2959 876 3015 Petri
918 2976 988 3017 ex
1034 2962 1119 3018 his
1157 2964 1248 3035 qui
1284 2965 1576 3023 dixerunt:
1615 2987 1634 3021 ι
1666 2967 1897 3047 Sanguis
1928 2971 2045 3042 ejus

456 3064 622 3119 super
648 3065 770 3118 nos,
793 3060 848 3107 et
877 3068 1041 3124 super
1065 3053 1203 3111 filios
1230 3065 1446 3113 nostros
1465 3077 1482 3111 ο
1511 3059 1804 3118 multorum
1833 3063 1899 3119 ad
1930 3080 2045 3136 pte-

2156 1878 2477 1944 ostenditur,
2493 1880 2634 1950 quod
2653 1900 2670 1931 (
2689 1882 2932 1952 proditor
2952 1881 3117 1939 Iudas
3136 1904 3155 1935 ι
3180 1885 3486 1941 nullatenus
3499 1888 3569 1943 ad
3586 1886 3745 1943 Chri-

2155 1966 2229 2022 sti
2254 1966 2678 2039 redemptionem
2722 1972 2993 2042 pertineat
3024 1992 3036 2027 :
3065 1972 3175 2029 Nec
3216 1977 3455 2045 potuerit
3484 1977 3745 2048 consequi

2154 2060 2476 2128 remedium,
2507 2064 2762 2133 quoniam
2798 2063 3076 2120 festinavit
3119 2067 3186 2123 ad
3230 2067 3507 2139 laqueum,
3538 2078 3598 2124 et
3626 2069 3745 2124 ideo

2153 2148 2232 2204 illi
2264 2151 2447 2221 passio
2478 2152 2680 2209 Christi
2706 2154 2837 2209 nihil
2868 2154 3095 2226 profuit,
3121 2157 3246 2227 quia
3277 2157 3332 2212 in
3366 2174 3559 2214 eorum
3588 2160 3740 2214 dam-

2151 2245 2427 2302 nationem
2454 2248 2685 2314 transiit,
2711 2248 2802 2319 qui
2822 2249 2960 2319 apud
2983 2248 3183 2306 inferos
3199 2251 3311 2322 jam
3333 2253 3509 2322 puniti
3535 2252 3745 2307 redem-

2149 2338 2353 2408 ptionis
2376 2338 2667 2396 Dominica:
2692 2341 2984 2412 participes
3024 2358 3145 2399 esse
3190 2360 3295 2399 non
3339 2354 3622 2416 poterant.
3674 2346 3742 2403 Et

2151 2435 2355 2497 tamen,
2391 2430 2535 2486 velut
2572 2431 2640 2487 ad
2681 2433 2856 2505 ipsum
2885 2433 3171 2502 infelicem,
3209 2444 3265 2492 et
3296 2437 3578 2507 perditum
3631 2438 3738 2493 alio

2149 2516 2272 2576 loco
2297 2519 2372 2574 ita
2399 2519 2730 2591 increpando
2760 2521 3021 2594 loquitur,
3064 2526 3252 2581 dicens
3278 2543 3293 2581 :
3320 2527 3747 2600 Redemptorem

2148 2607 2314 2662 etiam
2350 2616 2522 2677 tuum,
2554 2626 2621 2667 ne
2653 2611 2750 2667 tibi
2788 2622 3039 2684 parceret
3096 2616 3407 2673 vendidisti.
3470 2618 3594 2673 Non
3618 2621 3741 2689 quia

2145 2706 2201 2754 et
2230 2699 2407 2771 ipsum
2453 2702 2703 2770 redemit,
2735 2719 2896 2774 quem
2933 2705 3047 2775 jam
3077 2708 3323 2778 superius
3361 2709 3504 2765 idem
3540 2710 3740 2766 Doctor

2145 2792 2215 2849 ad
2246 2794 2667 2865 redemptionem
2697 2799 2979 2868 pervenire
3001 2816 3106 2855 non
3129 2801 3366 2872 potuisse
3389 2803 3736 2858 monstravit.

2144 2881 2256 2939 Nec
2284 2886 2428 2955 quod
2453 2884 2781 2958 Redemptor
2813 2888 2955 2946 illius
2985 2890 3360 2965 intelligendus
3400 2893 3497 2959 sit,
3547 2895 3643 2963 qui
3683 2895 3738 2949 in

2145 2990 2243 3030 sua
2276 2976 2553 3047 impietate
2578 2982 2873 3050 permansit
2906 3023 2921 3049 ,
2949 2993 3003 3038 et
3030 2985 3209 3053 periit,
3241 2986 3335 3040 sed
3361 2987 3492 3055 quia
3547 2987 3605 3041 in
3651 2988 3739 3042 illa

2144 3061 2383 3138 generali
2428 3070 2795 3140 redemptione
2836 3073 3103 3142 passionis
3145 3075 3343 3130 Christi
3384 3078 3657 3146 potuisset
3683 3088 3739 3133 et

460 3139 741 3197 nitentiam
765 3145 928 3200 corda
951 3155 1321 3215 converteret,
1351 3160 1406 3205 et
1435 3166 1541 3205 una
1577 3153 1662 3209 die
1698 3153 2042 3226 baptizaren-
2070 3146 2115 3210 C
2148 3156 2266 3226 ipse
2314 3155 2543 3215 fortasse
2575 3139 2830 3232 consequi
2860 3164 3181 3230 remedium,
3212 3166 3257 3221 si
3286 3182 3391 3221 non
3422 3167 3738 3224 festinasset

461 3238 551 3285 tur
577 3232 679 3286 tria
700 3231 816 3289 fere
851 3234 1015 3291 millia
1051 3233 1358 3292 Judaeorum
1388 3255 1402 3306 ;
1439 3239 1696 3312 fieretque
1746 3262 1765 3295 ‹
1799 3247 2040 3302 οιιιηίιιηι

461 3332 567 3373 una
595 3321 797 3387 anima,
842 3331 897 3378 et
940 3339 1036 3380 cor
1063 3341 1228 3381 unum
1271 3337 1581 3397 paraturum
1607 3346 1706 3403 pro
1736 3349 1799 3390 eo
1828 3337 1990 3404 mori,
2015 3356 2036 3392 ι

456 3421 617 3478 quem
655 3422 1012 3481 poposcerant
1041 3415 1330 3491 cruciﬁgi.]

528 3495 653 3553 Hzec
673 3498 739 3553 de
757 3502 1095 3571 expositione
1118 3506 1455 3577 superiorum
1485 3509 1772 3570 verborum
1807 3529 1874 3571 ex
1910 3516 2041 3587 ipsis

455 3584 598 3641 beati
629 3586 825 3645 Leonis
854 3591 1032 3648 verbis
1055 3596 1354 3664 posuimus,
1396 3600 1487 3671 qui
1530 3601 1615 3657 his
1662 3603 1820 3660 dictis
1864 3584 2041 3662 conti-

454 3691 563 3732 nuo
611 3679 907 3753 subjungit,
951 3682 1139 3745 dicens
1170 3704 1182 3741 :
1214 3687 1297 3743 Ad
1336 3689 1476 3745 hanc
1510 3691 1893 3765 indulgentiam
1925 3706 2038 3753 tra-

452 3769 597 3863 ditor
620 3769 784 3863 Judas
811 3778 1096 3845 pervenire
1132 3796 1238 3836 non
1282 3784 1494 3852 potuit:
1522 3784 1813 3859 [Quoniam
1859 3793 2036 3863 perdi-

454 3860 619 3916 tionis
659 3862 820 3933 ﬁlius,
852 3866 940 3922 cui
967 3870 1213 3929 diabolus
1236 3874 1416 3931 stabat
1441 3892 1472 3931 a
1503 3878 1743 3946 dextris,
1783 3860 1934 3953 prius
1978 3885 2035 3942 in

451 3949 884 4019 desperationem
907 3960 1143 4028 transiit,
1165 3979 1327 4034 quam
1346 3978 1744 4027 sacramentum
1762 3949 2034 4044 generalis

452 4039 838 4111 redemptionis
880 4046 1129 4106 Christus
1180 4053 1630 4124 impleret.‘Nam
1680 4039 1895 4122 mortuo
1933 4083 2032 4137 pro

449 4129 633 4200 impiis
671 4135 920 4193 omnibus
954 4138 1211 4208 Domino,
1251 4147 1514 4213 potuisset
1560 4148 1699 4206 forte
1743 4155 1906 4209 etiam
1933 4129 2032 4214 hic

448 4223 705 4293 consequi
731 4227 1044 4293 remedium,
1083 4231 1127 4286 si
1158 4248 1261 4288 non
1293 4233 1605 4296 festinasset
1636 4243 1703 4297 ad
1730 4243 2029 4321 laqueum]

445 4309 506 4365 In
536 4313 731 4381 quibus
752 4315 931 4373 verbis
965 4328 1140 4388 potest
1184 4323 1380 4396 aliquis
1424 4328 1606 4384 minus
1655 4309 2024 4405 considerans:

442 4410 500 4457 et
531 4405 710 4463 minus
732 4408 1033 4481 intelligens
1060 4414 1133 4470 ita
1159 4416 1492 4491 existimare,
1541 4432 1597 4478 ut
1630 4427 1774 4495 quod
1822 4428 2025 4484 dictum

2147 3246 2215 3300 ad
2244 3246 2495 3318 laqueum
2522 3259 2575 3306 et
2596 3252 2717 3308 ideo
2739 3254 2818 3309 sic
2852 3255 2901 3309 ei
2927 3255 3055 3310 dicit
3089 3275 3102 3309 :
3132 3256 3552 3329 Redemptorem
3573 3263 3737 3317 etiam

2147 3344 2297 3393 tuum
2326 3341 2612 3398 vendidisti
2645 3385 2659 3411 ,
2688 3345 2812 3414 quia
2842 3361 2967 3400 vere
2997 3348 3161 3403 etiam
3201 3349 3364 3418 ipsius
3405 3351 3737 3425 Redemptor

2146 3427 2323 3498 ﬂeret,
2351 3432 2397 3486 si
2428 3434 2497 3488 ab
2547 3450 2614 3490 eo
2634 3439 2795 3490 etiam
2823 3447 2947 3507 post
2971 3447 3178 3495 tantum
3211 3453 3422 3498 reatum
3448 3446 3538 3516 pie
3583 3455 3639 3501 et
3675 3446 3735 3501 ﬁ-

2145 3519 2338 3575 deliter
2370 3522 2758 3595 indulgentiam
2795 3540 3057 3598 posceret.
3109 3531 3279 3588 Nimis
3308 3538 3536 3591 omnino
3573 3538 3732 3608 proli-

2143 3626 2271 3667 xum
2303 3623 2410 3681 est,
2432 3616 2568 3671 etin
2601 3619 2810 3675 ratione
2837 3621 2957 3677 fidei
3003 3626 3313 3682 exercitatis
3364 3628 3593 3687 minime
3635 3646 3729 3687 ne-

2140 3706 2463 3775 cessarium,
2487 3718 2545 3764 ut
2568 3712 2634 3767 de
2661 3713 2883 3784 singulis
2907 3716 3064 3788 hujus
3086 3718 3228 3774 beati
3252 3721 3496 3777 doctoris
3517 3733 3733 3780 senten-

2140 3794 2251 3862 tiis,
2285 3797 2376 3853 ubi
2402 3798 2578 3869 aliqua
2604 3801 2869 3873 ejusmodi
2904 3807 3119 3862 occasio
3147 3823 3266 3865 esse
3289 3819 3492 3881 potest,
3513 3815 3656 3870 sicut
3677 3816 3737 3870 in

2139 3886 2261 3942 istis
2285 3888 2629 3958 paucissimis
2658 3890 2860 3947 factum
2890 3903 2997 3961 est,
3039 3896 3323 3966 diligenter
3351 3904 3536 3958 omnia
3557 3918 3728 3974 espo-

2136 3988 2357 4034 nantur.
2398 3979 2529 4035 Illud
2553 3990 2759 4037 tantum
2785 3986 3043 4042 attentius
3063 3987 3274 4044 videtur
3293 4005 3418 4047 esse
3445 4008 3727 4050 commen-

2136 4067 2395 4134 dandum,
2442 4071 2586 4140 quod
2636 4072 2728 4128 ubi
2773 4076 3063 4145 «generale
3102 4079 3592 4152 chirographum,»
3643 4086 3729 4141 vel

2139 4158 2487 4229 «generalem
2525 4162 2851 4231 pactionem,
2883 4184 2904 4218 ι
2945 4167 3059 4221 sive
3102 4170 3409 4226 cautionem
3455 4185 3724 4230 memorat

2132 4248 2401 4317 generalis
2428 4251 2706 4309 damnatio
2743 4255 2909 4311 totius
2947 4256 3166 4313 humani
3200 4261 3436 4331 generis,
3471 4278 3598 4334 qua:
3636 4265 3719 4320 in-

2131 4341 2381 4396 troducta
2407 4352 2490 4398 est
2515 4359 2611 4414 per
2635 4345 2829 4414 Adam,
2859 4348 3199 4420 intelligenda
3226 4352 3334 4407 sit:
3360 4362 3416 4409 et
3445 4356 3543 4409 ubi
3587 4375 3607 4408 σ
3633 4371 3721 4429 ge—

2131 4436 2373 4491 neralem
2415 4439 2862 4512 redemptionem,
2891 4462 2910 4496 i
2941 4443 3024 4499 vel
3056 4462 3075 4495 ι
3104 4447 3412 4517 generalem
3431 4448 3718 4522 indulgen-

441 4503 528 4549 est
552 4510 950 4602 sacramentum
973 4506 1239 4575 generalis
1265 4510 1671 4582 redemptionis,
1715 4526 1771 4573 et
1810 4529 2021 4576 mortuo
2048 4516 2101 4576 D
2128 4525 2257 4581 tiam
2287 4547 2306 4580 ι
2358 4530 2533 4599 ponit,
2594 4503 2618 4583 ἶ
2650 4503 2871 4603 propter
2924 4503 3164 4591 omnium
3224 4538 3531 4606 hominum,
3562 4503 3619 4592 lg
3637 4542 3721 4597 vel

440 4600 542 4654 pro
570 4590 818 4647 omnibus
841 4592 1029 4678 impiis
1052 4596 1297 4667 Domino,
1346 4600 1419 4655 ita
1451 4604 1621 4674 accipi
1656 4607 1827 4676 possit
1862 4610 2021 4678 quasi

439 4683 497 4731 et
524 4675 609 4732 illa
635 4683 903 4752 generalis
925 4673 1243 4761 redemptio,
1283 4696 1338 4747 et
1375 4691 1465 4747 illa
1494 4673 1638 4752 mors
1657 4673 1895 4755 Domini
1924 4716 2022 4771 pro

2127 4619 2370 4675 omnium
2419 4623 2696 4678 nationum
2753 4641 2775 4676 ι
2805 4640 3015 4698 genus»
3076 4628 3279 4684 dictum
3334 4633 3715 4705 accipiendum

2128 4708 2218 4764 sit.
2268 4710 2336 4765 Et
2361 4712 2452 4768 ubi
2485 4732 2503 4764 ι
2533 4728 2633 4783 pro
2650 4716 2903 4775 omnibus
2928 4719 3108 4789 impiis
3127 4740 3147 4773 ι
3171 4719 3460 4780 Dominum
3484 4738 3715 4784 mortem

1382 4825 1590 4883 ΝΟΤέΕ
1629 4829 1952 4890 DUVALLII
1991 4836 2333 4898 DOCTORIS
2369 4842 2747 4906 SORBONle.

509 4942 536 4971 ι
573 4928 688 4986 Non
725 4931 903 4990 minus
936 4945 1093 4992 caute
1129 4937 1233 4994 ista
1266 4939 1488 5011 legenda
1523 4951 1677 5010 sunt;
1711 4944 1843 5001 dicit
1870 4947 2015 5004 enim

435 4998 608 5085 Deum
637 5016 742 5056 non
774 5017 958 5085 orasse
982 5022 1081 5085 pro
1105 4998 1358 5085 omnibus
1390 5013 1523 5085 suis
1543 4998 2016 5085 persecutoribus,

436 5079 624 5138 utpote
657 5086 754 5140 pro
782 5072 885 5128 illis
924 5072 1016 5145 qui
1059 5078 1113 5132 in
1153 5082 1333 5136 cordis
1373 5083 1456 5137 sui
1495 5072 1694 5139 duritia
1732 5072 2017 5145 obfirmate

434 5147 594 5227 erant
621 5147 1035 5227 perseveratum.
1199 5151 1277 5227 _ab
1306 5151 1596 5209 Hincmaro
1616 5156 1685 5227 ad
1705 5154 1944 5213 Nicolam
1970 5158 2015 5227 1,

435 5209 579 5299 inter
613 5224 826 5299 errores
853 5212 1212 5299 Gotteschalci
1243 5233 1572 5299 recensetur,
1616 5209 2013 5299 simini};

432 5278 677 5358 fellitur;
713 5289 825 5337 tum
849 5286 996 5354 quia,
1030 5288 1221 5358 inquit,
1255 5290 1355 5345 fuit
1379 5303 1533 5349 vetus
1556 5278 2016 5356 ἷξε-ἶ·δῖβῖὦᾶθὲἶί-

332 5353 355 5371 ‘
432 5350 816 5434 patiano’rutn,‘
856 5350 989 5434 tum
1017 5350 1144 5429 quia
1273 5360 1390 5430 ejus
1415 5350 2016 5434 persecutori—busvdiix‘i—t

432 5420 627 5506 Petrus
648 5421 737 5493 (ll,
760 5426 821 5495 ll)
848 5443 863 5506 ξ
889 5420 1158 5506 Negantes
1184 5420 1470 5506 Dominum
1500 5420 1593 5506 qui
1624 5420 1718 5494 eos
1731 5420 1911 5495 emit:
1915 5420 2021 5497 ve:

434 5509 555 5581 rum
592 5492 713 5581 haec
754 5492 918 5581 verba
942 5492 1336 5581 «I‘Lugdunensis
1381 5492 1643 5581 Ecclesim
1670 5492 2017 5581 intelligenda

433 5572 563 5652 sapt
586 5565 1222 5652 secundum‘eﬂicatciam,
1254 5581 1316 5652 ut
1338 5585 1469 5632 ante
1490 5578 1747 5652 diximus,
1780 5565 2017 5652 illudque

433 5633 1111 5710 infraaperte‘subjungit.
1156 5633 1311 5709 Quod
1358 5633 1557 5702 autem
1585 5633 1675 5704 illa
1700 5633 2015 5710 'drinﬁié

430 5704 681 5763 omnibus
706 5704 928 5779 emissa,
961 5704 1069 5767 no'n
1103 5704 1267 5769 fuerit
1295 5730 1421 5785 erga
1456 5734 1642 5779 omnes
1664 5704 2012 5781 sortitaveffe;

2125 4959 2460 5046 ςιιίιιιιέεἱιιίιιίιΔ
2478 4961 2544 5017 de
2570 4962 2770 5046 virtute
2788 4965 3063 5046 orationis
3074 4967 3279 5026 Christi
3296 4972 3556 5046 detrahit,
3586 4977 3710 5046 quia

2124 5034 2187 5104 ut
2210 5028 2530 5104 obﬁrmatos
2557 5034 2903 5104 respiciebat,
2933 5039 3211 5094 oriebatur
3229 5057 3259 5095 a
3285 5028 3565 5101 voluntate
3584 5028 3707 5102 Em}:

2125 5094 2386 5180 ditionata
2408 5111 2462 5157 et
2487 5094 2847 5180 antecedenti,
2872 5094 3017 5178 quod
3040 5094 3255 5166 scilicet
3269 5094 3707 5180 digessi-ie};

2125 5166 2284 5224 vellet
2308 5185 2402 5226 eos
2427 5174 2684 5242 experiri,
2714 5166 3004 5234 dummodo
3031 5180 3100 5234 ab
3126 5166 3707 5242 obfirmatione—a

2122 5246 2267 5316 rent,
2286 5248 2347 5295 ut
2358 5256 2495 5316 _v_er_o
2515 5244 2719 5316 electos
2742 5255 2797 5302 et
2818 5250 3225 5316 convertendos,
3252 5267 3283 5306 a
3309 5246 3592 5310 voluntate
3614 5255 3709 5311 ab-

2131 5307 2327 5364 soluta.
2358 5312 2472 5368 Nisi
2509 5314 2764 5371 malueris
2800 5316 2983 5374 dicere
3019 5307 3318 5378 orationem
3349 5307 3708 5382 illamﬁfuisse

2122 5392 2227 5459 pro
2249 5383 2499 5459 omnibus
2520 5385 2850 5459 absolutam,
2881 5390 3030 5459 quia,
3067 5391 3195 5447 licet
3231 5392 3298 5447 de
3334 5392 3482 5450 facto
3514 5411 3707 5453 omnes

2122 5451 2479 5522 resipuerint,
2520 5451 3031 5515 habuerunt'ta'men
3062 5461 3208 5518 illius
3232 5463 3500 5521 beneficio
3529 5451 3704 5522 media

2121 5519 2191 5599 ad
2216 5519 2781 5599 salutenrénecessaria
2806 5538 2862 5584 et
2887 5529 3205 5587 sufﬁcientia
3224 5573 3240 5599 ,
3276 5535 3420 5599 quod
3448 5519 3707 5591 ad

2121 5549 2191 5575 au
2216 5549 2445 5578 salutem
2472 5549 2779 5582 necessaria
2806 5549 2862 5584 et
2887 5549 3205 5587 suuucrenua
3224 5573 3240 5599 ,
3316 5549 3420 5590 non
3448 5549 3520 5591 ao
3548 5549 3702 5591 auso-

2118 5589 2288 5646 lutam
2312 5602 2368 5648 et
2391 5593 3031 5677 emcacem_volnntatem
3057 5612 3141 5660 sat
3161 5549 3439 5677 esulege
3462 5605 3526 5663 D.
3560 5605 3702 5663 Tho-

2118 5677 2283 5733 mam,
2309 5666 2606 5738 quaeSIione
2627 5666 2689 5724 21
2722 5684 2739 5724 ι
2766 5670 2957 5741 partis.
