  <div class='ocr_page' id='page_1' title='image "/cluster/home/n/w/nwhite01/storage/ocr_20150623/121/hvd.32044015471642/517.png"; bbox 0 0 3966 6334; ppageno 0'>
   <div class='ocr_carea' id='block_1_1' title="bbox 428 350 565 409">
    <p class='ocr_par' dir='ltr' id='par_1_1' title="bbox 428 350 565 409">
     <span class='ocr_line' id='line_1_1' title="bbox 428 350 565 409; baseline 0.015 -2"><span class='ocrx_word' id='word_1_1' title='bbox 428 350 565 409; x_wconf 70' lang='grc'><strong>1023</strong></span> 
     </span>
    </p>
   </div>
   <div class='ocr_carea' id='block_1_2' title="bbox 1418 343 2640 403">
    <p class='ocr_par' dir='ltr' id='par_1_2' title="bbox 1418 343 2640 403">
     <span class='ocr_line' id='line_1_2' title="bbox 1418 343 2640 403; baseline -0.001 -1"><span class='ocrx_word' id='word_1_2' title='bbox 1418 345 1477 402; x_wconf 89' lang='lat' dir='ltr'><strong>S.</strong></span> <span class='ocrx_word' id='word_1_3' title='bbox 1518 343 1776 401; x_wconf 77' lang='lat' dir='ltr'><strong>REMICII</strong></span> <span class='ocrx_word' id='word_1_4' title='bbox 1811 343 2296 402; x_wconf 79' lang='lat' dir='ltr'><strong>LUGDUNENSIS</strong></span> <span class='ocrx_word' id='word_1_5' title='bbox 2333 345 2640 403; x_wconf 82' lang='lat' dir='ltr'><strong>EPlSCOPl</strong></span> 
     </span>
    </p>
   </div>
   <div class='ocr_carea' id='block_1_3' title="bbox 3558 349 3694 410">
    <p class='ocr_par' dir='ltr' id='par_1_3' title="bbox 3558 349 3694 410">
     <span class='ocr_line' id='line_1_3' title="bbox 3558 349 3694 410; baseline 0.029 -3"><span class='ocrx_word' id='word_1_6' title='bbox 3558 349 3694 410; x_wconf 67' lang='grc' dir='ltr'>ιωι</span> 
     </span>
    </p>
   </div>
   <div class='ocr_carea' id='block_1_4' title="bbox 426 454 3693 532">
    <p class='ocr_par' dir='ltr' id='par_1_4' title="bbox 426 454 3693 532">
     <span class='ocr_line' id='line_1_4' title="bbox 426 454 3693 532; baseline 0 -9"><span class='ocrx_word' id='word_1_7' title='bbox 426 467 507 523; x_wconf 89' lang='lat' dir='ltr'><strong>uti</strong></span> <span class='ocrx_word' id='word_1_8' title='bbox 527 465 773 532; x_wconf 83' lang='lat' dir='ltr'><strong>arbitrio,</strong></span> <span class='ocrx_word' id='word_1_9' title='bbox 806 463 902 520; x_wconf 83' lang='lat' dir='ltr'><strong>sed</strong></span> <span class='ocrx_word' id='word_1_10' title='bbox 954 470 1159 519; x_wconf 89' lang='lat' dir='ltr'><strong>tantum</strong></span> <span class='ocrx_word' id='word_1_11' title='bbox 1211 460 1278 516; x_wconf 89' lang='lat' dir='ltr'><strong>ad</strong></span> <span class='ocrx_word' id='word_1_12' title='bbox 1303 460 1440 517; x_wconf 90' lang='lat' dir='ltr'><strong>male</strong></span> <span class='ocrx_word' id='word_1_13' title='bbox 1470 459 1734 531; x_wconf 81' lang='lat' dir='ltr'><strong>agendum</strong></span> <span class='ocrx_word' id='word_1_14' title='bbox 1768 477 1780 514; x_wconf 93' lang='lat'><strong>:</strong></span> <span class='ocrx_word' id='word_1_15' title='bbox 1822 477 1842 512; x_wconf 81' lang='grc' dir='ltr'><strong>ι</strong></span> <span class='ocrx_word' id='word_1_16' title='bbox 1877 466 2000 513; x_wconf 89' lang='lat' dir='ltr'><strong>tan-</strong></span> <span class='ocrx_word' id='word_1_17' title='bbox 2028 462 2078 523; x_wconf 82' lang='grc' dir='ltr'><strong>Α</strong></span> <span class='ocrx_word' id='word_1_18' title='bbox 2102 460 2456 515; x_wconf 90' lang='lat' dir='ltr'><strong>resuscitetur</strong></span> <span class='ocrx_word' id='word_1_19' title='bbox 2486 468 2542 516; x_wconf 90' lang='lat' dir='ltr'><strong>et</strong></span> <span class='ocrx_word' id='word_1_20' title='bbox 2597 454 2920 526; x_wconf 86' lang='lat' dir='ltr'><strong>viviticetur,</strong></span> <span class='ocrx_word' id='word_1_21' title='bbox 2972 461 3064 532; x_wconf 98' lang='lat' dir='ltr'><strong>qui</strong></span> <span class='ocrx_word' id='word_1_22' title='bbox 3114 460 3243 517; x_wconf 89' lang='lat' dir='ltr'><strong>dicit</strong></span> <span class='ocrx_word' id='word_1_23' title='bbox 3285 480 3298 516; x_wconf 92' lang='lat'><strong>:</strong></span> <span class='ocrx_word' id='word_1_24' title='bbox 3361 481 3382 513; x_wconf 84' lang='grc'><strong>‹</strong></span> <span class='ocrx_word' id='word_1_25' title='bbox 3419 462 3693 532; x_wconf 74' lang='lat' dir='ltr'><strong>Quoniam</strong></span> 
     </span>
    </p>
   </div>
   <div class='ocr_carea' id='block_1_5' title="bbox 427 548 2003 629">
    <p class='ocr_par' dir='ltr' id='par_1_5' title="bbox 427 548 2003 629">
     <span class='ocr_line' id='line_1_5' title="bbox 427 548 2003 629; baseline -0.005 -16"><span class='ocrx_word' id='word_1_26' title='bbox 427 572 592 629; x_wconf 86' lang='lat' dir='ltr'><strong>quam</strong></span> <span class='ocrx_word' id='word_1_27' title='bbox 619 555 675 610; x_wconf 88' lang='lat' dir='ltr'><strong>in</strong></span> <span class='ocrx_word' id='word_1_28' title='bbox 703 554 857 610; x_wconf 86' lang='lat' dir='ltr'><strong>nobis</strong></span> <span class='ocrx_word' id='word_1_29' title='bbox 885 568 993 609; x_wconf 91' lang='lat' dir='ltr'><strong>non</strong></span> <span class='ocrx_word' id='word_1_30' title='bbox 1031 554 1102 608; x_wconf 95' lang='lat' dir='ltr'><strong>sit</strong></span> <span class='ocrx_word' id='word_1_31' title='bbox 1151 551 1382 606; x_wconf 90' lang='lat' dir='ltr'><strong>liberum</strong></span> <span class='ocrx_word' id='word_1_32' title='bbox 1438 549 1743 614; x_wconf 77' lang='lat' dir='ltr'><strong>arbitrium,</strong></span> <span class='ocrx_word' id='word_1_33' title='bbox 1790 548 1898 605; x_wconf 90' lang='lat' dir='ltr'><strong>nisi</strong></span> <span class='ocrx_word' id='word_1_34' title='bbox 1935 550 2003 605; x_wconf 91' lang='lat' dir='ltr'><strong>ad</strong></span> 
     </span>
    </p>
   </div>
   <div class='ocr_carea' id='block_1_6' title="bbox 430 632 2006 716">
    <p class='ocr_par' dir='ltr' id='par_1_6' title="bbox 430 632 2006 716">
     <span class='ocr_line' id='line_1_6' title="bbox 430 632 2006 716; baseline -0.006 -10"><span class='ocrx_word' id='word_1_35' title='bbox 430 650 629 706; x_wconf 85' lang='lat' dir='ltr'><strong>malum</strong></span> <span class='ocrx_word' id='word_1_36' title='bbox 652 632 679 702; x_wconf 74' lang='grc' dir='ltr'><strong>ἐ</strong></span> <span class='ocrx_word' id='word_1_37' title='bbox 707 633 795 702; x_wconf 63' lang='grc' dir='ltr'><strong>’διὰ</strong></span> <span class='ocrx_word' id='word_1_38' title='bbox 843 648 1041 703; x_wconf 89' lang='lat' dir='ltr'><strong>bonum</strong></span> <span class='ocrx_word' id='word_1_39' title='bbox 1086 654 1264 701; x_wconf 87' lang='lat' dir='ltr'><strong>autem</strong></span> <span class='ocrx_word' id='word_1_40' title='bbox 1294 644 1406 700; x_wconf 90' lang='lat' dir='ltr'><strong>sola</strong></span> <span class='ocrx_word' id='word_1_41' title='bbox 1440 646 1494 699; x_wconf 91' lang='lat' dir='ltr'><strong>in</strong></span> <span class='ocrx_word' id='word_1_42' title='bbox 1519 642 1676 700; x_wconf 88' lang='lat' dir='ltr'><strong>nobis</strong></span> <span class='ocrx_word' id='word_1_43' title='bbox 1699 644 1792 700; x_wconf 89' lang='lat' dir='ltr'><strong>Dei</strong></span> <span class='ocrx_word' id='word_1_44' title='bbox 1831 643 2006 716; x_wconf 81' lang='lat' dir='ltr'><strong>gratia</strong></span> 
     </span>
    </p>
   </div>
   <div class='ocr_carea' id='block_1_7' title="bbox 430 736 2013 811">
    <p class='ocr_par' dir='ltr' id='par_1_7' title="bbox 430 736 2013 811">
     <span class='ocr_line' id='line_1_7' title="bbox 430 736 2013 811; baseline -0.004 -13"><span class='ocrx_word' id='word_1_45' title='bbox 430 742 636 811; x_wconf 83' lang='lat' dir='ltr'><strong>absque</strong></span> <span class='ocrx_word' id='word_1_46' title='bbox 664 739 834 795; x_wconf 87' lang='lat' dir='ltr'><strong>libero</strong></span> <span class='ocrx_word' id='word_1_47' title='bbox 872 738 1099 795; x_wconf 87' lang='lat' dir='ltr'><strong>arbitrio</strong></span> <span class='ocrx_word' id='word_1_48' title='bbox 1123 747 1395 808; x_wconf 83' lang='lat' dir='ltr'><strong>operetur.</strong></span> <span class='ocrx_word' id='word_1_49' title='bbox 1422 736 1480 793; x_wconf 89' lang='lat' dir='ltr'><strong>Si</strong></span> <span class='ocrx_word' id='word_1_50' title='bbox 1503 737 1649 793; x_wconf 91' lang='lat' dir='ltr'><strong>enim</strong></span> <span class='ocrx_word' id='word_1_51' title='bbox 1673 736 1899 793; x_wconf 79' lang='lat' dir='ltr'><strong>dixisset</strong></span> <span class='ocrx_word' id='word_1_52' title='bbox 1922 752 2013 809; x_wconf 81' lang='lat' dir='ltr'><strong>ge-</strong></span> 
     </span>
    </p>
   </div>
   <div class='ocr_carea' id='block_1_8' title="bbox 432 831 2012 891">
    <p class='ocr_par' dir='ltr' id='par_1_8' title="bbox 432 831 2012 891">
     <span class='ocr_line' id='line_1_8' title="bbox 432 831 2012 891; baseline -0.002 -2"><span class='ocrx_word' id='word_1_53' title='bbox 432 834 690 891; x_wconf 84' lang='lat' dir='ltr'><strong>neraliter</strong></span> <span class='ocrx_word' id='word_1_54' title='bbox 735 851 754 885; x_wconf 80' lang='grc' dir='ltr'><strong>ι</strong></span> <span class='ocrx_word' id='word_1_55' title='bbox 802 848 963 890; x_wconf 91' lang='lat' dir='ltr'><strong>nemo</strong></span> <span class='ocrx_word' id='word_1_56' title='bbox 1005 832 1284 889; x_wconf 89' lang='lat' dir='ltr'><strong>hominum</strong></span> <span class='ocrx_word' id='word_1_57' title='bbox 1320 854 1338 886; x_wconf 76' lang='grc' dir='ltr'><strong>ι</strong></span> <span class='ocrx_word' id='word_1_58' title='bbox 1375 842 1431 889; x_wconf 90' lang='lat' dir='ltr'><strong>et</strong></span> <span class='ocrx_word' id='word_1_59' title='bbox 1473 833 1770 889; x_wconf 87' lang='lat' dir='ltr'><strong>addidisset</strong></span> <span class='ocrx_word' id='word_1_60' title='bbox 1811 852 1830 885; x_wconf 74' lang='grc' dir='ltr'><strong>ι</strong></span> <span class='ocrx_word' id='word_1_61' title='bbox 1893 831 2012 887; x_wconf 87' lang='lat' dir='ltr'><strong>siue</strong></span> 
     </span>
    </p>
   </div>
   <div class='ocr_carea' id='block_1_9' title="bbox 431 924 2012 997">
    <p class='ocr_par' dir='ltr' id='par_1_9' title="bbox 431 924 2012 997">
     <span class='ocr_line' id='line_1_9' title="bbox 431 924 2012 997; baseline -0.002 -15"><span class='ocrx_word' id='word_1_62' title='bbox 431 926 526 982; x_wconf 86' lang='lat' dir='ltr'><strong>Dei</strong></span> <span class='ocrx_word' id='word_1_63' title='bbox 556 924 751 997; x_wconf 82' lang='lat' dir='ltr'><strong>gratia,</strong></span> <span class='ocrx_word' id='word_1_64' title='bbox 786 944 803 978; x_wconf 74' lang='grc' dir='ltr'><strong>ι</strong></span> <span class='ocrx_word' id='word_1_65' title='bbox 838 933 891 981; x_wconf 92' lang='lat' dir='ltr'><strong>et</strong></span> <span class='ocrx_word' id='word_1_66' title='bbox 916 925 990 981; x_wconf 90' lang='lat' dir='ltr'><strong>ita</strong></span> <span class='ocrx_word' id='word_1_67' title='bbox 1047 926 1413 996; x_wconf 82' lang='lat' dir='ltr'><strong>subjungeret,</strong></span> <span class='ocrx_word' id='word_1_68' title='bbox 1474 945 1494 977; x_wconf 72' lang='grc' dir='ltr'><strong>ι</strong></span> <span class='ocrx_word' id='word_1_69' title='bbox 1529 926 1717 981; x_wconf 83' lang='lat' dir='ltr'><strong>libero</strong></span> <span class='ocrx_word' id='word_1_70' title='bbox 1740 926 1877 981; x_wconf 84' lang='lat' dir='ltr'><strong>bene</strong></span> <span class='ocrx_word' id='word_1_71' title='bbox 1933 924 2012 979; x_wconf 86' lang='lat' dir='ltr'><strong>uti</strong></span> 
     </span>
    </p>
   </div>
   <div class='ocr_carea' id='block_1_10' title="bbox 429 1018 2014 1090">
    <p class='ocr_par' dir='ltr' id='par_1_10' title="bbox 429 1018 2014 1090">
     <span class='ocr_line' id='line_1_10' title="bbox 429 1018 2014 1090; baseline -0.002 -16"><span class='ocrx_word' id='word_1_72' title='bbox 429 1026 609 1090; x_wconf 88' lang='lat' dir='ltr'><strong>potest</strong></span> <span class='ocrx_word' id='word_1_73' title='bbox 631 1018 876 1084; x_wconf 90' lang='lat' dir='ltr'><strong>arbitrio,</strong></span> <span class='ocrx_word' id='word_1_74' title='bbox 919 1037 938 1071; x_wconf 78' lang='grc' dir='ltr'><strong>ι</strong></span> <span class='ocrx_word' id='word_1_75' title='bbox 971 1028 1160 1074; x_wconf 66' lang='lat' dir='ltr'><strong>essen</strong></span> <span class='ocrx_word' id='word_1_76' title='bbox 1189 1018 1489 1075; x_wconf 88' lang='lat' dir='ltr'><strong>catholicus</strong></span> <span class='ocrx_word' id='word_1_77' title='bbox 1511 1032 1722 1081; x_wconf 82' lang='lat' dir='ltr'><strong>sensus,</strong></span> <span class='ocrx_word' id='word_1_78' title='bbox 1784 1037 1803 1070; x_wconf 73' lang='grc' dir='ltr'><strong>ι</strong></span> <span class='ocrx_word' id='word_1_79' title='bbox 1835 1024 1889 1073; x_wconf 92' lang='lat' dir='ltr'><strong>et</strong></span> <span class='ocrx_word' id='word_1_80' title='bbox 1920 1032 2014 1072; x_wconf 92' lang='lat' dir='ltr'><strong>ca-</strong></span> 
     </span>
    </p>
   </div>
   <div class='ocr_carea' id='block_1_11' title="bbox 434 1108 2015 1179">
    <p class='ocr_par' dir='ltr' id='par_1_11' title="bbox 434 1108 2015 1179">
     <span class='ocr_line' id='line_1_11' title="bbox 434 1108 2015 1179; baseline -0.001 -15"><span class='ocrx_word' id='word_1_81' title='bbox 434 1108 634 1165; x_wconf 82' lang='lat' dir='ltr'><strong>tholica</strong></span> <span class='ocrx_word' id='word_1_82' title='bbox 658 1108 880 1164; x_wconf 87' lang='lat' dir='ltr'><strong>omnino</strong></span> <span class='ocrx_word' id='word_1_83' title='bbox 923 1109 1172 1164; x_wconf 84' lang='lat' dir='ltr'><strong>assertio.</strong></span> <span class='ocrx_word' id='word_1_84' title='bbox 1220 1108 1353 1165; x_wconf 89' lang='lat' dir='ltr'><strong>Cum</strong></span> <span class='ocrx_word' id='word_1_85' title='bbox 1384 1118 1564 1163; x_wconf 91' lang='lat' dir='ltr'><strong>autem</strong></span> <span class='ocrx_word' id='word_1_86' title='bbox 1594 1108 1796 1164; x_wconf 82' lang='lat' dir='ltr'><strong>dixisse</strong></span> <span class='ocrx_word' id='word_1_87' title='bbox 1827 1122 2015 1179; x_wconf 75' lang='lat' dir='ltr'><strong>argua-</strong></span> 
     </span>
    </p>
   </div>
   <div class='ocr_carea' id='block_1_12' title="bbox 432 1199 2015 1269">
    <p class='ocr_par' dir='ltr' id='par_1_12' title="bbox 432 1199 2015 1269">
     <span class='ocr_line' id='line_1_12' title="bbox 432 1199 2015 1269; baseline -0.001 -15"><span class='ocrx_word' id='word_1_88' title='bbox 432 1211 542 1264; x_wconf 85' lang='lat' dir='ltr'><strong>tur,</strong></span> <span class='ocrx_word' id='word_1_89' title='bbox 589 1200 732 1269; x_wconf 90' lang='lat' dir='ltr'><strong>quod</strong></span> <span class='ocrx_word' id='word_1_90' title='bbox 760 1215 919 1256; x_wconf 93' lang='lat' dir='ltr'><strong>nemo</strong></span> <span class='ocrx_word' id='word_1_91' title='bbox 957 1211 1222 1266; x_wconf 89' lang='lat' dir='ltr'><strong>nostrum,</strong></span> <span class='ocrx_word' id='word_1_92' title='bbox 1249 1201 1301 1256; x_wconf 89' lang='lat' dir='ltr'><strong>id</strong></span> <span class='ocrx_word' id='word_1_93' title='bbox 1333 1210 1417 1256; x_wconf 84' lang='lat' dir='ltr'><strong>est</strong></span> <span class='ocrx_word' id='word_1_94' title='bbox 1449 1199 1706 1267; x_wconf 82' lang='lat' dir='ltr'><strong>ﬁdelium,</strong></span> <span class='ocrx_word' id='word_1_95' title='bbox 1746 1200 1849 1255; x_wconf 89' lang='lat' dir='ltr'><strong>nisi</strong></span> <span class='ocrx_word' id='word_1_96' title='bbox 1893 1210 2015 1255; x_wconf 89' lang='lat' dir='ltr'><strong>tan-</strong></span> 
     </span>
    </p>
   </div>
   <div class='ocr_carea' id='block_1_13' title="bbox 432 1290 2020 1364">
    <p class='ocr_par' dir='ltr' id='par_1_13' title="bbox 432 1290 2020 1364">
     <span class='ocr_line' id='line_1_13' title="bbox 432 1290 2020 1364; baseline -0.001 -17"><span class='ocrx_word' id='word_1_97' title='bbox 432 1292 708 1347; x_wconf 86' lang='lat' dir='ltr'><strong>tummodo</strong></span> <span class='ocrx_word' id='word_1_98' title='bbox 736 1291 803 1346; x_wconf 88' lang='lat' dir='ltr'><strong>ad</strong></span> <span class='ocrx_word' id='word_1_99' title='bbox 826 1291 965 1347; x_wconf 87' lang='lat' dir='ltr'><strong>male</strong></span> <span class='ocrx_word' id='word_1_100' title='bbox 1008 1293 1295 1364; x_wconf 81' lang='lat' dir='ltr'><strong>agendum,</strong></span> <span class='ocrx_word' id='word_1_101' title='bbox 1347 1290 1518 1347; x_wconf 89' lang='lat' dir='ltr'><strong>libero</strong></span> <span class='ocrx_word' id='word_1_102' title='bbox 1545 1293 1621 1346; x_wconf 92' lang='lat' dir='ltr'><strong>uti</strong></span> <span class='ocrx_word' id='word_1_103' title='bbox 1667 1293 1838 1362; x_wconf 80' lang='lat' dir='ltr'><strong>possit</strong></span> <span class='ocrx_word' id='word_1_104' title='bbox 1875 1291 2020 1345; x_wconf 90' lang='lat' dir='ltr'><strong>arbi-</strong></span> 
     </span>
    </p>
   </div>
   <div class='ocr_carea' id='block_1_14' title="bbox 431 1382 2021 1455">
    <p class='ocr_par' dir='ltr' id='par_1_14' title="bbox 431 1382 2021 1455">
     <span class='ocr_line' id='line_1_14' title="bbox 431 1382 2021 1455; baseline 0.001 -18"><span class='ocrx_word' id='word_1_105' title='bbox 431 1382 558 1448; x_wconf 88' lang='lat' dir='ltr'><strong>trio,</strong></span> <span class='ocrx_word' id='word_1_106' title='bbox 609 1382 739 1452; x_wconf 90' lang='lat' dir='ltr'><strong>quid</strong></span> <span class='ocrx_word' id='word_1_107' title='bbox 784 1382 929 1437; x_wconf 85' lang='lat' dir='ltr'><strong>aliud</strong></span> <span class='ocrx_word' id='word_1_108' title='bbox 980 1382 1073 1437; x_wconf 88' lang='lat' dir='ltr'><strong>tali</strong></span> <span class='ocrx_word' id='word_1_109' title='bbox 1122 1384 1290 1449; x_wconf 89' lang='lat' dir='ltr'><strong>dicto,</strong></span> <span class='ocrx_word' id='word_1_110' title='bbox 1322 1392 1375 1439; x_wconf 93' lang='lat' dir='ltr'><strong>et</strong></span> <span class='ocrx_word' id='word_1_111' title='bbox 1408 1383 1498 1439; x_wconf 85' lang='lat' dir='ltr'><strong>tali</strong></span> <span class='ocrx_word' id='word_1_112' title='bbox 1560 1384 1815 1439; x_wconf 84' lang='lat' dir='ltr'><strong>novitatis</strong></span> <span class='ocrx_word' id='word_1_113' title='bbox 1879 1397 2021 1455; x_wconf 79' lang='lat' dir='ltr'><strong>prae-</strong></span> 
     </span>
    </p>
   </div>
   <div class='ocr_carea' id='block_1_15' title="bbox 431 1472 2023 1546">
    <p class='ocr_par' dir='ltr' id='par_1_15' title="bbox 431 1472 2023 1546">
     <span class='ocr_line' id='line_1_15' title="bbox 431 1472 2023 1546; baseline 0.001 -19"><span class='ocrx_word' id='word_1_114' title='bbox 431 1472 738 1542; x_wconf 90' lang='lat' dir='ltr'><strong>sumptione</strong></span> <span class='ocrx_word' id='word_1_115' title='bbox 766 1474 1050 1540; x_wconf 89' lang='lat' dir='ltr'><strong>asseritur,</strong></span> <span class='ocrx_word' id='word_1_116' title='bbox 1097 1475 1197 1529; x_wconf 91' lang='lat' dir='ltr'><strong>nisi</strong></span> <span class='ocrx_word' id='word_1_117' title='bbox 1240 1475 1383 1546; x_wconf 86' lang='lat' dir='ltr'><strong>quod</strong></span> <span class='ocrx_word' id='word_1_118' title='bbox 1421 1475 1670 1531; x_wconf 75' lang='lat' dir='ltr'><strong>humana:</strong></span> <span class='ocrx_word' id='word_1_119' title='bbox 1699 1475 1900 1530; x_wconf 88' lang='lat' dir='ltr'><strong>mentis</strong></span> <span class='ocrx_word' id='word_1_120' title='bbox 1935 1491 2023 1529; x_wconf 80' lang='lat' dir='ltr'><strong>ar—</strong></span> 
     </span>
    </p>
   </div>
   <div class='ocr_carea' id='block_1_16' title="bbox 432 1562 2020 1634">
    <p class='ocr_par' dir='ltr' id='par_1_16' title="bbox 432 1562 2020 1634">
     <span class='ocr_line' id='line_1_16' title="bbox 432 1562 2020 1634; baseline 0.002 -16"><span class='ocrx_word' id='word_1_121' title='bbox 432 1562 675 1629; x_wconf 88' lang='lat' dir='ltr'><strong>bitrium,</strong></span> <span class='ocrx_word' id='word_1_122' title='bbox 720 1562 865 1633; x_wconf 91' lang='lat' dir='ltr'><strong>quod</strong></span> <span class='ocrx_word' id='word_1_123' title='bbox 910 1571 1036 1619; x_wconf 89' lang='lat' dir='ltr'><strong>ante</strong></span> <span class='ocrx_word' id='word_1_124' title='bbox 1090 1573 1372 1634; x_wconf 87' lang='lat' dir='ltr'><strong>peccatum</strong></span> <span class='ocrx_word' id='word_1_125' title='bbox 1414 1565 1483 1619; x_wconf 93' lang='lat' dir='ltr'><strong>ad</strong></span> <span class='ocrx_word' id='word_1_126' title='bbox 1557 1580 1746 1620; x_wconf 89' lang='lat' dir='ltr'><strong>verum</strong></span> <span class='ocrx_word' id='word_1_127' title='bbox 1817 1566 2020 1621; x_wconf 90' lang='lat' dir='ltr'><strong>bonum</strong></span> 
     </span>
    </p>
   </div>
   <div class='ocr_carea' id='block_1_17' title="bbox 434 1653 2023 1712">
    <p class='ocr_par' dir='ltr' id='par_1_17' title="bbox 434 1653 2023 1712">
     <span class='ocr_line' id='line_1_17' title="bbox 434 1653 2023 1712; baseline 0.004 -6"><span class='ocrx_word' id='word_1_128' title='bbox 434 1653 723 1708; x_wconf 87' lang='lat' dir='ltr'><strong>amandum</strong></span> <span class='ocrx_word' id='word_1_129' title='bbox 770 1661 825 1708; x_wconf 92' lang='lat' dir='ltr'><strong>et</strong></span> <span class='ocrx_word' id='word_1_130' title='bbox 850 1653 1264 1709; x_wconf 88' lang='lat' dir='ltr'><strong>desiderandum</strong></span> <span class='ocrx_word' id='word_1_131' title='bbox 1294 1663 1349 1710; x_wconf 90' lang='lat' dir='ltr'><strong>et</strong></span> <span class='ocrx_word' id='word_1_132' title='bbox 1388 1654 1677 1710; x_wconf 87' lang='lat' dir='ltr'><strong>fruendum</strong></span> <span class='ocrx_word' id='word_1_133' title='bbox 1735 1663 1855 1711; x_wconf 87' lang='lat' dir='ltr'><strong>erat</strong></span> <span class='ocrx_word' id='word_1_134' title='bbox 1895 1654 2023 1712; x_wconf 86' lang='lat' dir='ltr'><strong>libe-</strong></span> 
     </span>
    </p>
   </div>
   <div class='ocr_carea' id='block_1_18' title="bbox 437 1742 2021 1815">
    <p class='ocr_par' dir='ltr' id='par_1_18' title="bbox 437 1742 2021 1815">
     <span class='ocr_line' id='line_1_18' title="bbox 437 1742 2021 1815; baseline 0.002 -17"><span class='ocrx_word' id='word_1_135' title='bbox 437 1758 557 1798; x_wconf 88' lang='lat' dir='ltr'><strong>rum</strong></span> <span class='ocrx_word' id='word_1_136' title='bbox 608 1760 622 1797; x_wconf 88' lang='lat'><strong>:</strong></span> <span class='ocrx_word' id='word_1_137' title='bbox 673 1742 748 1797; x_wconf 89' lang='lat' dir='ltr'><strong>ita</strong></span> <span class='ocrx_word' id='word_1_138' title='bbox 796 1744 973 1814; x_wconf 91' lang='lat' dir='ltr'><strong>primo</strong></span> <span class='ocrx_word' id='word_1_139' title='bbox 1026 1744 1244 1800; x_wconf 89' lang='lat' dir='ltr'><strong>homine</strong></span> <span class='ocrx_word' id='word_1_140' title='bbox 1293 1756 1554 1815; x_wconf 84' lang='lat' dir='ltr'><strong>peccante</strong></span> <span class='ocrx_word' id='word_1_141' title='bbox 1574 1746 1821 1800; x_wconf 90' lang='lat' dir='ltr'><strong>vitiatum</strong></span> <span class='ocrx_word' id='word_1_142' title='bbox 1849 1745 1941 1811; x_wconf 91' lang='lat' dir='ltr'><strong>sit,</strong></span> <span class='ocrx_word' id='word_1_143' title='bbox 1966 1754 2021 1801; x_wconf 93' lang='lat' dir='ltr'><strong>et</strong></span> 
     </span>
    </p>
   </div>
   <div class='ocr_carea' id='block_1_19' title="bbox 2110 550 3697 624">
    <p class='ocr_par' dir='ltr' id='par_1_19' title="bbox 2110 550 3697 624">
     <span class='ocr_line' id='line_1_19' title="bbox 2110 550 3697 624; baseline 0.006 -17"><span class='ocrx_word' id='word_1_144' title='bbox 2110 551 2200 607; x_wconf 91' lang='lat' dir='ltr'><strong>hic</strong></span> <span class='ocrx_word' id='word_1_145' title='bbox 2221 550 2388 606; x_wconf 83' lang='lat' dir='ltr'><strong>Filius</strong></span> <span class='ocrx_word' id='word_1_146' title='bbox 2402 567 2555 607; x_wconf 85' lang='lat' dir='ltr'><strong>meus</strong></span> <span class='ocrx_word' id='word_1_147' title='bbox 2577 552 2754 608; x_wconf 83' lang='lat' dir='ltr'><strong>fuerat</strong></span> <span class='ocrx_word' id='word_1_148' title='bbox 2774 562 2827 607; x_wconf 89' lang='lat' dir='ltr'><strong>et</strong></span> <span class='ocrx_word' id='word_1_149' title='bbox 2850 552 3066 619; x_wconf 79' lang='lat' dir='ltr'><strong>revixit,</strong></span> <span class='ocrx_word' id='word_1_150' title='bbox 3097 555 3336 624; x_wconf 87' lang='lat' dir='ltr'><strong>perierat</strong></span> <span class='ocrx_word' id='word_1_151' title='bbox 3360 564 3418 613; x_wconf 87' lang='lat' dir='ltr'><strong>et</strong></span> <span class='ocrx_word' id='word_1_152' title='bbox 3444 559 3697 617; x_wconf 79' lang='lat' dir='ltr'><strong>inventus</strong></span> 
     </span>
    </p>
   </div>
   <div class='ocr_carea' id='block_1_20' title="bbox 2112 643 3693 722">
    <p class='ocr_par' dir='ltr' id='par_1_20' title="bbox 2112 643 3693 722">
     <span class='ocr_line' id='line_1_20' title="bbox 2112 643 3693 722; baseline 0.004 -22"><span class='ocrx_word' id='word_1_153' title='bbox 2112 651 2196 700; x_wconf 88' lang='lat' dir='ltr'><strong>est</strong></span> <span class='ocrx_word' id='word_1_154' title='bbox 2223 643 2371 715; x_wconf 88' lang='lat' dir='ltr'><strong>(Luc.</strong></span> <span class='ocrx_word' id='word_1_155' title='bbox 2398 660 2487 711; x_wconf 80' lang='lat' dir='ltr'><strong>xv,</strong></span> <span class='ocrx_word' id='word_1_156' title='bbox 2518 643 2633 715; x_wconf 72' lang='grc'><strong>24).</strong></span> <span class='ocrx_word' id='word_1_157' title='bbox 2670 663 2689 697; x_wconf 75' lang='grc' dir='ltr'><strong>ι</strong></span> <span class='ocrx_word' id='word_1_158' title='bbox 2718 643 2783 698; x_wconf 85' lang='lat' dir='ltr'><strong>Et</strong></span> <span class='ocrx_word' id='word_1_159' title='bbox 2813 645 2918 700; x_wconf 85' lang='lat' dir='ltr'><strong>nisi</strong></span> <span class='ocrx_word' id='word_1_160' title='bbox 2949 644 3005 700; x_wconf 93' lang='lat' dir='ltr'><strong>in</strong></span> <span class='ocrx_word' id='word_1_161' title='bbox 3037 645 3126 702; x_wconf 83' lang='lat' dir='ltr'><strong>ilio</strong></span> <span class='ocrx_word' id='word_1_162' title='bbox 3154 647 3348 717; x_wconf 85' lang='lat' dir='ltr'><strong>spiritu</strong></span> <span class='ocrx_word' id='word_1_163' title='bbox 3390 659 3693 722; x_wconf 83' lang='lat' dir='ltr'><strong>vegetetur,</strong></span> 
     </span>
    </p>
   </div>
   <div class='ocr_carea' id='block_1_21' title="bbox 2112 733 3698 812">
    <p class='ocr_par' dir='ltr' id='par_1_21' title="bbox 2112 733 3698 812">
     <span class='ocr_line' id='line_1_21' title="bbox 2112 733 3698 812; baseline 0.007 -24"><span class='ocrx_word' id='word_1_164' title='bbox 2112 733 2180 790; x_wconf 89' lang='lat' dir='ltr'><strong>de</strong></span> <span class='ocrx_word' id='word_1_165' title='bbox 2205 750 2314 805; x_wconf 92' lang='lat' dir='ltr'><strong>quo</strong></span> <span class='ocrx_word' id='word_1_166' title='bbox 2341 735 2470 791; x_wconf 87' lang='lat' dir='ltr'><strong>dicit</strong></span> <span class='ocrx_word' id='word_1_167' title='bbox 2512 735 2841 806; x_wconf 88' lang='lat' dir='ltr'><strong>Apostolus:</strong></span> <span class='ocrx_word' id='word_1_168' title='bbox 2877 754 2895 787; x_wconf 74' lang='grc' dir='ltr'><strong>ι</strong></span> <span class='ocrx_word' id='word_1_169' title='bbox 2927 735 3131 793; x_wconf 88' lang='lat' dir='ltr'><strong>Littera</strong></span> <span class='ocrx_word' id='word_1_170' title='bbox 3185 740 3410 806; x_wconf 86' lang='lat' dir='ltr'><strong>occidit,</strong></span> <span class='ocrx_word' id='word_1_171' title='bbox 3473 743 3698 812; x_wconf 81' lang='lat' dir='ltr'><strong>spiritus</strong></span> 
     </span>
    </p>
   </div>
   <div class='ocr_carea' id='block_1_22' title="bbox 2115 816 3703 899">
    <p class='ocr_par' dir='ltr' id='par_1_22' title="bbox 2115 816 3703 899">
     <span class='ocr_line' id='line_1_22' title="bbox 2115 816 3703 899; baseline 0.005 -19"><span class='ocrx_word' id='word_1_172' title='bbox 2115 835 2295 880; x_wconf 89' lang='lat' dir='ltr'><strong>autem</strong></span> <span class='ocrx_word' id='word_1_173' title='bbox 2320 825 2557 881; x_wconf 85' lang='lat' dir='ltr'><strong>vivificat</strong></span> <span class='ocrx_word' id='word_1_174' title='bbox 2588 825 2673 899; x_wconf 88' lang='lat' dir='ltr'><strong>(II</strong></span> <span class='ocrx_word' id='word_1_175' title='bbox 2694 816 2817 882; x_wconf 68' lang='lat' dir='ltr'><strong>(lor.</strong></span> <span class='ocrx_word' id='word_1_176' title='bbox 2843 843 2924 895; x_wconf 86' lang='grc' dir='ltr'>ιιι,</span> <span class='ocrx_word' id='word_1_177' title='bbox 2947 827 3023 899; x_wconf 88' lang='lat'><strong>6).</strong></span> <span class='ocrx_word' id='word_1_178' title='bbox 3056 847 3073 879; x_wconf 70' lang='grc' dir='ltr'><strong>ι</strong></span> <span class='ocrx_word' id='word_1_179' title='bbox 3106 826 3198 883; x_wconf 88' lang='lat' dir='ltr'><strong>Sic</strong></span> <span class='ocrx_word' id='word_1_180' title='bbox 3226 839 3353 885; x_wconf 90' lang='lat' dir='ltr'><strong>sunt</strong></span> <span class='ocrx_word' id='word_1_181' title='bbox 3384 833 3614 898; x_wconf 77' lang='lat' dir='ltr'><strong>mortui,</strong></span> <span class='ocrx_word' id='word_1_182' title='bbox 3649 846 3703 888; x_wconf 88' lang='lat' dir='ltr'><strong>et</strong></span> 
     </span>
    </p>
   </div>
   <div class='ocr_carea' id='block_1_23' title="bbox 2114 916 3703 993">
    <p class='ocr_par' dir='ltr' id='par_1_23' title="bbox 2114 916 3703 993">
     <span class='ocr_line' id='line_1_23' title="bbox 2114 916 3703 993; baseline 0.004 -24"><span class='ocrx_word' id='word_1_183' title='bbox 2114 916 2353 988; x_wconf 85' lang='lat' dir='ltr'><strong>quotidie</strong></span> <span class='ocrx_word' id='word_1_184' title='bbox 2384 916 2751 981; x_wconf 83' lang='lat' dir='ltr'><strong>vivificantur,</strong></span> <span class='ocrx_word' id='word_1_185' title='bbox 2774 917 2840 973; x_wconf 89' lang='lat' dir='ltr'><strong>de</strong></span> <span class='ocrx_word' id='word_1_186' title='bbox 2865 918 3061 989; x_wconf 89' lang='lat' dir='ltr'><strong>quibus</strong></span> <span class='ocrx_word' id='word_1_187' title='bbox 3083 916 3344 975; x_wconf 88' lang='lat' dir='ltr'><strong>Dominus</strong></span> <span class='ocrx_word' id='word_1_188' title='bbox 3374 920 3427 975; x_wconf 90' lang='lat' dir='ltr'><strong>in</strong></span> <span class='ocrx_word' id='word_1_189' title='bbox 3453 921 3703 993; x_wconf 71' lang='lat' dir='ltr'><strong>Evange-</strong></span> 
     </span>
    </p>
   </div>
   <div class='ocr_carea' id='block_1_24' title="bbox 2114 1007 3703 1081">
    <p class='ocr_par' dir='ltr' id='par_1_24' title="bbox 2114 1007 3703 1081">
     <span class='ocr_line' id='line_1_24' title="bbox 2114 1007 3703 1081; baseline 0.003 -18"><span class='ocrx_word' id='word_1_190' title='bbox 2114 1007 2189 1063; x_wconf 92' lang='lat' dir='ltr'><strong>lio</strong></span> <span class='ocrx_word' id='word_1_191' title='bbox 2215 1008 2343 1063; x_wconf 89' lang='lat' dir='ltr'><strong>dicit</strong></span> <span class='ocrx_word' id='word_1_192' title='bbox 2371 1025 2383 1061; x_wconf 91' lang='lat'><strong>:</strong></span> <span class='ocrx_word' id='word_1_193' title='bbox 2416 1026 2435 1059; x_wconf 83' lang='grc'><strong><em>‹</em></strong></span> <span class='ocrx_word' id='word_1_194' title='bbox 2477 1008 2636 1064; x_wconf 86' lang='lat' dir='ltr'><strong>Venit</strong></span> <span class='ocrx_word' id='word_1_195' title='bbox 2657 1009 2789 1063; x_wconf 90' lang='lat' dir='ltr'><strong>hora</strong></span> <span class='ocrx_word' id='word_1_196' title='bbox 2821 1017 2876 1064; x_wconf 91' lang='lat' dir='ltr'><strong>et</strong></span> <span class='ocrx_word' id='word_1_197' title='bbox 2902 1024 3047 1064; x_wconf 88' lang='lat' dir='ltr'><strong>nunc</strong></span> <span class='ocrx_word' id='word_1_198' title='bbox 3076 1018 3182 1077; x_wconf 88' lang='lat' dir='ltr'><strong>est,</strong></span> <span class='ocrx_word' id='word_1_199' title='bbox 3232 1012 3451 1081; x_wconf 90' lang='lat' dir='ltr'><strong>quando</strong></span> <span class='ocrx_word' id='word_1_200' title='bbox 3505 1015 3703 1068; x_wconf 79' lang='lat' dir='ltr'><strong>mortui</strong></span> 
     </span>
    </p>
   </div>
   <div class='ocr_carea' id='block_1_25' title="bbox 2118 1100 3708 1173">
    <p class='ocr_par' dir='ltr' id='par_1_25' title="bbox 2118 1100 3708 1173">
     <span class='ocr_line' id='line_1_25' title="bbox 2118 1100 3708 1173; baseline 0.005 -18"><span class='ocrx_word' id='word_1_201' title='bbox 2118 1100 2337 1155; x_wconf 89' lang='lat' dir='ltr'><strong>audient</strong></span> <span class='ocrx_word' id='word_1_202' title='bbox 2383 1115 2569 1157; x_wconf 89' lang='lat' dir='ltr'><strong>vocem</strong></span> <span class='ocrx_word' id='word_1_203' title='bbox 2624 1101 2747 1156; x_wconf 87' lang='lat' dir='ltr'><strong>Filii</strong></span> <span class='ocrx_word' id='word_1_204' title='bbox 2794 1101 2912 1168; x_wconf 87' lang='lat' dir='ltr'><strong>Dei,</strong></span> <span class='ocrx_word' id='word_1_205' title='bbox 2958 1110 3013 1158; x_wconf 91' lang='lat' dir='ltr'><strong>et</strong></span> <span class='ocrx_word' id='word_1_206' title='bbox 3052 1104 3143 1173; x_wconf 89' lang='lat' dir='ltr'><strong>qni</strong></span> <span class='ocrx_word' id='word_1_207' title='bbox 3200 1105 3474 1162; x_wconf 83' lang='lat' dir='ltr'><strong>audierint</strong></span> <span class='ocrx_word' id='word_1_208' title='bbox 3519 1108 3708 1163; x_wconf 77' lang='lat' dir='ltr'><strong>vivent</strong></span> 
     </span>
    </p>
   </div>
   <div class='ocr_carea' id='block_1_26' title="bbox 2119 1190 3703 1264">
    <p class='ocr_par' dir='ltr' id='par_1_26' title="bbox 2119 1190 3703 1264">
     <span class='ocr_line' id='line_1_26' title="bbox 2119 1190 3703 1264; baseline 0.005 -19"><span class='ocrx_word' id='word_1_209' title='bbox 2119 1190 2301 1262; x_wconf 81' lang='lat' dir='ltr'><strong>(Joan.</strong></span> <span class='ocrx_word' id='word_1_210' title='bbox 2325 1205 2378 1256; x_wconf 86' lang='lat' dir='ltr'><strong>v,</strong></span> <span class='ocrx_word' id='word_1_211' title='bbox 2401 1190 2516 1263; x_wconf 75' lang='lat'><strong>25).</strong></span> <span class='ocrx_word' id='word_1_212' title='bbox 2549 1211 2568 1243; x_wconf 74' lang='grc' dir='ltr'><strong>ι</strong></span> <span class='ocrx_word' id='word_1_213' title='bbox 2597 1192 2664 1246; x_wconf 87' lang='lat' dir='ltr'><strong>Et</strong></span> <span class='ocrx_word' id='word_1_214' title='bbox 2688 1191 2881 1263; x_wconf 84' lang='lat' dir='ltr'><strong>quibus</strong></span> <span class='ocrx_word' id='word_1_215' title='bbox 2911 1193 3202 1264; x_wconf 82' lang='lat' dir='ltr'><strong>Apostolus</strong></span> <span class='ocrx_word' id='word_1_216' title='bbox 3228 1194 3447 1260; x_wconf 90' lang='lat' dir='ltr'><strong>clamat,</strong></span> <span class='ocrx_word' id='word_1_217' title='bbox 3472 1196 3665 1253; x_wconf 86' lang='lat' dir='ltr'><strong>dicens</strong></span> <span class='ocrx_word' id='word_1_218' title='bbox 3689 1216 3703 1228; x_wconf 73' lang='grc' dir='ltr'><strong><em>ο</em></strong></span> 
     </span>
    </p>
   </div>
   <div class='ocr_carea' id='block_1_27' title="bbox 2126 1282 3705 1356">
    <p class='ocr_par' dir='ltr' id='par_1_27' title="bbox 2126 1282 3705 1356">
     <span class='ocr_line' id='line_1_27' title="bbox 2126 1282 3705 1356; baseline 0.003 -18"><span class='ocrx_word' id='word_1_219' title='bbox 2126 1303 2146 1338; x_wconf 81' lang='lat' dir='ltr'><strong>t</strong></span> <span class='ocrx_word' id='word_1_220' title='bbox 2183 1282 2356 1354; x_wconf 82' lang='lat' dir='ltr'><strong>Surge</strong></span> <span class='ocrx_word' id='word_1_221' title='bbox 2377 1284 2469 1354; x_wconf 91' lang='lat' dir='ltr'><strong>qui</strong></span> <span class='ocrx_word' id='word_1_222' title='bbox 2498 1282 2722 1349; x_wconf 83' lang='lat' dir='ltr'><strong>dormis,</strong></span> <span class='ocrx_word' id='word_1_223' title='bbox 2745 1291 2799 1339; x_wconf 89' lang='lat' dir='ltr'><strong>et</strong></span> <span class='ocrx_word' id='word_1_224' title='bbox 2825 1298 3059 1356; x_wconf 81' lang='lat' dir='ltr'><strong>exsurge</strong></span> <span class='ocrx_word' id='word_1_225' title='bbox 3085 1300 3115 1340; x_wconf 93' lang='lat' dir='ltr'><strong>a</strong></span> <span class='ocrx_word' id='word_1_226' title='bbox 3144 1286 3395 1353; x_wconf 88' lang='lat' dir='ltr'><strong>mortuis,</strong></span> <span class='ocrx_word' id='word_1_227' title='bbox 3420 1296 3476 1343; x_wconf 89' lang='lat' dir='ltr'><strong>ct</strong></span> <span class='ocrx_word' id='word_1_228' title='bbox 3500 1287 3705 1342; x_wconf 86' lang='lat' dir='ltr'><strong>illumi-</strong></span> 
     </span>
    </p>
   </div>
   <div class='ocr_carea' id='block_1_28' title="bbox 2122 1372 3189 1444">
    <p class='ocr_par' dir='ltr' id='par_1_28' title="bbox 2122 1372 3189 1444">
     <span class='ocr_line' id='line_1_28' title="bbox 2122 1372 3189 1444; baseline -0.002 -15"><span class='ocrx_word' id='word_1_229' title='bbox 2122 1373 2275 1429; x_wconf 89' lang='lat' dir='ltr'><strong>nabit</strong></span> <span class='ocrx_word' id='word_1_230' title='bbox 2298 1374 2390 1430; x_wconf 87' lang='lat' dir='ltr'><strong>tibi</strong></span> <span class='ocrx_word' id='word_1_231' title='bbox 2419 1373 2668 1429; x_wconf 86' lang='lat' dir='ltr'><strong>Christus</strong></span> <span class='ocrx_word' id='word_1_232' title='bbox 2695 1372 2912 1444; x_wconf 79' lang='lat' dir='ltr'><strong>(Ephes.</strong></span> <span class='ocrx_word' id='word_1_233' title='bbox 2944 1391 2994 1441; x_wconf 91' lang='lat' dir='ltr'><strong>v,</strong></span> <span class='ocrx_word' id='word_1_234' title='bbox 3026 1374 3136 1444; x_wconf 73' lang='grc'><strong>14).</strong></span> <span class='ocrx_word' id='word_1_235' title='bbox 3169 1394 3189 1427; x_wconf 78' lang='grc' dir='ltr'><strong>ι</strong></span> 
     </span>
    </p>
   </div>
   <div class='ocr_carea' id='block_1_29' title="bbox 2195 1466 3710 1540">
    <p class='ocr_par' dir='ltr' id='par_1_29' title="bbox 2195 1466 3710 1540">
     <span class='ocr_line' id='line_1_29' title="bbox 2195 1466 3710 1540; baseline 0.002 -18"><span class='ocrx_word' id='word_1_236' title='bbox 2195 1466 2306 1523; x_wconf 78' lang='lat' dir='ltr'><strong>Nec</strong></span> <span class='ocrx_word' id='word_1_237' title='bbox 2364 1467 2559 1538; x_wconf 85' lang='lat' dir='ltr'><strong>aliquis</strong></span> <span class='ocrx_word' id='word_1_238' title='bbox 2601 1467 2914 1534; x_wconf 89' lang='lat' dir='ltr'><strong>insidiosus,</strong></span> <span class='ocrx_word' id='word_1_239' title='bbox 2964 1475 3021 1523; x_wconf 91' lang='lat' dir='ltr'><strong>et</strong></span> <span class='ocrx_word' id='word_1_240' title='bbox 3071 1468 3440 1526; x_wconf 87' lang='lat' dir='ltr'><strong>calumniosus</strong></span> <span class='ocrx_word' id='word_1_241' title='bbox 3465 1468 3710 1540; x_wconf 76' lang='lat' dir='ltr'><strong>obiicere</strong></span> 
     </span>
    </p>
   </div>
   <div class='ocr_carea' id='block_1_30' title="bbox 2125 1560 3706 1631">
    <p class='ocr_par' dir='ltr' id='par_1_30' title="bbox 2125 1560 3706 1631">
     <span class='ocr_line' id='line_1_30' title="bbox 2125 1560 3706 1631; baseline -0.001 -14"><span class='ocrx_word' id='word_1_242' title='bbox 2125 1560 2282 1618; x_wconf 90' lang='lat' dir='ltr'><strong>nobis</strong></span> <span class='ocrx_word' id='word_1_243' title='bbox 2312 1568 2557 1626; x_wconf 89' lang='lat' dir='ltr'><strong>conetur,</strong></span> <span class='ocrx_word' id='word_1_244' title='bbox 2581 1560 2724 1631; x_wconf 90' lang='lat' dir='ltr'><strong>quod</strong></span> <span class='ocrx_word' id='word_1_245' title='bbox 2747 1562 2822 1615; x_wconf 89' lang='lat' dir='ltr'><strong>ita</strong></span> <span class='ocrx_word' id='word_1_246' title='bbox 2855 1560 3099 1617; x_wconf 89' lang='lat' dir='ltr'><strong>dicamus</strong></span> <span class='ocrx_word' id='word_1_247' title='bbox 3139 1560 3369 1618; x_wconf 88' lang='lat' dir='ltr'><strong>liberum</strong></span> <span class='ocrx_word' id='word_1_248' title='bbox 3416 1563 3706 1618; x_wconf 85' lang='lat' dir='ltr'><strong>arbitrium</strong></span> 
     </span>
    </p>
   </div>
   <div class='ocr_carea' id='block_1_31' title="bbox 2126 1652 3707 1726">
    <p class='ocr_par' dir='ltr' id='par_1_31' title="bbox 2126 1652 3707 1726">
     <span class='ocr_line' id='line_1_31' title="bbox 2126 1652 3707 1726; baseline -0.003 -17"><span class='ocrx_word' id='word_1_249' title='bbox 2126 1669 2225 1726; x_wconf 88' lang='lat' dir='ltr'><strong>per</strong></span> <span class='ocrx_word' id='word_1_250' title='bbox 2244 1661 2527 1724; x_wconf 87' lang='lat' dir='ltr'><strong>peccatum</strong></span> <span class='ocrx_word' id='word_1_251' title='bbox 2552 1652 2710 1723; x_wconf 90' lang='lat' dir='ltr'><strong>primi</strong></span> <span class='ocrx_word' id='word_1_252' title='bbox 2738 1652 2973 1707; x_wconf 87' lang='lat' dir='ltr'><strong>hominis</strong></span> <span class='ocrx_word' id='word_1_253' title='bbox 3004 1653 3293 1722; x_wconf 88' lang='lat' dir='ltr'><strong>perditum,</strong></span> <span class='ocrx_word' id='word_1_254' title='bbox 3316 1661 3374 1709; x_wconf 89' lang='lat' dir='ltr'><strong>et</strong></span> <span class='ocrx_word' id='word_1_255' title='bbox 3406 1663 3707 1717; x_wconf 88' lang='lat' dir='ltr'><strong>mortuum,</strong></span> 
     </span>
    </p>
   </div>
   <div class='ocr_carea' id='block_1_32' title="bbox 2129 1742 3712 1815">
    <p class='ocr_par' dir='ltr' id='par_1_32' title="bbox 2129 1742 3712 1815">
     <span class='ocr_line' id='line_1_32' title="bbox 2129 1742 3712 1815; baseline -0.002 -15"><span class='ocrx_word' id='word_1_256' title='bbox 2129 1746 2288 1815; x_wconf 84' lang='lat' dir='ltr'><strong>quasi</strong></span> <span class='ocrx_word' id='word_1_257' title='bbox 2318 1753 2564 1799; x_wconf 90' lang='lat' dir='ltr'><strong>naturam</strong></span> <span class='ocrx_word' id='word_1_258' title='bbox 2586 1758 2739 1799; x_wconf 91' lang='lat' dir='ltr'><strong>suam</strong></span> <span class='ocrx_word' id='word_1_259' title='bbox 2771 1742 2826 1797; x_wconf 91' lang='lat' dir='ltr'><strong>in</strong></span> <span class='ocrx_word' id='word_1_260' title='bbox 2856 1758 2961 1815; x_wconf 85' lang='lat' dir='ltr'><strong>qua</strong></span> <span class='ocrx_word' id='word_1_261' title='bbox 2991 1742 3311 1799; x_wconf 86' lang='lat' dir='ltr'><strong>naturaliter</strong></span> <span class='ocrx_word' id='word_1_262' title='bbox 3352 1744 3530 1800; x_wconf 83' lang='lat' dir='ltr'><strong>habet</strong></span> <span class='ocrx_word' id='word_1_263' title='bbox 3574 1744 3712 1798; x_wconf 80' lang='lat' dir='ltr'><strong>insi-</strong></span> 
     </span>
    </p>
   </div>
   <div class='ocr_carea' id='block_1_33' title="bbox 436 1822 3712 1907">
    <p class='ocr_par' dir='ltr' id='par_1_33' title="bbox 436 1822 3712 1907">
     <span class='ocr_line' id='line_1_33' title="bbox 436 1822 3712 1907; baseline 0.001 -19"><span class='ocrx_word' id='word_1_264' title='bbox 436 1835 691 1906; x_wconf 88' lang='lat' dir='ltr'><strong>perierit,</strong></span> <span class='ocrx_word' id='word_1_265' title='bbox 736 1843 797 1891; x_wconf 91' lang='lat' dir='ltr'><strong>ut</strong></span> <span class='ocrx_word' id='word_1_266' title='bbox 833 1836 1088 1907; x_wconf 90' lang='lat' dir='ltr'><strong>deinceps</strong></span> <span class='ocrx_word' id='word_1_267' title='bbox 1148 1838 1519 1893; x_wconf 85' lang='lat' dir='ltr'><strong>tantummodo</strong></span> <span class='ocrx_word' id='word_1_268' title='bbox 1576 1837 1644 1893; x_wconf 90' lang='lat' dir='ltr'><strong>ad</strong></span> <span class='ocrx_word' id='word_1_269' title='bbox 1685 1838 1885 1892; x_wconf 87' lang='lat' dir='ltr'><strong>malum</strong></span> <span class='ocrx_word' id='word_1_270' title='bbox 1940 1852 2025 1893; x_wconf 89' lang='lat' dir='ltr'><strong>re—</strong></span> <span class='ocrx_word' id='word_1_271' title='bbox 2051 1822 2098 1882; x_wconf 84' lang='grc' dir='ltr'><strong>Β</strong></span> <span class='ocrx_word' id='word_1_272' title='bbox 2130 1846 2236 1891; x_wconf 89' lang='lat' dir='ltr'><strong>tam</strong></span> <span class='ocrx_word' id='word_1_273' title='bbox 2260 1836 2415 1893; x_wconf 91' lang='lat' dir='ltr'><strong>liberi</strong></span> <span class='ocrx_word' id='word_1_274' title='bbox 2441 1834 2649 1891; x_wconf 88' lang='lat' dir='ltr'><strong>arbitrii</strong></span> <span class='ocrx_word' id='word_1_275' title='bbox 2685 1834 3019 1891; x_wconf 77' lang='lat' dir='ltr'><strong>voluntatem</strong></span> <span class='ocrx_word' id='word_1_276' title='bbox 3050 1835 3355 1905; x_wconf 86' lang='lat' dir='ltr'><strong>perdidisse</strong></span> <span class='ocrx_word' id='word_1_277' title='bbox 3399 1835 3712 1907; x_wconf 79' lang='lat' dir='ltr'><strong>intelligen-</strong></span> 
     </span>
    </p>
   </div>
   <div class='ocr_carea' id='block_1_34' title="bbox 436 1927 2021 1996">
    <p class='ocr_par' dir='ltr' id='par_1_34' title="bbox 436 1927 2021 1996">
     <span class='ocr_line' id='line_1_34' title="bbox 436 1927 2021 1996; baseline 0.001 -15"><span class='ocrx_word' id='word_1_278' title='bbox 436 1927 700 1983; x_wconf 87' lang='lat' dir='ltr'><strong>manserit</strong></span> <span class='ocrx_word' id='word_1_279' title='bbox 726 1927 780 1982; x_wconf 91' lang='lat' dir='ltr'><strong>in</strong></span> <span class='ocrx_word' id='word_1_280' title='bbox 819 1928 1037 1984; x_wconf 90' lang='lat' dir='ltr'><strong>homine</strong></span> <span class='ocrx_word' id='word_1_281' title='bbox 1083 1927 1314 1984; x_wconf 89' lang='lat' dir='ltr'><strong>liberum</strong></span> <span class='ocrx_word' id='word_1_282' title='bbox 1347 1929 1664 1996; x_wconf 87' lang='lat' dir='ltr'><strong>arbitrium;</strong></span> <span class='ocrx_word' id='word_1_283' title='bbox 1711 1929 1777 1985; x_wconf 90' lang='lat' dir='ltr'><strong>ad</strong></span> <span class='ocrx_word' id='word_1_284' title='bbox 1822 1929 2021 1984; x_wconf 80' lang='lat' dir='ltr'><strong>bonum</strong></span> 
     </span>
    </p>
   </div>
   <div class='ocr_carea' id='block_1_35' title="bbox 438 2018 2026 2088">
    <p class='ocr_par' dir='ltr' id='par_1_35' title="bbox 438 2018 2026 2088">
     <span class='ocr_line' id='line_1_35' title="bbox 438 2018 2026 2088; baseline 0.004 -17"><span class='ocrx_word' id='word_1_285' title='bbox 438 2031 569 2072; x_wconf 80' lang='lat' dir='ltr'><strong>vero</strong></span> <span class='ocrx_word' id='word_1_286' title='bbox 596 2018 881 2088; x_wconf 80' lang='lat' dir='ltr'><strong>agendum,</strong></span> <span class='ocrx_word' id='word_1_287' title='bbox 919 2019 1032 2074; x_wconf 92' lang='lat' dir='ltr'><strong>sive</strong></span> <span class='ocrx_word' id='word_1_288' title='bbox 1071 2019 1378 2075; x_wconf 87' lang='lat' dir='ltr'><strong>habendum</strong></span> <span class='ocrx_word' id='word_1_289' title='bbox 1420 2019 1626 2074; x_wconf 87' lang='lat' dir='ltr'><strong>nullum</strong></span> <span class='ocrx_word' id='word_1_290' title='bbox 1674 2019 1745 2075; x_wconf 93' lang='lat' dir='ltr'><strong>sit</strong></span> <span class='ocrx_word' id='word_1_291' title='bbox 1789 2020 2026 2077; x_wconf 87' lang='lat' dir='ltr'><strong>hominis</strong></span> 
     </span>
    </p>
   </div>
   <div class='ocr_carea' id='block_1_36' title="bbox 439 2107 2025 2181">
    <p class='ocr_par' dir='ltr' id='par_1_36' title="bbox 439 2107 2025 2181">
     <span class='ocr_line' id='line_1_36' title="bbox 439 2107 2025 2181; baseline 0.003 -19"><span class='ocrx_word' id='word_1_292' title='bbox 439 2107 669 2164; x_wconf 85' lang='lat' dir='ltr'><strong>liberum</strong></span> <span class='ocrx_word' id='word_1_293' title='bbox 691 2109 1002 2175; x_wconf 90' lang='lat' dir='ltr'><strong>arbitrium,</strong></span> <span class='ocrx_word' id='word_1_294' title='bbox 1030 2111 1124 2165; x_wconf 91' lang='lat' dir='ltr'><strong>sed</strong></span> <span class='ocrx_word' id='word_1_295' title='bbox 1148 2118 1350 2165; x_wconf 86' lang='lat' dir='ltr'><strong>tantum</strong></span> <span class='ocrx_word' id='word_1_296' title='bbox 1376 2111 1570 2165; x_wconf 71' lang='lat' dir='ltr'><strong>divina:</strong></span> <span class='ocrx_word' id='word_1_297' title='bbox 1590 2111 1775 2181; x_wconf 65' lang='lat' dir='ltr'><strong>gratiae</strong></span> <span class='ocrx_word' id='word_1_298' title='bbox 1801 2111 2025 2167; x_wconf 86' lang='lat' dir='ltr'><strong>bonum.</strong></span> 
     </span>
    </p>
   </div>
   <div class='ocr_carea' id='block_1_37' title="bbox 440 2198 2027 2272">
    <p class='ocr_par' dir='ltr' id='par_1_37' title="bbox 440 2198 2027 2272">
     <span class='ocr_line' id='line_1_37' title="bbox 440 2198 2027 2272; baseline 0.001 -19"><span class='ocrx_word' id='word_1_299' title='bbox 440 2198 595 2268; x_wconf 83' lang='lat' dir='ltr'><strong>Quod</strong></span> <span class='ocrx_word' id='word_1_300' title='bbox 623 2213 793 2268; x_wconf 78' lang='lat' dir='ltr'><strong>genus</strong></span> <span class='ocrx_word' id='word_1_301' title='bbox 821 2199 1024 2256; x_wconf 90' lang='lat' dir='ltr'><strong>erroris</strong></span> <span class='ocrx_word' id='word_1_302' title='bbox 1052 2214 1151 2256; x_wconf 88' lang='lat' dir='ltr'><strong>nec</strong></span> <span class='ocrx_word' id='word_1_303' title='bbox 1199 2200 1338 2272; x_wconf 87' lang='lat' dir='ltr'><strong>apud</strong></span> <span class='ocrx_word' id='word_1_304' title='bbox 1387 2201 1691 2267; x_wconf 68' lang='lat' dir='ltr'><strong>haereticos,</strong></span> <span class='ocrx_word' id='word_1_305' title='bbox 1730 2216 1831 2257; x_wconf 68' lang='lat' dir='ltr'><strong>nec</strong></span> <span class='ocrx_word' id='word_1_306' title='bbox 1885 2199 2027 2271; x_wconf 80' lang='lat' dir='ltr'><strong>apud</strong></span> 
     </span>
    </p>
   </div>
   <div class='ocr_carea' id='block_1_38' title="bbox 440 2291 2029 2364">
    <p class='ocr_par' dir='ltr' id='par_1_38' title="bbox 440 2291 2029 2364">
     <span class='ocr_line' id='line_1_38' title="bbox 440 2291 2029 2364; baseline 0.004 -21"><span class='ocrx_word' id='word_1_307' title='bbox 440 2305 770 2362; x_wconf 89' lang='lat' dir='ltr'><strong>quemquam</strong></span> <span class='ocrx_word' id='word_1_308' title='bbox 815 2291 1204 2348; x_wconf 84' lang='lat' dir='ltr'><strong>catholicorum</strong></span> <span class='ocrx_word' id='word_1_309' title='bbox 1228 2308 1327 2347; x_wconf 88' lang='lat' dir='ltr'><strong>nos</strong></span> <span class='ocrx_word' id='word_1_310' title='bbox 1351 2293 1693 2364; x_wconf 81' lang='lat' dir='ltr'><strong>cognovisse,</strong></span> <span class='ocrx_word' id='word_1_311' title='bbox 1748 2293 1833 2349; x_wconf 90' lang='lat' dir='ltr'><strong>vel</strong></span> <span class='ocrx_word' id='word_1_312' title='bbox 1875 2293 2029 2349; x_wconf 86' lang='lat' dir='ltr'><strong>audi-</strong></span> 
     </span>
    </p>
   </div>
   <div class='ocr_carea' id='block_1_39' title="bbox 439 2380 2026 2452">
    <p class='ocr_par' dir='ltr' id='par_1_39' title="bbox 439 2380 2026 2452">
     <span class='ocr_line' id='line_1_39' title="bbox 439 2380 2026 2452; baseline 0.004 -18"><span class='ocrx_word' id='word_1_313' title='bbox 439 2380 989 2448; x_wconf 87' lang='lat' dir='ltr'><strong>visse-meminimus;</strong></span> <span class='ocrx_word' id='word_1_314' title='bbox 1028 2382 1105 2438; x_wconf 90' lang='lat' dir='ltr'><strong>ita</strong></span> <span class='ocrx_word' id='word_1_315' title='bbox 1146 2383 1387 2439; x_wconf 88' lang='lat' dir='ltr'><strong>utetiam</strong></span> <span class='ocrx_word' id='word_1_316' title='bbox 1428 2383 1495 2440; x_wconf 90' lang='lat' dir='ltr'><strong>de</strong></span> <span class='ocrx_word' id='word_1_317' title='bbox 1547 2384 1653 2440; x_wconf 90' lang='lat' dir='ltr'><strong>isto</strong></span> <span class='ocrx_word' id='word_1_318' title='bbox 1691 2385 1795 2441; x_wconf 89' lang='lat' dir='ltr'><strong>hoc</strong></span> <span class='ocrx_word' id='word_1_319' title='bbox 1846 2385 2026 2452; x_wconf 89' lang='lat' dir='ltr'><strong>nobis,</strong></span> 
     </span>
    </p>
   </div>
   <div class='ocr_carea' id='block_1_40' title="bbox 440 2472 1575 2542">
    <p class='ocr_par' dir='ltr' id='par_1_40' title="bbox 440 2472 1575 2542">
     <span class='ocr_line' id='line_1_40' title="bbox 440 2472 1575 2542; baseline 0.002 -15"><span class='ocrx_word' id='word_1_320' title='bbox 440 2472 628 2542; x_wconf 87' lang='lat' dir='ltr'><strong>utjam</strong></span> <span class='ocrx_word' id='word_1_321' title='bbox 666 2473 921 2541; x_wconf 85' lang='lat' dir='ltr'><strong>diximus,</strong></span> <span class='ocrx_word' id='word_1_322' title='bbox 953 2474 1269 2531; x_wconf 85' lang='lat' dir='ltr'><strong>incredibile</strong></span> <span class='ocrx_word' id='word_1_323' title='bbox 1306 2476 1575 2531; x_wconf 85' lang='lat' dir='ltr'><strong>videatur.</strong></span> 
     </span>
    </p>
   </div>
   <div class='ocr_carea' id='block_1_41' title="bbox 514 2563 2036 2639">
    <p class='ocr_par' dir='ltr' id='par_1_41' title="bbox 514 2563 2036 2639">
     <span class='ocr_line' id='line_1_41' title="bbox 514 2563 2036 2639; baseline 0.003 -18"><span class='ocrx_word' id='word_1_324' title='bbox 514 2563 668 2621; x_wconf 90' lang='lat' dir='ltr'><strong>Sicut</strong></span> <span class='ocrx_word' id='word_1_325' title='bbox 706 2566 849 2621; x_wconf 88' lang='lat' dir='ltr'><strong>enim</strong></span> <span class='ocrx_word' id='word_1_326' title='bbox 900 2582 1041 2623; x_wconf 91' lang='lat' dir='ltr'><strong>unus</strong></span> <span class='ocrx_word' id='word_1_327' title='bbox 1086 2576 1247 2637; x_wconf 85' lang='lat' dir='ltr'><strong>atque</strong></span> <span class='ocrx_word' id='word_1_328' title='bbox 1293 2567 1436 2623; x_wconf 85' lang='lat' dir='ltr'><strong>idem</strong></span> <span class='ocrx_word' id='word_1_329' title='bbox 1477 2569 1636 2623; x_wconf 91' lang='lat' dir='ltr'><strong>homo</strong></span> <span class='ocrx_word' id='word_1_330' title='bbox 1674 2575 1853 2639; x_wconf 85' lang='lat' dir='ltr'><strong>potest</strong></span> <span class='ocrx_word' id='word_1_331' title='bbox 1906 2583 2036 2625; x_wconf 82' lang='lat' dir='ltr'><strong>esse</strong></span> 
     </span>
    </p>
   </div>
   <div class='ocr_carea' id='block_1_42' title="bbox 442 2658 2027 2729">
    <p class='ocr_par' dir='ltr' id='par_1_42' title="bbox 442 2658 2027 2729">
     <span class='ocr_line' id='line_1_42' title="bbox 442 2658 2027 2729; baseline 0.002 -18"><span class='ocrx_word' id='word_1_332' title='bbox 442 2670 629 2722; x_wconf 88' lang='lat' dir='ltr'><strong>sanus,</strong></span> <span class='ocrx_word' id='word_1_333' title='bbox 661 2664 716 2711; x_wconf 90' lang='lat' dir='ltr'><strong>et</strong></span> <span class='ocrx_word' id='word_1_334' title='bbox 738 2672 805 2713; x_wconf 81' lang='lat' dir='ltr'><strong>ex</strong></span> <span class='ocrx_word' id='word_1_335' title='bbox 835 2672 968 2713; x_wconf 88' lang='lat' dir='ltr'><strong>sano</strong></span> <span class='ocrx_word' id='word_1_336' title='bbox 996 2658 1237 2727; x_wconf 85' lang='lat' dir='ltr'><strong>qualibet</strong></span> <span class='ocrx_word' id='word_1_337' title='bbox 1267 2658 1681 2729; x_wconf 87' lang='lat' dir='ltr'><strong>intemperantia</strong></span> <span class='ocrx_word' id='word_1_338' title='bbox 1711 2658 1846 2714; x_wconf 77' lang='lat' dir='ltr'><strong>effici</strong></span> <span class='ocrx_word' id='word_1_339' title='bbox 1871 2659 2027 2714; x_wconf 80' lang='lat' dir='ltr'><strong>infir-</strong></span> 
     </span>
    </p>
   </div>
   <div class='ocr_carea' id='block_1_43' title="bbox 442 2750 2031 2819">
    <p class='ocr_par' dir='ltr' id='par_1_43' title="bbox 442 2750 2031 2819">
     <span class='ocr_line' id='line_1_43' title="bbox 442 2750 2031 2819; baseline 0.003 -17"><span class='ocrx_word' id='word_1_340' title='bbox 442 2763 588 2818; x_wconf 88' lang='lat' dir='ltr'><strong>mus,</strong></span> <span class='ocrx_word' id='word_1_341' title='bbox 616 2756 671 2806; x_wconf 88' lang='lat' dir='ltr'><strong>et</strong></span> <span class='ocrx_word' id='word_1_342' title='bbox 694 2751 935 2808; x_wconf 88' lang='lat' dir='ltr'><strong>remedio</strong></span> <span class='ocrx_word' id='word_1_343' title='bbox 965 2750 1192 2808; x_wconf 86' lang='lat' dir='ltr'><strong>salutari</strong></span> <span class='ocrx_word' id='word_1_344' title='bbox 1227 2752 1422 2807; x_wconf 88' lang='lat' dir='ltr'><strong>iterum</strong></span> <span class='ocrx_word' id='word_1_345' title='bbox 1464 2752 1579 2807; x_wconf 80' lang='lat' dir='ltr'><strong>fieri</strong></span> <span class='ocrx_word' id='word_1_346' title='bbox 1606 2767 1803 2819; x_wconf 89' lang='lat' dir='ltr'><strong>sanus;</strong></span> <span class='ocrx_word' id='word_1_347' title='bbox 1852 2751 1933 2808; x_wconf 91' lang='lat' dir='ltr'><strong>sic</strong></span> <span class='ocrx_word' id='word_1_348' title='bbox 1974 2758 2031 2807; x_wconf 87' lang='lat' dir='ltr'><strong>et</strong></span> 
     </span>
    </p>
   </div>
   <div class='ocr_carea' id='block_1_44' title="bbox 442 2837 2031 2915">
    <p class='ocr_par' dir='ltr' id='par_1_44' title="bbox 442 2837 2031 2915">
     <span class='ocr_line' id='line_1_44' title="bbox 442 2837 2031 2915; baseline 0.003 -21"><span class='ocrx_word' id='word_1_349' title='bbox 442 2837 674 2896; x_wconf 89' lang='lat' dir='ltr'><strong>liberum</strong></span> <span class='ocrx_word' id='word_1_350' title='bbox 720 2840 973 2899; x_wconf 67' lang='lat' dir='ltr'><strong>humana:</strong></span> <span class='ocrx_word' id='word_1_351' title='bbox 1000 2843 1201 2900; x_wconf 87' lang='lat' dir='ltr'><strong>mentis</strong></span> <span class='ocrx_word' id='word_1_352' title='bbox 1228 2843 1515 2899; x_wconf 87' lang='lat' dir='ltr'><strong>arbitrium</strong></span> <span class='ocrx_word' id='word_1_353' title='bbox 1557 2843 1701 2915; x_wconf 91' lang='lat' dir='ltr'><strong>quod</strong></span> <span class='ocrx_word' id='word_1_354' title='bbox 1728 2844 1890 2915; x_wconf 89' lang='lat' dir='ltr'><strong>prius</strong></span> <span class='ocrx_word' id='word_1_355' title='bbox 1909 2849 2031 2901; x_wconf 84' lang='lat' dir='ltr'><strong>erat</strong></span> 
     </span>
    </p>
   </div>
   <div class='ocr_carea' id='block_1_45' title="bbox 446 2928 2027 3004">
    <p class='ocr_par' dir='ltr' id='par_1_45' title="bbox 446 2928 2027 3004">
     <span class='ocr_line' id='line_1_45' title="bbox 446 2928 2027 3004; baseline 0.004 -21"><span class='ocrx_word' id='word_1_356' title='bbox 446 2940 661 2997; x_wconf 81' lang='lat' dir='ltr'><strong>sanum,</strong></span> <span class='ocrx_word' id='word_1_357' title='bbox 681 2928 883 2987; x_wconf 90' lang='lat' dir='ltr'><strong>factum</strong></span> <span class='ocrx_word' id='word_1_358' title='bbox 913 2932 1193 3003; x_wconf 88' lang='lat' dir='ltr'><strong>est-primo</strong></span> <span class='ocrx_word' id='word_1_359' title='bbox 1220 2932 1435 2989; x_wconf 88' lang='lat' dir='ltr'><strong>homine</strong></span> <span class='ocrx_word' id='word_1_360' title='bbox 1449 2941 1709 3004; x_wconf 86' lang='lat' dir='ltr'><strong>peccante</strong></span> <span class='ocrx_word' id='word_1_361' title='bbox 1731 2933 2027 2999; x_wconf 86' lang='lat' dir='ltr'><strong>infirmum,</strong></span> 
     </span>
    </p>
   </div>
   <div class='ocr_carea' id='block_1_46' title="bbox 445 3022 2029 3098">
    <p class='ocr_par' dir='ltr' id='par_1_46' title="bbox 445 3022 2029 3098">
     <span class='ocr_line' id='line_1_46' title="bbox 445 3022 2029 3098; baseline 0.003 -21"><span class='ocrx_word' id='word_1_362' title='bbox 445 3022 670 3092; x_wconf 87' lang='lat' dir='ltr'><strong>etquod</strong></span> <span class='ocrx_word' id='word_1_363' title='bbox 710 3032 830 3079; x_wconf 90' lang='lat' dir='ltr'><strong>erat</strong></span> <span class='ocrx_word' id='word_1_364' title='bbox 856 3023 1085 3093; x_wconf 89' lang='lat' dir='ltr'><strong>salvum,</strong></span> <span class='ocrx_word' id='word_1_365' title='bbox 1114 3023 1319 3081; x_wconf 89' lang='lat' dir='ltr'><strong>factum</strong></span> <span class='ocrx_word' id='word_1_366' title='bbox 1357 3033 1441 3081; x_wconf 89' lang='lat' dir='ltr'><strong>est</strong></span> <span class='ocrx_word' id='word_1_367' title='bbox 1469 3026 1775 3095; x_wconf 87' lang='lat' dir='ltr'><strong>perditum;</strong></span> <span class='ocrx_word' id='word_1_368' title='bbox 1802 3023 2029 3098; x_wconf 81' lang='lat' dir='ltr'><strong>etquod</strong></span> 
     </span>
    </p>
   </div>
   <div class='ocr_carea' id='block_1_47' title="bbox 445 3115 2028 3181">
    <p class='ocr_par' dir='ltr' id='par_1_47' title="bbox 445 3115 2028 3181">
     <span class='ocr_line' id='line_1_47' title="bbox 445 3115 2028 3181; baseline 0.001 -11"><span class='ocrx_word' id='word_1_369' title='bbox 445 3121 565 3170; x_wconf 90' lang='lat' dir='ltr'><strong>erat</strong></span> <span class='ocrx_word' id='word_1_370' title='bbox 593 3115 797 3181; x_wconf 91' lang='lat' dir='ltr'><strong>vivum,</strong></span> <span class='ocrx_word' id='word_1_371' title='bbox 830 3115 1031 3171; x_wconf 89' lang='lat' dir='ltr'><strong>factum</strong></span> <span class='ocrx_word' id='word_1_372' title='bbox 1055 3124 1139 3172; x_wconf 88' lang='lat' dir='ltr'><strong>est</strong></span> <span class='ocrx_word' id='word_1_373' title='bbox 1181 3125 1474 3172; x_wconf 90' lang='lat' dir='ltr'><strong>mortuum.</strong></span> <span class='ocrx_word' id='word_1_374' title='bbox 1494 3115 1633 3173; x_wconf 81' lang='lat' dir='ltr'><strong>Vere</strong></span> <span class='ocrx_word' id='word_1_375' title='bbox 1658 3118 1802 3173; x_wconf 90' lang='lat' dir='ltr'><strong>enim</strong></span> <span class='ocrx_word' id='word_1_376' title='bbox 1835 3132 2028 3172; x_wconf 85' lang='lat' dir='ltr'><strong>sanum</strong></span> 
     </span>
    </p>
   </div>
   <div class='ocr_carea' id='block_1_48' title="bbox 2124 1927 3716 1999">
    <p class='ocr_par' dir='ltr' id='par_1_48' title="bbox 2124 1927 3716 1999">
     <span class='ocr_line' id='line_1_48' title="bbox 2124 1927 3716 1999; baseline -0.004 -13"><span class='ocrx_word' id='word_1_377' title='bbox 2124 1930 2225 1986; x_wconf 91' lang='lat' dir='ltr'><strong>dus</strong></span> <span class='ocrx_word' id='word_1_378' title='bbox 2256 1929 2345 1986; x_wconf 92' lang='lat' dir='ltr'><strong>sit.</strong></span> <span class='ocrx_word' id='word_1_379' title='bbox 2375 1928 2493 1987; x_wconf 83' lang='lat' dir='ltr'><strong>Non</strong></span> <span class='ocrx_word' id='word_1_380' title='bbox 2512 1928 2655 1983; x_wconf 90' lang='lat' dir='ltr'><strong>enim</strong></span> <span class='ocrx_word' id='word_1_381' title='bbox 2678 1927 2912 1999; x_wconf 86' lang='lat' dir='ltr'><strong>perdidit</strong></span> <span class='ocrx_word' id='word_1_382' title='bbox 2930 1936 3211 1995; x_wconf 89' lang='lat' dir='ltr'><strong>naturam,</strong></span> <span class='ocrx_word' id='word_1_383' title='bbox 3244 1928 3341 1984; x_wconf 84' lang='lat' dir='ltr'><strong>sed</strong></span> <span class='ocrx_word' id='word_1_384' title='bbox 3366 1927 3573 1983; x_wconf 91' lang='lat' dir='ltr'><strong>bonum</strong></span> <span class='ocrx_word' id='word_1_385' title='bbox 3621 1943 3716 1981; x_wconf 87' lang='lat' dir='ltr'><strong>na-</strong></span> 
     </span>
    </p>
   </div>
   <div class='ocr_carea' id='block_1_49' title="bbox 2128 2017 3717 2089">
    <p class='ocr_par' dir='ltr' id='par_1_49' title="bbox 2128 2017 3717 2089">
     <span class='ocr_line' id='line_1_49' title="bbox 2128 2017 3717 2089; baseline -0.003 -14"><span class='ocrx_word' id='word_1_386' title='bbox 2128 2030 2262 2075; x_wconf 73' lang='lat' dir='ltr'><strong>tura:</strong></span> <span class='ocrx_word' id='word_1_387' title='bbox 2301 2036 2318 2073; x_wconf 91' lang='lat'><strong>:</strong></span> <span class='ocrx_word' id='word_1_388' title='bbox 2360 2034 2468 2074; x_wconf 89' lang='lat' dir='ltr'><strong>non</strong></span> <span class='ocrx_word' id='word_1_389' title='bbox 2534 2018 2771 2089; x_wconf 86' lang='lat' dir='ltr'><strong>perdidit</strong></span> <span class='ocrx_word' id='word_1_390' title='bbox 2819 2017 2978 2085; x_wconf 82' lang='lat' dir='ltr'><strong>velle,</strong></span> <span class='ocrx_word' id='word_1_391' title='bbox 3056 2018 3151 2073; x_wconf 89' lang='lat' dir='ltr'><strong>sed</strong></span> <span class='ocrx_word' id='word_1_392' title='bbox 3208 2018 3445 2088; x_wconf 86' lang='lat' dir='ltr'><strong>perdidit</strong></span> <span class='ocrx_word' id='word_1_393' title='bbox 3510 2017 3717 2072; x_wconf 87' lang='lat' dir='ltr'><strong>bonum</strong></span> 
     </span>
    </p>
   </div>
   <div class='ocr_carea' id='block_1_50' title="bbox 2126 2109 3718 2181">
    <p class='ocr_par' dir='ltr' id='par_1_50' title="bbox 2126 2109 3718 2181">
     <span class='ocr_line' id='line_1_50' title="bbox 2126 2109 3718 2181; baseline -0.003 -14"><span class='ocrx_word' id='word_1_394' title='bbox 2126 2111 2303 2167; x_wconf 89' lang='lat' dir='ltr'><strong>velle:</strong></span> <span class='ocrx_word' id='word_1_395' title='bbox 2330 2125 2431 2165; x_wconf 91' lang='lat' dir='ltr'><strong>nec</strong></span> <span class='ocrx_word' id='word_1_396' title='bbox 2468 2109 2702 2181; x_wconf 87' lang='lat' dir='ltr'><strong>perdidit</strong></span> <span class='ocrx_word' id='word_1_397' title='bbox 2727 2109 2906 2164; x_wconf 89' lang='lat' dir='ltr'><strong>anima</strong></span> <span class='ocrx_word' id='word_1_398' title='bbox 2949 2116 3198 2163; x_wconf 89' lang='lat' dir='ltr'><strong>naturam</strong></span> <span class='ocrx_word' id='word_1_399' title='bbox 3240 2124 3396 2164; x_wconf 89' lang='lat' dir='ltr'><strong>suam</strong></span> <span class='ocrx_word' id='word_1_400' title='bbox 3426 2123 3555 2164; x_wconf 91' lang='lat' dir='ltr'><strong>cum</strong></span> <span class='ocrx_word' id='word_1_401' title='bbox 3603 2122 3718 2163; x_wconf 87' lang='lat' dir='ltr'><strong>mo-</strong></span> 
     </span>
    </p>
   </div>
   <div class='ocr_carea' id='block_1_51' title="bbox 2130 2199 3714 2271">
    <p class='ocr_par' dir='ltr' id='par_1_51' title="bbox 2130 2199 3714 2271">
     <span class='ocr_line' id='line_1_51' title="bbox 2130 2199 3714 2271; baseline -0.002 -15"><span class='ocrx_word' id='word_1_402' title='bbox 2130 2202 2265 2256; x_wconf 88' lang='lat' dir='ltr'><strong>ritur</strong></span> <span class='ocrx_word' id='word_1_403' title='bbox 2296 2218 2310 2254; x_wconf 93' lang='lat'><strong>:</strong></span> <span class='ocrx_word' id='word_1_404' title='bbox 2345 2201 2396 2255; x_wconf 92' lang='lat' dir='ltr'><strong>in</strong></span> <span class='ocrx_word' id='word_1_405' title='bbox 2419 2216 2525 2271; x_wconf 89' lang='lat' dir='ltr'><strong>qua</strong></span> <span class='ocrx_word' id='word_1_406' title='bbox 2556 2200 2698 2256; x_wconf 89' lang='lat' dir='ltr'><strong>sicut</strong></span> <span class='ocrx_word' id='word_1_407' title='bbox 2723 2215 2939 2270; x_wconf 84' lang='lat' dir='ltr'><strong>semper</strong></span> <span class='ocrx_word' id='word_1_408' title='bbox 2967 2200 3173 2265; x_wconf 79' lang='lat' dir='ltr'><strong>existit,</strong></span> <span class='ocrx_word' id='word_1_409' title='bbox 3205 2199 3278 2254; x_wconf 88' lang='lat' dir='ltr'><strong>ita</strong></span> <span class='ocrx_word' id='word_1_410' title='bbox 3308 2204 3365 2256; x_wconf 77' lang='lat' dir='ltr'><strong>‘et</strong></span> <span class='ocrx_word' id='word_1_411' title='bbox 3411 2199 3714 2255; x_wconf 85' lang='lat' dir='ltr'><strong>secundum</strong></span> 
     </span>
    </p>
   </div>
   <div class='ocr_carea' id='block_1_52' title="bbox 2128 2293 3717 2368">
    <p class='ocr_par' dir='ltr' id='par_1_52' title="bbox 2128 2293 3717 2368">
     <span class='ocr_line' id='line_1_52' title="bbox 2128 2293 3717 2368; baseline -0.003 -16"><span class='ocrx_word' id='word_1_412' title='bbox 2128 2296 2415 2368; x_wconf 86' lang='lat' dir='ltr'><strong>quemdam</strong></span> <span class='ocrx_word' id='word_1_413' title='bbox 2435 2295 2652 2351; x_wconf 90' lang='lat' dir='ltr'><strong>modum</strong></span> <span class='ocrx_word' id='word_1_414' title='bbox 2678 2310 2834 2350; x_wconf 84' lang='lat' dir='ltr'><strong>suum</strong></span> <span class='ocrx_word' id='word_1_415' title='bbox 2862 2308 3076 2365; x_wconf 87' lang='lat' dir='ltr'><strong>semper</strong></span> <span class='ocrx_word' id='word_1_416' title='bbox 3098 2293 3251 2349; x_wconf 87' lang='lat' dir='ltr'><strong>vivit.</strong></span> <span class='ocrx_word' id='word_1_417' title='bbox 3284 2293 3352 2348; x_wconf 83' lang='lat' dir='ltr'><strong>Et</strong></span> <span class='ocrx_word' id='word_1_418' title='bbox 3376 2301 3566 2349; x_wconf 88' lang='lat' dir='ltr'><strong>tamen</strong></span> <span class='ocrx_word' id='word_1_419' title='bbox 3592 2307 3717 2348; x_wconf 85' lang='lat' dir='ltr'><strong>vere</strong></span> 
     </span>
    </p>
   </div>
   <div class='ocr_carea' id='block_1_53' title="bbox 2129 2383 3720 2453">
    <p class='ocr_par' dir='ltr' id='par_1_53' title="bbox 2129 2383 3720 2453">
     <span class='ocr_line' id='line_1_53' title="bbox 2129 2383 3720 2453; baseline -0.004 -9"><span class='ocrx_word' id='word_1_420' title='bbox 2129 2389 2389 2453; x_wconf 85' lang='lat' dir='ltr'><strong>moritur,</strong></span> <span class='ocrx_word' id='word_1_421' title='bbox 2426 2402 2535 2443; x_wconf 86' lang='lat' dir='ltr'><strong>non</strong></span> <span class='ocrx_word' id='word_1_422' title='bbox 2574 2386 2868 2443; x_wconf 82' lang='lat' dir='ltr'><strong>abolitione</strong></span> <span class='ocrx_word' id='word_1_423' title='bbox 2907 2386 3244 2449; x_wconf 70' lang='lat' dir='ltr'><strong>substantiae,</strong></span> <span class='ocrx_word' id='word_1_424' title='bbox 3282 2384 3378 2441; x_wconf 86' lang='lat' dir='ltr'><strong>sed</strong></span> <span class='ocrx_word' id='word_1_425' title='bbox 3422 2383 3720 2439; x_wconf 87' lang='lat' dir='ltr'><strong>amissione</strong></span> 
     </span>
    </p>
   </div>
   <div class='ocr_carea' id='block_1_54' title="bbox 2128 2473 3724 2546">
    <p class='ocr_par' dir='ltr' id='par_1_54' title="bbox 2128 2473 3724 2546">
     <span class='ocr_line' id='line_1_54' title="bbox 2128 2473 3724 2546; baseline -0.001 -15"><span class='ocrx_word' id='word_1_426' title='bbox 2128 2492 2271 2533; x_wconf 69' lang='lat' dir='ltr'><strong>verte</strong></span> <span class='ocrx_word' id='word_1_427' title='bbox 2297 2476 2422 2531; x_wconf 76' lang='lat' dir='ltr'><strong>vita:</strong></span> <span class='ocrx_word' id='word_1_428' title='bbox 2448 2490 2583 2541; x_wconf 65' lang='lat' dir='ltr'><strong>suae,</strong></span> <span class='ocrx_word' id='word_1_429' title='bbox 2618 2475 2761 2546; x_wconf 86' lang='lat' dir='ltr'><strong>quod</strong></span> <span class='ocrx_word' id='word_1_430' title='bbox 2790 2474 2865 2530; x_wconf 89' lang='lat' dir='ltr'><strong>illi</strong></span> <span class='ocrx_word' id='word_1_431' title='bbox 2906 2475 3049 2530; x_wconf 91' lang='lat' dir='ltr'><strong>Deus</strong></span> <span class='ocrx_word' id='word_1_432' title='bbox 3074 2482 3178 2530; x_wconf 90' lang='lat' dir='ltr'><strong>est.</strong></span> <span class='ocrx_word' id='word_1_433' title='bbox 3213 2474 3280 2529; x_wconf 83' lang='lat' dir='ltr'><strong>Et</strong></span> <span class='ocrx_word' id='word_1_434' title='bbox 3324 2473 3449 2530; x_wconf 89' lang='lat' dir='ltr'><strong>ideo</strong></span> <span class='ocrx_word' id='word_1_435' title='bbox 3493 2488 3724 2545; x_wconf 85' lang='lat' dir='ltr'><strong>prorsus</strong></span> 
     </span>
    </p>
   </div>
   <div class='ocr_carea' id='block_1_55' title="bbox 2131 2548 3724 2641">
    <p class='ocr_par' dir='ltr' id='par_1_55' title="bbox 2131 2548 3724 2641">
     <span class='ocr_line' id='line_1_55' title="bbox 2131 2548 3724 2641; baseline -0.004 -16"><span class='ocrx_word' id='word_1_436' title='bbox 2131 2570 2305 2641; x_wconf 85' lang='lat' dir='ltr'><strong>ipsum</strong></span> <span class='ocrx_word' id='word_1_437' title='bbox 2333 2568 2562 2624; x_wconf 90' lang='lat' dir='ltr'><strong>liberum</strong></span> <span class='ocrx_word' id='word_1_438' title='bbox 2594 2568 2829 2623; x_wconf 90' lang='lat' dir='ltr'><strong>hominis</strong></span> <span class='ocrx_word' id='word_1_439' title='bbox 2856 2567 3149 2623; x_wconf 89' lang='lat' dir='ltr'><strong>arbitrium</strong></span> <span class='ocrx_word' id='word_1_440' title='bbox 3183 2548 3409 2623; x_wconf 75' lang='lat' dir='ltr'><strong>necesse</strong></span> <span class='ocrx_word' id='word_1_441' title='bbox 3436 2566 3609 2621; x_wconf 84' lang='lat' dir='ltr'><strong>habet</strong></span> <span class='ocrx_word' id='word_1_442' title='bbox 3640 2580 3724 2620; x_wconf 84' lang='lat' dir='ltr'><strong>re-</strong></span> 
     </span>
    </p>
   </div>
   <div class='ocr_carea' id='block_1_56' title="bbox 2130 2655 3720 2734">
    <p class='ocr_par' dir='ltr' id='par_1_56' title="bbox 2130 2655 3720 2734">
     <span class='ocr_line' id='line_1_56' title="bbox 2130 2655 3720 2734; baseline -0.003 -19"><span class='ocrx_word' id='word_1_443' title='bbox 2130 2663 2435 2734; x_wconf 87' lang='lat' dir='ltr'><strong>quirentem</strong></span> <span class='ocrx_word' id='word_1_444' title='bbox 2480 2668 2533 2716; x_wconf 90' lang='lat' dir='ltr'><strong>et</strong></span> <span class='ocrx_word' id='word_1_445' title='bbox 2574 2659 2958 2724; x_wconf 85' lang='lat' dir='ltr'><strong>invenientem,</strong></span> <span class='ocrx_word' id='word_1_446' title='bbox 3001 2667 3060 2714; x_wconf 90' lang='lat' dir='ltr'><strong>ut</strong></span> <span class='ocrx_word' id='word_1_447' title='bbox 3103 2674 3173 2714; x_wconf 75' lang='lat' dir='ltr'><strong>ex</strong></span> <span class='ocrx_word' id='word_1_448' title='bbox 3207 2658 3423 2730; x_wconf 90' lang='lat' dir='ltr'><strong>perdito</strong></span> <span class='ocrx_word' id='word_1_449' title='bbox 3471 2657 3570 2712; x_wconf 80' lang='lat' dir='ltr'><strong>fiat</strong></span> <span class='ocrx_word' id='word_1_450' title='bbox 3613 2655 3720 2711; x_wconf 84' lang='lat' dir='ltr'><strong>sal-</strong></span> 
     </span>
    </p>
   </div>
   <div class='ocr_carea' id='block_1_57' title="bbox 2134 2748 3719 2816">
    <p class='ocr_par' dir='ltr' id='par_1_57' title="bbox 2134 2748 3719 2816">
     <span class='ocr_line' id='line_1_57' title="bbox 2134 2748 3719 2816; baseline -0.003 -8"><span class='ocrx_word' id='word_1_451' title='bbox 2134 2768 2258 2809; x_wconf 82' lang='lat' dir='ltr'><strong>vum</strong></span> <span class='ocrx_word' id='word_1_452' title='bbox 2286 2769 2301 2807; x_wconf 88' lang='lat'><strong>:</strong></span> <span class='ocrx_word' id='word_1_453' title='bbox 2327 2765 2555 2808; x_wconf 85' lang='lat' dir='ltr'><strong>necesse</strong></span> <span class='ocrx_word' id='word_1_454' title='bbox 2591 2751 2755 2807; x_wconf 81' lang='lat' dir='ltr'><strong>habet</strong></span> <span class='ocrx_word' id='word_1_455' title='bbox 2793 2750 3170 2816; x_wconf 81' lang='lat' dir='ltr'><strong>suscitantem,</strong></span> <span class='ocrx_word' id='word_1_456' title='bbox 3220 2757 3275 2805; x_wconf 91' lang='lat' dir='ltr'><strong>et</strong></span> <span class='ocrx_word' id='word_1_457' title='bbox 3328 2748 3719 2815; x_wconf 81' lang='lat' dir='ltr'><strong>vivificantem,</strong></span> 
     </span>
    </p>
   </div>
   <div class='ocr_carea' id='block_1_58' title="bbox 2132 2840 3724 2899">
    <p class='ocr_par' dir='ltr' id='par_1_58' title="bbox 2132 2840 3724 2899">
     <span class='ocr_line' id='line_1_58' title="bbox 2132 2840 3724 2899; baseline -0.001 -1"><span class='ocrx_word' id='word_1_458' title='bbox 2132 2851 2194 2899; x_wconf 88' lang='lat' dir='ltr'><strong>ut</strong></span> <span class='ocrx_word' id='word_1_459' title='bbox 2212 2858 2278 2899; x_wconf 79' lang='lat' dir='ltr'><strong>ex</strong></span> <span class='ocrx_word' id='word_1_460' title='bbox 2306 2852 2519 2899; x_wconf 88' lang='lat' dir='ltr'><strong>mortuo</strong></span> <span class='ocrx_word' id='word_1_461' title='bbox 2554 2842 2648 2898; x_wconf 85' lang='lat' dir='ltr'><strong>fiat</strong></span> <span class='ocrx_word' id='word_1_462' title='bbox 2676 2843 2859 2898; x_wconf 84' lang='lat' dir='ltr'><strong>vivum</strong></span> <span class='ocrx_word' id='word_1_463' title='bbox 2886 2860 2900 2898; x_wconf 91' lang='lat'><strong>:</strong></span> <span class='ocrx_word' id='word_1_464' title='bbox 2935 2856 3161 2899; x_wconf 87' lang='lat' dir='ltr'><strong>necesse</strong></span> <span class='ocrx_word' id='word_1_465' title='bbox 3183 2841 3347 2898; x_wconf 88' lang='lat' dir='ltr'><strong>habet</strong></span> <span class='ocrx_word' id='word_1_466' title='bbox 3374 2842 3545 2898; x_wconf 87' lang='lat' dir='ltr'><strong>etiam</strong></span> <span class='ocrx_word' id='word_1_467' title='bbox 3575 2840 3724 2897; x_wconf 79' lang='lat' dir='ltr'><strong>redi-</strong></span> 
     </span>
    </p>
   </div>
   <div class='ocr_carea' id='block_1_59' title="bbox 2132 2933 3726 3007">
    <p class='ocr_par' dir='ltr' id='par_1_59' title="bbox 2132 2933 3726 3007">
     <span class='ocr_line' id='line_1_59' title="bbox 2132 2933 3726 3007; baseline -0.003 -13"><span class='ocrx_word' id='word_1_468' title='bbox 2132 2945 2396 3004; x_wconf 75' lang='lat' dir='ltr'><strong>mentem,</strong></span> <span class='ocrx_word' id='word_1_469' title='bbox 2444 2945 2507 2992; x_wconf 90' lang='lat' dir='ltr'><strong>ut</strong></span> <span class='ocrx_word' id='word_1_470' title='bbox 2542 2937 2688 3007; x_wconf 89' lang='lat' dir='ltr'><strong>quod</strong></span> <span class='ocrx_word' id='word_1_471' title='bbox 2715 2944 2837 2992; x_wconf 85' lang='lat' dir='ltr'><strong>erat</strong></span> <span class='ocrx_word' id='word_1_472' title='bbox 2883 2935 3133 2991; x_wconf 84' lang='lat' dir='ltr'><strong>servituti</strong></span> <span class='ocrx_word' id='word_1_473' title='bbox 3188 2936 3507 2999; x_wconf 76' lang='lat' dir='ltr'><strong>obnoxium,</strong></span> <span class='ocrx_word' id='word_1_474' title='bbox 3552 2933 3726 3006; x_wconf 84' lang='lat' dir='ltr'><strong>possit</strong></span> 
     </span>
    </p>
   </div>
   <div class='ocr_carea' id='block_1_60' title="bbox 2134 3025 3727 3099">
    <p class='ocr_par' dir='ltr' id='par_1_60' title="bbox 2134 3025 3727 3099">
     <span class='ocr_line' id='line_1_60' title="bbox 2134 3025 3727 3099; baseline -0.004 -12"><span class='ocrx_word' id='word_1_475' title='bbox 2134 3027 2271 3087; x_wconf 73' lang='lat' dir='ltr'><strong>efﬁci</strong></span> <span class='ocrx_word' id='word_1_476' title='bbox 2293 3027 2693 3085; x_wconf 89' lang='lat' dir='ltr'><strong>liberum.Erat</strong></span> <span class='ocrx_word' id='word_1_477' title='bbox 2718 3041 2953 3099; x_wconf 86' lang='lat' dir='ltr'><strong>namque</strong></span> <span class='ocrx_word' id='word_1_478' title='bbox 2975 3026 3223 3083; x_wconf 85' lang='lat' dir='ltr'><strong>servituti</strong></span> <span class='ocrx_word' id='word_1_479' title='bbox 3248 3025 3570 3092; x_wconf 80' lang='lat' dir='ltr'><strong>obnoxium,</strong></span> <span class='ocrx_word' id='word_1_480' title='bbox 3596 3026 3727 3096; x_wconf 81' lang='lat' dir='ltr'><strong>quia</strong></span> 
     </span>
    </p>
   </div>
   <div class='ocr_carea' id='block_1_61' title="bbox 2136 3121 3722 3197">
    <p class='ocr_par' dir='ltr' id='par_1_61' title="bbox 2136 3121 3722 3197">
     <span class='ocr_line' id='line_1_61' title="bbox 2136 3121 3722 3197; baseline -0.004 -17"><span class='ocrx_word' id='word_1_481' title='bbox 2136 3132 2359 3196; x_wconf 86' lang='lat' dir='ltr'><strong>peccato</strong></span> <span class='ocrx_word' id='word_1_482' title='bbox 2387 3125 2760 3197; x_wconf 77' lang='lat' dir='ltr'><strong>subiugatum,</strong></span> <span class='ocrx_word' id='word_1_483' title='bbox 2793 3131 2850 3180; x_wconf 88' lang='lat' dir='ltr'><strong>et</strong></span> <span class='ocrx_word' id='word_1_484' title='bbox 2879 3143 2899 3176; x_wconf 74' lang='grc' dir='ltr'><strong>ε</strong></span> <span class='ocrx_word' id='word_1_485' title='bbox 2938 3122 3116 3179; x_wconf 91' lang='lat' dir='ltr'><strong>omnis</strong></span> <span class='ocrx_word' id='word_1_486' title='bbox 3141 3123 3233 3193; x_wconf 91' lang='lat' dir='ltr'><strong>qui</strong></span> <span class='ocrx_word' id='word_1_487' title='bbox 3271 3121 3402 3179; x_wconf 81' lang='lat' dir='ltr'><strong>facit</strong></span> <span class='ocrx_word' id='word_1_488' title='bbox 3434 3130 3722 3194; x_wconf 85' lang='lat' dir='ltr'><strong>peccatum</strong></span> 
     </span>
    </p>
   </div>
   <div class='ocr_carea' id='block_1_62' title="bbox 448 3178 3724 3287">
    <p class='ocr_par' dir='ltr' id='par_1_62' title="bbox 448 3178 3724 3287">
     <span class='ocr_line' id='line_1_62' title="bbox 448 3178 3724 3287; baseline -0.002 -28"><span class='ocrx_word' id='word_1_489' title='bbox 448 3213 569 3260; x_wconf 88' lang='lat' dir='ltr'><strong>erat</strong></span> <span class='ocrx_word' id='word_1_490' title='bbox 593 3215 717 3262; x_wconf 85' lang='lat' dir='ltr'><strong>ante</strong></span> <span class='ocrx_word' id='word_1_491' title='bbox 736 3178 1017 3277; x_wconf 83' lang='lat' dir='ltr'><strong>peccatum</strong></span> <span class='ocrx_word' id='word_1_492' title='bbox 1053 3208 1203 3264; x_wconf 88' lang='lat' dir='ltr'><strong>nullo</strong></span> <span class='ocrx_word' id='word_1_493' title='bbox 1222 3210 1430 3280; x_wconf 86' lang='lat' dir='ltr'><strong>peccati</strong></span> <span class='ocrx_word' id='word_1_494' title='bbox 1452 3209 1715 3281; x_wconf 74' lang='lat' dir='ltr'><strong>languore</strong></span> <span class='ocrx_word' id='word_1_495' title='bbox 1739 3210 1994 3265; x_wconf 87' lang='lat' dir='ltr'><strong>vitiatum</strong></span> <span class='ocrx_word' id='word_1_496' title='bbox 2013 3250 2029 3277; x_wconf 95' lang='lat'><strong>,</strong></span> <span class='ocrx_word' id='word_1_497' title='bbox 2059 3178 2106 3243; x_wconf 63' lang='grc' dir='ltr'><strong>δ</strong></span> <span class='ocrx_word' id='word_1_498' title='bbox 2139 3178 2328 3272; x_wconf 54' lang='grc' dir='ltr'><strong>ἔοι-νας</strong></span> <span class='ocrx_word' id='word_1_499' title='bbox 2345 3224 2430 3271; x_wconf 85' lang='lat' dir='ltr'><strong>est</strong></span> <span class='ocrx_word' id='word_1_500' title='bbox 2450 3178 2657 3286; x_wconf 55' lang='lat' dir='ltr'><strong>peccati</strong></span> <span class='ocrx_word' id='word_1_501' title='bbox 2683 3178 2866 3287; x_wconf 75' lang='lat' dir='ltr'><strong>(Joan.</strong></span> <span class='ocrx_word' id='word_1_502' title='bbox 2899 3230 3017 3280; x_wconf 85' lang='lat' dir='ltr'><strong>vm,</strong></span> <span class='ocrx_word' id='word_1_503' title='bbox 3046 3213 3136 3280; x_wconf 62' lang='lat'><strong>31,</strong></span> <span class='ocrx_word' id='word_1_504' title='bbox 3160 3178 3277 3284; x_wconf 53' lang='lat'><strong>:56).</strong></span> <span class='ocrx_word' id='word_1_505' title='bbox 3324 3233 3345 3266; x_wconf 73' lang='grc' dir='ltr'><strong>ι</strong></span> <span class='ocrx_word' id='word_1_506' title='bbox 3378 3178 3562 3283; x_wconf 35' lang='lat' dir='ltr'><strong>[qua</strong></span> <span class='ocrx_word' id='word_1_507' title='bbox 3606 3228 3724 3267; x_wconf 62' lang='lat' dir='ltr'><strong>scr-</strong></span> 
     </span>
    </p>
   </div>
   <div class='ocr_carea' id='block_1_63' title="bbox 448 3296 2036 3368">
    <p class='ocr_par' dir='ltr' id='par_1_63' title="bbox 448 3296 2036 3368">
     <span class='ocr_line' id='line_1_63' title="bbox 448 3296 2036 3368; baseline 0.003 -17"><span class='ocrx_word' id='word_1_508' title='bbox 448 3303 505 3351; x_wconf 91' lang='lat' dir='ltr'><strong>et</strong></span> <span class='ocrx_word' id='word_1_509' title='bbox 531 3311 628 3366; x_wconf 88' lang='lat' dir='ltr'><strong>per</strong></span> <span class='ocrx_word' id='word_1_510' title='bbox 657 3296 831 3367; x_wconf 90' lang='lat' dir='ltr'><strong>ipsum</strong></span> <span class='ocrx_word' id='word_1_511' title='bbox 855 3308 1138 3368; x_wconf 90' lang='lat' dir='ltr'><strong>peccatum</strong></span> <span class='ocrx_word' id='word_1_512' title='bbox 1188 3297 1389 3355; x_wconf 89' lang='lat' dir='ltr'><strong>factum</strong></span> <span class='ocrx_word' id='word_1_513' title='bbox 1437 3308 1522 3355; x_wconf 92' lang='lat' dir='ltr'><strong>est</strong></span> <span class='ocrx_word' id='word_1_514' title='bbox 1571 3298 1923 3365; x_wconf 85' lang='lat' dir='ltr'><strong>infirmatum,</strong></span> <span class='ocrx_word' id='word_1_515' title='bbox 1975 3305 2036 3355; x_wconf 91' lang='lat' dir='ltr'><strong>ut</strong></span> 
     </span>
    </p>
   </div>
   <div class='ocr_carea' id='block_1_64' title="bbox 450 3386 2033 3461">
    <p class='ocr_par' dir='ltr' id='par_1_64' title="bbox 450 3386 2033 3461">
     <span class='ocr_line' id='line_1_64' title="bbox 450 3386 2033 3461; baseline 0.004 -22"><span class='ocrx_word' id='word_1_516' title='bbox 450 3386 720 3442; x_wconf 87' lang='lat' dir='ltr'><strong>veraciter</strong></span> <span class='ocrx_word' id='word_1_517' title='bbox 768 3386 964 3444; x_wconf 90' lang='lat' dir='ltr'><strong>clamet</strong></span> <span class='ocrx_word' id='word_1_518' title='bbox 1013 3397 1071 3445; x_wconf 90' lang='lat' dir='ltr'><strong>at</strong></span> <span class='ocrx_word' id='word_1_519' title='bbox 1107 3388 1277 3444; x_wconf 90' lang='lat' dir='ltr'><strong>Deum</strong></span> <span class='ocrx_word' id='word_1_520' title='bbox 1313 3404 1329 3444; x_wconf 89' lang='lat'><strong>:</strong></span> <span class='ocrx_word' id='word_1_521' title='bbox 1382 3407 1403 3441; x_wconf 73' lang='grc' dir='ltr'><strong>ι</strong></span> <span class='ocrx_word' id='word_1_522' title='bbox 1444 3388 1557 3461; x_wconf 79' lang='lat' dir='ltr'><strong>Ego</strong></span> <span class='ocrx_word' id='word_1_523' title='bbox 1600 3389 1711 3445; x_wconf 79' lang='lat' dir='ltr'><strong>dixi</strong></span> <span class='ocrx_word' id='word_1_524' title='bbox 1740 3406 1754 3444; x_wconf 92' lang='lat'><strong>:</strong></span> <span class='ocrx_word' id='word_1_525' title='bbox 1783 3388 2033 3456; x_wconf 86' lang='lat' dir='ltr'><strong>Domine,</strong></span> 
     </span>
    </p>
   </div>
   <div class='ocr_carea' id='block_1_65' title="bbox 450 3475 2035 3551">
    <p class='ocr_par' dir='ltr' id='par_1_65' title="bbox 450 3475 2035 3551">
     <span class='ocr_line' id='line_1_65' title="bbox 450 3475 2035 3551; baseline 0.006 -23"><span class='ocrx_word' id='word_1_526' title='bbox 450 3475 712 3532; x_wconf 85' lang='lat' dir='ltr'><strong>miserere</strong></span> <span class='ocrx_word' id='word_1_527' title='bbox 766 3478 895 3543; x_wconf 90' lang='lat' dir='ltr'><strong>mei,</strong></span> <span class='ocrx_word' id='word_1_528' title='bbox 939 3494 1068 3534; x_wconf 89' lang='lat' dir='ltr'><strong>sana</strong></span> <span class='ocrx_word' id='word_1_529' title='bbox 1122 3480 1360 3534; x_wconf 89' lang='lat' dir='ltr'><strong>animam</strong></span> <span class='ocrx_word' id='word_1_530' title='bbox 1414 3494 1612 3546; x_wconf 88' lang='lat' dir='ltr'><strong>meam,</strong></span> <span class='ocrx_word' id='word_1_531' title='bbox 1660 3479 1785 3551; x_wconf 88' lang='lat' dir='ltr'><strong>quia</strong></span> <span class='ocrx_word' id='word_1_532' title='bbox 1812 3480 2035 3550; x_wconf 82' lang='lat' dir='ltr'><strong>peccavi</strong></span> 
     </span>
    </p>
   </div>
   <div class='ocr_carea' id='block_1_66' title="bbox 451 3565 2036 3642">
    <p class='ocr_par' dir='ltr' id='par_1_66' title="bbox 451 3565 2036 3642">
     <span class='ocr_line' id='line_1_66' title="bbox 451 3565 2036 3642; baseline 0.004 -22"><span class='ocrx_word' id='word_1_533' title='bbox 451 3565 545 3620; x_wconf 88' lang='lat' dir='ltr'><strong>tibi</strong></span> <span class='ocrx_word' id='word_1_534' title='bbox 570 3565 739 3637; x_wconf 77' lang='lat' dir='ltr'><strong>(Psal.</strong></span> <span class='ocrx_word' id='word_1_535' title='bbox 770 3584 860 3623; x_wconf 78' lang='grc' dir='ltr'>ιιι..</span> <span class='ocrx_word' id='word_1_536' title='bbox 887 3567 965 3641; x_wconf 84' lang='grc'><strong>5).</strong></span> <span class='ocrx_word' id='word_1_537' title='bbox 998 3587 1017 3622; x_wconf 75' lang='grc' dir='ltr'><strong>ι</strong></span> <span class='ocrx_word' id='word_1_538' title='bbox 1051 3570 1120 3625; x_wconf 83' lang='grc' dir='ltr'>Ει</span> <span class='ocrx_word' id='word_1_539' title='bbox 1164 3585 1285 3626; x_wconf 93' lang='lat' dir='ltr'><strong>cum</strong></span> <span class='ocrx_word' id='word_1_540' title='bbox 1309 3583 1406 3642; x_wconf 91' lang='lat' dir='ltr'><strong>per</strong></span> <span class='ocrx_word' id='word_1_541' title='bbox 1428 3585 1616 3625; x_wconf 91' lang='lat' dir='ltr'><strong>verum</strong></span> <span class='ocrx_word' id='word_1_542' title='bbox 1646 3571 1912 3628; x_wconf 90' lang='lat' dir='ltr'><strong>medicum</strong></span> <span class='ocrx_word' id='word_1_543' title='bbox 1946 3586 2036 3627; x_wconf 86' lang='lat' dir='ltr'><strong>sa-</strong></span> 
     </span>
    </p>
   </div>
   <div class='ocr_carea' id='block_1_67' title="bbox 453 3659 2035 3733">
    <p class='ocr_par' dir='ltr' id='par_1_67' title="bbox 453 3659 2035 3733">
     <span class='ocr_line' id='line_1_67' title="bbox 453 3659 2035 3733; baseline 0.004 -24"><span class='ocrx_word' id='word_1_544' title='bbox 453 3663 631 3722; x_wconf 90' lang='lat' dir='ltr'><strong>natur,</strong></span> <span class='ocrx_word' id='word_1_545' title='bbox 678 3659 974 3729; x_wconf 81' lang='lat' dir='ltr'><strong>gratulans,</strong></span> <span class='ocrx_word' id='word_1_546' title='bbox 1017 3671 1073 3716; x_wconf 89' lang='lat' dir='ltr'><strong>et</strong></span> <span class='ocrx_word' id='word_1_547' title='bbox 1113 3662 1352 3731; x_wconf 82' lang='lat' dir='ltr'><strong>gratiosa</strong></span> <span class='ocrx_word' id='word_1_548' title='bbox 1378 3676 1511 3733; x_wconf 79' lang='lat' dir='ltr'><strong>gens</strong></span> <span class='ocrx_word' id='word_1_549' title='bbox 1546 3660 1715 3725; x_wconf 86' lang='lat' dir='ltr'><strong>dicit:</strong></span> <span class='ocrx_word' id='word_1_550' title='bbox 1750 3680 1766 3712; x_wconf 77' lang='grc' dir='ltr'><strong>ι</strong></span> <span class='ocrx_word' id='word_1_551' title='bbox 1807 3660 2035 3716; x_wconf 90' lang='lat' dir='ltr'><strong>Domine</strong></span> 
     </span>
    </p>
   </div>
   <div class='ocr_carea' id='block_1_68' title="bbox 452 3745 2030 3825">
    <p class='ocr_par' dir='ltr' id='par_1_68' title="bbox 452 3745 2030 3825">
     <span class='ocr_line' id='line_1_68' title="bbox 452 3745 2030 3825; baseline 0.004 -25"><span class='ocrx_word' id='word_1_552' title='bbox 452 3745 595 3803; x_wconf 91' lang='lat' dir='ltr'><strong>Deus</strong></span> <span class='ocrx_word' id='word_1_553' title='bbox 613 3757 815 3820; x_wconf 89' lang='lat' dir='ltr'><strong>noster,</strong></span> <span class='ocrx_word' id='word_1_554' title='bbox 840 3750 1066 3806; x_wconf 91' lang='lat' dir='ltr'><strong>clamavi</strong></span> <span class='ocrx_word' id='word_1_555' title='bbox 1083 3751 1152 3807; x_wconf 88' lang='lat' dir='ltr'><strong>ad</strong></span> <span class='ocrx_word' id='word_1_556' title='bbox 1182 3761 1233 3807; x_wconf 91' lang='lat' dir='ltr'><strong>te</strong></span> <span class='ocrx_word' id='word_1_557' title='bbox 1261 3761 1317 3807; x_wconf 89' lang='lat' dir='ltr'><strong>et</strong></span> <span class='ocrx_word' id='word_1_558' title='bbox 1345 3752 1549 3808; x_wconf 88' lang='lat' dir='ltr'><strong>sanasti</strong></span> <span class='ocrx_word' id='word_1_559' title='bbox 1570 3766 1659 3809; x_wconf 86' lang='lat' dir='ltr'><strong>me</strong></span> <span class='ocrx_word' id='word_1_560' title='bbox 1685 3750 1859 3825; x_wconf 83' lang='lat' dir='ltr'><strong>(Psal.</strong></span> <span class='ocrx_word' id='word_1_561' title='bbox 1881 3769 2030 3820; x_wconf 67' lang='grc' dir='ltr'>χχιχ,</span> 
     </span>
    </p>
   </div>
   <div class='ocr_carea' id='block_1_69' title="bbox 452 3836 2034 3913">
    <p class='ocr_par' dir='ltr' id='par_1_69' title="bbox 452 3836 2034 3913">
     <span class='ocr_line' id='line_1_69' title="bbox 452 3836 2034 3913; baseline -0.001 -18"><span class='ocrx_word' id='word_1_562' title='bbox 452 3840 529 3910; x_wconf 78' lang='lat'><strong>5).</strong></span> <span class='ocrx_word' id='word_1_563' title='bbox 564 3858 583 3891; x_wconf 80' lang='grc' dir='ltr'><strong>ι</strong></span> <span class='ocrx_word' id='word_1_564' title='bbox 616 3836 754 3895; x_wconf 83' lang='lat' dir='ltr'><strong>Vere</strong></span> <span class='ocrx_word' id='word_1_565' title='bbox 774 3850 895 3897; x_wconf 91' lang='lat' dir='ltr'><strong>erat</strong></span> <span class='ocrx_word' id='word_1_566' title='bbox 950 3841 1181 3907; x_wconf 88' lang='lat' dir='ltr'><strong>salvum,</strong></span> <span class='ocrx_word' id='word_1_567' title='bbox 1227 3842 1372 3913; x_wconf 90' lang='lat' dir='ltr'><strong>quod</strong></span> <span class='ocrx_word' id='word_1_568' title='bbox 1410 3841 1557 3896; x_wconf 90' lang='lat' dir='ltr'><strong>nulla</strong></span> <span class='ocrx_word' id='word_1_569' title='bbox 1617 3841 1847 3897; x_wconf 89' lang='lat' dir='ltr'><strong>interius</strong></span> <span class='ocrx_word' id='word_1_570' title='bbox 1892 3841 2034 3895; x_wconf 87' lang='lat' dir='ltr'><strong>mala</strong></span> 
     </span>
    </p>
   </div>
   <div class='ocr_carea' id='block_1_70' title="bbox 452 3929 2033 4002">
    <p class='ocr_par' dir='ltr' id='par_1_70' title="bbox 452 3929 2033 4002">
     <span class='ocr_line' id='line_1_70' title="bbox 452 3929 2033 4002; baseline 0.004 -20"><span class='ocrx_word' id='word_1_571' title='bbox 452 3929 747 3996; x_wconf 86' lang='lat' dir='ltr'><strong>voluntate,</strong></span> <span class='ocrx_word' id='word_1_572' title='bbox 769 3930 913 3985; x_wconf 89' lang='lat' dir='ltr'><strong>nulla</strong></span> <span class='ocrx_word' id='word_1_573' title='bbox 938 3932 1180 3987; x_wconf 84' lang='lat' dir='ltr'><strong>exterius</strong></span> <span class='ocrx_word' id='word_1_574' title='bbox 1206 3932 1346 3986; x_wconf 90' lang='lat' dir='ltr'><strong>mala</strong></span> <span class='ocrx_word' id='word_1_575' title='bbox 1393 3932 1711 4002; x_wconf 87' lang='lat' dir='ltr'><strong>operatione</strong></span> <span class='ocrx_word' id='word_1_576' title='bbox 1764 3941 1884 3987; x_wconf 89' lang='lat' dir='ltr'><strong>erat</strong></span> <span class='ocrx_word' id='word_1_577' title='bbox 1936 3932 2033 3989; x_wconf 83' lang='lat' dir='ltr'><strong>de-</strong></span> 
     </span>
    </p>
   </div>
   <div class='ocr_carea' id='block_1_71' title="bbox 452 4018 2036 4091">
    <p class='ocr_par' dir='ltr' id='par_1_71' title="bbox 452 4018 2036 4091">
     <span class='ocr_line' id='line_1_71' title="bbox 452 4018 2036 4091; baseline 0.003 -20"><span class='ocrx_word' id='word_1_578' title='bbox 452 4026 761 4088; x_wconf 87' lang='lat' dir='ltr'><strong>pravatum,</strong></span> <span class='ocrx_word' id='word_1_579' title='bbox 814 4018 955 4075; x_wconf 90' lang='lat' dir='ltr'><strong>.sive</strong></span> <span class='ocrx_word' id='word_1_580' title='bbox 1002 4029 1317 4091; x_wconf 89' lang='lat' dir='ltr'><strong>corruptum</strong></span> <span class='ocrx_word' id='word_1_581' title='bbox 1364 4037 1377 4074; x_wconf 93' lang='lat'><strong>:</strong></span> <span class='ocrx_word' id='word_1_582' title='bbox 1426 4028 1483 4076; x_wconf 91' lang='lat' dir='ltr'><strong>et</strong></span> <span class='ocrx_word' id='word_1_583' title='bbox 1528 4036 1658 4077; x_wconf 85' lang='lat' dir='ltr'><strong>vere</strong></span> <span class='ocrx_word' id='word_1_584' title='bbox 1703 4021 1904 4077; x_wconf 89' lang='lat' dir='ltr'><strong>factum</strong></span> <span class='ocrx_word' id='word_1_585' title='bbox 1950 4029 2036 4076; x_wconf 88' lang='lat' dir='ltr'><strong>est</strong></span> 
     </span>
    </p>
   </div>
   <div class='ocr_carea' id='block_1_72' title="bbox 452 4109 2034 4180">
    <p class='ocr_par' dir='ltr' id='par_1_72' title="bbox 452 4109 2034 4180">
     <span class='ocr_line' id='line_1_72' title="bbox 452 4109 2034 4180; baseline 0.004 -17"><span class='ocrx_word' id='word_1_586' title='bbox 452 4109 745 4179; x_wconf 88' lang='lat' dir='ltr'><strong>perditum,</strong></span> <span class='ocrx_word' id='word_1_587' title='bbox 793 4126 917 4165; x_wconf 90' lang='lat' dir='ltr'><strong>eum</strong></span> <span class='ocrx_word' id='word_1_588' title='bbox 958 4111 1099 4166; x_wconf 89' lang='lat' dir='ltr'><strong>mala</strong></span> <span class='ocrx_word' id='word_1_589' title='bbox 1145 4112 1423 4167; x_wconf 90' lang='lat' dir='ltr'><strong>voluntate</strong></span> <span class='ocrx_word' id='word_1_590' title='bbox 1479 4114 1647 4179; x_wconf 79' lang='lat' dir='ltr'><strong>Deum</strong></span> <span class='ocrx_word' id='word_1_591' title='bbox 1693 4114 1953 4180; x_wconf 89' lang='lat' dir='ltr'><strong>deseruit,</strong></span> <span class='ocrx_word' id='word_1_592' title='bbox 1977 4121 2034 4170; x_wconf 90' lang='lat' dir='ltr'><strong>et</strong></span> 
     </span>
    </p>
   </div>
   <div class='ocr_carea' id='block_1_73' title="bbox 454 4200 2034 4271">
    <p class='ocr_par' dir='ltr' id='par_1_73' title="bbox 454 4200 2034 4271">
     <span class='ocr_line' id='line_1_73' title="bbox 454 4200 2034 4271; baseline 0.004 -16"><span class='ocrx_word' id='word_1_593' title='bbox 454 4200 754 4256; x_wconf 90' lang='lat' dir='ltr'><strong>deserendo</strong></span> <span class='ocrx_word' id='word_1_594' title='bbox 782 4201 1002 4267; x_wconf 90' lang='lat' dir='ltr'><strong>bonum,</strong></span> <span class='ocrx_word' id='word_1_595' title='bbox 1034 4202 1177 4271; x_wconf 86' lang='lat' dir='ltr'><strong>quod</strong></span> <span class='ocrx_word' id='word_1_596' title='bbox 1216 4202 1467 4270; x_wconf 85' lang='lat' dir='ltr'><strong>habebat,</strong></span> <span class='ocrx_word' id='word_1_597' title='bbox 1494 4205 1696 4259; x_wconf 84' lang='lat' dir='ltr'><strong>amisit.</strong></span> <span class='ocrx_word' id='word_1_598' title='bbox 1718 4204 1869 4260; x_wconf 87' lang='lat' dir='ltr'><strong>Unde</strong></span> <span class='ocrx_word' id='word_1_599' title='bbox 1892 4205 2034 4261; x_wconf 86' lang='lat' dir='ltr'><strong>hanc</strong></span> 
     </span>
    </p>
   </div>
   <div class='ocr_carea' id='block_1_74' title="bbox 452 4290 2033 4364">
    <p class='ocr_par' dir='ltr' id='par_1_74' title="bbox 452 4290 2033 4364">
     <span class='ocr_line' id='line_1_74' title="bbox 452 4290 2033 4364; baseline 0.004 -21"><span class='ocrx_word' id='word_1_600' title='bbox 452 4291 809 4360; x_wconf 79' lang='lat' dir='ltr'><strong>perditionem</strong></span> <span class='ocrx_word' id='word_1_601' title='bbox 846 4290 900 4346; x_wconf 92' lang='lat' dir='ltr'><strong>in</strong></span> <span class='ocrx_word' id='word_1_602' title='bbox 928 4305 986 4347; x_wconf 89' lang='lat' dir='ltr'><strong>se</strong></span> <span class='ocrx_word' id='word_1_603' title='bbox 1033 4307 1445 4364; x_wconf 80' lang='lat' dir='ltr'><strong>recognoscens,</strong></span> <span class='ocrx_word' id='word_1_604' title='bbox 1500 4303 1663 4363; x_wconf 89' lang='lat' dir='ltr'><strong>atque</strong></span> <span class='ocrx_word' id='word_1_605' title='bbox 1701 4294 1770 4349; x_wconf 89' lang='lat' dir='ltr'><strong>ab</strong></span> <span class='ocrx_word' id='word_1_606' title='bbox 1803 4308 1868 4349; x_wconf 91' lang='lat' dir='ltr'><strong>ea</strong></span> <span class='ocrx_word' id='word_1_607' title='bbox 1897 4294 2033 4351; x_wconf 90' lang='lat' dir='ltr'><strong>libe-</strong></span> 
     </span>
    </p>
   </div>
   <div class='ocr_carea' id='block_1_75' title="bbox 452 4382 2033 4456">
    <p class='ocr_par' dir='ltr' id='par_1_75' title="bbox 452 4382 2033 4456">
     <span class='ocr_line' id='line_1_75' title="bbox 452 4382 2033 4456; baseline 0.007 -19"><span class='ocrx_word' id='word_1_608' title='bbox 452 4383 561 4437; x_wconf 90' lang='lat' dir='ltr'><strong>rari</strong></span> <span class='ocrx_word' id='word_1_609' title='bbox 591 4382 814 4452; x_wconf 89' lang='lat' dir='ltr'><strong>cupiens</strong></span> <span class='ocrx_word' id='word_1_610' title='bbox 843 4383 1166 4456; x_wconf 78' lang='lat' dir='ltr'><strong>iugemiscit,</strong></span> <span class='ocrx_word' id='word_1_611' title='bbox 1192 4394 1245 4441; x_wconf 91' lang='lat' dir='ltr'><strong>et</strong></span> <span class='ocrx_word' id='word_1_612' title='bbox 1268 4387 1437 4442; x_wconf 91' lang='lat' dir='ltr'><strong>dicit:</strong></span> <span class='ocrx_word' id='word_1_613' title='bbox 1467 4406 1488 4439; x_wconf 71' lang='grc' dir='ltr'>σ</span> <span class='ocrx_word' id='word_1_614' title='bbox 1522 4386 1711 4442; x_wconf 89' lang='lat' dir='ltr'><strong>Erravi</strong></span> <span class='ocrx_word' id='word_1_615' title='bbox 1747 4386 1886 4444; x_wconf 87' lang='lat' dir='ltr'><strong>sicut</strong></span> <span class='ocrx_word' id='word_1_616' title='bbox 1915 4390 2033 4448; x_wconf 85' lang='lat' dir='ltr'><strong>ovis</strong></span> 
     </span>
    </p>
   </div>
   <div class='ocr_carea' id='block_1_76' title="bbox 450 4474 2029 4550">
    <p class='ocr_par' dir='ltr' id='par_1_76' title="bbox 450 4474 2029 4550">
     <span class='ocr_line' id='line_1_76' title="bbox 450 4474 2029 4550; baseline 0.006 -23"><span class='ocrx_word' id='word_1_617' title='bbox 450 4489 572 4545; x_wconf 74' lang='lat' dir='ltr'><strong>qua:</strong></span> <span class='ocrx_word' id='word_1_618' title='bbox 600 4474 761 4544; x_wconf 90' lang='lat' dir='ltr'><strong>periit</strong></span> <span class='ocrx_word' id='word_1_619' title='bbox 797 4492 810 4529; x_wconf 91' lang='lat'><strong>:</strong></span> <span class='ocrx_word' id='word_1_620' title='bbox 853 4476 1069 4546; x_wconf 85' lang='lat' dir='ltr'><strong>require</strong></span> <span class='ocrx_word' id='word_1_621' title='bbox 1122 4492 1339 4533; x_wconf 87' lang='lat' dir='ltr'><strong>servum</strong></span> <span class='ocrx_word' id='word_1_622' title='bbox 1388 4486 1562 4545; x_wconf 92' lang='lat' dir='ltr'><strong>tuum,</strong></span> <span class='ocrx_word' id='word_1_623' title='bbox 1607 4479 1732 4550; x_wconf 90' lang='lat' dir='ltr'><strong>quia</strong></span> <span class='ocrx_word' id='word_1_624' title='bbox 1777 4482 2029 4537; x_wconf 89' lang='lat' dir='ltr'><strong>mandata</strong></span> 
     </span>
    </p>
   </div>
   <div class='ocr_carea' id='block_1_77' title="bbox 453 4565 2032 4644">
    <p class='ocr_par' dir='ltr' id='par_1_77' title="bbox 453 4565 2032 4644">
     <span class='ocr_line' id='line_1_77' title="bbox 453 4565 2032 4644; baseline 0.005 -23"><span class='ocrx_word' id='word_1_625' title='bbox 453 4575 540 4621; x_wconf 87' lang='lat' dir='ltr'><strong>tua</strong></span> <span class='ocrx_word' id='word_1_626' title='bbox 570 4583 675 4622; x_wconf 90' lang='lat' dir='ltr'><strong>non</strong></span> <span class='ocrx_word' id='word_1_627' title='bbox 706 4583 825 4623; x_wconf 93' lang='lat' dir='ltr'><strong>sum</strong></span> <span class='ocrx_word' id='word_1_628' title='bbox 850 4568 1049 4624; x_wconf 91' lang='lat' dir='ltr'><strong>oblitus</strong></span> <span class='ocrx_word' id='word_1_629' title='bbox 1097 4565 1268 4641; x_wconf 75' lang='lat' dir='ltr'><strong>(Psal.</strong></span> <span class='ocrx_word' id='word_1_630' title='bbox 1292 4584 1478 4637; x_wconf 80' lang='lat' dir='ltr'><strong>cxvm,</strong></span> <span class='ocrx_word' id='word_1_631' title='bbox 1506 4570 1651 4644; x_wconf 78' lang='grc'><strong>176).</strong></span> <span class='ocrx_word' id='word_1_632' title='bbox 1683 4591 1701 4623; x_wconf 73' lang='grc' dir='ltr'><strong>ι</strong></span> <span class='ocrx_word' id='word_1_633' title='bbox 1741 4572 1807 4627; x_wconf 86' lang='lat' dir='ltr'><strong>Et</strong></span> <span class='ocrx_word' id='word_1_634' title='bbox 1854 4578 2032 4644; x_wconf 85' lang='lat' dir='ltr'><strong>quoti-</strong></span> 
     </span>
    </p>
   </div>
   <div class='ocr_carea' id='block_1_78' title="bbox 450 4655 2030 4733">
    <p class='ocr_par' dir='ltr' id='par_1_78' title="bbox 450 4655 2030 4733">
     <span class='ocr_line' id='line_1_78' title="bbox 450 4655 2030 4733; baseline 0.007 -23"><span class='ocrx_word' id='word_1_635' title='bbox 450 4655 537 4711; x_wconf 88' lang='lat' dir='ltr'><strong>die</strong></span> <span class='ocrx_word' id='word_1_636' title='bbox 572 4658 936 4713; x_wconf 91' lang='lat' dir='ltr'><strong>neeessarium</strong></span> <span class='ocrx_word' id='word_1_637' title='bbox 966 4659 1131 4715; x_wconf 90' lang='lat' dir='ltr'><strong>habet</strong></span> <span class='ocrx_word' id='word_1_638' title='bbox 1151 4670 1505 4730; x_wconf 65' lang='lat' dir='ltr'><strong>qurerentem,</strong></span> <span class='ocrx_word' id='word_1_639' title='bbox 1530 4672 1692 4733; x_wconf 89' lang='lat' dir='ltr'><strong>atque</strong></span> <span class='ocrx_word' id='word_1_640' title='bbox 1731 4663 2030 4721; x_wconf 83' lang='lat' dir='ltr'><strong>salvantem</strong></span> 
     </span>
    </p>
   </div>
   <div class='ocr_carea' id='block_1_79' title="bbox 448 4745 2031 4826">
    <p class='ocr_par' dir='ltr' id='par_1_79' title="bbox 448 4745 2031 4826">
     <span class='ocr_line' id='line_1_79' title="bbox 448 4745 2031 4826; baseline 0.003 -20"><span class='ocrx_word' id='word_1_641' title='bbox 448 4745 621 4813; x_wconf 82' lang='lat' dir='ltr'><strong>illum,</strong></span> <span class='ocrx_word' id='word_1_642' title='bbox 666 4747 758 4818; x_wconf 93' lang='lat' dir='ltr'><strong>qui</strong></span> <span class='ocrx_word' id='word_1_643' title='bbox 796 4748 962 4804; x_wconf 90' lang='lat' dir='ltr'><strong>dicit:</strong></span> <span class='ocrx_word' id='word_1_644' title='bbox 1003 4766 1021 4800; x_wconf 76' lang='grc' dir='ltr'><strong>ι</strong></span> <span class='ocrx_word' id='word_1_645' title='bbox 1056 4748 1219 4805; x_wconf 81' lang='lat' dir='ltr'><strong>Venit</strong></span> <span class='ocrx_word' id='word_1_646' title='bbox 1247 4752 1391 4807; x_wconf 91' lang='lat' dir='ltr'><strong>enim</strong></span> <span class='ocrx_word' id='word_1_647' title='bbox 1419 4751 1587 4807; x_wconf 91' lang='lat' dir='ltr'><strong>Filius</strong></span> <span class='ocrx_word' id='word_1_648' title='bbox 1614 4754 1845 4811; x_wconf 86' lang='lat' dir='ltr'><strong>hominis</strong></span> <span class='ocrx_word' id='word_1_649' title='bbox 1887 4770 2031 4826; x_wconf 64' lang='lat' dir='ltr'><strong>quae-</strong></span> 
     </span>
    </p>
   </div>
   <div class='ocr_carea' id='block_1_80' title="bbox 446 4839 2026 4918">
    <p class='ocr_par' dir='ltr' id='par_1_80' title="bbox 446 4839 2026 4918">
     <span class='ocr_line' id='line_1_80' title="bbox 446 4839 2026 4918; baseline 0.004 -22"><span class='ocrx_word' id='word_1_650' title='bbox 446 4851 589 4903; x_wconf 81' lang='lat' dir='ltr'><strong>rere,</strong></span> <span class='ocrx_word' id='word_1_651' title='bbox 638 4845 691 4893; x_wconf 90' lang='lat' dir='ltr'><strong>et</strong></span> <span class='ocrx_word' id='word_1_652' title='bbox 722 4839 931 4894; x_wconf 87' lang='lat' dir='ltr'><strong>salvum</strong></span> <span class='ocrx_word' id='word_1_653' title='bbox 988 4840 1192 4908; x_wconf 87' lang='lat' dir='ltr'><strong>facere,</strong></span> <span class='ocrx_word' id='word_1_654' title='bbox 1249 4843 1392 4912; x_wconf 88' lang='lat' dir='ltr'><strong>quod</strong></span> <span class='ocrx_word' id='word_1_655' title='bbox 1442 4845 1681 4913; x_wconf 88' lang='lat' dir='ltr'><strong>perierat</strong></span> <span class='ocrx_word' id='word_1_656' title='bbox 1737 4846 1887 4918; x_wconf 88' lang='lat' dir='ltr'><strong>(Luc.</strong></span> <span class='ocrx_word' id='word_1_657' title='bbox 1912 4863 2026 4915; x_wconf 68' lang='grc' dir='ltr'>χιι,</span> 
     </span>
    </p>
   </div>
   <div class='ocr_carea' id='block_1_81' title="bbox 444 4930 2029 5005">
    <p class='ocr_par' dir='ltr' id='par_1_81' title="bbox 444 4930 2029 5005">
     <span class='ocr_line' id='line_1_81' title="bbox 444 4930 2029 5005; baseline 0.006 -20"><span class='ocrx_word' id='word_1_658' title='bbox 444 4930 557 5002; x_wconf 76' lang='grc'><strong>10).</strong></span> <span class='ocrx_word' id='word_1_659' title='bbox 599 4948 618 4984; x_wconf 73' lang='grc' dir='ltr'><strong>ι</strong></span> <span class='ocrx_word' id='word_1_660' title='bbox 651 4931 783 4987; x_wconf 81' lang='lat' dir='ltr'><strong>Erat</strong></span> <span class='ocrx_word' id='word_1_661' title='bbox 818 4933 985 4989; x_wconf 89' lang='lat' dir='ltr'><strong>etiam</strong></span> <span class='ocrx_word' id='word_1_662' title='bbox 1042 4935 1248 5000; x_wconf 87' lang='lat' dir='ltr'><strong>vivum,</strong></span> <span class='ocrx_word' id='word_1_663' title='bbox 1299 4935 1427 5005; x_wconf 86' lang='lat' dir='ltr'><strong>quia</strong></span> <span class='ocrx_word' id='word_1_664' title='bbox 1480 4935 1788 4993; x_wconf 68' lang='lat' dir='ltr'><strong>adhterebat</strong></span> <span class='ocrx_word' id='word_1_665' title='bbox 1812 4938 1911 5003; x_wconf 89' lang='lat' dir='ltr'><strong>illi,</strong></span> <span class='ocrx_word' id='word_1_666' title='bbox 1942 4940 2029 4995; x_wconf 90' lang='lat' dir='ltr'><strong>cui</strong></span> 
     </span>
    </p>
   </div>
   <div class='ocr_carea' id='block_1_82' title="bbox 443 5020 2033 5097">
    <p class='ocr_par' dir='ltr' id='par_1_82' title="bbox 443 5020 2033 5097">
     <span class='ocr_line' id='line_1_82' title="bbox 443 5020 2033 5097; baseline 0.008 -23"><span class='ocrx_word' id='word_1_667' title='bbox 443 5020 713 5077; x_wconf 89' lang='lat' dir='ltr'><strong>dicimus:</strong></span> <span class='ocrx_word' id='word_1_668' title='bbox 743 5042 765 5077; x_wconf 87' lang='grc'><strong><em>‹</em></strong></span> <span class='ocrx_word' id='word_1_669' title='bbox 806 5023 1072 5093; x_wconf 86' lang='lat' dir='ltr'><strong>Quoniam</strong></span> <span class='ocrx_word' id='word_1_670' title='bbox 1108 5028 1247 5097; x_wconf 91' lang='lat' dir='ltr'><strong>apud</strong></span> <span class='ocrx_word' id='word_1_671' title='bbox 1272 5036 1323 5082; x_wconf 91' lang='lat' dir='ltr'><strong>te</strong></span> <span class='ocrx_word' id='word_1_672' title='bbox 1347 5036 1432 5082; x_wconf 90' lang='lat' dir='ltr'><strong>est</strong></span> <span class='ocrx_word' id='word_1_673' title='bbox 1475 5026 1595 5083; x_wconf 81' lang='lat' dir='ltr'><strong>fons</strong></span> <span class='ocrx_word' id='word_1_674' title='bbox 1625 5029 1768 5094; x_wconf 72' lang='lat' dir='ltr'><strong>vitae,</strong></span> <span class='ocrx_word' id='word_1_675' title='bbox 1790 5038 1845 5085; x_wconf 93' lang='lat' dir='ltr'><strong>et</strong></span> <span class='ocrx_word' id='word_1_676' title='bbox 1870 5032 1923 5086; x_wconf 92' lang='lat' dir='ltr'><strong>in</strong></span> <span class='ocrx_word' id='word_1_677' title='bbox 1951 5031 2033 5087; x_wconf 86' lang='lat' dir='ltr'><strong>lu-</strong></span> 
     </span>
    </p>
   </div>
   <div class='ocr_carea' id='block_1_83' title="bbox 441 5110 2031 5192">
    <p class='ocr_par' dir='ltr' id='par_1_83' title="bbox 441 5110 2031 5192">
     <span class='ocr_line' id='line_1_83' title="bbox 441 5110 2031 5192; baseline 0.008 -25"><span class='ocrx_word' id='word_1_678' title='bbox 441 5110 592 5168; x_wconf 88' lang='lat' dir='ltr'><strong>mine</strong></span> <span class='ocrx_word' id='word_1_679' title='bbox 613 5119 705 5169; x_wconf 88' lang='lat' dir='ltr'><strong>tuo</strong></span> <span class='ocrx_word' id='word_1_680' title='bbox 728 5116 1033 5173; x_wconf 89' lang='lat' dir='ltr'><strong>videbimus</strong></span> <span class='ocrx_word' id='word_1_681' title='bbox 1062 5117 1241 5173; x_wconf 89' lang='lat' dir='ltr'><strong>lumen</strong></span> <span class='ocrx_word' id='word_1_682' title='bbox 1272 5117 1443 5191; x_wconf 82' lang='lat' dir='ltr'><strong>(Psal.</strong></span> <span class='ocrx_word' id='word_1_683' title='bbox 1469 5135 1632 5186; x_wconf 75' lang='lat' dir='ltr'><strong>xxxv,</strong></span> <span class='ocrx_word' id='word_1_684' title='bbox 1663 5121 1772 5192; x_wconf 78' lang='grc'><strong>10),</strong></span> <span class='ocrx_word' id='word_1_685' title='bbox 1798 5140 1817 5174; x_wconf 75' lang='grc' dir='ltr'><strong>ι</strong></span> <span class='ocrx_word' id='word_1_686' title='bbox 1844 5123 2031 5179; x_wconf 87' lang='lat' dir='ltr'><strong>vivens</strong></span> 
     </span>
    </p>
   </div>
   <div class='ocr_carea' id='block_1_84' title="bbox 444 5200 2028 5283">
    <p class='ocr_par' dir='ltr' id='par_1_84' title="bbox 444 5200 2028 5283">
     <span class='ocr_line' id='line_1_84' title="bbox 444 5200 2028 5283; baseline 0.006 -25"><span class='ocrx_word' id='word_1_687' title='bbox 444 5201 498 5258; x_wconf 90' lang='lat' dir='ltr'><strong>in</strong></span> <span class='ocrx_word' id='word_1_688' title='bbox 524 5200 635 5270; x_wconf 90' lang='lat' dir='ltr'><strong>illo,</strong></span> <span class='ocrx_word' id='word_1_689' title='bbox 666 5212 721 5258; x_wconf 90' lang='lat' dir='ltr'><strong>et</strong></span> <span class='ocrx_word' id='word_1_690' title='bbox 756 5220 854 5275; x_wconf 90' lang='lat' dir='ltr'><strong>per</strong></span> <span class='ocrx_word' id='word_1_691' title='bbox 896 5206 1071 5275; x_wconf 87' lang='lat' dir='ltr'><strong>illum,</strong></span> <span class='ocrx_word' id='word_1_692' title='bbox 1102 5207 1168 5263; x_wconf 90' lang='lat' dir='ltr'><strong>de</strong></span> <span class='ocrx_word' id='word_1_693' title='bbox 1193 5223 1301 5279; x_wconf 90' lang='lat' dir='ltr'><strong>quo</strong></span> <span class='ocrx_word' id='word_1_694' title='bbox 1340 5210 1395 5264; x_wconf 92' lang='lat' dir='ltr'><strong>in</strong></span> <span class='ocrx_word' id='word_1_695' title='bbox 1439 5209 1733 5281; x_wconf 79' lang='lat' dir='ltr'><strong>Evangelio</strong></span> <span class='ocrx_word' id='word_1_696' title='bbox 1768 5211 2028 5283; x_wconf 89' lang='lat' dir='ltr'><strong>scriptum</strong></span> 
     </span>
    </p>
   </div>
   <div class='ocr_carea' id='block_1_85' title="bbox 443 5295 2030 5376">
    <p class='ocr_par' dir='ltr' id='par_1_85' title="bbox 443 5295 2030 5376">
     <span class='ocr_line' id='line_1_85' title="bbox 443 5295 2030 5376; baseline 0.008 -27"><span class='ocrx_word' id='word_1_697' title='bbox 443 5303 527 5350; x_wconf 86' lang='lat' dir='ltr'><strong>est</strong></span> <span class='ocrx_word' id='word_1_698' title='bbox 558 5311 571 5348; x_wconf 91' lang='lat'><strong>:</strong></span> <span class='ocrx_word' id='word_1_699' title='bbox 610 5313 627 5347; x_wconf 71' lang='grc' dir='ltr'><strong>ι</strong></span> <span class='ocrx_word' id='word_1_700' title='bbox 669 5295 735 5352; x_wconf 86' lang='grc' dir='ltr'>Ει</span> <span class='ocrx_word' id='word_1_701' title='bbox 762 5298 872 5354; x_wconf 87' lang='lat' dir='ltr'><strong>vita</strong></span> <span class='ocrx_word' id='word_1_702' title='bbox 898 5309 1017 5355; x_wconf 89' lang='lat' dir='ltr'><strong>erat</strong></span> <span class='ocrx_word' id='word_1_703' title='bbox 1037 5299 1127 5358; x_wconf 79' lang='lat' dir='ltr'><strong>lux</strong></span> <span class='ocrx_word' id='word_1_704' title='bbox 1155 5300 1434 5358; x_wconf 89' lang='lat' dir='ltr'><strong>hominum</strong></span> <span class='ocrx_word' id='word_1_705' title='bbox 1463 5302 1644 5372; x_wconf 83' lang='lat' dir='ltr'><strong>(Joan.</strong></span> <span class='ocrx_word' id='word_1_706' title='bbox 1677 5320 1719 5370; x_wconf 87' lang='grc' dir='ltr'>ι,</span> <span class='ocrx_word' id='word_1_707' title='bbox 1743 5303 1820 5376; x_wconf 71' lang='grc'><strong>4).</strong></span> <span class='ocrx_word' id='word_1_708' title='bbox 1868 5323 1887 5358; x_wconf 78' lang='grc' dir='ltr'><strong>ι</strong></span> <span class='ocrx_word' id='word_1_709' title='bbox 1923 5303 2030 5361; x_wconf 90' lang='lat' dir='ltr'><strong>Sed</strong></span> 
     </span>
    </p>
   </div>
   <div class='ocr_carea' id='block_1_86' title="bbox 445 5387 2028 5462">
    <p class='ocr_par' dir='ltr' id='par_1_86' title="bbox 445 5387 2028 5462">
     <span class='ocr_line' id='line_1_86' title="bbox 445 5387 2028 5462; baseline 0.008 -20"><span class='ocrx_word' id='word_1_710' title='bbox 445 5387 589 5442; x_wconf 85' lang='lat' dir='ltr'><strong>hanc</strong></span> <span class='ocrx_word' id='word_1_711' title='bbox 633 5388 827 5455; x_wconf 89' lang='lat' dir='ltr'><strong>vitam,</strong></span> <span class='ocrx_word' id='word_1_712' title='bbox 881 5400 1042 5462; x_wconf 88' lang='lat' dir='ltr'><strong>atque</strong></span> <span class='ocrx_word' id='word_1_713' title='bbox 1098 5394 1243 5451; x_wconf 90' lang='lat' dir='ltr'><strong>hunc</strong></span> <span class='ocrx_word' id='word_1_714' title='bbox 1304 5394 1507 5451; x_wconf 91' lang='lat' dir='ltr'><strong>fontem</strong></span> <span class='ocrx_word' id='word_1_715' title='bbox 1556 5395 1682 5452; x_wconf 69' lang='lat' dir='ltr'><strong>vita:</strong></span> <span class='ocrx_word' id='word_1_716' title='bbox 1728 5397 2028 5454; x_wconf 89' lang='lat' dir='ltr'><strong>deserendo</strong></span> 
     </span>
    </p>
   </div>
   <div class='ocr_carea' id='block_1_87' title="bbox 444 5480 2026 5547">
    <p class='ocr_par' dir='ltr' id='par_1_87' title="bbox 444 5480 2026 5547">
     <span class='ocr_line' id='line_1_87' title="bbox 444 5480 2026 5547; baseline 0.007 -11"><span class='ocrx_word' id='word_1_717' title='bbox 444 5480 650 5536; x_wconf 83' lang='lat' dir='ltr'><strong>factum</strong></span> <span class='ocrx_word' id='word_1_718' title='bbox 704 5489 788 5538; x_wconf 92' lang='lat' dir='ltr'><strong>est</strong></span> <span class='ocrx_word' id='word_1_719' title='bbox 830 5497 862 5537; x_wconf 89' lang='lat' dir='ltr'><strong>a</strong></span> <span class='ocrx_word' id='word_1_720' title='bbox 897 5485 1005 5539; x_wconf 88' lang='lat' dir='ltr'><strong>vita</strong></span> <span class='ocrx_word' id='word_1_721' title='bbox 1074 5484 1171 5542; x_wconf 87' lang='lat' dir='ltr'><strong>Dei</strong></span> <span class='ocrx_word' id='word_1_722' title='bbox 1238 5487 1532 5545; x_wconf 87' lang='lat' dir='ltr'><strong>alienatum</strong></span> <span class='ocrx_word' id='word_1_723' title='bbox 1594 5499 1650 5545; x_wconf 91' lang='lat' dir='ltr'><strong>et</strong></span> <span class='ocrx_word' id='word_1_724' title='bbox 1704 5503 2026 5547; x_wconf 89' lang='lat' dir='ltr'><strong>mortuum:</strong></span> 
     </span>
    </p>
   </div>
   <div class='ocr_carea' id='block_1_88' title="bbox 451 5569 2026 5655">
    <p class='ocr_par' dir='ltr' id='par_1_88' title="bbox 451 5569 2026 5655">
     <span class='ocr_line' id='line_1_88' title="bbox 451 5569 2026 5655; baseline 0.011 -32"><span class='ocrx_word' id='word_1_725' title='bbox 451 5589 471 5623; x_wconf 77' lang='grc' dir='ltr'><strong>ι</strong></span> <span class='ocrx_word' id='word_1_726' title='bbox 504 5569 640 5639; x_wconf 86' lang='lat' dir='ltr'><strong>Quia</strong></span> <span class='ocrx_word' id='word_1_727' title='bbox 673 5573 855 5629; x_wconf 86' lang='lat' dir='ltr'><strong>anima</strong></span> <span class='ocrx_word' id='word_1_728' title='bbox 875 5590 998 5645; x_wconf 68' lang='lat' dir='ltr'><strong>qua:</strong></span> <span class='ocrx_word' id='word_1_729' title='bbox 1019 5580 1323 5646; x_wconf 87' lang='lat' dir='ltr'><strong>peccaverit</strong></span> <span class='ocrx_word' id='word_1_730' title='bbox 1352 5579 1468 5650; x_wconf 87' lang='lat' dir='ltr'><strong>ipsa</strong></span> <span class='ocrx_word' id='word_1_731' title='bbox 1513 5581 1778 5639; x_wconf 87' lang='lat' dir='ltr'><strong>morietur</strong></span> <span class='ocrx_word' id='word_1_732' title='bbox 1807 5582 2026 5655; x_wconf 73' lang='lat' dir='ltr'><strong>(Ezech.</strong></span> 
     </span>
    </p>
   </div>
   <div class='ocr_carea' id='block_1_89' title="bbox 445 5665 2008 5737">
    <p class='ocr_par' dir='ltr' id='par_1_89' title="bbox 445 5665 2008 5737">
     <span class='ocr_line' id='line_1_89' title="bbox 445 5665 2008 5737; baseline 0.006 -18"><span class='ocrx_word' id='word_1_733' title='bbox 445 5680 598 5730; x_wconf 77' lang='lat' dir='ltr'><strong>xvrn,</strong></span> <span class='ocrx_word' id='word_1_734' title='bbox 614 5665 691 5737; x_wconf 69' lang='grc'><strong>4).</strong></span> <span class='ocrx_word' id='word_1_735' title='bbox 714 5687 733 5721; x_wconf 78' lang='grc' dir='ltr'><strong>ι</strong></span> <span class='ocrx_word' id='word_1_736' title='bbox 754 5666 865 5725; x_wconf 85' lang='lat' dir='ltr'><strong>Nec</strong></span> <span class='ocrx_word' id='word_1_737' title='bbox 885 5668 1048 5726; x_wconf 86' lang='lat' dir='ltr'><strong>habet</strong></span> <span class='ocrx_word' id='word_1_738' title='bbox 1072 5670 1129 5727; x_wconf 92' lang='lat' dir='ltr'><strong>in</strong></span> <span class='ocrx_word' id='word_1_739' title='bbox 1151 5686 1211 5728; x_wconf 88' lang='lat' dir='ltr'><strong>se</strong></span> <span class='ocrx_word' id='word_1_740' title='bbox 1230 5680 1365 5729; x_wconf 69' lang='lat' dir='ltr'><strong>etes</strong></span> <span class='ocrx_word' id='word_1_741' title='bbox 1388 5688 1448 5729; x_wconf 90' lang='lat' dir='ltr'><strong>se</strong></span> <span class='ocrx_word' id='word_1_742' title='bbox 1466 5673 1633 5729; x_wconf 87' lang='lat' dir='ltr'><strong>ullum</strong></span> <span class='ocrx_word' id='word_1_743' title='bbox 1655 5689 1872 5731; x_wconf 90' lang='lat' dir='ltr'><strong>sensum</strong></span> <span class='ocrx_word' id='word_1_744' title='bbox 1896 5674 2008 5730; x_wconf 89' lang='lat' dir='ltr'><strong>vita</strong></span> 
     </span>
    </p>
   </div>
   <div class='ocr_carea' id='block_1_90' title="bbox 444 5753 2026 5841">
    <p class='ocr_par' dir='ltr' id='par_1_90' title="bbox 444 5753 2026 5841">
     <span class='ocr_line' id='line_1_90' title="bbox 444 5753 2026 5841; baseline 0.008 -30"><span class='ocrx_word' id='word_1_745' title='bbox 444 5753 553 5841; x_wconf 83' lang='lat' dir='ltr'><strong>lem</strong></span> <span class='ocrx_word' id='word_1_746' title='bbox 596 5767 652 5821; x_wconf 85' lang='lat' dir='ltr'><strong>et</strong></span> <span class='ocrx_word' id='word_1_747' title='bbox 695 5760 763 5816; x_wconf 88' lang='lat' dir='ltr'><strong>ad</strong></span> <span class='ocrx_word' id='word_1_748' title='bbox 806 5776 990 5818; x_wconf 87' lang='lat' dir='ltr'><strong>veram</strong></span> <span class='ocrx_word' id='word_1_749' title='bbox 1044 5762 1211 5819; x_wconf 88' lang='lat' dir='ltr'><strong>vitam</strong></span> <span class='ocrx_word' id='word_1_750' title='bbox 1260 5764 1542 5834; x_wconf 88' lang='lat' dir='ltr'><strong>nitentem,</strong></span> <span class='ocrx_word' id='word_1_751' title='bbox 1606 5765 1709 5824; x_wconf 86' lang='lat' dir='ltr'><strong>nisi</strong></span> <span class='ocrx_word' id='word_1_752' title='bbox 1761 5782 1858 5837; x_wconf 86' lang='lat' dir='ltr'><strong>per</strong></span> <span class='ocrx_word' id='word_1_753' title='bbox 1902 5782 2026 5823; x_wconf 90' lang='lat' dir='ltr'><strong>eum</strong></span> 
     </span>
    </p>
   </div>
   <div class='ocr_carea' id='block_1_91' title="bbox 2139 3305 3723 3381">
    <p class='ocr_par' dir='ltr' id='par_1_91' title="bbox 2139 3305 3723 3381">
     <span class='ocr_line' id='line_1_91' title="bbox 2139 3305 3723 3381; baseline -0.004 -15"><span class='ocrx_word' id='word_1_754' title='bbox 2139 3312 2307 3367; x_wconf 90' lang='lat' dir='ltr'><strong>vitute</strong></span> <span class='ocrx_word' id='word_1_755' title='bbox 2331 3310 2392 3366; x_wconf 78' lang='lat' dir='ltr'><strong>tit</strong></span> <span class='ocrx_word' id='word_1_756' title='bbox 2416 3310 2647 3366; x_wconf 90' lang='lat' dir='ltr'><strong>liberum</strong></span> <span class='ocrx_word' id='word_1_757' title='bbox 2666 3325 2764 3381; x_wconf 89' lang='lat' dir='ltr'><strong>per</strong></span> <span class='ocrx_word' id='word_1_758' title='bbox 2790 3324 2917 3365; x_wconf 89' lang='lat' dir='ltr'><strong>eum</strong></span> <span class='ocrx_word' id='word_1_759' title='bbox 2958 3309 3053 3379; x_wconf 88' lang='lat' dir='ltr'><strong>qui</strong></span> <span class='ocrx_word' id='word_1_760' title='bbox 3074 3308 3212 3364; x_wconf 81' lang='lat' dir='ltr'><strong>dixit</strong></span> <span class='ocrx_word' id='word_1_761' title='bbox 3244 3324 3259 3365; x_wconf 89' lang='lat'><strong>:</strong></span> <span class='ocrx_word' id='word_1_762' title='bbox 3297 3307 3355 3364; x_wconf 89' lang='lat' dir='ltr'><strong>Si</strong></span> <span class='ocrx_word' id='word_1_763' title='bbox 3406 3322 3509 3363; x_wconf 88' lang='lat' dir='ltr'><strong>vos</strong></span> <span class='ocrx_word' id='word_1_764' title='bbox 3556 3305 3723 3361; x_wconf 80' lang='lat' dir='ltr'><strong>Filius</strong></span> 
     </span>
    </p>
   </div>
   <div class='ocr_carea' id='block_1_92' title="bbox 2137 3392 3721 3468">
    <p class='ocr_par' dir='ltr' id='par_1_92' title="bbox 2137 3392 3721 3468">
     <span class='ocr_line' id='line_1_92' title="bbox 2137 3392 3721 3468; baseline -0.002 -14"><span class='ocrx_word' id='word_1_765' title='bbox 2137 3398 2469 3468; x_wconf 87' lang='lat' dir='ltr'><strong>liberaverit,</strong></span> <span class='ocrx_word' id='word_1_766' title='bbox 2521 3408 2651 3456; x_wconf 90' lang='lat' dir='ltr'><strong>tune</strong></span> <span class='ocrx_word' id='word_1_767' title='bbox 2687 3411 2813 3454; x_wconf 91' lang='lat' dir='ltr'><strong>vere</strong></span> <span class='ocrx_word' id='word_1_768' title='bbox 2854 3396 3014 3453; x_wconf 85' lang='lat' dir='ltr'><strong>liberi</strong></span> <span class='ocrx_word' id='word_1_769' title='bbox 3055 3397 3227 3453; x_wconf 89' lang='lat' dir='ltr'><strong>eritis.</strong></span> <span class='ocrx_word' id='word_1_770' title='bbox 3279 3392 3347 3452; x_wconf 84' lang='lat' dir='ltr'><strong>Et</strong></span> <span class='ocrx_word' id='word_1_771' title='bbox 3374 3411 3478 3467; x_wconf 89' lang='lat' dir='ltr'><strong>per</strong></span> <span class='ocrx_word' id='word_1_772' title='bbox 3520 3396 3721 3451; x_wconf 84' lang='lat' dir='ltr'><strong>donum</strong></span> 
     </span>
    </p>
   </div>
   <div class='ocr_carea' id='block_1_93' title="bbox 2138 3486 3723 3564">
    <p class='ocr_par' dir='ltr' id='par_1_93' title="bbox 2138 3486 3723 3564">
     <span class='ocr_line' id='line_1_93' title="bbox 2138 3486 3723 3564; baseline -0.004 -15"><span class='ocrx_word' id='word_1_773' title='bbox 2138 3493 2371 3564; x_wconf 87' lang='lat' dir='ltr'><strong>Spiritus</strong></span> <span class='ocrx_word' id='word_1_774' title='bbox 2414 3492 2608 3558; x_wconf 90' lang='lat' dir='ltr'><strong>sancti,</strong></span> <span class='ocrx_word' id='word_1_775' title='bbox 2662 3492 2730 3548; x_wconf 91' lang='lat' dir='ltr'><strong>de</strong></span> <span class='ocrx_word' id='word_1_776' title='bbox 2792 3505 2900 3562; x_wconf 91' lang='lat' dir='ltr'><strong>quo</strong></span> <span class='ocrx_word' id='word_1_777' title='bbox 2928 3489 3219 3562; x_wconf 85' lang='lat' dir='ltr'><strong>Apostolus</strong></span> <span class='ocrx_word' id='word_1_778' title='bbox 3244 3490 3322 3545; x_wconf 91' lang='lat' dir='ltr'><strong>alt</strong></span> <span class='ocrx_word' id='word_1_779' title='bbox 3356 3505 3371 3544; x_wconf 92' lang='lat'><strong>:</strong></span> <span class='ocrx_word' id='word_1_780' title='bbox 3408 3507 3429 3542; x_wconf 85' lang='grc'><em>‹</em></span> <span class='ocrx_word' id='word_1_781' title='bbox 3471 3486 3574 3544; x_wconf 85' lang='lat' dir='ltr'><strong>[lbi</strong></span> <span class='ocrx_word' id='word_1_782' title='bbox 3604 3487 3723 3559; x_wconf 84' lang='lat' dir='ltr'><strong>Spi-</strong></span> 
     </span>
    </p>
   </div>
   <div class='ocr_carea' id='block_1_94' title="bbox 2137 3579 3722 3655">
    <p class='ocr_par' dir='ltr' id='par_1_94' title="bbox 2137 3579 3722 3655">
     <span class='ocr_line' id='line_1_94' title="bbox 2137 3579 3722 3655; baseline -0.004 -14"><span class='ocrx_word' id='word_1_783' title='bbox 2137 3585 2273 3642; x_wconf 83' lang='lat' dir='ltr'><strong>ritus</strong></span> <span class='ocrx_word' id='word_1_784' title='bbox 2298 3584 2534 3651; x_wconf 89' lang='lat' dir='ltr'><strong>Domini,</strong></span> <span class='ocrx_word' id='word_1_785' title='bbox 2562 3583 2633 3639; x_wconf 90' lang='lat' dir='ltr'><strong>ibi</strong></span> <span class='ocrx_word' id='word_1_786' title='bbox 2656 3582 2879 3639; x_wconf 89' lang='lat' dir='ltr'><strong>libertas</strong></span> <span class='ocrx_word' id='word_1_787' title='bbox 2928 3581 3013 3655; x_wconf 90' lang='lat' dir='ltr'><strong>(Il</strong></span> <span class='ocrx_word' id='word_1_788' title='bbox 3044 3580 3166 3637; x_wconf 89' lang='lat' dir='ltr'><strong>Cor.</strong></span> <span class='ocrx_word' id='word_1_789' title='bbox 3199 3598 3283 3648; x_wconf 88' lang='grc' dir='ltr'>ιιι,</span> <span class='ocrx_word' id='word_1_790' title='bbox 3328 3582 3437 3653; x_wconf 82' lang='grc'><strong>17).</strong></span> <span class='ocrx_word' id='word_1_791' title='bbox 3488 3600 3507 3633; x_wconf 77' lang='grc' dir='ltr'><strong>ι</strong></span> <span class='ocrx_word' id='word_1_792' title='bbox 3538 3579 3722 3635; x_wconf 77' lang='lat' dir='ltr'><strong>Perdi-</strong></span> 
     </span>
    </p>
   </div>
   <div class='ocr_carea' id='block_1_95' title="bbox 2135 3670 3721 3746">
    <p class='ocr_par' dir='ltr' id='par_1_95' title="bbox 2135 3670 3721 3746">
     <span class='ocr_line' id='line_1_95' title="bbox 2135 3670 3721 3746; baseline -0.003 -15"><span class='ocrx_word' id='word_1_793' title='bbox 2135 3674 2289 3731; x_wconf 89' lang='lat' dir='ltr'><strong>derat</strong></span> <span class='ocrx_word' id='word_1_794' title='bbox 2317 3676 2499 3746; x_wconf 86' lang='lat' dir='ltr'><strong>itaque</strong></span> <span class='ocrx_word' id='word_1_795' title='bbox 2519 3673 2680 3729; x_wconf 88' lang='lat' dir='ltr'><strong>homo</strong></span> <span class='ocrx_word' id='word_1_796' title='bbox 2694 3687 2790 3744; x_wconf 82' lang='lat' dir='ltr'><strong>per</strong></span> <span class='ocrx_word' id='word_1_797' title='bbox 2803 3672 2993 3743; x_wconf 74' lang='lat' dir='ltr'><strong>prima:</strong></span> <span class='ocrx_word' id='word_1_798' title='bbox 3009 3670 3473 3743; x_wconf 65' lang='lat' dir='ltr'><strong>praevaricationis</strong></span> <span class='ocrx_word' id='word_1_799' title='bbox 3486 3671 3721 3742; x_wconf 82' lang='lat' dir='ltr'><strong>lapsum,</strong></span> 
     </span>
    </p>
   </div>
   <div class='ocr_carea' id='block_1_96' title="bbox 2135 3762 3721 3836">
    <p class='ocr_par' dir='ltr' id='par_1_96' title="bbox 2135 3762 3721 3836">
     <span class='ocr_line' id='line_1_96' title="bbox 2135 3762 3721 3836; baseline -0.003 -15"><span class='ocrx_word' id='word_1_800' title='bbox 2135 3774 2191 3823; x_wconf 90' lang='lat' dir='ltr'><strong>et</strong></span> <span class='ocrx_word' id='word_1_801' title='bbox 2209 3767 2262 3821; x_wconf 91' lang='lat' dir='ltr'><strong>in</strong></span> <span class='ocrx_word' id='word_1_802' title='bbox 2293 3780 2358 3821; x_wconf 89' lang='lat' dir='ltr'><strong>eo</strong></span> <span class='ocrx_word' id='word_1_803' title='bbox 2382 3779 2541 3820; x_wconf 91' lang='lat' dir='ltr'><strong>omne</strong></span> <span class='ocrx_word' id='word_1_804' title='bbox 2562 3778 2732 3836; x_wconf 85' lang='lat' dir='ltr'><strong>genus</strong></span> <span class='ocrx_word' id='word_1_805' title='bbox 2757 3764 3074 3829; x_wconf 90' lang='lat' dir='ltr'><strong>humanum,</strong></span> <span class='ocrx_word' id='word_1_806' title='bbox 3107 3776 3292 3817; x_wconf 88' lang='lat' dir='ltr'><strong>veram</strong></span> <span class='ocrx_word' id='word_1_807' title='bbox 3321 3762 3533 3819; x_wconf 90' lang='lat' dir='ltr'><strong>arbitrii</strong></span> <span class='ocrx_word' id='word_1_808' title='bbox 3556 3763 3721 3820; x_wconf 87' lang='lat' dir='ltr'><strong>liber-</strong></span> 
     </span>
    </p>
   </div>
   <div class='ocr_carea' id='block_1_97' title="bbox 2137 3853 3724 3927">
    <p class='ocr_par' dir='ltr' id='par_1_97' title="bbox 2137 3853 3724 3927">
     <span class='ocr_line' id='line_1_97' title="bbox 2137 3853 3724 3927; baseline -0.002 -16"><span class='ocrx_word' id='word_1_809' title='bbox 2137 3863 2322 3921; x_wconf 88' lang='lat' dir='ltr'><strong>tatem,</strong></span> <span class='ocrx_word' id='word_1_810' title='bbox 2351 3872 2455 3927; x_wconf 91' lang='lat' dir='ltr'><strong>qua</strong></span> <span class='ocrx_word' id='word_1_811' title='bbox 2482 3864 2640 3910; x_wconf 88' lang='lat' dir='ltr'><strong>antea</strong></span> <span class='ocrx_word' id='word_1_812' title='bbox 2691 3854 2922 3910; x_wconf 90' lang='lat' dir='ltr'><strong>liberum</strong></span> <span class='ocrx_word' id='word_1_813' title='bbox 2971 3861 3091 3909; x_wconf 88' lang='lat' dir='ltr'><strong>erat</strong></span> <span class='ocrx_word' id='word_1_814' title='bbox 3134 3853 3204 3909; x_wconf 90' lang='lat' dir='ltr'><strong>ad</strong></span> <span class='ocrx_word' id='word_1_815' title='bbox 3246 3853 3615 3924; x_wconf 87' lang='lat' dir='ltr'><strong>appetendum</strong></span> <span class='ocrx_word' id='word_1_816' title='bbox 3670 3862 3724 3908; x_wconf 86' lang='lat' dir='ltr'><strong>et</strong></span> 
     </span>
    </p>
   </div>
   <div class='ocr_carea' id='block_1_98' title="bbox 2135 3946 3718 4011">
    <p class='ocr_par' dir='ltr' id='par_1_98' title="bbox 2135 3946 3718 4011">
     <span class='ocr_line' id='line_1_98' title="bbox 2135 3946 3718 4011; baseline -0.004 -6"><span class='ocrx_word' id='word_1_817' title='bbox 2135 3947 2440 4005; x_wconf 84' lang='lat' dir='ltr'><strong>habendum</strong></span> <span class='ocrx_word' id='word_1_818' title='bbox 2495 3962 2685 4002; x_wconf 86' lang='lat' dir='ltr'><strong>verum</strong></span> <span class='ocrx_word' id='word_1_819' title='bbox 2721 3954 2777 4002; x_wconf 91' lang='lat' dir='ltr'><strong>et</strong></span> <span class='ocrx_word' id='word_1_820' title='bbox 2803 3946 3066 4011; x_wconf 89' lang='lat' dir='ltr'><strong>divinum,</strong></span> <span class='ocrx_word' id='word_1_821' title='bbox 3105 3952 3161 4001; x_wconf 90' lang='lat' dir='ltr'><strong>et</strong></span> <span class='ocrx_word' id='word_1_822' title='bbox 3191 3951 3454 4001; x_wconf 72' lang='lat' dir='ltr'><strong>azternuut</strong></span> <span class='ocrx_word' id='word_1_823' title='bbox 3496 3946 3718 4001; x_wconf 89' lang='lat' dir='ltr'><strong>bonum.</strong></span> 
     </span>
    </p>
   </div>
   <div class='ocr_carea' id='block_1_99' title="bbox 2133 4034 3724 4095">
    <p class='ocr_par' dir='ltr' id='par_1_99' title="bbox 2133 4034 3724 4095">
     <span class='ocr_line' id='line_1_99' title="bbox 2133 4034 3724 4095; baseline -0.003 -2"><span class='ocrx_word' id='word_1_824' title='bbox 2133 4037 2244 4095; x_wconf 80' lang='lat' dir='ltr'><strong>Nec</strong></span> <span class='ocrx_word' id='word_1_825' title='bbox 2286 4039 2423 4093; x_wconf 84' lang='lat' dir='ltr'><strong>hanc</strong></span> <span class='ocrx_word' id='word_1_826' title='bbox 2444 4037 2656 4093; x_wconf 80' lang='lat' dir='ltr'><strong>felicem</strong></span> <span class='ocrx_word' id='word_1_827' title='bbox 2696 4043 2751 4092; x_wconf 90' lang='lat' dir='ltr'><strong>et</strong></span> <span class='ocrx_word' id='word_1_828' title='bbox 2775 4051 2962 4092; x_wconf 89' lang='lat' dir='ltr'><strong>veram</strong></span> <span class='ocrx_word' id='word_1_829' title='bbox 3004 4036 3159 4091; x_wconf 62' lang='lat' dir='ltr'><strong>bonae</strong></span> <span class='ocrx_word' id='word_1_830' title='bbox 3207 4034 3511 4092; x_wconf 82' lang='lat' dir='ltr'><strong>voluntatis</strong></span> <span class='ocrx_word' id='word_1_831' title='bbox 3556 4034 3724 4091; x_wconf 87' lang='lat' dir='ltr'><strong>liber-</strong></span> 
     </span>
    </p>
   </div>
   <div class='ocr_carea' id='block_1_100' title="bbox 2136 4126 3725 4199">
    <p class='ocr_par' dir='ltr' id='par_1_100' title="bbox 2136 4126 3725 4199">
     <span class='ocr_line' id='line_1_100' title="bbox 2136 4126 3725 4199; baseline -0.004 -12"><span class='ocrx_word' id='word_1_832' title='bbox 2136 4138 2298 4187; x_wconf 87' lang='lat' dir='ltr'><strong>tatem</strong></span> <span class='ocrx_word' id='word_1_833' title='bbox 2324 4129 2433 4184; x_wconf 92' lang='lat' dir='ltr'><strong>ullo</strong></span> <span class='ocrx_word' id='word_1_834' title='bbox 2459 4129 2617 4185; x_wconf 88' lang='lat' dir='ltr'><strong>modo</strong></span> <span class='ocrx_word' id='word_1_835' title='bbox 2643 4127 2786 4184; x_wconf 86' lang='lat' dir='ltr'><strong>valet</strong></span> <span class='ocrx_word' id='word_1_836' title='bbox 2831 4126 3091 4199; x_wconf 88' lang='lat' dir='ltr'><strong>recipere,</strong></span> <span class='ocrx_word' id='word_1_837' title='bbox 3125 4126 3229 4182; x_wconf 89' lang='lat' dir='ltr'><strong>nisi</strong></span> <span class='ocrx_word' id='word_1_838' title='bbox 3257 4142 3358 4198; x_wconf 86' lang='lat' dir='ltr'><strong>per</strong></span> <span class='ocrx_word' id='word_1_839' title='bbox 3395 4127 3725 4197; x_wconf 89' lang='lat' dir='ltr'><strong>redemptio-</strong></span> 
     </span>
    </p>
   </div>
   <div class='ocr_carea' id='block_1_101' title="bbox 2131 4216 3715 4290">
    <p class='ocr_par' dir='ltr' id='par_1_101' title="bbox 2131 4216 3715 4290">
     <span class='ocr_line' id='line_1_101' title="bbox 2131 4216 3715 4290; baseline -0.004 -12"><span class='ocrx_word' id='word_1_840' title='bbox 2131 4237 2256 4278; x_wconf 75' lang='lat' dir='ltr'><strong>nem</strong></span> <span class='ocrx_word' id='word_1_841' title='bbox 2282 4220 2485 4278; x_wconf 87' lang='lat' dir='ltr'><strong>Christi</strong></span> <span class='ocrx_word' id='word_1_842' title='bbox 2511 4222 2604 4275; x_wconf 87' lang='lat' dir='ltr'><strong>liat</strong></span> <span class='ocrx_word' id='word_1_843' title='bbox 2653 4219 2905 4286; x_wconf 90' lang='lat' dir='ltr'><strong>liberum,</strong></span> <span class='ocrx_word' id='word_1_844' title='bbox 2947 4227 3003 4274; x_wconf 92' lang='lat' dir='ltr'><strong>et</strong></span> <span class='ocrx_word' id='word_1_845' title='bbox 3056 4234 3158 4290; x_wconf 90' lang='lat' dir='ltr'><strong>per</strong></span> <span class='ocrx_word' id='word_1_846' title='bbox 3204 4218 3438 4286; x_wconf 76' lang='lat' dir='ltr'><strong>gratiam</strong></span> <span class='ocrx_word' id='word_1_847' title='bbox 3479 4216 3715 4288; x_wconf 84' lang='lat' dir='ltr'><strong>Spiritus</strong></span> 
     </span>
    </p>
   </div>
   <div class='ocr_carea' id='block_1_102' title="bbox 2132 4305 3724 4379">
    <p class='ocr_par' dir='ltr' id='par_1_102' title="bbox 2132 4305 3724 4379">
     <span class='ocr_line' id='line_1_102' title="bbox 2132 4305 3724 4379; baseline -0.003 -12"><span class='ocrx_word' id='word_1_848' title='bbox 2132 4310 2324 4375; x_wconf 85' lang='lat' dir='ltr'><strong>sancti,</strong></span> <span class='ocrx_word' id='word_1_849' title='bbox 2356 4310 2421 4365; x_wconf 91' lang='lat' dir='ltr'><strong>de</strong></span> <span class='ocrx_word' id='word_1_850' title='bbox 2459 4310 2719 4365; x_wconf 89' lang='lat' dir='ltr'><strong>servitute</strong></span> <span class='ocrx_word' id='word_1_851' title='bbox 2775 4307 3009 4379; x_wconf 89' lang='lat' dir='ltr'><strong>peccati,</strong></span> <span class='ocrx_word' id='word_1_852' title='bbox 3045 4307 3100 4362; x_wconf 91' lang='lat' dir='ltr'><strong>in</strong></span> <span class='ocrx_word' id='word_1_853' title='bbox 3145 4307 3455 4363; x_wconf 84' lang='lat' dir='ltr'><strong>libertatem</strong></span> <span class='ocrx_word' id='word_1_854' title='bbox 3494 4305 3724 4377; x_wconf 65' lang='lat' dir='ltr'><strong>iustitia</strong></span> 
     </span>
    </p>
   </div>
   <div class='ocr_carea' id='block_1_103' title="bbox 2131 4398 2512 4456">
    <p class='ocr_par' dir='ltr' id='par_1_103' title="bbox 2131 4398 2512 4456">
     <span class='ocr_line' id='line_1_103' title="bbox 2131 4398 2512 4456; baseline -0.008 0"><span class='ocrx_word' id='word_1_855' title='bbox 2131 4398 2512 4456; x_wconf 83' lang='lat' dir='ltr'><strong>transferatur.</strong></span> 
     </span>
    </p>
   </div>
   <div class='ocr_carea' id='block_1_104' title="bbox 2733 4487 3174 4546">
    <p class='ocr_par' dir='ltr' id='par_1_104' title="bbox 2733 4487 3174 4546">
     <span class='ocr_line' id='line_1_104' title="bbox 2733 4487 3174 4546; baseline -0.005 0"><span class='ocrx_word' id='word_1_856' title='bbox 2733 4487 2961 4546; x_wconf 84' lang='lat' dir='ltr'><strong>CAPUT</strong></span> <span class='ocrx_word' id='word_1_857' title='bbox 3010 4487 3174 4544; x_wconf 72' lang='lat' dir='ltr'><strong>XXII.</strong></span> 
     </span>
    </p>
   </div>
   <div class='ocr_carea' id='block_1_105' title="bbox 2138 4579 3722 4647">
    <p class='ocr_par' dir='ltr' id='par_1_105' title="bbox 2138 4579 3722 4647">
     <span class='ocr_line' id='line_1_105' title="bbox 2138 4579 3722 4647; baseline -0.001 -10"><span class='ocrx_word' id='word_1_858' title='bbox 2138 4580 2381 4638; x_wconf 84' lang='lat' dir='ltr'><strong>Liberum</strong></span> <span class='ocrx_word' id='word_1_859' title='bbox 2408 4582 2709 4647; x_wconf 84' lang='lat' dir='ltr'><strong>arbitrium,</strong></span> <span class='ocrx_word' id='word_1_860' title='bbox 2763 4581 2818 4635; x_wconf 81' lang='lat' dir='ltr'><strong>id</strong></span> <span class='ocrx_word' id='word_1_861' title='bbox 2848 4590 2921 4635; x_wconf 82' lang='lat' dir='ltr'><strong>est</strong></span> <span class='ocrx_word' id='word_1_862' title='bbox 2952 4589 3092 4635; x_wconf 82' lang='lat' dir='ltr'><strong>recta</strong></span> <span class='ocrx_word' id='word_1_863' title='bbox 3134 4579 3402 4644; x_wconf 72' lang='lat' dir='ltr'><strong>uoluntas,</strong></span> <span class='ocrx_word' id='word_1_864' title='bbox 3438 4591 3722 4635; x_wconf 66' lang='lat' dir='ltr'><strong>renovatur</strong></span> 
     </span>
    </p>
   </div>
   <div class='ocr_carea' id='block_1_106' title="bbox 2346 4649 3506 4723">
    <p class='ocr_par' dir='ltr' id='par_1_106' title="bbox 2346 4649 3506 4723">
     <span class='ocr_line' id='line_1_106' title="bbox 2346 4649 3506 4723; baseline -0.002 -17"><span class='ocrx_word' id='word_1_865' title='bbox 2346 4652 2411 4707; x_wconf 80' lang='lat' dir='ltr'><strong>de</strong></span> <span class='ocrx_word' id='word_1_866' title='bbox 2436 4653 2521 4707; x_wconf 79' lang='lat' dir='ltr'><strong>die</strong></span> <span class='ocrx_word' id='word_1_867' title='bbox 2544 4653 2597 4705; x_wconf 83' lang='lat' dir='ltr'><strong>in</strong></span> <span class='ocrx_word' id='word_1_868' title='bbox 2618 4652 2776 4706; x_wconf 85' lang='lat' dir='ltr'><strong>diem.</strong></span> <span class='ocrx_word' id='word_1_869' title='bbox 2812 4649 2892 4706; x_wconf 81' lang='lat' dir='ltr'><strong>De</strong></span> <span class='ocrx_word' id='word_1_870' title='bbox 2920 4651 3158 4723; x_wconf 77' lang='lat' dir='ltr'><strong>operibus</strong></span> <span class='ocrx_word' id='word_1_871' title='bbox 3186 4651 3506 4720; x_wconf 73' lang='lat' dir='ltr'><strong>inﬁdelium.</strong></span> 
     </span>
    </p>
   </div>
   <div class='ocr_carea' id='block_1_107' title="bbox 2206 4763 3719 4836">
    <p class='ocr_par' dir='ltr' id='par_1_107' title="bbox 2206 4763 3719 4836">
     <span class='ocr_line' id='line_1_107' title="bbox 2206 4763 3719 4836; baseline 0.001 -17"><span class='ocrx_word' id='word_1_872' title='bbox 2206 4763 2332 4820; x_wconf 68' lang='lat' dir='ltr'><strong>Haec</strong></span> <span class='ocrx_word' id='word_1_873' title='bbox 2359 4773 2444 4819; x_wconf 89' lang='lat' dir='ltr'><strong>est</strong></span> <span class='ocrx_word' id='word_1_874' title='bbox 2473 4778 2602 4835; x_wconf 82' lang='lat' dir='ltr'><strong>ergo</strong></span> <span class='ocrx_word' id='word_1_875' title='bbox 2621 4764 2929 4832; x_wconf 85' lang='lat' dir='ltr'><strong>inﬁrmitas,</strong></span> <span class='ocrx_word' id='word_1_876' title='bbox 2960 4775 3013 4821; x_wconf 91' lang='lat' dir='ltr'><strong>et</strong></span> <span class='ocrx_word' id='word_1_877' title='bbox 3044 4765 3297 4836; x_wconf 88' lang='lat' dir='ltr'><strong>perditio,</strong></span> <span class='ocrx_word' id='word_1_878' title='bbox 3322 4773 3377 4822; x_wconf 91' lang='lat' dir='ltr'><strong>et</strong></span> <span class='ocrx_word' id='word_1_879' title='bbox 3392 4782 3540 4822; x_wconf 86' lang='lat' dir='ltr'><strong>mors</strong></span> <span class='ocrx_word' id='word_1_880' title='bbox 3562 4765 3719 4821; x_wconf 86' lang='lat' dir='ltr'><strong>liberi</strong></span> 
     </span>
    </p>
   </div>
   <div class='ocr_carea' id='block_1_108' title="bbox 2136 4855 3719 4928">
    <p class='ocr_par' dir='ltr' id='par_1_108' title="bbox 2136 4855 3719 4928">
     <span class='ocr_line' id='line_1_108' title="bbox 2136 4855 3719 4928; baseline 0.002 -18"><span class='ocrx_word' id='word_1_881' title='bbox 2136 4855 2345 4911; x_wconf 91' lang='lat' dir='ltr'><strong>arbitrii</strong></span> <span class='ocrx_word' id='word_1_882' title='bbox 2374 4868 2470 4926; x_wconf 88' lang='lat' dir='ltr'><strong>per</strong></span> <span class='ocrx_word' id='word_1_883' title='bbox 2492 4872 2658 4910; x_wconf 92' lang='lat' dir='ltr'><strong>unum</strong></span> <span class='ocrx_word' id='word_1_884' title='bbox 2711 4856 2983 4912; x_wconf 88' lang='lat' dir='ltr'><strong>hominem</strong></span> <span class='ocrx_word' id='word_1_885' title='bbox 3027 4857 3273 4928; x_wconf 81' lang='lat' dir='ltr'><strong>ingressa</strong></span> <span class='ocrx_word' id='word_1_886' title='bbox 3314 4858 3367 4912; x_wconf 92' lang='lat' dir='ltr'><strong>in</strong></span> <span class='ocrx_word' id='word_1_887' title='bbox 3436 4858 3719 4925; x_wconf 86' lang='lat' dir='ltr'><strong>mundum,</strong></span> 
     </span>
    </p>
   </div>
   <div class='ocr_carea' id='block_1_109' title="bbox 2135 4945 3721 5019">
    <p class='ocr_par' dir='ltr' id='par_1_109' title="bbox 2135 4945 3721 5019">
     <span class='ocr_line' id='line_1_109' title="bbox 2135 4945 3721 5019; baseline 0.003 -20"><span class='ocrx_word' id='word_1_888' title='bbox 2135 4952 2239 5015; x_wconf 86' lang='lat' dir='ltr'><strong>qua</strong></span> <span class='ocrx_word' id='word_1_889' title='bbox 2268 4960 2367 5016; x_wconf 89' lang='lat' dir='ltr'><strong>per</strong></span> <span class='ocrx_word' id='word_1_890' title='bbox 2394 4960 2454 5001; x_wconf 94' lang='lat' dir='ltr'><strong>se</strong></span> <span class='ocrx_word' id='word_1_891' title='bbox 2484 4945 2793 5003; x_wconf 91' lang='lat' dir='ltr'><strong>nullatenus</strong></span> <span class='ocrx_word' id='word_1_892' title='bbox 2835 4947 2981 5003; x_wconf 88' lang='lat' dir='ltr'><strong>valet</strong></span> <span class='ocrx_word' id='word_1_893' title='bbox 3025 4964 3309 5019; x_wconf 77' lang='lat' dir='ltr'><strong>assurgere</strong></span> <span class='ocrx_word' id='word_1_894' title='bbox 3335 4949 3403 5003; x_wconf 91' lang='lat' dir='ltr'><strong>ad</strong></span> <span class='ocrx_word' id='word_1_895' title='bbox 3447 4965 3638 5004; x_wconf 90' lang='lat' dir='ltr'><strong>verum</strong></span> <span class='ocrx_word' id='word_1_896' title='bbox 3666 4958 3721 5004; x_wconf 87' lang='lat' dir='ltr'><strong>et</strong></span> 
     </span>
    </p>
   </div>
   <div class='ocr_carea' id='block_1_110' title="bbox 2134 5035 3717 5110">
    <p class='ocr_par' dir='ltr' id='par_1_110' title="bbox 2134 5035 3717 5110">
     <span class='ocr_line' id='line_1_110' title="bbox 2134 5035 3717 5110; baseline 0.003 -21"><span class='ocrx_word' id='word_1_897' title='bbox 2134 5043 2416 5101; x_wconf 59' lang='lat' dir='ltr'><strong>aeternum,</strong></span> <span class='ocrx_word' id='word_1_898' title='bbox 2464 5035 2847 5092; x_wconf 83' lang='lat' dir='ltr'><strong>etbeatiticum</strong></span> <span class='ocrx_word' id='word_1_899' title='bbox 2879 5036 3103 5103; x_wconf 89' lang='lat' dir='ltr'><strong>bonum,</strong></span> <span class='ocrx_word' id='word_1_900' title='bbox 3133 5038 3235 5094; x_wconf 90' lang='lat' dir='ltr'><strong>nisi</strong></span> <span class='ocrx_word' id='word_1_901' title='bbox 3277 5053 3375 5110; x_wconf 90' lang='lat' dir='ltr'><strong>per</strong></span> <span class='ocrx_word' id='word_1_902' title='bbox 3422 5040 3717 5095; x_wconf 87' lang='lat' dir='ltr'><strong>secundum</strong></span> 
     </span>
    </p>
   </div>
   <div class='ocr_carea' id='block_1_111' title="bbox 2136 5122 3716 5197">
    <p class='ocr_par' dir='ltr' id='par_1_111' title="bbox 2136 5122 3716 5197">
     <span class='ocr_line' id='line_1_111' title="bbox 2136 5122 3716 5197; baseline 0.004 -16"><span class='ocrx_word' id='word_1_903' title='bbox 2136 5122 2406 5182; x_wconf 82' lang='lat' dir='ltr'><strong>hominem</strong></span> <span class='ocrx_word' id='word_1_904' title='bbox 2459 5126 2620 5182; x_wconf 87' lang='lat' dir='ltr'><strong>fuerit</strong></span> <span class='ocrx_word' id='word_1_905' title='bbox 2666 5136 2915 5183; x_wconf 89' lang='lat' dir='ltr'><strong>sanatum</strong></span> <span class='ocrx_word' id='word_1_906' title='bbox 2960 5129 3257 5197; x_wconf 85' lang='lat' dir='ltr'><strong>inventum,</strong></span> <span class='ocrx_word' id='word_1_907' title='bbox 3296 5130 3634 5187; x_wconf 85' lang='lat' dir='ltr'><strong>viviticatum</strong></span> <span class='ocrx_word' id='word_1_908' title='bbox 3664 5139 3716 5187; x_wconf 83' lang='lat' dir='ltr'><strong>et</strong></span> 
     </span>
    </p>
   </div>
   <div class='ocr_carea' id='block_1_112' title="bbox 2134 5218 3717 5294">
    <p class='ocr_par' dir='ltr' id='par_1_112' title="bbox 2134 5218 3717 5294">
     <span class='ocr_line' id='line_1_112' title="bbox 2134 5218 3717 5294; baseline 0.006 -21"><span class='ocrx_word' id='word_1_909' title='bbox 2134 5218 2491 5289; x_wconf 90' lang='lat' dir='ltr'><strong>redemptum.</strong></span> <span class='ocrx_word' id='word_1_910' title='bbox 2521 5219 2755 5292; x_wconf 89' lang='lat' dir='ltr'><strong>ldipsum</strong></span> <span class='ocrx_word' id='word_1_911' title='bbox 2796 5237 3031 5294; x_wconf 89' lang='lat' dir='ltr'><strong>namque</strong></span> <span class='ocrx_word' id='word_1_912' title='bbox 3072 5223 3301 5280; x_wconf 89' lang='lat' dir='ltr'><strong>liberum</strong></span> <span class='ocrx_word' id='word_1_913' title='bbox 3345 5225 3587 5283; x_wconf 91' lang='lat' dir='ltr'><strong>hominis</strong></span> <span class='ocrx_word' id='word_1_914' title='bbox 3631 5242 3717 5282; x_wconf 76' lang='lat' dir='ltr'><strong>ar-</strong></span> 
     </span>
    </p>
   </div>
   <div class='ocr_carea' id='block_1_113' title="bbox 2132 5310 3715 5385">
    <p class='ocr_par' dir='ltr' id='par_1_113' title="bbox 2132 5310 3715 5385">
     <span class='ocr_line' id='line_1_113' title="bbox 2132 5310 3715 5385; baseline 0.004 -18"><span class='ocrx_word' id='word_1_915' title='bbox 2132 5310 2378 5378; x_wconf 86' lang='lat' dir='ltr'><strong>bitrium,</strong></span> <span class='ocrx_word' id='word_1_916' title='bbox 2422 5312 2579 5368; x_wconf 91' lang='lat' dir='ltr'><strong>idest</strong></span> <span class='ocrx_word' id='word_1_917' title='bbox 2626 5313 2736 5385; x_wconf 89' lang='lat' dir='ltr'><strong>ipsa</strong></span> <span class='ocrx_word' id='word_1_918' title='bbox 2784 5315 3036 5372; x_wconf 73' lang='lat' dir='ltr'><strong>humana:</strong></span> <span class='ocrx_word' id='word_1_919' title='bbox 3062 5317 3260 5373; x_wconf 85' lang='lat' dir='ltr'><strong>mentis</strong></span> <span class='ocrx_word' id='word_1_920' title='bbox 3288 5318 3454 5385; x_wconf 88' lang='lat' dir='ltr'><strong>bona,</strong></span> <span class='ocrx_word' id='word_1_921' title='bbox 3483 5328 3541 5374; x_wconf 90' lang='lat' dir='ltr'><strong>et</strong></span> <span class='ocrx_word' id='word_1_922' title='bbox 3569 5329 3715 5375; x_wconf 88' lang='lat' dir='ltr'><strong>recta</strong></span> 
     </span>
    </p>
   </div>
   <div class='ocr_carea' id='block_1_114' title="bbox 2133 5402 3716 5475">
    <p class='ocr_par' dir='ltr' id='par_1_114' title="bbox 2133 5402 3716 5475">
     <span class='ocr_line' id='line_1_114' title="bbox 2133 5402 3716 5475; baseline 0.006 -19"><span class='ocrx_word' id='word_1_923' title='bbox 2133 5402 2404 5468; x_wconf 90' lang='lat' dir='ltr'><strong>voluntas,</strong></span> <span class='ocrx_word' id='word_1_924' title='bbox 2433 5418 2554 5458; x_wconf 89' lang='lat' dir='ltr'><strong>cum</strong></span> <span class='ocrx_word' id='word_1_925' title='bbox 2577 5420 2682 5475; x_wconf 88' lang='lat' dir='ltr'><strong>qua</strong></span> <span class='ocrx_word' id='word_1_926' title='bbox 2730 5405 2891 5461; x_wconf 90' lang='lat' dir='ltr'><strong>homo</strong></span> <span class='ocrx_word' id='word_1_927' title='bbox 2940 5406 3113 5463; x_wconf 91' lang='lat' dir='ltr'><strong>bonus</strong></span> <span class='ocrx_word' id='word_1_928' title='bbox 3135 5415 3190 5463; x_wconf 89' lang='lat' dir='ltr'><strong>et</strong></span> <span class='ocrx_word' id='word_1_929' title='bbox 3235 5416 3417 5464; x_wconf 91' lang='lat' dir='ltr'><strong>rectus</strong></span> <span class='ocrx_word' id='word_1_930' title='bbox 3462 5409 3716 5466; x_wconf 90' lang='lat' dir='ltr'><strong>conditus</strong></span> 
     </span>
    </p>
   </div>
   <div class='ocr_carea' id='block_1_115' title="bbox 2133 5495 3716 5571">
    <p class='ocr_par' dir='ltr' id='par_1_115' title="bbox 2133 5495 3716 5571">
     <span class='ocr_line' id='line_1_115' title="bbox 2133 5495 3716 5571; baseline 0.003 -20"><span class='ocrx_word' id='word_1_931' title='bbox 2133 5495 2332 5562; x_wconf 90' lang='lat' dir='ltr'><strong>fuerat,</strong></span> <span class='ocrx_word' id='word_1_932' title='bbox 2359 5504 2414 5551; x_wconf 91' lang='lat' dir='ltr'><strong>et</strong></span> <span class='ocrx_word' id='word_1_933' title='bbox 2443 5496 2552 5552; x_wconf 89' lang='lat' dir='ltr'><strong>Deo</strong></span> <span class='ocrx_word' id='word_1_934' title='bbox 2589 5497 2888 5555; x_wconf 88' lang='lat' dir='ltr'><strong>obediendo</strong></span> <span class='ocrx_word' id='word_1_935' title='bbox 2915 5507 3041 5556; x_wconf 87' lang='lat' dir='ltr'><strong>ante</strong></span> <span class='ocrx_word' id='word_1_936' title='bbox 3070 5509 3353 5571; x_wconf 88' lang='lat' dir='ltr'><strong>peccatum</strong></span> <span class='ocrx_word' id='word_1_937' title='bbox 3392 5516 3716 5571; x_wconf 85' lang='lat' dir='ltr'><strong>persevera-</strong></span> 
     </span>
    </p>
   </div>
   <div class='ocr_carea' id='block_1_116' title="bbox 2131 5586 3714 5662">
    <p class='ocr_par' dir='ltr' id='par_1_116' title="bbox 2131 5586 3714 5662">
     <span class='ocr_line' id='line_1_116' title="bbox 2131 5586 3714 5662; baseline 0.002 -18"><span class='ocrx_word' id='word_1_938' title='bbox 2131 5586 2228 5644; x_wconf 85' lang='lat' dir='ltr'><strong>bat</strong></span> <span class='ocrx_word' id='word_1_939' title='bbox 2255 5587 2417 5653; x_wconf 87' lang='lat' dir='ltr'><strong>bona,</strong></span> <span class='ocrx_word' id='word_1_940' title='bbox 2446 5595 2503 5643; x_wconf 91' lang='lat' dir='ltr'><strong>et</strong></span> <span class='ocrx_word' id='word_1_941' title='bbox 2528 5586 2698 5643; x_wconf 88' lang='lat' dir='ltr'><strong>Deum</strong></span> <span class='ocrx_word' id='word_1_942' title='bbox 2725 5590 3123 5646; x_wconf 86' lang='lat' dir='ltr'><strong>contemnendo</strong></span> <span class='ocrx_word' id='word_1_943' title='bbox 3144 5605 3242 5661; x_wconf 90' lang='lat' dir='ltr'><strong>per</strong></span> <span class='ocrx_word' id='word_1_944' title='bbox 3269 5600 3557 5662; x_wconf 88' lang='lat' dir='ltr'><strong>peccatum</strong></span> <span class='ocrx_word' id='word_1_945' title='bbox 3574 5592 3714 5647; x_wconf 86' lang='lat' dir='ltr'><strong>facta</strong></span> 
     </span>
    </p>
   </div>
   <div class='ocr_carea' id='block_1_117' title="bbox 2131 5676 3713 5752">
    <p class='ocr_par' dir='ltr' id='par_1_117' title="bbox 2131 5676 3713 5752">
     <span class='ocr_line' id='line_1_117' title="bbox 2131 5676 3713 5752; baseline 0.003 -20"><span class='ocrx_word' id='word_1_946' title='bbox 2131 5684 2217 5733; x_wconf 88' lang='lat' dir='ltr'><strong>est</strong></span> <span class='ocrx_word' id='word_1_947' title='bbox 2246 5676 2383 5732; x_wconf 88' lang='lat' dir='ltr'><strong>mala</strong></span> <span class='ocrx_word' id='word_1_948' title='bbox 2415 5693 2428 5731; x_wconf 91' lang='lat'><strong>:</strong></span> <span class='ocrx_word' id='word_1_949' title='bbox 2459 5686 2512 5731; x_wconf 90' lang='lat' dir='ltr'><strong>et</strong></span> <span class='ocrx_word' id='word_1_950' title='bbox 2543 5692 2641 5748; x_wconf 85' lang='lat' dir='ltr'><strong>per</strong></span> <span class='ocrx_word' id='word_1_951' title='bbox 2656 5676 3062 5748; x_wconf 84' lang='lat' dir='ltr'><strong>jnstilicatiouis</strong></span> <span class='ocrx_word' id='word_1_952' title='bbox 3089 5679 3292 5737; x_wconf 87' lang='lat' dir='ltr'><strong>Christi</strong></span> <span class='ocrx_word' id='word_1_953' title='bbox 3340 5683 3604 5752; x_wconf 77' lang='lat' dir='ltr'><strong>gratiam,</strong></span> <span class='ocrx_word' id='word_1_954' title='bbox 3646 5682 3713 5737; x_wconf 87' lang='lat' dir='ltr'><strong>ad</strong></span> 
     </span>
    </p>
   </div>
   <div class='ocr_carea' id='block_1_118' title="bbox 2135 5768 3711 5846">
    <p class='ocr_par' dir='ltr' id='par_1_118' title="bbox 2135 5768 3711 5846">
     <span class='ocr_line' id='line_1_118' title="bbox 2135 5768 3711 5846; baseline 0.001 -22"><span class='ocrx_word' id='word_1_955' title='bbox 2135 5768 2306 5826; x_wconf 80' lang='lat' dir='ltr'><strong>Deum</strong></span> <span class='ocrx_word' id='word_1_956' title='bbox 2339 5768 2724 5846; x_wconf 80' lang='lat' dir='ltr'><strong>resipisceudo,</strong></span> <span class='ocrx_word' id='word_1_957' title='bbox 2760 5779 2814 5829; x_wconf 90' lang='lat' dir='ltr'><strong>et</strong></span> <span class='ocrx_word' id='word_1_958' title='bbox 2854 5771 3111 5829; x_wconf 87' lang='lat' dir='ltr'><strong>rediendo</strong></span> <span class='ocrx_word' id='word_1_959' title='bbox 3135 5772 3365 5829; x_wconf 84' lang='lat' dir='ltr'><strong>cliicitur</strong></span> <span class='ocrx_word' id='word_1_960' title='bbox 3390 5774 3528 5831; x_wconf 89' lang='lat' dir='ltr'><strong>bona</strong></span> <span class='ocrx_word' id='word_1_961' title='bbox 3555 5791 3570 5829; x_wconf 87' lang='lat'><strong>:</strong></span> <span class='ocrx_word' id='word_1_962' title='bbox 3600 5775 3711 5844; x_wconf 65' lang='lat' dir='ltr'><strong>ip~a</strong></span> 
     </span>
    </p>
   </div>
  </div>
