3966 6334
212 362 353 424 10ὶὸ

212 484 325 533 erat
348 480 472 529 ante
490 477 777 542 peccatum
812 468 1007 536 libera,
1040 466 1158 539 ipsa
1188 466 1328 524 facta
1358 475 1442 525 est
1463 483 1560 540 per
1589 481 1784 539 pecca—
1815 486 1863 546 Α

1348 356 1551 413 LIBER
1589 355 1678 412 DE
1713 353 1965 412 TRIBUS
2001 353 2374 413 EPISTOLIS.

2806 386 2812 391 ·
3341 362 3481 421 1026

2351 486 2355 493 ·
2451 469 2676 526 CAPUT
2718 471 2903 527 XXIII.

216 578 324 623 tum
379 565 627 622 servituti
665 563 922 627 obnoxia,
984 562 1100 632 ipsa
1162 559 1222 616 ﬁt
1258 576 1358 632 per
1398 560 1788 632 justiﬁcantem
1893 557 2197 615 Reuovatur
2222 562 2429 630 quidem
2457 574 2597 617 reda
2631 564 2894 635 voluntas,
2924 568 3097 635 gratia
3123 574 3296 623 tamen
3321 564 3480 623 Citri-

216 660 444 733 gratiam
469 659 717 725 liberata,
745 665 799 714 et
822 664 1112 713 renovatur
1126 657 1193 712 de
1215 655 1304 711 die
1324 655 1378 710 in
1406 655 1572 722 diem,
1599 668 1794 726 usque-

219 756 345 809 dum
379 751 445 806 ad
471 750 767 821 perfectam
798 750 1102 808 libertatem
1125 749 1249 804 vitm
1267 757 1483 803 mterna:
1524 762 1620 817 per
1645 761 1795 802 eam-

214 847 335 902 dem
361 844 588 917 gratiam
616 845 963 914 perducatur.
1002 841 1077 896 Ita
1128 840 1358 895 liberum
1390 839 1677 895 arbitrium
1724 838 1795 894 ad

213 951 402 993 verum
460 935 683 1000 bonum,
737 944 793 989 et
829 949 924 1005 per
948 933 1120 988 Adam
1152 933 1468 1004 agnoscitur
1511 932 1795 987 verissime

217 1029 511 1101 perditum.
537 1038 591 1084 et
625 1044 723 1100 per
760 1028 1036 1084 Christum
1077 1027 1361 1082 verissime
1409 1034 1793 1081 restauratum.

218 1121 321 1190 Qui
351 1136 459 1177 non
487 1120 938 1183 abstulit_homini
965 1119 1197 1177 liberum
1229 1102 1536 1180 arbitrium,
1589 1116 1703 1181 sed,
1737 1124 1799 1170 ut

213 1212 419 1269 dictum
479 1221 582 1278 est,
634 1212 906 1268 inﬁrmum
961 1225 1184 1276 sanans,
1242 1209 1512 1280 perditum
1568 1207 1798 1273 invenit,

214 1313 488 1361 mortuum
529 1304 835 1370 suscitavit,
881 1302 1127 1359 servituti
1179 1301 1454 1356 addictum
1480 1298 1800 1355 redimendo

215 1396 487 1453 liberavit.

290 1488 417 1544 Ideo
443 1485 824 1544 ininlidelibus
851 1487 1077 1558 idipsum
1132 1484 1360 1541 liberum
1385 1481 1693 1549 arbitrium,
1725 1482 1801 1537 ita

213 1577 494 1649 pet-Adam
514 1577 824 1633 damnatum
850 1588 905 1632 et
926 1576 1213 1648 perditum,
1237 1574 1291 1628 in
1306 1574 1560 1645 operibus
1575 1571 1805 1628 mortuis

214 1672 448 1728 liberum
474 1684 596 1725 esse
626 1677 818 1740 potest,
852 1669 905 1724 in
950 1668 1088 1723 vivis
1118 1681 1221 1722 non
1250 1673 1465 1738 potest:
1494 1666 1635 1720 unde
1678 1671 1803 1718 ante

215 1764 400 1821 omnia
425 1761 731 1818 necessaria
763 1770 846 1816 est
875 1761 1077 1815 homini
1106 1759 1253 1815 omni
1297 1757 1575 1829 sanguinis
1601 1753 1803 1811 Christi

2354 634 2421 686 sli
2451 650 2651 705 semper
2669 633 2985 690 auxiliante.

1964 746 2179 803 Fideles
2207 755 2385 803 autem
2429 748 2629 805 Christi
2658 750 2921 823 sanguine
2950 751 3232 823 redempti,
3280 762 3339 809 et
3387 769 3489 825 per

1897 838 2173 893 lavacrum
2217 839 2647 907 regenerationis
2689 849 2745 895 et
2792 841 3160 898 renovationis
3211 844 3485 913 mundati,

1898 930 2197 986 instaurata
2252 929 2307 984 in
2344 945 2422 995 se,
2455 939 2510 986 et
2542 932 2781 1001 quotidie
2804 934 3154 991 instauranda
3185 936 3395 992 arbitrii
3425 937 3490 993 Ii-

1898 1024 2135 1091 bertate,
2183 1024 2372 1080 eadem
2424 1025 2599 1094 gratia
2650 1025 2957 1096 (perquam
2990 1027 3155 1083 semel
3202 1028 3489 1085 illuminati

1900 1114 2047 1187 sunt)
2102 1128 2319 1186 semper
2362 1125 2712 1186 cooperante,
2762 1125 2817 1172 et
2858 1116 3153 1173 auxiliante
3194 1105 3492 1190 operantur

1900 1220 2067 1276 opera
2088 1204 2247 1271 bona,
2271 1221 2379 1260 non
2399 1222 2465 1262 ex
2484 1206 2698 1277 seipsis,
2723 1222 2897 1277 neque
2917 1223 2983 1264 ex
3008 1209 3214 1264 viribus
3232 1211 3488 1281 propriis;

1900 1298 1995 1352 sed
2020 1311 2086 1352 ex
2112 1296 2225 1363 illo,
2257 1294 2412 1366 cujus
2440 1297 2634 1369 Spiritu
2663 1307 2913 1370 aguntur.
2949 1299 3086 1367 Quia
3109 1310 3168 1356 ut
3197 1300 3491 1373 Apostolus

1900 1386 2031 1441 dicit
2060 1404 2075 1440 :
2111 1406 2129 1439 ι
2162 1385 2477 1457 Quicunque
2503 1387 2707 1458 Spiritu
2733 1389 2828 1445 Dei
2874 1402 3127 1461 aguntur,
3156 1392 3210 1447 hi
3242 1393 3336 1448 ﬁlii
3364 1402 3493 1449 sunt.

1901 1476 1999 1532 Dei
2023 1476 2197 1550 (Rom.
2224 1494 2341 1544 vm,
2370 1478 2483 1548 14).
2512 1497 2530 1531 ι
2565 1479 2667 1546 Qui
2709 1479 3004 1546 etiam,_ut
3049 1481 3491 1539 manifestissime

1901 1569 2232 1637 ostenderet,
2264 1578 2319 1625 et
2346 1570 2773 1636 commendaret,
2802 1580 2858 1627 et
2888 1571 3073 1628 ﬁdeles
3108 1573 3323 1644 operari
3354 1588 3492 1644 opus

1903 1664 2123 1730 bonum,
2149 1673 2204 1719 et
2233 1672 2290 1719 ut
2314 1665 2418 1720 hoc
2441 1665 2615 1735 ipsum
2634 1664 2846 1736 operari
2872 1666 3099 1736 possint,
3125 1668 3295 1722 Deum
3319 1666 3494 1722 inillis

1904 1756 2142 1829 operari,
2170 1755 2410 1814 breviter
2435 1765 2728 1829 utrumque
2757 1759 3052 1814 declaravit
3078 1760 3264 1815 dicens
3285 1759 3491 1815 eisdem

214 1853 536 1924 redemptio,
565 1867 663 1923 per
688 1867 849 1922 quam
874 1859 929 1905 et
951 1851 1272 1906 emendetur
1295 1850 1362 1904 ab
1384 1849 1637 1920 operibus
1663 1861 1803 1903 mor—
1835 1842 1881 1903 Β
1908 1844 2156 1905 ﬁdelibus
2180 1866 2195 1903 :
2227 1868 2245 1901 ι
2273 1848 2408 1905 Cum
2449 1850 2643 1906 timore
2662 1857 2717 1906 et
2740 1859 2975 1907 tremore
2996 1861 3231 1908 vestram
3260 1853 3492 1909 salutem

216 1946 351 2013 tuis,
376 1952 431 2000 et
457 1943 760 1999 viviﬁcetur
788 1942 854 1996 ad
887 1940 1230 1997 serviendum
1255 1939 1368 1995 Deo
1394 1938 1618 1994 viventi.
1648 1937 1803 2005 Quod

213 2034 603 2092 commendans
624 2032 914 2102 Apostolus
928 2032 1056 2087 dicit
1083 2045 1097 2084 :
1126 2049 1144 2082 ι
1167 2030 1380 2098 Quanto
1400 2029 1571 2101 magis
1584 2029 1806 2099 sanguis

212 2125 420 2183 Christi
450 2123 540 2195 qui
563 2138 661 2194 per
679 2121 938 2194 Spiritum
961 2130 1209 2178 sanctum
1235 2121 1585 2192 semetipsum
1607 2110 1831 2176 obtuiit'

211 2216 623 2274 immaculatum
645 2216 778 2282 Deo,
800 2216 1118 2271 einundavit
1141 2215 1530 2272 conscientiam
1560 2221 1802 2270 nostram

211 2307 288 2364 ab
304 2306 560 2378 operibus
581 2306 808 2362 mortuis
832 2306 900 2361 ad
921 2306 1265 2363 serviendum
1290 2307 1402 2363 Deo
1420 2305 1621 2362 viventi
1642 2304 1801 2378 (Hei.

210 2414 298 2465 ιιι,
335 2395 448 2470 14).
483 2415 502 2450 ι
536 2395 675 2453 Vere
700 2396 846 2453 enim
888 2405 1100 2454 mortua
1129 2405 1255 2453 sunt
1280 2397 1463 2454 omnia
1488 2411 1652 2468 opera
1677 2396 1803 2452 inﬁ-

209 2490 437 2557 delium,
485 2498 596 2546 n‘on
643 2488 817 2546 solum
845 2489 1061 2561 quando
1089 2498 1276 2561 aperte
1310 2489 1469 2547 vitiis
1487 2498 1546 2545 et
1567 2489 1807 2561 peccatis

207 2581 485 2649 serviunt,
502 2580 597 2639 sed
623 2582 790 2637 etiam
808 2582 1027 2653 quando
1046 2581 1279 2637 naturali
1302 2580 1446 2638 bono
1465 2581 1519 2638 in
1543 2589 1804 2652 quantum

209 2673 561 2744 omnipotens
604 2672 833 2730 Creator
882 2673 1089 2739 tribuit,
1131 2673 1393 2746 instigati,
1446 2673 1531 2728 vel
1572 2672 1810 2730 naturali

211 2764 340 2837 lege
385 2765 721 2831 commoniti,
763 2780 883 2835 quae
931 2765 1171 2837 quotidie
1219 2766 1272 2821 in
1317 2765 1573 2822 cordibus
1618 2781 1807 2823 eorum

212 2858 460 2915 clamat:
491 2877 509 2911 ι
535 2859 689 2926 Quod
718 2858 810 2914 tibi
841 2873 947 2914 non
977 2859 1083 2926 vis,
1113 2858 1202 2913 alii
1244 2874 1312 2915 ne
1346 2858 1540 2915 feceris
1565 2878 1577 2914 :
1608 2860 1672 2914 Et
1693 2874 1810 2915 om-

212 2951 313 3008 nia
343 2965 675 3022 quaecunque
720 2950 905 3018 vultis,
955 2959 1015 3006 ut
1058 2950 1259 3007 faciant
1279 2951 1433 3007 vobis
1459 2951 1721 3017 homines,
1755 2959 1811 3007 et

212 3059 322 3103 vos
341 3044 530 3101 eadem
559 3043 719 3099 facite
764 3043 869 3099 illis
898 3043 1048 3117 (Tob.
1095 3058 1171 3111 tv;
1203 3041 1393 3097 Matth.
1424 3043 1557 3115 vn);
1592 3062 1610 3095 ι
1657 3058 1807 3113 qum-

214 3136 351 3193 dam
379 3133 519 3190 bona
548 3149 711 3205 opera
739 3141 796 3189 et
827 3133 971 3190 velut
1011 3134 1277 3205 quaedam
1310 3133 1539 3193 virtutes
1584 3134 1805 3200 habere,

1908 1942 2205 2013 operamini
2244 1959 2259 1997 :
2296 1941 2441 1999 Deus
2478 1952 2562 1999 cst
2609 1944 2752 1998 enim
2796 1945 2894 2015 qui
2943 1954 3202 2015 operatur
3231 1946 3284 2000 in
3313 1946 3491 2013 vobis,

1902 2041 1961 2090 et
1986 2033 2144 2100 velle,
2174 2041 2231 2088 et
2252 2033 2516 2104 perﬁcere
2555 2049 2653 2105 pro
2704 2034 2845 2091 bona
2885 2035 3163 2091 voluntate
3204 2034 3373 2108 (Phil.
3408 2052 3490 2102 ιιι,

1906 2123 1994 2189 η,
2022 2124 2133 2195 lii).
2166 2142 2186 2174 ι
2212 2122 2367 2191 Quod
2394 2124 2583 2179 beatus
2631 2123 2742 2178 Leo
2781 2124 2855 2178 ita
2896 2125 3119 2195 exponit
3157 2124 3282 2197 (ser.
3325 2126 3380 2193 8,
3433 2126 3492 2181 in

1907 2216 2124 2290 Epiph.)
2151 2235 2164 2271 :
2190 2216 2436 2289 [Dicente
2456 2217 2597 2273 enim
2615 2217 2890 2288 discipulis
2913 2218 3024 2274 suis
3046 2217 3293 2286 Domino,
3324 2237 3344 2271 ι
3376 2220 3496 2275 sine

1905 2324 1993 2365 me
2037 2307 2172 2364 nihil
2217 2307 2442 2378 potestis
2486 2306 2683 2372 facere,
2725 2328 2743 2360 ι
2789 2306 3012 2364 dubium
3042 2323 3148 2363 non
3191 2315 3275 2364 est
3318 2308 3496 2364 homi-

1906 2413 2028 2456 nem
2052 2400 2192 2456 bona
2218 2406 2473 2470 agentem
2499 2412 2563 2454 ex
2599 2397 2711 2453 Deo
2752 2398 2974 2463 habere,
3003 2404 3059 2452 et
3087 2395 3335 2453 effectum
3363 2396 3493 2454 boni

1904 2489 2108 2560 aperis,
2135 2497 2192 2544 et
2224 2487 2437 2543 initium
2469 2487 2782 2542 voluntatis.
2811 2486 2965 2543 Unde
2998 2496 3054 2543 et
3081 2486 3370 2559 Apostolus
3395 2501 3491 2545 co-

1905 2578 2264 2651 piosissimus,
2290 2586 2346 2633 et
2370 2578 2607 2634 ﬁdelium
2651 2579 2985 2647 cohortator,
3013 2593 3137 2635 cum
3161 2579 3375 2646 timore,
3404 2579 3491 2636 in-

1907 2673 2046 2745 quit,
2076 2678 2131 2727 et
2159 2675 2396 2727 tremore
2434 2678 2674 2726 vestram
2717 2670 2946 2728 salutem
2984 2671 3282 2743 operamini
3310 2670 3495 2729 :Deus

1904 2771 1993 2820 est
2017 2762 2160 2818 enim
2189 2762 2281 2833 qui
2307 2770 2567 2833 operatur
2608 2762 2662 2817 in
2687 2761 2860 2827 vobis,
2893 2771 2950 2818 et
2978 2762 3152 2830 ‘velle,
3197 2773 3252 2820 et
3277 2761 3493 2835 operari

1907 2871 2007 2927 pro
2049 2855 2189 2912 bona
2218 2854 2512 2910 voluntate.
2552 2854 2621 2910 Et
2649 2872 2663 2909 :
2698 2854 2822 2911 Ilzec
2853 2856 3058 2912 sanctis
3078 2871 3241 2913 causa
3272 2867 3356 2913 est
3377 2869 3491 2914 tre-

1911 2945 2114 3011 mcndi,
2158 2945 2663 3015 atque'metu‘endi,
2694 2960 2762 3000 ne
2815 2945 2947 3017 ipsis
2992 2946 3248 3017 Operibus
3275 2947 3495 3018 pietatis

1910 3038 2037 3094 elati
2087 3037 2412 3093 deserantur
2456 3051 2560 3107 ope
2588 3036 2798 3108 gratiae,
2825 3045 2880 3092 et
2905 3047 3223 3093 remaneant
3254 3038 3304 3093 in
3339 3037 3493 3094 inﬁr-

1910 3129 2099 3185 mitate
2124 3125 2379 3200 natura]
2401 3127 2478 3182 Ita
2506 3141 2740 3198 namque
2756 3135 3016 3198 operante
3038 3127 3092 3183 in
3115 3128 3228 3184 suis
3251 3127 3498 3185 ﬁdelibus

218 3236 389 3299 atque
420 3198 674 3283 exercere
701 3226 990 3283 videntur:
1014 3198 1142 3298 quia
1173 3226 1331 3283 fidem
1367 3225 1484 3294 Dei,
1524 3235 1579 3282 et
1603 3198 1806 3283 Christi
1835 3198 1880 3260 (ἶ
1912 3220 2023 3276 Deo
2050 3218 2301 3289 impletur
2328 3198 2458 3273 illud
2479 3218 2624 3288 quod
2653 3217 2912 3274 Dominus
2945 3218 3019 3273 ait
3046 3236 3059 3273 :
3086 3218 3189 3287 Qui
3216 3227 3395 3274 autem
3416 3218 3500 3275 fa«

216 3318 345 3390 ejus
363 3316 446 3373 vel
471 3316 802 3389 ignorantes,
830 3317 914 3372 vel
948 3317 1072 3373 odio
1094 3317 1357 3373 habentes
1383 3317 1667 3373 autetiam
1690 3332 1813 3388 per-

216 3416 537 3479 sequentes,
566 3408 707 3479 quod
730 3421 796 3462 ex
821 3406 907 3463 illa
940 3406 1047 3463 ﬁde
1088 3423 1195 3464 non
1243 3415 1563 3478 operantur,
1591 3408 1815 3464 omnino

223 3515 334 3556 nec
356 3498 553 3555 bonum
595 3514 751 3567 opus,
780 3514 883 3554 nec
924 3514 1052 3556 vera
1077 3499 1255 3555 virtus
1295 3513 1417 3555 esse
1453 3507 1650 3570 potest,
1694 3514 1815 3570 quae

226 3605 338 3646 non
385 3590 631 3660 procedit
668 3603 735 3644 ex
769 3590 950 3645 radice
979 3589 1226 3645 veritatis
1249 3597 1306 3645 et
1349 3590 1629 3646 bonitatis.
1678 3591 1815 3645 Dum

224 3681 378 3738 enim
409 3680 498 3734 illa
525 3679 643 3749 ipsa
686 3694 806 3749 quae
832 3680 1126 3735 secundum
1153 3680 1400 3736 homines
1423 3680 1674 3736 videntur
1696 3695 1819 3735 esse

227 3775 373 3829 bona
396 3784 579 3840 opera,
612 3784 951 3840 nequaquam
980 3784 1106 3825 vera
1131 3770 1237 3826 ﬁde
1262 3771 1328 3825 ad
1361 3771 1646 3826 Dominum
1681 3771 1819 3827 refe-

232 3870 452 3926 runtur,
486 3875 646 3930 quem
674 3861 946 3932 ignorant,
980 3876 1082 3916 nec
1104 3870 1324 3932 propter
1345 3876 1468 3917 eum
1496 3872 1682 3933 agunt,
1723 3862 1819 3918 sed

232 3960 330 4006 aut
371 3942 591 4021 propter
611 3948 900 4021 quamdam
930 3951 1289 4017 honestatem,
1320 3967 1423 4022 qua
1456 3950 1599 4006 inter
1641 3951 1818 4007 homi-

234 4056 337 4097 nes
357 4043 541 4114 magni
576 4042 882 4108 videantur,
910 4042 994 4097 vel
1018 4054 1241 4114 propter
1273 4043 1623 4114 cupiditatem
1652 4043 1820 4099 alicu-

228 4135 324 4207 jus
351 4135 620 4191 commodi
648 4136 983 4206 temporalis,
1013 4137 1128 4207 ipsa
1156 4136 1817 4207 impietateinﬁdelitatis,

234 4227 351 4298 ipsa
374 4225 648 4283 inﬂatione
662 4227 927 4296 elationis,
942 4227 1056 4298 ipsa
1082 4228 1431 4300 perversitate
1443 4228 1752 4300 cupiditatis
1769 4241 1817 4296 ι,

234 4320 314 4375 ita
360 4318 638 4375 immunda
695 4327 754 4375 et
809 4320 1089 4391 inquinata
1158 4329 1285 4375 sunt
1326 4320 1524 4386 omnia,
1576 4329 1638 4375 ut
1682 4319 1821 4391 apud

236 4410 410 4467 Deum
443 4425 552 4466 non
576 4411 830 4478 virtutes,
862 4411 955 4466 sed
979 4410 1107 4466 vitia
1135 4410 1475 4482 iudicentur;
1507 4411 1649 4466 unde
1674 4409 1819 4482 Apo-

237 4503 411 4560 stolus
440 4504 516 4560 ait
543 4521 556 4558 :
581 4503 883 4573 Inquinatis
906 4511 1086 4559 autem
1126 4511 1182 4560 et
1225 4503 1534 4560 inﬁdelibus
1580 4504 1714 4559 nihil
1738 4510 1822 4560 est

1911 3311 1986 3366 cit
2011 3309 2316 3374 veritatem,
2343 3308 2491 3364 venit
2513 3310 2582 3363 ad
2626 3308 2824 3377 lucem,
2852 3317 2912 3364 ut
2937 3309 3357 3366 manifestentur
3383 3309 3500 3380 ejus

1910 3415 2096 3471 opera,
2127 3400 2252 3469 quia
2281 3398 2336 3453 in
2364 3397 2476 3455 Deo
2511 3408 2638 3454 sunt
2679 3400 2824 3455 facta
2854 3400 3035 3471 (Joan.
3081 3416 3164 3468 ιιι,
3200 3400 3321 3471 21);
3342 3410 3407 3467 ,ει
3431 3417 3500 3457 ex

1870 3548 1875 3549 ,
1911 3508 2142 3563 persona
2162 3492 2473 3547 eorumdem
2490 3491 2729 3547 ﬁdelium
2749 3492 2798 3546 ei
2819 3506 2916 3561 per
2930 3492 3249 3562 prophetam
3270 3492 3498 3548 dicitur:

1914 3587 2159 3654 Domine,
2188 3587 2341 3642 dabis
2370 3601 2560 3658 pacem
2599 3586 2756 3643 nobis
2784 3605 2796 3642 :
2825 3587 3008 3643 omnia
3036 3586 3178 3642 enim
3210 3602 3374 3657 opera
3399 3602 3498 3643 no-

1915 3689 2027 3735 stra
2049 3686 2305 3749 operatus
2334 3693 2394 3734 es
2422 3678 2477 3734 in
2507 3678 2684 3734 nobis.

1989 3771 2112 3827 Ilaec
2139 3772 2210 3827 ita
2248 3784 2370 3827 esse
2422 3771 2725 3837 sentienda,
2774 3778 2935 3841 atque
2971 3771 3200 3826 tenenda
3244 3770 3313 3825 de
3344 3769 3503 3827 liberi

1917 3862 2125 3918 arbitrii
2156 3862 2567 3927 instauratione,
2617 3871 2672 3917 et
2717 3862 2782 3916 de
2813 3875 3041 3917 munere
3085 3869 3251 3931 atque
3299 3850 3519 3917 auxilio.

1919 3954 2114 4011 divinae
2140 3953 2327 4025 gratia:
2348 3952 2422 4007 ita
2444 3953 2634 4008 beatus
2652 3970 2788 4025 papa
2817 3951 3122 4006 Calatinus
3145 3951 3384 4008 breviter
3409 3951 3506 4009 do-

1919 4054 2026 4111 cet,
2060 4030 2119 4100 et
2146 4044 2383 4101 inculcat
2410 4044 2594 4101 dicens
2634 4045 2708 4114 (in
2736 4045 2882 4114 epist.
2934 4043 3003 4097 ad
3050 4043 3225 4099 Galat.
3257 4060 3376 4117 cap.
3404 4044 3460 4117 8)
3486 4062 3499 4098 :

1921 4136 2060 4210 [Non
2090 4146 2171 4192 est
2199 4135 2417 4191 dubium
2447 4136 2515 4191 ab
2542 4135 2712 4206 ipsius
2734 4136 2905 4209 gratia
2934 4135 3115 4190 omnia
3135 4135 3371 4192 hominis
3394 4152 3507 4192 me-

1921 4227 2023 4282 rita
2049 4224 2360 4296 praeveniri,
2388 4239 2486 4296 per
2510 4238 2672 4295 quem
2702 4222 2777 4291 lit,
2810 4231 2867 4279 ut
2891 4223 3095 4294 aliquid
3122 4223 3252 4279 boni
3287 4232 3343 4279 et
3366 4223 3506 4280 velle

1920 4318 2261 4388 incipiamus,
2290 4325 2346 4372 et
2371 4315 2573 4372 facere.
2611 4315 2728 4382 Quo
2757 4316 2945 4385 utique
2971 4314 3172 4370 auxilio
3200 4324 3256 4370 et
3281 4327 3507 4370 munere

1922 4408 2015 4463 Dei
2036 4422 2141 4463 non
2167 4396 2411 4462 aufertur
2430 4407 2656 4463 liberum
2683 4406 2993 4470 arbitrium,
3013 4406 3106 4461 sed
3130 4402 3424 4461 liberatur:
3448 4410 3510 4460 ut

1923 4498 1989 4553 de
2020 4498 2305 4553 tenebroso
2332 4497 2590 4560 lucidum,
2621 4495 2690 4550 de
2716 4510 2882 4564 pravo
2905 4502 3136 4561 rectum,
3168 4494 3233 4549 de
3255 4494 3510 4566 languido

238 4593 497 4649 mundum
521 4611 535 4660 ;
571 4595 666 4649 sed
692 4594 967 4664 inquinata
992 4603 1114 4650 sunt
1136 4610 1324 4651 eorum
1350 4604 1403 4650 et
1434 4610 1586 4651 mens
1612 4605 1666 4651 et
1692 4610 1821 4651 con-
1847 4575 1898 4635 D
1926 4604 2138 4656 sanum,
2166 4590 2232 4645 de
2259 4588 2598 4661 imprudente
2624 4588 2695 4643 sit
2719 4586 3024 4658 providum.
3055 4588 3228 4642 Tanta
3255 4587 3397 4643 enim
3427 4598 3511 4643 est

241 4683 469 4739 scientia
500 4671 628 4755 (Tit.
655 4698 693 4746 ι,
718 4683 839 4754 l5);
867 4690 923 4738 et
943 4684 1138 4739 iterum
1167 4701 1180 4738 :
1212 4703 1230 4736 ι
1258 4684 1431 4740 Omne
1450 4691 1653 4752 autem,
1678 4685 1822 4755 quod

243 4788 352 4829 non
372 4781 545 4830 estex
584 4774 709 4840 ﬁde,
733 4783 1015 4845 peccatum
1053 4785 1136 4831 est
1164 4774 1336 4847 (Rom.
1364 4792 1475 4841 xiv,
1506 4775 1631 4848 25);
1669 4796 1689 4829 ι
1725 4786 1820 4833 et:

250 4880 272 4919 ι
304 4864 433 4933 Sine
460 4865 564 4922 ﬁde
585 4866 918 4938 impossibile
932 4874 1016 4923 est
1035 4866 1250 4938 placere
1271 4866 1383 4923 Deo
1402 4866 1561 4939 (Heb.
1589 4883 1665 4936 xi,
1688 4867 1765 4940 6).
1798 4886 1817 4920 ι

1927 4697 2055 4754 erga
2077 4696 2266 4737 omnes
2294 4681 2540 4736 homines
2569 4679 2784 4735 bonitas
2810 4679 2927 4745 Dei,
2958 4689 3015 4733 ut
3039 4688 3222 4735 nostra
3242 4679 3372 4734 velit
3394 4694 3514 4735 esse

1928 4776 2144 4840 merita,
2173 4788 2292 4844 qua:
2317 4782 2440 4828 sunt
2469 4770 2640 4842 ipsius
2666 4770 2841 4836 dona;
2873 4778 2929 4825 et
2958 4785 3055 4841 pro
3090 4770 3176 4826 his
3197 4785 3317 4841 qum
3349 4771 3514 4842 largi-

1932 4865 2018 4922 tus
2058 4872 2163 4933 est,
2217 4872 2419 4921 aeterna
2461 4865 2682 4934 praemia
2713 4862 2784 4917 sit
2817 4863 3132 4918 donaturus.
3160 4861 3285 4933 Agit
3319 4862 3516 4933 quippe

1197 4996 1406 5055 NOTIE
1448 4997 1777 5056 DUVALLII
1809 4996 2151 5056 DOCTORIS
2187 4994 2570 5055 SORBONICI.

322 5127 350 5157 ι
388 5113 559 5171 Docet
593 5112 683 5168 hic
719 5110 957 5167 Ecclesia
996 5109 1369 5180 Lugdunensis
1408 5122 1599 5180 omnes
1638 5108 1829 5166 inﬁde‘

247 5186 381 5242 lium
411 5184 651 5239 actiones
678 5181 845 5237 malas
865 5221 879 5247 ,
920 5178 1226 5235 immundus
1259 5188 1314 5249 et
1337 5178 1645 5249 inquinatas
1673 5194 1825 5249 esse;

249 5255 394 5327 quod
417 5252 952 5327 allirmantsimiliter
972 5249 1189 5327 sectarii
1215 5247 1374 5317 hujus
1404 5247 1661 5327 temporis
1680 5268 1700 5327 ξ
1725 5248 1831 5304 Lu-

252 5317 473 5388 t'herus,
513 5331 617 5377 art.
662 5322 767 5388 56,
801 5338 833 5377 a
861 5321 1040 5377 Leone
1075 5320 1362 5385 damnato;
1408 5317 1784 5377 Melanchtbon
1809 5359 1826 5386 ,

252 5394 513 5466 Apologia
540 5392 897 5449 confessionis
923 5392 1277 5466 A_ugus_t_a_nae;
1312 5389 1583 5466 Ducerus,
1626 5389 1730 5446 lib.‘
1762 5390 1829 5466 de

254 5459 551 5522 Concordia
566 5471 831 5527 controv.,
861 5470 918 5517 et
940 5459 1083 5524 Cal.,
1108 5459 1203 5515 lib.
1260 5477 1297 5515 ιι
1333 5460 1593 5525 Institut.,
1623 5475 1740 5530 cap.
1771 5459 1828 5516 5.

254 5533 504 5592 Nonnulli
543 5536 707 5590 etiam
750 5535 894 5589 inter
936 5532 1287 5588 scholasticos
1327 5531 1469 5585 idem
1518 5538 1828 5598 tenuerunt,

258 5607 353 5662 sed
384 5620 489 5659 non
518 5620 642 5659 cum
676 5621 739 5660 ea
765 5620 871 5675 qua
902 5603 1119 5675 scctarii
1146 5600 1567 5675 pricsumptione
1590 5601 1839 5675 et‘auda-

259 5677 340 5732 cia
367 5693 380 5731 :
409 5675 570 5746 Greg.
598 5670 976 5746 Ariminensis,
1010 5674 1063 5728 in
1097 5689 1143 5746 ιι
1183 5670 1604 5746 §ententiarum,
1632 5671 1760 5746 dist.
1781 5670 1836 5741 4,

259 5753 449 5816 qumst.
478 5740 656 5811 unica,
701 5753 803 5801 art.
850 5744 916 5816 2,
960 5742 1223 5816 corollas
1243 5751 1345 5816 ,Het
1375 5740 1669 5816 capreolos
1699 5744 1750 5816 in
1779 5740 1836 5806 n,

263 5810 387 5875 dist.
426 5817 488 5873 il
518 5857 533 5885 ,
579 5810 769 5886 quaest.
810 5815 987 5883 unica,
1027 5815 1220 5881 art..5,
1270 5814 1392 5869 licet
1426 5810 1480 5868 in
1518 5813 1839 5884 quibusdam
1942 5812 2072 5870 lcnt.
2101 5812 2153 5868 in
2181 5810 2288 5880 Ἡ,
2317 5821 2509 5880 quaest.
2546 5812 2632 5878 lt),
2664 5811 2727 5863 de

1936 5107 2182 5165 nonnihil
2212 5106 2484 5177 discrepet
2506 5119 2523 5161 :
2548 5119 2623 5177 ex
2647 5105 2846 5177 quibus
2868 5104 3053 5161 videre
3077 5111 3163 5160 est
3190 5105 3517 5177 sententiam

1934 5177 2311 5250 Lugdunensis
2350 5176 2608 5250 Ecclesiae
2652 5176 2753 5250 hac
2787 5178 2856 5250 _i_t_t
2902 5184 3055 5250 parte
3096 5191 3202 5231 non
3239 5176 3517 5233 adversari

1936 5245 2092 5314 ﬁdei,
2140 5247 2268 5303 licet
2311 5248 2656 5303 temerarium
2689 5247 2760 5301 sit
2786 5245 2917 5300 illud
2948 5245 3218 5302 aﬁirmare
3253 5264 3267 5300 :
3309 5257 3517 5302 certum

1936 5320 2083 5376 enim
2105 5327 2189 5374 est
2214 5326 2270 5372 et
2299 5332 2587 5373 commune
2621 5326 2741 5388 tum
2780 5317 2919 5388 apud
2959 5316 3179 5388 Patres,
3222 5327 3334 5388 tum
3374 5316 3520 5388 apud

1936 5389 2308 5454 scholasticos,
2330 5402 2507 5459 posse
2520 5389 2588 5442 ab
2618 5386 2921 5459 inﬁdelibus
2946 5386 3069 5459 fieri
3086 5387 3329 5459 quaedam
3352 5386 3516 5459 opera

1938 5458 2218 5517 moraliter
2254 5455 2415 5513 bona.
2469 5457 2675 5512 Exaudi
2701 5457 2845 5511 enim
2878 5471 2915 5521 ι,
2949 5455 3240 5511 laudantur
3268 5455 3521 5511 obstétri-

1939 5546 2030 5587 ces
2060 5529 2437 5601 Egyptiorum
2454 5568 2470 5595 ,
2510 5527 2655 5601 quod
2684 5526 2935 5601 parvulos
2958 5526 3305 5601 Hebraeorum
3332 5528 3401 5580 ad
3428 5540 3517 5581 re-

1941 5603 2023 5673 gis
2058 5595 2371 5656 mandatum
2407 5595 2656 5673 occidere
2685 5595 3044 5673 noluerint._l
3074 5595 3205 5673 Deg.
3238 5610 3365 5673 xvii,
3395 5611 3521 5673 nar-

1942 5664 2094 5726 ratur
2118 5680 2175 5726 et
2201 5670 2612 5727 commendatur
2641 5666 3048 5724 commiseratio
3097 5664 3358 5719 Bercellai
3413 5665 3520 5720 Ga-

1942 5741 2158 5805 laaditis
2185 5754 2313 5808 erga
2346 5740 2601 5795 Davidcm
2629 5738 2853 5862 ejusque
2890 5735 3209 5792 exercitum.
3236 5735 3378 5803 Lege
3414 5735 3520 5792 Vtr-

1942 5812 2072 5862 lcnt.
2102 5812 2153 5862 in
2181 5810 2288 5862 2-2.
2317 5821 2509 5862 auxest.
2546 5812 2632 5862 10.
2664 5811 2727 5862 de
2784 5807 3089 5862 "ﬁdelitate.
3116 5814 3294 5862 punct.
3320 5805 3376 5860 2.

2784 5807 3089 5876 "ﬁdelitate,
3114 5814 3294 5875 punct.
3320 5805 3376 5860 2.
