3966 6334
453 371 588 428 {0‘27

1460 360 1519 417 S.
1563 357 1818 414 llElllGll
1853 354 2336 413 LUGDUNENSIS
2374 355 2682 413 EPlSCOPl

3567 353 3708 412 1028

454 497 512 541 tu
537 481 710 545 nobis,
739 489 799 534 ttt
828 478 970 549 quod
1005 475 1137 535 vult,
1165 481 1221 528 et
1263 471 1511 536 velimus,
1551 478 1606 527 et
1637 484 1859 542 agamus
1883 486 1898 524 :
1921 481 2022 522 nec
2049 470 2100 529 Α
2125 465 2427 522 clesiastica
2459 467 2672 539 negotia
2703 466 3021 537 perturbare
3050 465 3256 520 studuit
3297 464 3626 531 indefessus,
3648 478 3708 524 et

453 578 624 633 otiosa
653 576 706 630 in
732 573 888 627 nobis
910 584 1028 624 esse
1051 567 1269 638 patitur,
1293 580 1411 635 quae
1439 564 1763 627 exercenda,
1799 577 1903 617 non
1933 575 2030 615 ne—
2129 571 2188 612 se
2212 556 2381 611 noluit
2403 571 2810 626 recOgnosoere,
2835 556 2919 610 vel
2964 556 3148 625 aliquo
3197 555 3358 610 modo
3413 555 3706 643 humiliara

457 666 700 739 gligeuda
732 661 966 724 donavit,
996 667 1058 712 ut
1095 668 1148 713 et
1175 672 1271 712 nos
1299 665 1678 726 cooperatores
1704 653 1873 708 simus
1901 667 2027 722 gra-
2128 646 2381 739 profDSus
2409 648 2477 702 ab
2527 646 2825 717 EpiscOpis,
2871 653 2929 700 et
2982 645 3276 700 secundum
3330 645 3708 702 ecclesiastica

464 759 550 814 tim
579 757 688 810 Dei.

529 775 550 813 ε
579 757 688 810 Dei.

529 850 655 902 Item
687 754 751 900 de
782 843 968 899 eadem
999 857 1057 895 re
1091 855 1158 893 ex
1205 837 1446 894 conciliis
1497 836 1579 891 vel
1627 831 2030 890 deﬁnitionibus

459 942 674 994 Patrum
702 938 816 991 lucc
835 933 1182 1006 proponenda
1208 931 1538 987 credidimus
1565 925 2027 1000 (Conc.Arausic.,

459 1048 575 1086 can.
607 1027 715 1098 ~10).

532 1119 816 1191 [Primum
850 1115 1190 1186 Adjutorium
1222 1112 1316 1167 Dei
1345 1111 1508 1167 etiam
1541 1110 1764 1173 renatis,
1789 1124 1853 1164 ac
1878 1122 2034 1163 sana-

461 1212 529 1264 tis
559 1224 771 1278 semper
791 1217 880 1262 est
907 1204 1326 1276 implorandum,
1357 1214 1416 1258 ut
1444 1205 1511 1258 ad
1559 1202 1716 1256 ﬁnem
1765 1201 2030 1255 bonorum

461 1300 760 1372 pervenire,
783 1297 864 1354 vel
899 1298 951 1351 in
982 1297 1121 1351 bono
1159 1297 1548 1366 possintopere
1583 1293 1896 1363 perdurare.

530 1390 834 1446 Secundum
859 1388 1000 1458 (can.
1019 1387 1132 1455 l3).
1157 1387 1454 1442 Arbitrium
1477 1383 1763 1439 voluntatis
1785 1384 1837 1436 in
1859 1381 2034 1452 primo

464 1483 680 1539 homine
706 1481 1036 1534 inﬁrmatam
1059 1519 1074 1542 ,
1101 1479 1202 1533 nisi
1233 1493 1332 1547 per
1358 1478 1586 1548 gratiam
1633 1474 1880 1545 baptismi
1928 1487 2033 1528 non

463 1583 642 1644 petest
671 1571 914 1641 reparari
947 1587 960 1624 :
995 1571 1139 1639 quod
1164 1569 1441 1632 amissum,
1496 1566 1598 1620 nisi
1639 1580 1669 1618 a
1713 1580 1838 1634 quo.
1861 1562 2036 1634 potuit

463 1665 600 1728 dari,
635 1677 738 1716 non
776 1668 951 1730 potest
978 1660 1147 1714 reddi.
1180 1659 1331 1714 Unde
1358 1658 1559 1712 veritas
1587 1656 1715 1709 dicit
1747 1673 1759 1708 :
1789 1674 1807 1706 ι
1843 1653 1901 1709 Si
1939 1668 2036 1709 vos

464 1756 606 1809 ﬁlius
629 1752 954 1816 liberaverit,
985 1758 1111 1805 tunc
1137 1765 1234 1804 vos
1267 1764 1393 1803 vere
1417 1748 1571 1802 liberi
1605 1746 1778 1802 eritis.
1826 1765 1851 1797 θ

2122 738 2247 810 jura
2267 740 2572 794 damnatus.

2765 823 3066 864 RESPONSIO.

2202 919 2256 974 In
2285 918 2480 990 quibus
2500 918 2684 974 verbis
2706 919 2951 989 inprimis
2989 919 3117 974 illud
3143 919 3357 975 videtur
3381 921 3709 988 absurdum,

2131 1012 2272 1081 quod
2299 1010 2582 1080 prtrl'atum
2611 1011 2972 1066 miserabilem
3025 1016 3349 1068 monachum
3399 1015 3458 1070 in
3502 1015 3711 1084 judicio

2131 1101 2502 1171 episcoporum
2540 1103 2855 1170 productum
2890 1103 3040 1172 prius
3082 1103 3305 1174 abbajes
3349 1108 3714 1161 monasterio-

2136 1206 2274 1256 rum,
2326 1192 2414 1261 qui
2463 1201 2756 1260 prazsentes
2796 1193 3041 1259 aderant,
3072 1195 3138 1248 ad
3181 1196 3354 1251 caedes
3403 1205 3462 1251 et
3502 1198 3714 1268 ﬂagella

2129 1282 2400 1352 judicasse
2427 1284 2754 1350 referuntur,
2781 1295 2836 1340 et
2863 1286 3057 1342 deinde
3077 1287 3322 1357 Episcopi
3337 1287 3498 1356 juxta
3523 1289 3714 1344 Eccle-

2136 1375 2352 1429 siastica
2373 1373 2493 1443 jura
2520 1376 2822 1430 damnasse.
2864 1375 3000 1431 Cum
3045 1377 3206 1432 homo
3237 1378 3330 1447 qui
3359 1389 3490 1434 ante
3520 1379 3714 1434 redde-

2137 1469 2295 1523 batur
2321 1469 2604 1523 haereticus
2624 1468 2779 1537 juxta
2808 1469 3082 1539 antiquam
3110 1469 3365 1526 Ecclesia:
3403 1471 3714 1527 observan-

2139 1559 2287 1624 tiam,
2337 1567 2498 1628 atque
2543 1559 2953 1627 auctoritatem,
3001 1561 3069 1616 ad
3110 1562 3416 1632 episcopale
3476 1571 3715 1618 tantum-

2138 1648 2570 1718 modojudicium
2599 1652 2910 1720 pertineret,
2939 1652 3052 1707 sive
3081 1653 3436 1718 damnandus,
3469 1655 3588 1710 sive
3619 1655 3714 1710 ab-

2137 1740 2440 1796 solvendus.
2472 1741 2580 1798 Nec
2608 1745 2758 1812 prius
2772 1744 2839 1798 ab
2863 1743 3133 1799 inferioris
3161 1744 3268 1801 loci
3295 1745 3629 1813 hominibus,
3659 1757 3714 1803 et

537 1843 775 1898 Tertium
820 1841 961 1912 (can.
993 1839 1100 1910 t9).
1158 1838 1357 1892 Natura
1416 1838 1669 1900 humana,
1713 1832 1926 1888 etiamsi
1979 1833 2033 1887 in
2063 1821 2112 1881 Β
2141 1835 2478 1903 postmodum
2503 1837 2571 1892 ab
2608 1837 2874 1907 episcopis
2911 1837 3159 1894 debuerit
3181 1838 3537 1894 condemnari
3572 1857 3587 1892 :
3625 1841 3716 1894 sed

469 1934 557 1987 illa
587 1932 912 2002 integritate,
941 1930 993 1982 in
1017 1943 1119 1997 qua
1149 1934 1233 1982 est
1261 1927 1477 1980 condita
1508 1931 1870 1995 permaneret,
1894 1921 2039 1978 nullo

467 2022 624 2076 modo
649 2022 878 2091 seipsam
907 2026 1149 2074 creatore
1175 2031 1270 2071 suo
1298 2032 1404 2070 non
1449 2014 1738 2085 adjuvante
1776 2019 2034 2066 servaret.

471 2111 622 2167 Unde
651 2125 773 2164 cum
805 2109 922 2161 sine
951 2108 1049 2160 Dei
1080 2107 1253 2175 gratia
1285 2105 1513 2159 salutem
1557 2119 1659 2157 non
1712 2111 1896 2172 posset
1945 2116 2039 2155 cu-

467 2199 692 2263 stodire,
741 2211 902 2266 quam
945 2195 1153 2263 accepit
1191 2193 1505 2263 :quomodo
1552 2193 1671 2248 sine
1717 2192 1812 2246 Dei
1864 2190 2040 2262 gratia

465 2291 664 2360 poterit
689 2303 942 2360 reparare
971 2286 1115 2357 quod
1143 2285 1400 2356 perdidit.

539 2383 796 2448 Quartum
827 2381 968 2450 (can.
996 2378 1106 2448 21).
1140 2377 1264 2432 Ideo
1292 2377 1541 2432 Christus
1573 2391 1678 2437 non
1701 2374 1868 2447 gratis
1891 2390 2040 2431 mor-

469 2480 592 2526 tuus
620 2480 722 2536 est,
754 2479 814 2524 ut
858 2479 914 2523 et
946 2468 1030 2523 lex
1059 2485 1155 2538 per
1185 2469 1334 2523 illum
1366 2468 1700 2537 impleretur,
1721 2467 1812 2536 qui
1849 2467 1985 2521 dixit
2023 2482 2038 2522 :

473 2584 491 2616 ι
531 2565 642 2619 Non
674 2565 792 2620 veni
825 2564 1034 2621 solvere.
1069 2564 1261 2635 legem,
1293 2564 1389 2619 sed
1417 2561 1712 2632 adimplere
1745 2561 1961 2632 (Matth.
1983 2575 2040 2625 v,

471 2656 580 2721 l7).
623 2675 642 2708 ι
679 2656 741 2709 Ει
778 2666 969 2712 natura
996 2671 1092 2726 per
1120 2656 1288 2709 Adam
1325 2654 1533 2725 perdita
1570 2666 1668 2724 per
1701 2653 1848 2707 illum
1893 2667 2045 2722 repa-

469 2757 679 2802 raretur
709 2750 798 2816 qui
829 2749 965 2802 dixit
993 2763 1006 2801 :
1049 2767 1067 2800 t
1102 2747 1328 2803 Venisse
1355 2761 1412 2803 se
1444 2760 1688 2817 quaerere
1731 2752 1786 2800 et
1831 2743 2044 2799 salvare

471 2838 612 2907 quod
636 2838 916 2910 perierat.]
952 2858 970 2890 ι

1024 2948 1249 3005 CAPUT
1291 2947 1477 3003 XXIV.

792 3041 866 3095 De
897 3042 1328 3095 condemnatione
1349 3039 1714 3096 Gotteschalm’.

542 3153 667 3208 Post
693 3153 806 3207 haec
835 3154 1146 3223 interposita
1177 3157 1405 3224 quadam
1432 3155 1766 3221 narratione,
1809 3171 1927 3225 qua:
1975 3156 2040 3212 ad
2070 3175 2114 3240 ρ

469 3255 785 3316 praesentem
815 3246 1216 3314 responsionem
1263 3256 1501 3299 nostram
1544 3262 1648 3301 non
1697 3248 1908 3302 videtur
1944 3263 2039 3302 ne-

470 3337 706 3392 cessaria
765 3335 1036 3406 subjungit
1082 3337 1314 3407 scriptor
1369 3338 1603 3408 epistolae
1651 3339 1716 3393 de
1774 3348 2040 3394 conventu

469 3429 679 3484 concilii
710 3429 1082 3497 episcoporum
1116 3444 1214 3497 pro
1249 3429 1622 3483 examinandis
1649 3438 1704 3482 et
1727 3428 2041 3486 deﬁniendis

468 3519 854 3589 quaestionibus
883 3518 994 3573 sive
1019 3519 1577 3589 objectionibus,quas
1606 3519 1694 3574 ille
1721 3520 2043 3576 miserabilis

467 3611 764 3665 monachus
794 3611 1134 3681 proposuisse
1163 3611 1249 3666 vel
1295 3612 1542 3667 docuisse
1573 3612 1790 3666 dicitur.
1821 3613 1898 3667 De
1924 3613 2043 3682 qui-

467 3698 569 3754 bus
599 3700 725 3770 quid
754 3709 950 3754 nostra:
986 3702 1261 3772 pusillitati
1286 3703 1531 3757 videatur
1552 3702 1664 3773 jam
1707 3719 1867 3774 supra
1910 3705 2043 3761 satis

468 3801 742 3844 ostensum
762 3799 864 3846 est.
892 3791 957 3846 Et
977 3792 1207 3862 qualiter
1234 3793 1375 3849 idem
1398 3795 1698 3852 monachus
1722 3799 2041 3855 eorumdem

469 3881 846 3950 episcoporum
868 3881 1094 3949 judicio,
1123 3884 1248 3954 quia
1293 3899 1480 3939 eorum
1526 3887 1874 3956 acquiescere
1920 3905 2042 3946 sen-

437 3958 439 3961 ’
470 3975 653 4029 tentite
677 3974 868 4040 noluit,
899 3974 1063 4030 fuerit
1093 3977 1503 4045 condemnatus,
1526 3978 1601 4033 ita
1627 3980 1813 4036 dicens
1844 3997 1860 4039 :

1088 4099 1407 4140 BINCMARUS.

540 4197 900 4269 Quapropter,
924 4199 1098 4270 inquit
1117 4203 1226 4268 ,ad
1257 4203 1633 4275 episcoporum
1664 4222 1787 4263 eum
1810 4224 2044 4279 praesen-

471 4289 599 4344 tiam
625 4292 715 4360 qui
747 4301 872 4347 tunc
897 4293 1043 4363 regio
1062 4295 1314 4350 mandato
1334 4311 1437 4366 pro
1463 4298 1693 4366 negotiis
1720 4300 1884 4369 regiis
1905 4303 2044 4372 apud

468 4380 799 4437 Carisiacum
856 4384 1103 4439 accersiti
1158 4396 1349 4453 erant,
1389 4388 1446 4443 in
1480 4390 1824 4460 praesentiam
1875 4394 2045 4458 etiam.

469 4472 679 4527 Domini
710 4472 1025 4536 Wenilonis.
1054 4488 1078 4516 ι
1109 4476 1199 4546 qui
1222 4477 1348 4534 illuc
1376 4491 1723 4548 convenerat,
1744 4483 2046 4552 producere

2141 1933 2198 1979 et
2235 1925 2301 1981 de
2341 1927 2472 1995 ipsis
2516 1926 2755 1998 ﬂagellis,
2797 1936 2855 1984 et
2900 1930 3152 1994 aedibus,
3187 1930 3385 2001 quibus
3414 1932 3716 1986 secundum

2140 2015 2378 2084 regulam
2406 2017 2575 2071 sancti
2600 2017 2870 2073 Benedicti
2891 2018 3092 2074 dicitur
3109 2019 3448 2090 adjudicatus
3468 2060 3484 2083 ,
3518 2021 3717 2089 quibus

2141 2113 2195 2160 et
2217 2107 2438 2161 omnino
2465 2106 2638 2162 fertur
2665 2109 2999 2165 atrocissime
3039 2118 3094 2165 et
3132 2111 3334 2180 absque
3366 2109 3474 2164 ulla
3505 2110 3720 2164 miseri-

2141 2199 2325 2255 cordia
2360 2215 2498 2271 pene
2525 2217 2696 2272 usque
2718 2203 2785 2256 ad
2812 2210 3039 2258 mortem
3070 2203 3416 2268 dilaceratus,
3442 2219 3570 2273 qua:
3597 2218 3717 2257 mo-

2143 2292 2371 2359 deratio,
2393 2301 2450 2349 et
2473 2307 2724 2349 mensura
2765 2292 2918 2363 juxta
2964 2295 3220 2364 pietatem
3260 2294 3719 2359 ecclesiasticam,

2143 2391 2198 2438 et
2225 2383 2763 2448 sacerdotalem,sive
2790 2385 3162 2441 monachalem
3190 2385 3581 2442 verecundiam
3608 2401 3720 2441 ser-

2141 2475 2258 2529 vari
2285 2475 2546 2539 debuerit,
2575 2475 2675 2544 ipsi
2714 2475 2894 2546 potius
2939 2477 3084 2546 apud
3134 2491 3193 2532 se
3238 2475 3508 2545 judicent.
3563 2475 3720 2544 Quod

2144 2572 2324 2619 autem
2352 2563 2407 2618 in
2452 2564 2824 2634 episcoporum
2874 2565 3226 2621 contumelias
3273 2566 3478 2621 dicitur
3529 2581 3722 2636 promo

2142 2650 2310 2722 pisse,
2337 2667 2463 2709 vere
2489 2654 2590 2708 hoc
2617 2662 2701 2709 est
2729 2661 2786 2709 et
2814 2654 3059 2724 impium,
3088 2663 3142 2711 et
3179 2655 3455 2722 insanum,
3500 2665 3559 2712 et
3597 2673 3718 2712 om-

2145 2744 2273 2798 nino
2287 2744 2432 2815 justa
2460 2744 2662 2800 ultione
2689 2746 3056 2801 damnandum
3085 2763 3098 2801 :
3133 2746 3260 2803 licet
3282 2746 3477 2804 melius
3505 2748 3576 2804 ab
3601 2749 3722 2804 aliis

2144 2851 2306 2906 quam
2331 2837 2398 2892 ab
2421 2837 2571 2907 ipsis.

2215 2929 2291 2984 De
2322 2929 2425 2985 illis
2446 2945 2574 2985 vero
2599 2931 2897 2999 sententiis,
2926 2948 3061 3004 quas
3087 2940 3143 2990 et
3163 2940 3323 2989 antea
3355 2933 3716 3004 praedicasse,

2144 3028 2200 3075 et
2221 3028 2349 3074 tunc
2376 3020 2428 3074 in
2459 3019 2676 3091 Synodo
2699 3022 3062 3092 proposuisse,
3087 3039 3187 3080 nec
3210 3023 3481 3079 ullatenus
3509 3034 3722 3079 mutare

2145 3111 2377 3168 voluisse
2406 3113 2673 3181 ﬁrmatur,
2723 3115 2967 3186 ignoscat
3016 3117 3168 3172 nobis
3201 3118 3578 3188 unusquisque
3620 3119 3723 3174 lec-

2146 3214 2249 3271 tor,
2280 3205 2519 3273 ignoscat
2543 3205 2707 3260 etiam
2733 3209 3058 3263 reverendus
3080 3207 3166 3262 ille
3185 3207 3427 3278 epistola:
3448 3210 3719 3279 scriptor:

2144 3295 2280 3364 Quia
2307 3296 2448 3352 sicut
2467 3296 2578 3366 jam
2608 3298 2874 3366 superius,
2903 3307 2958 3353 et
2985 3315 3051 3354 ex
3076 3299 3277 3365 divina,
3317 3308 3375 3354 et
3400 3315 3468 3355 ex
3496 3311 3720 3370 paterna

2145 3387 2466 3441 auctoritate
2502 3387 2633 3443 satis
2675 3389 3028 3456 ostendimus,
3055 3389 3268 3446 videtur
3293 3391 3452 3446 nobis
3479 3392 3598 3446 sine
3622 3394 3719 3446 du-

2143 3476 2253 3544 bio,
2296 3478 2436 3548 quod
2478 3478 2586 3544 illa,
2617 3493 2738 3548 qua:
2761 3479 2825 3534 de
2852 3480 3031 3535 divina
3075 3481 3538 3552 prcedestinatione
3565 3483 3717 3550 dixit,

2137 3568 2295 3638 juxta
2323 3568 2564 3642 regulam
2603 3570 2884 3626 catholicae
2911 3572 3034 3628 ﬁdei
3069 3586 3196 3628 vera
3223 3573 3352 3638 sint,
3381 3580 3439 3628 et
3458 3589 3491 3627 a
3519 3574 3719 3628 veridi-

2145 3659 2224 3714 cis
2258 3659 2500 3728 patrihus
2531 3659 2968 3716 manilestissime
2994 3662 3332 3728 conﬁrmata,
3380 3677 3482 3718 nec
3524 3664 3594 3718 ab
3621 3663 3721 3718 ullo

2144 3752 2359 3823 penitus
2415 3761 2682 3818 nostrum,
2725 3754 2816 3822 qui
2864 3753 3171 3810 Catholicus
3216 3754 3405 3810 haberi
3453 3756 3606 3822 vult,
3640 3772 3728 3828 re—g

2145 3843 2379 3912 spuenda
2422 3844 2534 3898 sive
2573 3842 2897 3898 damnanda.
2925 3844 2988 3898 Et
3015 3844 3134 3899 ideo
3171 3844 3226 3899 in
3268 3845 3369 3902 hac
3398 3861 3457 3901 re
3476 3846 3721 3903 dolemus

2143 3948 2251 3988 non
2280 3933 2429 3989 illum
2453 3934 2834 4000 miserabilem,
2862 3935 2956 3990 sed
2983 3935 3408 3992 ecclesiasticam
3435 3940 3719 3994 veritatem

2143 4037 2263 4080 esse
2311 4024 2640 4080 damnatam.
2671 4023 2729 4079 In
2773 4024 2862 4079 illa
2913 4034 3092 4081 autem
3134 4025 3380 4098 Apostoli
3429 4030 3717 4095 sententia,

2143 4131 2248 4186 qua
2274 4115 2341 4172 de
2366 4117 2476 4172 Deo
2516 4117 2613 4182 ait,
2657 4134 2676 4168 ι
2721 4118 2814 4188 qui
2860 4118 2974 4172 vult
3015 4133 3202 4174 omnes
3244 4119 3495 4176 homines
3544 4121 3718 4177 salvos

2145 4205 2283 4269 ﬁeri,
2315 4213 2371 4261 et
2416 4205 2483 4260 ad
2525 4205 2852 4277 agnitionem
2891 4209 3138 4264 veritatis
3166 4210 3370 4276 venire,
3401 4229 3422 4261 ι
3466 4221 3715 4280 putamus

2142 4313 2265 4352 eum
2312 4313 2532 4355 sensum
2568 4300 2865 4356 beatissimi
2901 4302 3073 4370 patris
3110 4301 3417 4372 Augustini,
3456 4303 3528 4358 ab
3573 4303 3715 4360 omni

2146 4401 2359 4456 semper
2405 4387 2649 4444 Ecclesia
2687 4391 3066 4446 venerabiliter
3118 4392 3341 4462 recepti,
3368 4399 3426 4446 et
3463 4408 3639 4464 usque
3663 4393 3717 4448 in

2147 4474 2304 4528 ﬁnem
2333 4476 2512 4530 saeculi
2537 4476 2849 4547 recipiendi,
2877 4474 3118 4534 secutum
3146 4479 3329 4544 fuisse,
3357 4480 3452 4550 qui
3475 4481 3548 4538 de
3571 4489 3717 4537 tanta

468 4563 648 4617 studui
692 4564 781 4620 ubi
835 4565 1016 4621 multis
1053 4567 1396 4626 audientibus
1423 4572 1560 4627 nihil
1587 4572 1804 4643 dignum
1833 4575 2040 4632 ratione

2144 4567 2440 4636 quaestione
2479 4575 2737 4635 tractans,
2765 4578 2821 4624 et
2857 4571 3065 4626 collatis
3102 4572 3242 4626 inter
3282 4585 3342 4627 se
3375 4573 3590 4629 duobus
3615 4583 3720 4630 tes-

469 4650 553 4704 vcl
577 4651 733 4718 dixit,
759 4653 844 4707 vel
879 4654 1244 4728 interrogatus
1275 4661 1554 4730 respondit
1581 4680 1596 4716 :
1624 4663 1740 4728 sed,
1785 4671 1845 4718 ut
1890 4680 2040 4721 arre-

2144 4657 2406 4724 timoniis,
2435 4661 2729 4730 apostolico
2770 4663 3019 4718 videlicet
3043 4672 3100 4720 et
3127 4665 3465 4736 prophetico,
3489 4667 3722 4736 qualiter

469 4740 674 4808 ptitius,
724 4757 844 4796 cum
900 4745 1030 4815 quid
1091 4747 1481 4804 rationabiliter
1537 4751 1889 4821 responderet
1933 4767 2042 4810 non
2137 4747 2288 4819 iuxta
2331 4764 2518 4804 sanam
2565 4749 2690 4805 ﬁdei
2735 4751 3144 4823 intelligentiam
3185 4764 3479 4826 utrumque
3526 4771 3718 4811 verum

469 4829 676 4897 habuit,
705 4831 758 4886 in
789 4835 1144 4891 contumelias
1174 4837 1504 4908 singulorum
1532 4842 1798 4912 prorupit.
1821 4842 1887 4896 Et
1912 4858 2039 4913 pro-

469 4928 587 4990 pter
620 4923 1137 4994 impudentissimam
1170 4929 1509 4986 insolentiam
1541 4948 1693 4988 suam
1753 4949 1849 5004 per
1890 4951 2038 5006 regu-

470 5008 577 5063 lam
607 5014 773 5067 sancti
813 5015 1088 5072 Benedicti
1127 5033 1158 5072 a
1185 5021 1575 5075 monachorum
1615 5022 1919 5090 abbatibus,
1951 5026 2037 5081 vel

470 5104 681 5158 cteteris
725 5108 1001 5163 monachis
1043 5110 1238 5180 dignus
1288 5110 1498 5182 ﬂagello
1553 5113 1909 5182 adjudicatus.
1973 5117 2042 5173 Et

468 5191 593 5260 quia
621 5202 808 5249 contra
851 5199 1166 5255 canonicam
1211 5201 1625 5269 institutionem,
1653 5205 1829 5260 civilia
1861 5215 1915 5262 et
1944 5223 2038 5264 ec-

2144 4855 2264 4895 esse
2289 4839 2658 4909 accipiendum
2687 4841 2776 4908 sit,
2815 4851 2873 4897 et
2902 4843 2956 4897 in
2994 4844 3264 4916 plerisque
3293 4845 3418 4901 aliis
3453 4846 3717 4902 librorum

2145 4947 2364 4988 suorum
2397 4932 2551 4998 locis,
2588 4941 2644 4987 et
2675 4935 2910 4988 maxime
2937 4935 2989 4990 in
3013 4936 3191 4992 libello
3219 4937 3310 5007 qui
3360 4937 3715 4992 Enchiridiun

2143 5025 2339 5080 dicitur
2385 5025 2785 5081 evidentissime
2844 5027 3120 5093 declarat;
3168 5037 3222 5083 et
3285 5029 3412 5098 quid
3452 5031 3503 5083 ei
3545 5029 3616 5084 de
3659 5044 3717 5083 re

2145 5125 2290 5171 tanta
2342 5119 2672 5188 probabilius
2712 5119 2976 5186 videatur,
3025 5121 3356 5177 manifestat.
3395 5121 3565 5191 Cujus
3599 5138 3715 5178 om-

2143 5205 2273 5262 nino
2314 5208 2610 5264 veridicum
2659 5223 2876 5266 sensum
2923 5226 3032 5266 non
3083 5212 3321 5283 oportuit
3358 5212 3460 5268 sub
3487 5226 3718 5282 persona

1403 5333 1609 5391 ΝΟΤίΕ
1652 5335 1971 5396 DUVALLII
1997 5343 2348 5408 .DOCTORIS
2383 5343 2758 5402 SORBONICI.

544 5464 568 5492 α
608 5452 706 5536 llic
739 5453 842 5508 fuit
888 5457 1321 5536 archiepiscopus
1373 5463 1703 5523 Senonensis
1744 5473 2036 5527 secundum

469 5521 859 5606 Democharen:
891 5525 940 5606 in
979 5521 1175 5606 tabulis
1203 5521 1572 5606 episcoporum
1601 5521 2034 5597 Senonensi—ium:

469 5609 534 5646 ex
568 5596 762 5667 quibus
797 5596 1004 5667 eottjice
1039 5599 1092 5652 in
1129 5596 1292 5659 vari-is
1327 5596 1679 5663 conventibus
1714 5596 2038 5667 condemnaé

470 5672 586 5751 tum
615 5663 777 5720 fuisse
805 5664 1270 5751 ﬂauescit-aleam}
1319 5675 1375 5728 in
1417 5663 2040 5751 Moguntinenisihne—m'pe

465 5743 516 5787 et
549 5732 846 5793 Senonensi
875 5739 1125 5810 concilio,
1154 5751 1208 5798 et
1239 5732 1378 5800 forte
1406 5732 1613 5800 tantum
1649 5732 2035 5809 inivsenoucnrsi

2144 5476 2466 5566 vapulasse,
2491 5477 2977 5566 quiaqll‘incmarus
3011 5482 3065 5535 in
3106 5488 3214 5564 tota
3259 5481 3359 5566 illa.
3384 5483 3611 5566 cpistola
3652 5487 3716 5540 ad

2143 5545 2419 5620 Nicolaum
2448 5545 2658 5611 l,‘nibil
2683 5549 2750 5603 de
2781 5551 2946 5620 virgis
2979 5552 3306 5607 mentionem
3335 5545 3484 5616 facit,
3512 5558 3607 5610 sed
3632 5573 3717 5608 so-

2143 5617 2252 5671 lum
2280 5632 2402 5671 eum
2426 5620 2526 5672 sub
2551 5625 2698 5672 arcta
2726 5617 2965 5674 custodia
2997 5621 3051 5675 in
3079 5624 3408 5680 monasterio
3439 5623 3610 5684 fuisse
3638 5641 3717 5682 re-

2143 5687 2371 5755 clusum,
2407 5703 2476 5745 ne
2505 5687 2638 5746 alios
2663 5689 2776 5746 suis
2798 5691 3073 5749 erroribus
3099 5693 3357 5752 inﬁceret.
