3966 6334
219 350 352 410 1029

1311 350 1513 407 LIBER
1552 351 1640 406 DE
1676 347 1926 405 TRIBUS
1965 348 2336 408 EPISTOLIS.

3330 363 3468 420 1050

219 458 445 530 alicujus
471 459 725 526 hominis,
750 476 780 516 a
799 460 1078 517 catholicis
1113 460 1210 516 Dei
1239 461 1613 517 sacerdotibus
1658 476 1786 516 con-
1813 466 1860 524 Α
1889 457 1976 530 (II
2015 457 2137 515 Cor.
2171 478 2291 528 xm,
2317 463 2393 534 8).
2442 483 2462 518 ι
2495 463 2670 534 Atque
2700 465 2774 521 ita
2798 424 3304 539 potius‘agendum,
3333 481 3391 527 ut
3415 482 3472 529 et

220 553 458 609 demnari
485 571 503 606 ς
537 566 606 607 ne
636 551 745 622 jam
783 569 886 607 non
911 553 1029 618 iste,
1071 553 1162 622 qui
1191 568 1373 607 errare
1413 561 1652 621 putatur,
1694 551 1788 607 sed

220 645 307 700 ille
333 643 531 714 potius,
574 644 728 713 cujus
762 645 1138 699 auctoritatem
1188 643 1453 713 sequitur,
1506 642 1790 697 haereticus

217 749 338 790 esse
383 731 672 802 iudicetur.
697 735 768 789 Et
796 735 921 789 licet
955 734 1042 788 alii
1081 734 1296 802 quidam
1325 735 1516 795 sancti,
1547 742 1601 788 et
1624 747 1789 788 vene-

219 824 415 880 rabiles
466 834 645 894 patres
692 825 1007 896 simpliciter
1045 825 1132 879 illa
1179 825 1405 895 apostoli
1449 826 1611 880 verba
1639 839 1794 879 acoe-

113 931 116 934 ’
217 916 363 986 pisse
390 916 738 971 inveniantur
766 925 1117 986 utrorumque
1152 923 1327 970 tamen
1370 917 1640 971 sententia
1679 915 1794 970 fue-

219 1017 305 1062 rat
330 1009 638 1063 honoranda
665 1027 679 1062 :
709 1023 808 1063 nec
838 1007 1022 1076 utjam
1051 1008 1296 1077 superius
1321 1007 1526 1062 dictum
1557 1015 1660 1072 est,
1686 1022 1791 1061 una

218 1116 318 1171 pro
347 1101 516 1157 altera
547 1101 849 1154 damnanda
883 1117 896 1166 ;
935 1102 1058 1170 quia
1088 1111 1142 1154 et
1168 1100 1254 1154 illa
1283 1116 1351 1155 ex
1383 1101 1562 1155 divina
1610 1109 1796 1156 aucto-

219 1193 382 1248 ritate
402 1209 527 1248 vera
553 1208 671 1248 esse
700 1203 1049 1259 monstratur,
1083 1202 1138 1249 et
1167 1195 1269 1250 ista
1295 1195 1525 1264 quadam
1567 1195 1655 1266 pia
1703 1211 1794 1250 ra-

221 1286 365 1342 tione
391 1301 496 1341 non
536 1287 828 1340 abhorrere
858 1303 886 1340 a
915 1287 1144 1342 veritate
1177 1285 1406 1342 ﬁdeliter
1428 1287 1685 1341 creditur.

286 1375 408 1432 Jam
436 1377 564 1431 illud
586 1378 650 1430 de
688 1376 952 1431 Dominici
994 1377 1268 1447 sanguinis
1311 1377 1475 1446 pretio
1511 1377 1653 1446 quod
1699 1391 1798 1446 pro

217 1469 306 1525 his
333 1478 540 1524 tantum
570 1469 661 1539 qui
704 1470 926 1524 credere
960 1468 1227 1526 voluerint
1252 1469 1434 1522 datum
1477 1469 1549 1523 sit
1579 1465 1797 1521 manife-

215 1572 360 1618 stum
381 1570 485 1627 est,
503 1562 643 1617 sicut
663 1576 824 1632 supra
847 1563 978 1616 satis
998 1561 1328 1616 ostendimus
1347 1559 1660 1614 eorumdem
1680 1557 1801 1612 bea-

216 1662 394 1709 torum
415 1662 629 1722 patrum
650 1653 916 1708 sententia
939 1670 951 1706 :
975 1667 1134 1721 quam
1159 1654 1282 1716 iste,
1300 1660 1358 1706 ut
1372 1659 1647 1721 putamus,
1665 1648 1801 1704 etle~

213 1743 391 1816 gendo
417 1744 698 1809 didicerat,
725 1752 780 1799 et
822 1743 1078 1797 damnare
1114 1742 1408 1798 metuebat.
1458 1741 1637 1806 Unde,
1667 1750 1722 1794 et
1755 1739 1798 1794 si

1894 560 2076 622 patres
2103 561 2156 607 tn
2182 554 2324 620 ﬁliis,
2351 565 2403 609 el
2435 555 2526 610 ﬁlii
2557 557 2612 611 in
2649 559 2894 627 patrihus
2932 559 3287 625 honorentur,
3315 561 3471 630 juxta

1893 639 2234 698 Salomoncm
2282 645 2550 700 dicentem
2581 665 2594 701 :
2649 666 2666 699 ι
2704 648 2913 704 Corona
2943 665 3156 715 senum,
3201 652 3298 707 ﬁlii
3330 653 3470 710 ﬁlio.

1892 749 2012 788 rum
2035 743 2090 788 et
2111 734 2280 805 gloria
2306 735 2535 791 ﬁliorum
2561 746 2742 816 patres
2765 755 2950 794 eorum
2975 740 3158 811 (Prov.
3181 758 3314 808 xvu,
3337 743 3414 814 6).
3445 762 3466 796 ι

1893 825 1970 879 De
1995 825 2191 894 quibus
2225 826 2388 880 etiam
2431 827 2556 882 alibi
2602 830 2911 901 praccipitur
2941 849 2955 884 :
2992 849 3009 882 ι
3046 831 3102 886 ln
3131 832 3474 889 multitudine

1894 915 2330 988 presbyterorum
2359 919 2704 988 prudentium
2735 930 2840 986 sta,
2869 930 2920 976 et
2971 923 3233 992 sapientia
3259 924 3473 979 illorum

1897 1023 1960 1063 ex
1985 1009 2148 1062 corde
2169 1007 2514 1078 conjungere,
2532 1019 2590 1063 ut
2609 1026 2824 1065 omnem
2847 1013 3216 1069 narrationem
3240 1016 3330 1070 Dei
3354 1029 3477 1085 pos-

1899 1097 1974 1153 sis
2003 1098 2190 1153 audire
2236 1097 2427 1169 (Eccli.
2457 1115 2532 1165 v1,
2563 1100 2687 1170 55);
2726 1119 2745 1152 ι
2780 1111 2834 1156 ει
2865 1102 3057 1156 iterum
3089 1121 3102 1157 :
3139 1121 3157 1154 ι
3194 1103 3273 1158 Ne
3298 1104 3476 1173 despio

1899 1191 2012 1245 cias
2054 1191 2419 1246 narrationem
2462 1193 2898 1264 presbyterorum
2947 1195 3295 1264 sapientium,
3324 1205 3378 1250 et
3420 1196 3476 1251 in

1900 1281 2198 1353 proverbiis
2242 1281 2453 1336 illorum
2499 1299 2822 1339 conversare
2860 1301 2873 1338 :
2922 1302 3025 1340 non
3076 1293 3129 1341 te
3186 1295 3478 1357 prmtereat

1899 1375 2139 1429 narratio
2167 1375 2440 1431 seniorum
2471 1393 2485 1442 ;
2513 1385 2568 1430 et
2600 1376 2699 1446 ipsi
2726 1377 2869 1432 enim
2918 1377 3222 1433 didicerunt
3248 1395 3278 1432 a
3304 1381 3474 1450 patri-

1898 1463 2002 1519 bus
2023 1465 2170 1520 suis:
2200 1467 2454 1536 quoniam
2486 1467 2553 1520 ab
2577 1467 2708 1537 ipsis
2733 1467 2908 1523 disces
2947 1469 3299 1535 intellectum,
3331 1479 3384 1525 et
3416 1469 3470 1524 in

1903 1567 2144 1628 tempore
2164 1560 2503 1616 necessitatis
2525 1561 2678 1617 dabis
2708 1578 3023 1632 responsum
3053 1563 3242 1634 (Eccli.
3273 1581 3393 1628 vm,
3418 1564 3474 1630 9,

1904 1649 1994 1715 il,
2027 1650 2134 1721 ιε).
2181 1671 2198 1704 ι
2229 1650 2307 1706 De
2339 1654 2422 1708 his
2447 1670 2681 1724 namque
2705 1663 2760 1709 et
2803 1655 2926 1710 alibi
2958 1656 3306 1727 praecipitur:
3338 1676 3356 1708 ι
3391 1656 3482 1712 ln-

1905 1750 2118 1814 terroga
2161 1753 2369 1813 patrem
2402 1753 2572 1810 tuum,
2624 1755 2678 1800 et
2727 1747 3066 1802 annuntiabit
3115 1748 3251 1814 tibi;
3302 1747 3476 1818 majo-

213 1836 425 1892 inventi
475 1845 606 1891 sunt
653 1834 742 1889 alii
782 1850 936 1905 aeque
978 1842 1180 1904 patres,
1212 1834 1303 1904 qui
1336 1833 1466 1888 illud
1497 1832 1789 1902 gloriosum
1823 1829 1866 1888 Β
1896 1848 1983 1889 res
2008 1843 2146 1897 tuos,
2175 1844 2229 1890 et
2252 1836 2430 1892 dicent
2452 1837 2548 1892 tibi
2576 1837 2754 1908 (Deut.
2783 1855 2956 1904 xxxu,
2981 1840 3066 1912 7);
3111 1860 3130 1893 ι
3165 1848 3220 1896 ει
3242 1840 3436 1895 iterum
3463 1857 3478 1894 :

211 1928 447 1998 pretium
469 1928 632 1982 etiam
660 1943 758 1997 pro
781 1943 1052 1996 nunquam
1075 1926 1383 1992 credituris,
1413 1937 1469 1980 et
1492 1927 1546 1981 in
1576 1941 1671 1981 sua
1695 1927 1796 1980 im-

210 2018 416 2088 pietate
449 2017 702 2086 per-ituris
723 2018 904 2072 datum
933 2033 1052 2072 esse
1081 2033 1186 2070 non
1218 2018 1480 2082 abnuant,
1514 2016 1707 2071 melius
1739 2025 1797 2072 ut

210 2111 487 2166 credimus
516 2110 729 2179 utrique
779 2110 1195 2173 honorarentur,
1239 2123 1346 2164 nec
1380 2123 1482 2178 pro
1530 2108 1654 2162 aliis
1701 2106 1794 2161 alii

210 2205 605 2260 damnarentur
631 2220 644 2256 :
673 2202 800 2271 quia
824 2211 878 2257 et
899 2202 1034 2255 illud
1063 2199 1347 2256 manifeste
1395 2201 1575 2255 divina
1605 2207 1796 2254 aucto-

211 2297 379 2351 ritate
428 2296 698 2350 ﬁrmatum
719 2303 801 2350 est
825 2311 842 2360 ;
864 2302 919 2350 et
947 2294 1086 2349 istud
1115 2294 1160 2347 si
1185 2295 1273 2363 pie
1298 2293 1552 2359 sentitur,
1581 2309 1686 2348 non
1707 2300 1800 2348 est

209 2387 576 2443 abnuendum.
599 2387 750 2454 Quod
775 2401 900 2441 vero
921 2386 1119 2441 dixisse
1141 2385 1403 2451 ﬁrmatur,
1427 2386 1496 2441 ad
1520 2385 1659 2441 male
1676 2396 1798 2440 tan-

209 2478 494 2535 tummodo
521 2478 784 2549 agendum
835 2478 1057 2532 liberum
1099 2491 1198 2532 nos
1228 2477 1430 2532 habere
1470 2476 1793 2542 arbitrium;

209 2571 282 2626 ad
307 2571 446 2626 bene
473 2585 603 2625 vero
625 2568 889 2640 agendum
927 2584 1033 2624 non
1062 2569 1278 2632 habere,
1327 2569 1371 2622 si
1402 2583 1529 2622 vere
1558 2568 1630 2622 ita
1675 2582 1797 2622 sen-

209 2662 288 2719 sit
337 2669 395 2717 et
432 2661 586 2726 dixit,
629 2661 732 2716 hoc
758 2675 884 2715 vere
916 2674 1020 2714 non
1045 2666 1128 2714 est
1172 2673 1242 2713 ex
1267 2657 1447 2712 divina
1474 2656 1798 2712 auctoritate

209 2763 511 2824 sumptum,
569 2767 746 2822 neque
796 2768 864 2806 ex
909 2759 1220 2805 sanctorum
1266 2747 1488 2802 Patrum
1530 2744 1798 2816 dogmati-

208 2848 321 2902 bus
373 2853 628 2909 tractum,
681 2843 777 2898 sed
825 2851 1012 2912 aperte
1057 2855 1124 2895 ex
1163 2838 1383 2910 proprio
1431 2851 1624 2892 errore
1670 2850 1798 2905 pro-

210 2939 408 2994 latum.
441 2936 579 3004 Quia
615 2935 842 2991 liberum
892 2932 1050 2989 nobis
1078 2929 1362 2986 arbitrium
1400 2929 1541 2999 quod
1574 2936 1798 2998 peccato

209 3030 398 3087 fuerat
425 3027 790 3098 subjugatum,
815 3041 920 3081 non
947 3023 1182 3079 ablatum
1210 3029 1318 3085 est,
1346 3021 1438 3076 sed
1484 3020 1797 3083 liberatum,

207 3131 274 3180 et
301 3122 477 3192 ipsum
519 3119 676 3175 nobis
701 3131 798 3188 per
841 3116 939 3171 Dei
979 3114 1209 3187 gratiam
1260 3113 1531 3168 excitatur
1554 3111 1622 3165 ad
1659 3111 1798 3166 bene

1903 1941 1923 1975 ι
1959 1923 2472 1997 Νεξιιειιιεετεάίιιιίίε
2505 1929 2763 1985 terminos
2798 1931 3068 2001 antiquos,
3112 1947 3247 2002 quos
3286 1945 3482 2003 posue-

1899 2029 2026 2075 runt
2049 2031 2233 2091 patres
2263 2022 2339 2076 tui
2371 2021 2552 2092 (Prov.
2583 2039 2698 2088 χχι,
2725 2021 2839 2092 28).
2880 2043 2900 2075 ι

1969 2111 2303 2182 Quapmpter
2324 2113 2450 2167 illud
2477 2129 2698 2183 prorsus
2724 2129 2914 2170 omnes
2943 2129 3048 2170 non
3075 2115 3247 2170 solum
3274 2114 3482 2183 dolent,

1898 2203 1992 2258 sed
2023 2204 2185 2258 etiam
2211 2204 2432 2259 horrent
2458 2223 2470 2259 :
2500 2206 2626 2274 quia
2661 2207 2902 2261 inaudito
2946 2206 3379 2278 irreligiositatis,
3425 2217 3484 2263 et

1897 2293 2230 2348 crudelitatis
2265 2295 2532 2366 exemplo,
2588 2297 2769 2352 tandiu
2797 2297 2886 2352 ille
2919 2298 3247 2354 miserabilis
3298 2298 3482 2368 ﬂagris

1898 2392 1952 2439 et
1979 2385 2218 2441 caedibus
2245 2387 2542 2442 trucidatus
2571 2387 2878 2453 est,,dunec
2906 2387 3069 2458 (sicut
3117 2396 3483 2442 narraverunt

1896 2477 2077 2541 nobis,
2096 2477 2186 2546 qui
2211 2486 2503 2546 praesentes
2524 2478 2767 2548 aderant)
2784 2492 3009 2533 accenso
3035 2491 3061 2519 ι
3085 2493 3268 2534 coram
3291 2493 3350 2533 se
3372 2477 3484 2546 igni

1898 2565 2154 2631 libellum,
2185 2566 2238 2620 in
2273 2581 2380 2635 quo
2417 2567 2711 2622 sententias
2761 2567 3165 2638 Scripturarum
3195 2569 3308 2624 sive
3359 2583 3484 2624 san-

1898 2664 2108 2710 ctorum
2166 2656 2387 2711 Patrum
2437 2658 2542 2712 sibi
2596 2658 2909 2728 collegerat,
2961 2674 3096 2729 quas
3144 2659 3200 2715 in
3250 2659 3484 2716 concilio

1896 2746 2140 2814 offerret,
2185 2757 2406 2804 coactus
2431 2758 2518 2805 est
2554 2749 2666 2818 jam
2696 2766 2834 2820 pene
2866 2751 3136 2807 emoriens
3162 2750 3274 2806 suis
3304 2749 3480 2806 mani-

1897 2840 2000 2895 bus
2039 2841 2092 2894 in
2131 2838 2402 2895 ﬂammam
2433 2840 2720 2912 projicere,
2770 2851 2932 2911 atque
2961 2843 3211 2898 incendio
3249 2855 3478 2898 concre-

1898 2947 2049 2987 mare
2079 2946 2093 2986 :
2118 2948 2244 2988 cum
2267 2949 2458 2990 omnes
2487 2943 2634 2990 retro
2660 2935 2898 2991 haeretici
2923 2935 3123 3000 verbis,
3153 2943 3209 2990 et
3236 2934 3482 3005 disputa-

1902 3023 2138 3078 tionibus
2174 3024 2323 3090 victi,
2351 3033 2513 3094 atque
2545 3026 2776 3081 convicti
2809 3033 2952 3080 sunt.
2990 3026 3055 3081 Et
3095 3025 3172 3080 sic
3216 3026 3480 3096 pravitas,

1901 3131 2021 3185 quae
2069 3117 2353 3171 videbatur
2403 3117 2653 3184 hominis,
2689 3116 2854 3172 fuerit
2881 3117 3203 3182 coercenda,
3249 3125 3310 3172 ut
3337 3115 3486 3172 nulla

213 3214 510 3287 agendum,
545 3220 614 3266 =ut
636 3220 696 3266 et
740 3210 845 3280 ipsi
899 3206 1140 3276 ejusdem
1182 3205 1369 3277 gratiae
1417 3213 1800 3275 cooperatores
1826 3197 1872 3261 C
1903 3207 2100 3262 divinis
2121 3209 2280 3263 rebus
2303 3207 2597 3264 inferretur
2619 3208 2836 3278 injuria.
2861 3208 3092 3264 Maxime
3111 3223 3236 3264 cum
3263 3207 3340 3262 illi
3362 3221 3487 3262 sen-

212 3309 410 3365 simus.
443 3306 517 3360 De
543 3320 645 3374 qua
677 3319 753 3367 re,
785 3304 830 3358 si
862 3304 964 3357 iste
1015 3310 1122 3354 tam
1148 3299 1383 3355 absurde
1403 3307 1458 3354 et
1482 3298 1800 3367 insipienter

214 3397 442 3461 erravit,
493 3394 780 3450 manifesta
811 3403 894 3449 est
930 3391 1171 3464 Apostoli
1213 3391 1481 3447 sententia
1522 3390 1795 3446 dicentis:

220 3509 240 3542 σ
284 3488 521 3553 Fratres,
552 3497 607 3541 et
635 3487 681 3540 si
717 3495 1123 3556 prmoccupatus
1159 3482 1325 3538 fuerit
1354 3483 1516 3538 homo
1537 3482 1590 3537 in
1617 3482 1799 3552 aliquo

216 3581 437 3645 delicto,
465 3595 561 3634 vos
588 3579 680 3647 qui
707 3577 1016 3648 Spirituales
1043 3576 1175 3630 estis
1200 3574 1505 3643 hujusmodi
1549 3573 1800 3628 iustruite

209 3669 274 3726 in
296 3670 487 3740 spiritu
513 3667 770 3730 lenitatis,
794 3666 1147 3720 considerans
1170 3671 1219 3717 te
1245 3663 1420 3731 ipsum
1441 3678 1510 3718 ne
1529 3672 1584 3717 et
1611 3671 1667 3717 tu
1686 3671 1802 3716 ten-

218 3761 352 3816 teris
376 3757 519 3829 (Gal.
546 3773 624 3822 γι,
646 3757 720 3827 1).
742 3776 760 3808 ι
789 3756 856 3810 Ει
875 3755 948 3810 illi
967 3755 1182 3824 quidem
1206 3762 1424 3823 propter
1437 3753 1802 3822 intemperan-

219 3852 376 3916 t-iam,
426 3849 913 3920 importunitatem,
967 3857 1135 3916 atque
1181 3846 1552 3900 infrunitatem
1609 3846 1802 3915 linguae

173 3982 187 3990 ρ
219 3956 333 3998 sum
349 3949 414 3996 et
437 3928 728 4010 inquietam
765 3936 1116 3992 mobilitatem
1138 3935 1508 3990 instabilitatis
1527 3950 1659 3999 suae,
1687 3949 1802 3989 me-

220 4035 330 4091 rito
358 4031 585 4088 forsitan
615 4031 834 4094 accidit,
858 4030 1000 4100 quod
1031 4029 1083 4082 in
1113 4027 1400 4083 Salomone
1429 4026 1646 4097 legitur,
1687 4046 1704 4078 ι
1736 4027 1802 4081 Ει

216 4125 314 4195 qui
360 4125 791 4179 inconsideratus
819 4129 904 4177 est
948 4120 1014 4175 ad
1059 4119 1386 4191 loquendum
1420 4118 1620 4174 sentiet
1658 4117 1803 4173 mala

222 4216 406 4290 (Prov.
436 4231 557 4281 xm,
583 4216 671 4285 5);
702 4234 721 4266 ι
749 4223 805 4270 et
832 4215 1028 4269 iterum
1056 4231 1071 4268 :
1108 4231 1128 4264 ι
1163 4212 1267 4280 Qui
1291 4211 1518 4282 imponit
1543 4211 1708 4266 stulto
1731 4210 1805 4266 si-

221 4310 474 4374 lentium,
495 4308 606 4362 iras
626 4307 837 4378 mitigat
854 4305 1042 4377 (Prov.
1069 4319 1219 4369 xxvi,
1244 4303 1332 4377 10)
1353 4321 1369 4371 ;
1396 4323 1415 4357 ι
1442 4313 1499 4359 ει
1521 4303 1627 4358 alio
1649 4303 1798 4359 loco:

226 4419 246 4453 ‹
292 4401 438 4471 Ejice
464 4399 783 4463 derisorem,
816 4407 872 4452 et
893 4397 1065 4452 exibit
1089 4411 1213 4452 eum
1243 4411 1308 4452 eo
1330 4395 1588 4466 jurgium,
1621 4409 1804 4451 cessa-

218 4493 465 4562 buntque
487 4505 684 4557 causae,
714 4497 769 4545 et
791 4487 1128 4544 contumeliae
1157 4483 1338 4559 (Prov.
1363 4501 1501 4553 χχιι,
1524 4487 1632 4556 10).
1670 4503 1690 4538 ι

801 4621 1026 4680 CAPUT
1064 4606 1227 4676 xxv.

298 4743 552 4800 Inaudita
586 4741 640 4794 in
671 4735 1088 4795 Gotteschalcum
1117 4732 1441 4788 crudelitatis
1475 4734 1730 4803 exempla.

297 4855 502 4910 Tamen
522 4851 719 4908 nullius
739 4849 972 4906 hominis
1003 4848 1366 4919 improbitate,
1396 4856 1452 4902 et
1487 4844 1804 4902 infrunitate

225 4952 303 5006 ita
333 4947 538 5004 moveri
566 4945 842 5009 debemus,
866 4950 927 4996 ut
951 4949 1382 5004 contemnamus,
1410 4938 1496 4994 vel
1523 4940 1802 5010 impugne-

228 5055 370 5106 mus,
401 5047 494 5093 aut
519 5037 682 5092 etiam
711 5035 969 5092 damnare
996 5033 1292 5088 audeamus
1335 5031 1574 5086 divinam
1601 5030 1804 5087 verita-

227 5142 360 5197 tem,
390 5129 504 5185 sive
526 5136 740 5198 patrum
781 5133 1089 5180 nostrorum
1120 5122 1487 5180 venerabilem
1515 5123 1813 5181 auctorita-

227 5233 361 5285 tem,
394 5234 662 5276 memores
690 5216 933 5288 Apostoli
978 5215 1250 5271 dicentis:
1287 5233 1308 5267 ι
1340 5213 1458 5272 Νοιι
1499 5216 1643 5271 enim
1686 5231 1810 5286 pos-

229 5327 419 5369 sumus
444 5308 648 5380 aliquid
687 5309 950 5364 adversus
975 5306 1288 5372 veritatem,
1314 5305 1410 5362 sed
1446 5319 1546 5376 pro
1581 5306 1810 5362 veritate

1905 3315 2018 3365 sus,
2049 3300 2140 3370 qui
2172 3300 2288 3370 ipso
2314 3300 2732 3356 continebantur
2765 3299 2966 3364 libello,
3004 3306 3232 3368 excepto
3258 3311 3367 3353 uno
3391 3295 3487 3367 qui

1902 3401 2180 3448 extremus
2206 3393 2446 3463 ponitur,
2479 3407 2584 3447 non
2622 3401 2802 3446 essent
2830 3391 2936 3456 sui,
2961 3391 3054 3445 sed
3081 3386 3436 3443 ecclesiastici
3465 3400 3483 3440 :

1901 3501 2003 3541 nec
2033 3486 2247 3555 ignibus
2273 3483 2585 3548 damnandi,
2614 3483 2707 3538 sed
2734 3483 2818 3551 pia
2841 3491 2895 3537 et
2918 3481 3144 3551 paciﬁca
3178 3479 3378 3532 fuerint
3403 3478 3489 3532 in-

1902 3575 2192 3645 quisitione
2233 3573 2520 3627 tractandi.
2551 3571 2659 3628 Sed
2687 3579 2741 3625 et
2769 3571 2858 3625 illa
2900 3569 3140 3639 ejusdem
3188 3565 3485 3622 miserandi

1904 3667 2140 3722 hominis
2165 3674 2270 3720 tam
2300 3665 2480 3735 longa,
2512 3671 2565 3719 et
2611 3663 2904 3717 inhumana
2950 3662 3004 3717 in
3036 3657 3365 3732 ergastulum
3389 3670 3490 3727 per

1904 3765 1982 3812 tot
2005 3774 2178 3812 annos
2205 3757 2504 3822 damnatio,
2536 3755 2712 3825 aliqua
2743 3763 2802 3810 ut
2837 3754 3128 3818 credimus,
3153 3750 3486 3821 compassio-

1902 3849 1988 3902 nis
2022 3847 2374 3919 benignitate,
2397 3855 2453 3901 et
2477 3845 2846 3902 consolatione
2888 3845 3062 3899 fuerat
3103 3841 3480 3912 temperanda,

1903 3935 2163 3995 veletiam
2189 3940 2530 4006 removenda,
2554 3948 2614 3994 ut
2633 3938 2801 3994 frater
2823 3953 2922 4009 pro
2941 3952 3048 4009 quo
3068 3936 3320 3993 Christus
3339 3948 3488 3989 mor-

1906 4039 2031 4087 tuus
2067 4040 2172 4096 est,
2195 4046 2291 4102 per
2319 4031 2658 4095 charitatem,
2688 4041 2741 4084 et
2766 4030 3014 4100 spiritum
3051 4026 3486 4083 mansuetudinis

1903 4123 2083 4194 patius
2107 4123 2427 4188 lucraretur,
2457 4138 2616 4194 quam
2643 4121 3020 4178 abundantiori
3052 4119 3273 4176 tristitia
3294 4119 3486 4174 absor-

1904 4214 2146 4271 beretur.
2175 4214 2328 4282 Quod
2356 4213 2504 4280 illuc,
2535 4221 2595 4268 ut
2615 4212 2877 4270 Dominus
2920 4212 3090 4278 novit,
3119 4211 3176 4266 in
3199 4219 3483 4282 quantum

1904 4308 2020 4380 ipse
2050 4308 2315 4379 inspicere
2337 4307 2609 4380 dignatur,
2633 4307 2970 4380 suggerimus
2993 4306 3284 4371 charitate,
3315 4316 3482 4373 quam

1904 4399 2061 4456 nobis
2091 4401 2280 4455 beatus
2312 4398 2549 4456 Joannes
2573 4397 2849 4468 apostolus
2869 4395 3234 4459 commendat,
3257 4393 3444 4447 dicens
3468 4405 3486 4446 :

1912 4513 1931 4546 ι
1959 4493 2016 4547 1η
2051 4494 2153 4548 hoc
2176 4493 2527 4564 cognovimus
2572 4493 2893 4547 charitatem
2939 4489 3059 4554 Dei,
3089 4487 3231 4560 quod
3275 4485 3364 4540 ille
3390 4497 3494 4556 pro
3520 4519 3544 4550 ,

1829 4557 1884 4618 D
1911 4585 2068 4641 nobis
2091 4557 2326 4638 animam
2356 4599 2510 4639 suam
2532 4584 2730 4654 posuit,
2767 4592 2823 4638 et
2847 4596 2945 4637 nos
2973 4557 3232 4635 debemus
3257 4590 3354 4649 pro
3383 4573 3498 4631 fra-

1857 4677 1860 4681 ’
1910 4676 2087 4732 tribus
2123 4675 2332 4731 animas
2350 4689 2551 4746 ponere
2577 4673 2629 4745 (I
2681 4673 2842 4728 Joan.
2865 4688 2951 4739 ιιι,
2988 4670 3098 4743 16).
3134 4687 3152 4722 ι

2469 4798 2694 4858 CAPUT
2729 4798 2916 4855 XXVI.

2445 4914 2525 4970 De
2553 4915 2814 4970 voluntate
2842 4912 2954 4968 Dei.
3076 4974 3087 4984 ,

1985 5032 2114 5089 Post
2137 5031 2536 5088 damnationem
2583 5029 2743 5098 hujus
2769 5026 3059 5084 miserandi
3103 5024 3342 5083 hominis
3359 5021 3492 5080 sub-

1912 5124 2089 5197 jungit
2117 5125 2350 5194 scriptor
2382 5122 2624 5193 epistolae
2640 5123 2707 5177 ad
2747 5119 2988 5191 singulas
3014 5119 3159 5174 illius
3177 5116 3496 5190 propositio-

1917 5230 2017 5271 nes
2047 5230 2195 5280 suas,
2223 5223 2279 5270 et
2303 5214 2679 5285 quorumdam,
2723 5211 2814 5282 qui
2844 5225 2967 5266 cum
2994 5224 3060 5266 eo
3099 5209 3349 5265 similiter
3368 5221 3494 5261 sen-

1915 5308 2080 5372 tiunt,
2102 5309 2502 5378 responsiones,
2529 5321 2665 5376 quas
2690 5304 2778 5361 hic
2815 5318 3036 5360 necesse
3063 5311 3149 5360 est
3172 5302 3227 5358 in
3248 5298 3498 5356 ordinem

1186 5446 1395 5503 NOTAE
1437 5445 1764 5504 DUVALLlI
1803 5448 2144 5506 DOCTORIS
2185 5447 2564 5506 SORBONlCl.

307 5575 332 5602 ι
371 5562 506 5617 Vide
539 5559 886 5627 Gretserum,
921 5561 1283 5630 disputatione
1305 5562 1369 5615 de
1401 5560 1524 5630 jure
1561 5569 1618 5615 et
1649 5561 1810 5616 modo

234 5632 550 5702 prohibendi
583 5632 752 5687 libros
781 5631 1082 5695 haereticos,
1109 5633 1200 5686 ubi
1227 5631 1490 5700 exemplis
1514 5631 1812 5702 Athenien-

235 5700 372 5755 sntm
394 5711 446 5757 et
469 5701 830 5758 Romanorum
853 5703 1018 5758 libros
1039 5704 1344 5771 depravatae
1364 5702 1623 5758 docti-inre
1647 5700 1814 5757 fuisse

234 5782 454 5829 exustos
478 5774 656 5841 docet,
685 5774 844 5846 idque
869 5787 975 5830 non
1004 5781 1212 5828 tantum
1239 5772 1438 5829 lumine
1465 5772 1610 5839 ﬁdei,
1641 5772 1736 5828 sed
1757 5780 1813 5827 et

1914 5569 2121 5616 naturzc
2149 5569 2435 5623 constare;
2481 5573 2547 5630 ne
2590 5558 2662 5613 ita
2705 5572 2847 5630 aegre
2873 5557 3050 5614 ferant
3072 5560 3360 5610 novatores
3387 5561 3490 5630 no;

1914 5615 2061 5697 stri,
2082 5615 2131 5687 isi
2162 5615 2307 5702 quos
2338 5615 2393 5685 in
2420 5615 2716 5702 Ecclesiam
2739 5615 2905 5686 libros
2931 5633 3218 5691 evomunt,
3256 5615 3494 5690 generali

1916 5703 2166 5760 incendio
2191 5700 2371 5758 deleat
2399 5700 2658 5758 Ecclesia.
