3966 6334
490 353 625 411 ιύδι

488 484 713 541 ponere,
738 475 794 524 et
819 469 947 540 quid
987 468 1144 524 nobis
1163 467 1230 522 de.
1254 465 1342 522 his
1382 465 1629 521 videatur
1659 463 1898 519 breviter
1923 458 2065 516 desi-
2090 462 2144 521 Α

490 575 677 633 gnaro.
698 559 851 627 Quod
874 559 999 615 licet
1022 574 1182 628 supra
1206 556 1577 629 multipliciter
1595 554 1709 626 jam
1734 554 1933 610 factum
1960 552 2066 619 sit;

489 660 670 707 tamen
699 665 872 722 neque
897 667 1040 706 nunc
1064 650 1500 720 praetereundum
1539 657 1816 719 putamus,
1839 660 1908 701 ne
1941 642 2072 714 quid

490 739 836 808 difﬁcultatis,
861 750 916 797 et
944 741 1295 798 obscuritatis
1318 756 1383 797 ex
1426 738 1731 796 huiusmodi
1765 735 2072 808 responsio-

487 834 647 889 nibus
667 849 919 904 cuiquam
943 830 1250 906 generetur.
1271 834 1403 902 Quae
1423 833 1672 889 videlicet
1693 830 2071 902 responsiones

487 923 543 978 in
570 924 684 995 ipsa
710 925 936 995 epistola
959 926 1032 981 ita
1060 924 1357 994 incipiunt:

1112 1050 1415 1090 lllNCHABUS

562 1171 581 1204 ι
617 1151 817 1206 Dicunt
847 1161 903 1205 et
930 1150 1160 1205 ﬁrmiter
1191 1149 1441 1216 credunt,
1465 1149 1557 1219 qui
1585 1148 1771 1203 sanius
1799 1148 1939 1218 apud
1966 1163 2070 1204 nos

486 1258 678 1315 sapere
700 1242 969 1308 videntur,
993 1244 1118 1321 quia
1140 1242 1401 1297 Dominus
1426 1261 1444 1292 ι
1473 1255 1663 1296 omnes
1686 1240 1930 1296 homines
1955 1239 2069 1295 vult

487 1337 664 1395 salvos
696 1337 812 1394 ﬁeri
837 1336 889 1408 (I
952 1337 1087 1391 Tim.
1121 1354 1202 1402 ιιι,
1236 1337 1313 1409 4),
1352 1356 1370 1389 ι
1405 1336 1689 1391 secundum
1735 1334 2065 1405 Apostolum,

491 1447 512 1479 ‹
534 1429 623 1499 qui
650 1429 920 1484 neminem
945 1428 1059 1482 vult
1080 1428 1256 1498 perire
1278 1427 1364 1499 (ΙΙ
1389 1427 1531 1481 Petr.
1557 1443 1643 1492 ιιι,
1665 1427 1740 1497 9),
1776 1447 1793 1478 ι
1823 1426 1939 1480 licet
1966 1442 2068 1481 non

482 1535 662 1575 omnes
684 1520 985 1585 solventur;
1010 1537 1130 1574 nam
1169 1528 1215 1573 et
1241 1519 1333 1573 lita:
1374 1520 1427 1572 in
1453 1518 1671 1573 tenebris
1695 1518 1850 1585 lucet,
1880 1537 1899 1570 ι
1941 1516 2069 1573 licet

482 1621 606 1681 eam
647 1609 883 1664 tenebrae
928 1626 1036 1664 non
1076 1592 1536 1679 comprehendant
1583 1608 1811 1679 (Joan.t,
1841 1607 1927 1681 6);
1963 1628 1982 1661 ι
2019 1617 2067 1663 et

492 1715 511 1749 ‹
531 1697 777 1755 Christus
797 1713 894 1769 pro
913 1699 1163 1754 omnibus
1186 1713 1376 1769 passus
1389 1697 1523 1769 est(l
1531 1697 1558 1752 Ι
1580 1698 1702 1754 Cor.
1727 1715 1779 1765 v,
1807 1696 1920 1771 M),
1946 1718 1966 1752 ι
1990 1715 2068 1755 se-

482 1786 713 1855 cundum
734 1788 971 1842 eumdem
981 1786 1284 1857 Apostolum
1298 1787 1604 1843 scribentem
1623 1800 1691 1842 aa
1716 1787 2064 1856 Timotheum,

487 1873 510 1927 “‹
543 1864 634 1947 ιιὶιί
665 1876 812 1932 dedit
835 1877 1185 1948 semetipsum
1212 1877 1636 1948 redemptionem
1662 1893 1761 1948 pro
1787 1878 2063 1949 omnibus,

479 1950 538 2037 (1
553 1965 688 2021 Tim.
714 1982 782 2033 ιι,
809 1965 885 2038 6),
906 1986 926 2020 ι
954 1967 1081 2022 licet
1101 1982 1208 2022 non
1232 1982 1420 2023 omnes
1447 1969 1712 2039 passionis
1736 1968 1853 2039 ejus
1874 1980 2068 2042 mystc-

483 2059 568 2116 rio
595 2059 937 2116 redimantur
964 2078 979 2114 :
1014 2060 1141 2131 quia
1179 2058 1370 2117 effusio
1398 2058 1529 2131 justi
1555 2062 1835 2134 sanguinis
1860 2061 2063 2119 Christi

485 2150 777 2217 tamdives
818 2151 921 2207 fuit
947 2151 1013 2207 ad
1044 2152 1276 2223 pretium
1317 2153 1528 2227 mundi,
1563 2155 1696 2210 utsi
1740 2155 2065 2214 universitas

483 2240 819 2311 captivorum
850 2242 907 2295 in
933 2256 1057 2297 eum
1086 2242 1352 2309 crederet,
1399 2243 1579 2300 nullus
1623 2244 1725 2301 sub
1747 2246 1937 2302 mortis
1964 2246 2065 2301 im-

479 2329 635 2401 perio
660 2337 982 2386 remaneret.
1026 2330 1094 2386 Et
1133 2331 1259 2401 quia
1286 2347 1391 2387 non
1432 2347 1621 2388 omnes
1660 2341 1769 2389 tam
1796 2334 2064 2394 ditissimo

478 2418 656 2489 pretio
701 2418 1060 2487 redimuntur,
1104 2421 1170 2475 ad
1219 2420 1518 2479 inﬁdelium
1567 2423 1788 2495 respicit
1827 2434 2058 2497 partem,

479 2520 587 2564 non
615 2507 683 2563 ad
704 2509 938 2579 pretium
967 2510 1147 2566 sarculi
1170 2511 1469 2583 copiosum.
1504 2531 1527 2568 ι

1119 2637 1421 2681 ιιιξειιοιιειο.

549 2734 609 2790 In
641 2735 837 2806 quibus
858 2737 1040 2793 verbis
1073 2737 1289 2794 videtur
1311 2738 1416 2795 sibi
1442 2738 1531 2797 ille
1551 2740 1645 2811 qui
1683 2741 1901 2812 scripsit
1940 2743 2061 2814 epi-

476 2825 694 2892 stolam,
740 2826 875 2884 duas
927 2828 1255 2898 quaestiones
1300 2829 1481 2897 simul,
1510 2831 1567 2887 id
1609 2839 1730 2900 est,
1777 2851 1796 2886 ι
1831 2834 2062 2907 etquod

475 2914 621 2973 Deus
643 2930 834 2974 omnes
877 2918 1127 2977 homines
1178 2920 1307 2977 velit
1348 2920 1529 2979 salvos
1571 2922 1716 2991 ﬁeri,
1752 2944 1773 2978 ι
1806 2936 1863 2982 et
1913 2926 2060 2998 quod

481 3025 503 3061 ι
548 3007 809 3066 Dominus
835 3009 994 3067 Jesus
1013 3011 1264 3068 Christus
1308 3029 1406 3084 pro
1455 3015 1708 3073 omnibus
1764 3036 1785 3071 ι
1835 3019 2063 3076 omnino

476 3116 502 3151 η
547 3099 855 3157 hominibus
898 3121 917 3154 ι
959 3103 1124 3158 etiam
1177 3105 1231 3159 in
1292 3120 1387 3160 sua
1434 3105 1750 3163 inﬁdelitate
1794 3109 2056 3180 perituris

1506 347 1564 404 S.
1602 344 1860 402 REMIGII
1898 338 2386 399 LUGDUNENSIS
2426 338 2733 398 EPISCOPI

3624 344 3767 402 4053

2724 453 2951 511 CAPUT
3004 455 3214 512 XXVII.

2418 587 2490 642 De
2528 598 2690 642 morte
2713 587 2927 657 Christi.
2961 588 3161 646 Omnes
3188 608 3282 662 pro
3310 592 3515 649 multis.

2243 720 2394 788 Quod
2423 728 2605 777 autem
2644 722 2931 778 Dominum
2978 732 3226 780 nostrum
3250 727 3415 783 etiam
3442 744 3546 799 pro
3574 729 3764 801 impiis

2172 811 2226 866 in
2252 827 2347 867 sua
2386 812 2667 891 impietate
2693 812 2952 882 perituris
2976 829 3099 871 esse
3129 825 3401 873 mortuum
3428 835 3541 874 uno
3569 820 3767 876 simili-

2172 912 2258 959 ter
2277 903 2520 974 Apostoli
2552 903 2862 959 testimonio
2888 905 3212 962 conﬁrmare
3245 908 3481 975 videtur,
3506 926 3621 980 quo
3640 912 3723 965 ait
3748 929 3767 966 :

2176 1013 2197 1047 ι
2242 994 2342 1061 Qui
2366 995 2511 1050 dedit
2540 996 2965 1066 redemptionem
2995 999 3345 1069 semetipsum
3376 1016 3477 1073 pro
3504 1004 3770 1059 omnibus

2170 1084 2224 1155 (1
2253 1085 2385 1140 Tim.
2411 1102 2469 1149 ιι,
2501 1086 2575 1156 6),
2610 1108 2628 1139 ο
2656 1086 2897 1157 profecto
2919 1104 3023 1142 non
3056 1089 3302 1155 recoluit,
3334 1106 3438 1146 nec
3468 1091 3766 1163 diligenter

2170 1176 2558 1243 consideravit,
2589 1177 2662 1231 ita
2688 1178 2801 1233 haec
2820 1177 3063 1248 Apostoli
3084 1180 3248 1237 verba
3270 1196 3395 1237 esse
3415 1184 3765 1254 accipienda,

2170 1276 2231 1321 ut
2258 1277 2554 1325 consonent
2578 1270 2789 1324 Domini
2818 1270 3021 1337 verbis,
3049 1271 3246 1341 quibus
3275 1288 3334 1328 se
3372 1274 3429 1328 in
3459 1274 3766 1347 Evangelia

2172 1358 2239 1413 ad
2272 1359 2374 1414 hoc
2417 1361 2632 1416 venisse
2675 1360 2844 1416 dicit:
2877 1380 2894 1413 ι
2927 1361 2996 1419 Ut
3039 1364 3276 1418 animam
3307 1380 3463 1421 suam
3485 1366 3651 1423 daret
3673 1386 3760 1424 re.

2170 1452 2532 1522 demptionem
2560 1470 2660 1524 pro
2681 1455 2862 1511 multis
2908 1455 3125 1525 (Matth.
3164 1475 3271 1524 xx,
3314 1459 3451 1531 28);
3494 1479 3516 1509 ι
3593 1470 3651 1517 ει
3694 1463 3764 1519 de

2170 1546 2345 1615 pretio
2371 1547 2455 1602 sui
2485 1549 2761 1618 sanguinis
2785 1548 3037 1606 similiter
3056 1550 3131 1605 ait
3160 1569 3174 1606 :
3207 1570 3227 1604 ι
3249 1551 3352 1619 Qui
3377 1568 3478 1623 pro
3498 1554 3684 1621 vobis,
3706 1566 3765 1613 et

2169 1651 2269 1706 pro
2307 1638 2491 1695 multis
2534 1637 2841 1695 eﬁ‘undetur
2887 1640 2942 1695 in
2980 1642 3355 1699 remissionem
3404 1656 3761 1715 peccatorum

2168 1729 2388 1801 (Matth.
2416 1749 2563 1801 xxvr,
2595 1734 2708 1806 28).
2749 1755 2767 1787 ι
2803 1735 2870 1791 Ει
2912 1737 3034 1794 ideo
3075 1738 3150 1793 ita
3192 1755 3321 1795 vere
3375 1742 3761 1813 accipiendum

2096 1846 2141 1906 Β
2167 1830 2274 1889 est,
2299 1826 2442 1893 quod
2475 1824 2763 1898 Apostolus
2791 1828 2869 1884 ait
2898 1842 2912 1882 :
2943 1847 2961 1880 ι
2991 1826 3094 1897 Qui
3133 1829 3286 1887 dedit
3323 1832 3761 1904 redemptionem

2167 1915 2513 1986 semetipsum
2544 1931 2642 1986 pro
2682 1917 2934 1975 omnibus
2983 1918 3033 1992 (I
3068 1919 3203 1975 Tim.
3252 1937 3319 1988 tt,
3343 1921 3458 1994 6),
3498 1942 3520 1975 ι
3552 1932 3615 1979 ιιι
3670 1924 3760 1979 isti

2171 2021 2193 2056 ι
2234 2020 2425 2062 omnes
2457 2025 2476 2059 ι
2506 2007 2875 2081 intelligantur
2904 2029 2924 2063 ι
2953 2011 3108 2067 multi
3141 2033 3161 2066 ι
3198 2013 3342 2070 sicut
3366 2023 3426 2070 et
3450 2015 3586 2071 alibi
3611 2016 3760 2073 idem

2163 2095 2452 2166 Apostolus
2477 2098 2611 2154 dicit
2650 2114 2666 2154 :
2712 2118 2731 2152 ι
2781 2099 2874 2157 Sic
2893 2111 2949 2157 et
2967 2101 3217 2161 Christus
3237 2105 3406 2160 semel
3426 2105 3651 2161 oblatus
3672 2118 3759 2163 est

2165 2189 2236 2244 ad
2259 2190 2552 2247 multorum
2572 2192 2941 2250 exbaurienda
2973 2203 3196 2265 peccata
3230 2188 3422 2267 (Hebr.
3448 2213 3528 2264 rx,
3563 2198 3681 2269 28).
3730 2218 3751 2252 ι

2164 2280 2268 2349 Qui
2306 2283 2471 2339 etiam
2508 2284 2618 2341 alio
2667 2284 2788 2342 loco
2832 2301 2972 2358 quos
3008 2287 3149 2343 dixit
3194 2307 3214 2342 ι
3246 2304 3441 2347 omnes
3476 2309 3497 2342 ι
3531 2292 3756 2348 eosdem

2161 2374 2423 2432 continuo
2468 2377 2721 2448 exposuit
2780 2378 3159 2452 intelligendos
3204 2394 3329 2438 esse
3373 2399 3394 2435 ι
3449 2382 3679 2440 multos.
3729 2403 3751 2438 ι

2163 2466 2299 2526 Cum
2329 2469 2475 2526 enim
2505 2471 2729 2528 dixisset
2765 2472 2834 2530 de
2880 2473 3132 2542 Domino,
3176 2476 3320 2546 quod
3375 2494 3396 2528 ι
3449 2491 3552 2549 per
3593 2477 3757 2534 unius

2154 2558 2424 2629 justitiam
2445 2561 2499 2616 in
2518 2575 2708 2619 omnes
2730 2562 2981 2621 homines
3004 2565 3059 2620 in
3076 2564 3526 2635 justiﬁestiouem
3548 2568 3681 2624 vita:
3728 2587 3751 2623 ι

2163 2648 2353 2706 statim
2367 2650 2668 2723 subjunxit,
2688 2653 2815 2723 quia
2835 2664 2892 2711 et
2916 2672 2935 2707 ι
2967 2668 3066 2727 per
3083 2656 3449 2713 obedientiam
3470 2658 3638 2714 unius
3656 2659 3755 2715 bo.

2162 2738 2348 2807 minis,
2383 2757 2403 2793 ι
2429 2740 2600 2810 ipsius
2624 2741 2875 2799 videlicet
2904 2744 3120 2801 Domini
3146 2743 3276 2802 Jesu
3306 2745 3536 2812 Christi,
3567 2766 3589 2799 ι
3617 2745 3755 2816 justi

2160 2834 2563 2891 constituentur
2603 2835 2759 2893 multi
2813 2836 2987 2910 (Rom.
3035 2854 3102 2906 v,
3139 2839 3239 2909 i8,
3274 2840 3385 2915 i9).
3420 2860 3443 2895 ι
3494 2839 3644 2909 Quia
3693 2852 3756 2899 ut

2160 2924 2382 2982 omnino
2406 2926 2754 2984 manifestum
2783 2938 2885 2996 est,
2911 2931 2985 2986 ita
3012 2947 3111 3003 per
3135 2948 3261 3004 eum
3297 2952 3318 2986 ι
3351 2948 3550 2992 omnes
3576 2936 3754 2992 homi-

2159 3029 2260 3071 nes
2304 3035 2324 3070 ι
2375 3015 2685 3074 eﬁicinntur
2708 3018 2866 3089 justi,
2911 3030 2973 3077 ut
3019 3022 3121 3094 ipsi
3164 3025 3257 3095 qui
3304 3024 3361 3081 in
3405 3040 3508 3082 suo
3550 3040 3752 3099 genere

2163 3123 2185 3158 ι
2214 3121 2406 3164 omnes
2440 3127 2460 3162 ι
2497 3118 2643 3176 sunt,
2694 3125 2762 3165 ex
2807 3114 3214 3182 comparatione
3259 3115 3487 3171 alterius
3532 3119 3750 3189 generis

472 3206 501 3239 4
547 3199 793 3244 mortuus
837 3191 929 3256 sit,
981 3209 1000 3243 ι
1053 3192 1260 3248 duobus
1311 3195 1636 3251 testimoniis
1676 3213 1745 3253 ex
1794 3199 2056 3270 Apostolo
2083 3207 2127 3271 (ς
2159 3200 2499 3270 eorum,qui
2530 3210 2748 3273 propter
2788 3203 3156 3261 inﬁdelitatem
3200 3223 3357 3263 suam
3402 3225 3514 3265 non
3544 3209 3748 3278 justiﬁ-

473 3280 710 3349 sntnptis
761 3274 1073 3350 plenissime
1129 3283 1424 3342 absolvisse
1471 3296 1635 3358 atque
1668 3289 1873 3347 ﬁnisse.
1921 3291 2057 3348 Nam

475 3372 620 3440 quod
662 3389 681 3422 ι
720 3372 858 3427 Dens
908 3386 1096 3429 omnes
1147 3375 1394 3433 homines
1444 3377 1625 3435 salvos
1665 3379 1784 3436 ﬁeri
1829 3382 1978 3451 velit,
2030 3402 2051 3436 ι

467 3459 726 3530 producit
760 3461 1077 3531 Apostolum
1127 3472 1319 3520 testem
1366 3468 1705 3536 apertissime
1752 3470 1818 3526 de
1864 3471 2056 3528 eodem

471 3550 586 3606 Deo
624 3561 679 3607 et
717 3551 946 3610 Domino
985 3555 1253 3611 dicentem
1290 3575 1303 3611 :
1344 3576 1361 3609 ι
1401 3558 1504 3626 Qui
1529 3560 1646 3616 vult
1664 3576 1853 3618 omnes
1883 3563 2058 3620 homi-

468 3656 570 3697 nes
589 3642 767 3699 salvos
789 3643 908 3701 ﬁeri
937 3645 989 3717 (1
1029 3645 1161 3700 Tim.
1184 3663 1247 3714 ιι,
1280 3648 1356 3720 4).
1405 3669 1425 3702 ι
1461 3650 1528 3705 Et
1552 3652 1673 3709 istis
1704 3654 1886 3711 verbis
1912 3654 2057 3728 Apo-

469 3733 597 3790 stoli
635 3736 878 3808 adjungit
920 3753 989 3793 ex
1027 3740 1208 3795 verbis
1258 3742 1591 3812 propheticis
1642 3744 1791 3801 velut
1833 3745 2057 3804 alterius

474 3824 769 3880 testimonii
794 3842 1012 3883 sensum
1041 3830 1185 3898 quod
1219 3847 1239 3881 ι
1284 3830 1428 3887 Deus
1457 3833 1731 3890 neminem
1755 3835 1889 3891 velit
1933 3850 2058 3906 per-

468 3913 574 3980 ire,
610 3934 629 3967 ι
674 3915 766 3986 qui
811 3917 997 3989 utique
1039 3921 1178 3988 apud
1226 3920 1565 3979 Ezechielem
1614 3926 1936 3996 prophetam
1977 3926 2057 3983 lo-

472 4004 660 4074 quitur
694 4024 708 4061 :
738 4006 876 4073 Quia
906 4027 924 4058 ι
955 4009 1079 4063 ιιοΙο
1105 4022 1333 4067 mortem
1362 4016 1687 4084 peccatoris,
1714 4018 1847 4074 dicit
1875 4018 2056 4075 Domi-

470 4108 599 4161 nus,
614 4095 709 4150 sed
732 4105 793 4150 ut
810 4105 1177 4161 convertatur,
1202 4104 1258 4149 et
1282 4097 1418 4159 vivat
1441 4103 1659 4176 (Ezech.
1684 4124 1879 4176 xxxm,
1897 4109 2004 4179 ll).
2027 4129 2048 4167 ι

475 4180 648 4246 Quem
678 4198 897 4240 sensum
932 4187 1152 4250 illorum
1189 4187 1439 4260 Apostoli
1483 4196 1808 4264 verborum,
1859 4199 2054 4269 quibus

471 4274 573 4341 ait,
603 4292 623 4327 ι
660 4277 754 4347 qui
781 4277 908 4333 vult
941 4291 1131 4339 omnes
1159 4279 1407 4339 homines
1452 4284 1629 4342 salvos
1663 4287 1804 4356 ﬁeri,
1841 4308 1861 4342 ι
1889 4290 2052 4347 etiam

469 4382 573 4423 nos
611 4370 861 4440 superius
907 4376 1471 4443 commemoravimus,
1519 4386 1573 4435 et
1623 4380 1854 4438 ﬁdeliter
1894 4398 2052 4454 posse

468 4458 644 4529 accipi
671 4459 909 4516 diximus
941 4475 957 4514 :
990 4461 1037 4516 si
1070 4473 1249 4520 tamen
1280 4475 1337 4521 et
1355 4466 1673 4537 illesensus
1696 4471 1838 4527 beati
1861 4473 2051 4545 Augu-

2158 3296 2375 3355 cantur,
2401 3289 2581 3358 potius
2618 3310 2637 3341 ι
2671 3292 2823 3346 multi
2858 3312 2878 3344 ο
2909 3293 3039 3348 sint.
3078 3294 3231 3362 Quod
3260 3307 3317 3353 et
3345 3298 3390 3353 si
3438 3299 3612 3369 aliqui
3653 3300 3751 3353 Pa-

2161 3382 2301 3430 trum
2328 3396 2347 3429 ι
2374 3392 2475 3447 pro
2499 3378 2750 3436 omnibus
2786 3382 3005 3438 omnino
3042 3383 3373 3443 hominibus.
3405 3406 3426 3440 ι
3457 3388 3746 3444 Dominum

2156 3480 2378 3535 passum
2406 3467 2806 3536 intellexerunt,
2836 3471 3171 3541 honoretur,
3210 3487 3267 3532 et
3306 3476 3413 3533 iste
3457 3478 3613 3534 velut
3633 3480 3747 3549 pius

2156 3572 2370 3628 sensus,
2394 3560 2685 3618 dummodo
2722 3562 2812 3619 ille
2844 3564 3014 3635 prior,
3052 3566 3144 3637 qui
3188 3576 3273 3624 est
3300 3570 3669 3637 certissimus,
3694 3580 3746 3626 et

2156 3651 2340 3708 divina
2390 3654 2619 3711 veritate
2661 3655 2906 3713 ﬁrmatus
2953 3660 3100 3715 nulla
3146 3663 3579 3735 praesumptione
3623 3681 3746 3722 con-

2158 3752 2454 3814 temnatur,
2482 3746 2568 3803 vel
2589 3749 2731 3818 quod
2759 3760 2844 3804 est
2869 3751 3091 3821 gravius
3120 3753 3432 3809 damnetur.

2226 3837 2361 3894 Nam
2388 3848 2444 3895 et
2465 3839 2598 3896 illud
2626 3841 2992 3898 testimonium
3016 3844 3164 3899 velut
3186 3845 3744 3905 ad-conﬁrmationeut

2156 3928 2316 4000 hujus
2352 3930 2432 3987 rei
2457 3946 2527 3988 ex
2551 3932 2845 4004 Evangelio
2872 3943 3169 4006 sumptum,
3204 3937 3259 3993 id
3284 3946 3388 4005 est,
3420 3958 3441 3992 ι
3479 3939 3578 3995 lux
3606 3940 3747 3998 lucet

2155 4024 2211 4080 in
2255 4024 2512 4093 tenebris,
2561 4033 2619 4081 et
2664 4025 2903 4081 tenebra:
2931 4042 3051 4083 eam
3082 4043 3190 4084 non
3215 4030 3748 4101 comprehenderunt

2156 4113 2338 4188 (Joan.
2370 4133 2411 4185 ι,
2439 4117 2496 4191 5)
2524 4134 2540 4174 :
2574 4138 2595 4172 ι
2620 4133 2729 4174 non
2754 4119 2913 4175 nobis
2938 4120 3150 4177 videtur
3184 4124 3308 4179 huic
3331 4139 3641 4196 congruum
3664 4142 3748 4182 as—

2154 4208 2377 4263 sertioni
2399 4224 2412 4263 :
2438 4208 2565 4279 quia
2596 4228 2615 4260 ι
2651 4208 2743 4264 lux
2773 4229 2793 4262 ι
2830 4210 2919 4265 illa
2947 4214 3236 4281 praesentia
3282 4213 3597 4282 majestatis
3636 4231 3744 4272 sua

2154 4297 2209 4353 in
2239 4299 2478 4361 tenebris
2506 4299 2717 4367 lucens,
2743 4302 2795 4357 id
2823 4312 2909 4358 est
2948 4304 3003 4358 in
3033 4302 3331 4360 inﬁdelium
3353 4306 3622 4364 cordibus
3642 4321 3749 4361 ma-

2130 4378 2348 4457 jestate
2371 4389 2669 4446 conditoris
2697 4406 2853 4446 suam
2882 4394 3231 4462 praesentiam
3275 4395 3581 4459 exhibens,
3620 4412 3748 4467 ope-

2153 4490 2304 4537 ratur
2322 4481 2525 4553 aliquid
2543 4483 2597 4537 in
2621 4483 2723 4550 eis,
2750 4492 2806 4539 et
2826 4485 3019 4552 sinon,
3033 4494 3093 4541 ut
3111 4486 3329 4543 videant
3345 4486 3545 4558 ipsam,
3566 4496 3746 4544 tamen

456 4548 779 4649 stiniqnem
807 4549 896 4649 ille
917 4550 1072 4622 juxta
1110 4553 1331 4612 alterius
1368 4558 1565 4616 divinae
1610 4560 1902 4633 Scriptura:
1950 4579 2046 4621 an-
2072 4579 2125 4639 1)
2149 4580 2212 4627 ut
2255 4548 2473 4629 videant
2515 4548 2717 4645 aliquid
2756 4590 2855 4644 per
2885 4548 3053 4644 ipsam
3082 4615 3097 4642 ,
3128 4575 3181 4631 id
3206 4584 3321 4643 est,
3348 4548 3411 4631 ut
3438 4548 3748 4649 intelligant

468 4638 773 4696 ctoritatsm
799 4639 1089 4711 diligenter
1118 4645 1364 4716 inquirit,
1388 4660 1443 4705 et
1465 4652 1648 4708 multis
1677 4669 1743 4708 ac
1765 4656 2048 4714 veracibus

466 4730 643 4784 modis
672 4734 1132 4805 exponit,pariter
1154 4740 1447 4809 recipiatur
1472 4763 1486 4797 :
1515 4759 1615 4799 nec
1637 4757 1858 4816 pr0pter
1882 4747 2046 4803 istum

464 4818 559 4876 ille
581 4822 889 4891 damnetur,
913 4826 1008 4881 sed
1039 4830 1217 4897 potius
1242 4850 1260 4883 ι
1299 4833 1516 4903 utrique
1543 4837 1726 4891 sensui
1757 4857 1775 4890 ι
1826 4849 2049 4911 propter

464 4923 718 4967 veracem
737 4922 793 4968 et
817 4914 961 4983 piam
1001 4916 1223 4973 Patrum
1247 4923 1622 4978 auctoritatem
1652 4926 1886 4981 ﬁdeliter
1914 4930 2048 4984 obe-

455 5002 666 5059 diatur.
698 5005 836 5072 Quia
864 5009 1102 5073 omnino,
1137 5029 1156 5063 ι
1193 5024 1247 5069 et
1273 5030 1410 5083 quos
1431 5031 1556 5071 vere
1580 5017 1697 5072 vult
1746 5020 1890 5077 Deus
1936 5021 2045 5079 sal-

460 5110 566 5155 vos
589 5098 731 5167 ﬁeri,
769 5120 787 5153 ι
818 5103 934 5159 sine
964 5105 1127 5162 dubio
1156 5108 1332 5163 salvos
1356 5109 1504 5176 facit,
1536 5112 1646 5181 qui,
1672 5122 1732 5166 ut
1760 5113 2045 5185 Scriptura

465 5196 732 5259 testatur,
786 5213 806 5247 ι
851 5198 1032 5253 omnia
1080 5214 1416 5271 quascunque
1470 5205 1640 5260 voluit
1681 5204 1813 5263 fecit
1866 5207 2042 5279 (Pent.

462 5297 622 5352 cxnt,
651 5283 730 5359 5).
769 5306 789 5341 ι
823 5286 961 5344 Etsi
999 5301 1226 5349 caeteros
1272 5293 1348 5349 ita
1402 5296 1517 5351 vult
1560 5297 1741 5354 salvos
1796 5299 1939 5367 ﬁeri,
1985 5308 2046 5357 ιιι

464 5384 647 5433 tamen
676 5392 785 5434 mn
814 5394 906 5438 eos
938 5380 1114 5439 salvos
1135 5382 1320 5451 faciat,
1352 5387 1451 5443 sed
1469 5388 1689 5445 omnino
1723 5390 1902 5462 perire
1920 5406 2046 5464 per-

462 5472 664 5540 mittat,
708 5484 1000 5549 utrumque
1047 5478 1137 5535 hic
1185 5480 1465 5538 evidenter
1502 5494 1769 5555 apparet:
1811 5494 1868 5542 et
1910 5503 2040 5560 erga

463 5574 769 5624 creaturam
807 5584 983 5638 suam,
1032 5571 1259 5640 scilicet,
1299 5594 1317 5627 ι
1349 5576 1567 5635 bonitas
1595 5576 1896 5648 Creatoris,
1924 5600 1945 5635 ι
1989 5588 2045 5637 et

462 5672 587 5729 erga
618 5660 855 5730 ejusdem
882 5675 1147 5723 creaturae
1188 5666 1527 5741 iniquitatem
1576 5691 1596 5728 ι
1650 5674 1910 5735 severitas
1943 5672 2038 5748 ju-

462 5751 615 5809 dicis.
653 5775 673 5806 ι

2152 4662 2295 4718 inter
2339 4662 2485 4732 justa
2540 4674 2596 4720 et
2644 4663 2842 4735 injusta
2873 4706 2888 4732 ,
2944 4666 3084 4722 inter
3136 4668 3335 4724 bonum
3387 4677 3442 4723 et
3489 4668 3696 4725 malum
3726 4710 3742 4735 ,

2152 4756 2293 4811 inter
2325 4757 2588 4827 agendum
2614 4763 2669 4812 et
2706 4771 2813 4812 non
2842 4758 3135 4829 agendum,
3172 4777 3191 4812 ι
3221 4768 3276 4815 ιιι
3308 4759 3420 4815 sint
3447 4759 3742 4817 inexcusa-

2150 4845 2287 4903 biles
2316 4845 2493 4918 (Rom.
2519 4862 2558 4913 ι,
2586 4846 2642 4919 5)
2682 4866 2702 4900 ›
2736 4848 2792 4902 in
2825 4848 2913 4904 die
2932 4864 3039 4919 quo
3056 4847 3320 4919 iudicabit
3345 4850 3493 4907 Deus
3529 4850 3745 4907 occulta

2150 4940 2452 4995 hominum.
2493 4938 2624 5005 Qum
2650 4948 2830 4996 tamen
2864 4956 2969 4997 non
3005 4959 3022 4993 ι
3051 4940 3143 4996 lux
3170 4961 3189 4995 ι
3231 4957 3263 4997 a
3308 4940 3449 4997 facie
3499 4941 3608 4999 illis
3654 4958 3742 4998 re-

2152 5031 2418 5103 splendet,
2448 5033 2572 5104 quia
2614 5047 2721 5087 non
2759 5033 2824 5088 ad
2855 5047 2977 5089 eam
3023 5032 3324 5099 attendant,
3373 5033 3472 5089 sed
3518 5035 3670 5090 velut
3711 5051 3743 5089 ιι

2156 5130 2306 5192 tergo
2331 5123 2412 5177 eis
2440 5122 2647 5176 relucet
2677 5139 2692 5176 :
2723 5124 2847 5192 quia
2876 5124 3019 5179 sicut
3040 5123 3298 5194 propheta
3320 5123 3477 5187 dicit,
3511 5141 3533 5177 ι
3564 5134 3744 5180 verte-

2154 5224 2278 5271 runt
2308 5216 2374 5272 ad
2399 5231 2519 5272 eam
2549 5226 2781 5288 tergum,
2817 5227 2873 5273 et
2918 5234 3025 5274 non
3070 5217 3264 5275 faciem
3308 5219 3442 5291 (lar.
3491 5236 3532 5283 ι,
3571 5220 3689 5291 ει).
3716 5240 3737 5273 ι

2151 5309 2209 5364 ιιι
2246 5311 2348 5366 hac
2383 5318 2563 5367 autem
2599 5325 2681 5377 re,
2729 5326 2833 5381 qna
2862 5311 3087 5383 sanguis
3114 5311 3328 5368 Domini
3366 5310 3496 5369 Jesu
3536 5312 3741 5370 Christi

2151 5402 2316 5458 etiam
2353 5415 2452 5471 pro
2492 5400 2674 5472 impiis
2716 5400 2774 5457 in
2814 5417 2911 5458 sua
2960 5403 3235 5474 impietate
3286 5404 3549 5474 perituris
3586 5403 3738 5461 [usus

2150 5508 2273 5551 esse
2303 5492 2588 5560 asseritur,
2618 5491 2747 5563 quid
2778 5492 3027 5549 utilitatis
3050 5494 3103 5548 in
3133 5492 3214 5550 eis
3239 5494 3431 5565 egerit,
3458 5494 3595 5550 nihil
3624 5510 3733 5551 omo

2146 5585 2277 5640 nino
2311 5583 2603 5651 invenitur,
2632 5582 2738 5638 nisi
2772 5591 2831 5639 ut
2857 5581 3014 5653 juxta
3047 5584 3467 5656 disputationem
3505 5587 3740 5657 antiqui,

2147 5686 2201 5732 et
2225 5676 2519 5733 ﬁdelissimi
2544 5676 2781 5734 doctoris
2810 5675 3067 5750 (Hilar.),
3094 5677 3246 5748 cujus
3275 5678 3440 5735 etiam
3467 5678 3738 5744 doctrina,

2146 5780 2202 5825 et
2256 5768 2523 5826 industria
2576 5769 2674 5824 toti
2721 5766 2908 5847 Callia;
2938 5770 3027 5845 λι)
3077 5768 3424 5839 infestatione
3464 5770 3737 5838 quondam
