3966 6334
183 401 312 458 I033

177 606 253 660 eis
279 621 384 659 non
415 605 467 660 in
508 609 824 675 remedium,
858 612 949 667 sed
989 615 1127 668 sicut
1157 615 1268 685 jam
1297 634 1458 688 supra
1490 619 1744 687 diximus,

177 695 228 749 in
260 694 482 749 exitium
513 708 878 754 convertatur.
927 702 1015 756 Ait
1048 720 1279 776 namque
1310 709 1392 762 vir
1430 709 1518 765 ille
1548 709 1748 766 doctis-

174 785 361 850 simus,
410 794 464 840 et
506 803 699 858 magna
740 789 1058 861 eloquentire
1101 795 1358 854 facultate
1400 800 1588 866 fultus,
1623 819 1746 858 cum

170 887 460 946 exponeret
493 878 656 934 verba
689 881 978 955 Evangelii,
1030 887 1080 942 in
1125 889 1320 958 quibus
1367 889 1535 949 Judaei
1575 896 1744 952 obsti-

171 977 293 1022 nata
319 970 594 1040 impietate
619 974 876 1031 adversus
905 975 1190 1035 Dominum
1215 983 1417 1040 dixisse
1457 985 1704 1058 leguntur
1729 1006 1742 1043 :

172 1055 217 1130 [ι
246 1057 475 1128 Sanguis
521 1061 638 1133 ejus
680 1079 841 1134 super
875 1083 992 1132 nos,
1039 1078 1095 1123 et
1141 1087 1303 1141 super
1341 1073 1479 1130 ﬁlios
1512 1055 1746 1134 ‘nostros

169 1146 381 1218 (Matth.
409 1167 576 1216 xxvu,
600 1153 720 1226 15):
753 1174 772 1208 ›
804 1155 918 1212 Iloc
947 1159 1047 1214 sibi
1075 1157 1328 1220 Judaicus
1351 1165 1451 1221 hoc
1477 1177 1626 1237 optat
1654 1185 1747 1240 po-

166 1239 320 1309 pulus
343 1241 682 1301 Christianus
711 1263 827 1318 part
856 1251 1056 1316 verbo,
1085 1254 1284 1325 dispari
1306 1268 1449 1314 voto.
1485 1261 1578 1316 Est
1602 1239 1744 1318 enim

164 1344 328 1399 super
346 1347 461 1396 nos,
491 1345 573 1390 est
599 1344 652 1391 et
677 1353 838 1408 super
866 1340 986 1396 illos
1011 1360 1023 1396 :
1052 1344 1096 1398 si
1129 1360 1290 1417 super
1315 1348 1546 1417 fidelem,
1567 1365 1746 1422 prote-

163 1419 275 1488 git;
312 1421 354 1474 si
383 1437 543 1492 super
568 1425 843 1482 inimicum
874 1433 1106 1500 ponitur,
1160 1439 1356 1506 premit
1387 1455 1401 1493 :
1435 1443 1514 1498 sic
1565 1454 1742 1500 tamen

163 1509 304 1577 quod
359 1511 478 1567 illos
519 1514 616 1569 sibi
665 1517 906 1590 adjungit
934 1537 1069 1591 quos
1101 1527 1266 1594 tegit:
1293 1529 1410 1586 illos
1444 1549 1547 1588 non
1575 1537 1746 1606 tangit

161 1611 297 1664 quos
338 1602 592 1669 gravat.l
649 1604 756 1660 Sed
809 1608 951 1663 illam
1003 1613 1142 1667 beati
1182 1615 1376 1673 Leonis
1423 1602 1742 1679 sententiam

159 1687 291 1744 licet
339 1707 405 1746 ex
458 1709 611 1763 parte
661 1699 781 1754 aliis
831 1704 1009 1759 verbis
1054 1715 1108 1761 et
1154 1709 1261 1765 alio
1313 1713 1534 1771 forsitan
1582 1733 1742 1777 sensu

157 1781 414 1849 positam,
439 1790 590 1856 quasi
626 1789 728 1846 hoc
759 1793 841 1846 vir
866 1794 955 1850 ille
983 1802 1242 1864 senserit,
1277 1806 1416 1873 quod
1452 1809 1613 1864 etiam
1643 1827 1742 1882 pro

1288 413 1488 470 LIBER
1529 415 1615 471 DE
1654 414 1904 472 TRIBUS
1943 417 2323 477 EPISTOLIS.

177 516 383 572 Arianae
414 515 702 587 impietatis
739 519 846 576 Deo
870 523 1162 579 auxiliante
1189 535 1314 582 ante
1343 530 1616 586 defensae:
1649 531 1752 586 hoc
1778 535 1828 596 Α
1854 533 2066 589 caeteris
2117 533 2432 590 orthodoxis
2486 538 2821 592 concordans
2873 536 3125 596 Patribus
3155 580 3172 608 ,
3235 543 3368 600 dicit
3407 559 3428 598 :
3499 552 3510 565 ‘

3293 429 3434 489 HM

1853 619 2008 693 [Non
2039 631 2123 678 est
2168 624 2587 694 praedestinatio,
2618 626 2717 681 nisi
2747 627 2889 696 quod
2930 627 2995 683 ad
3031 629 3228 686 donum
3262 635 3432 702 perti-

1851 713 2178 784 nct‘gratite,
2206 722 2299 768 aut
2322 714 2388 769 ad
2417 715 2819 771 retributionem
2842 716 3128 792 justitiam]

2487 863 2787 904 BESPONSIO.

1920 974 1978 1030 In
2005 977 2199 1048 quibus
2227 979 2404 1034 verbis
2432 981 2575 1049 quod
2616 981 2831 1048 dicitur,
2881 985 3006 1053 quia
3050 1003 3070 1036 ι
3104 985 3196 1057 qui
3240 997 3429 1044 omnes

1849 1065 1962 1119 vult
1983 1066 2161 1123 salvos
2187 1067 2325 1136 ﬁeri,
2362 1090 2380 1122 ι
2409 1081 2507 1125 ett
2537 1072 2807 1128 nemiuem
2837 1073 2947 1127 vult
2977 1075 3175 1144 perire,
3206 1097 3224 1129 ι
3259 1087 3315 1132 et
3334 1079 3427 1149 qui

1849 1171 1947 1226 pro
1974 1160 2222 1215 omnibus
2262 1177 2453 1232 passus
2489 1172 2608 1227 est,
2654 1166 2925 1220 neminem
2963 1167 3433 1236 prtedestinaverit

1850 1247 1917 1302 ad
1944 1248 2218 1306 interitum
2260 1253 2344 1307 vel
2385 1254 2564 1324 ignem
2600 1267 2892 1321 aeternum,
2923 1257 3260 1326 apertissime
3299 1274 3430 1314 cou-

1850 1337 2077 1391 trarium
2107 1349 2191 1394 est
2225 1339 2347 1395 ﬁdei
2378 1359 2391 1394 :
2419 1357 2526 1412 qua
2555 1359 2685 1399 vere
2713 1385 2727 1410 ,
2750 1355 2804 1400 et
2825 1344 3055 1401 ﬁdeliter
3084 1347 3346 1412 creditur,
3373 1358 3432 1403 et

1847 1425 2102 1482 deﬁnitur
2128 1433 2272 1500 quod
2307 1435 2645 1504 omnipOtens
2689 1437 2829 1492 Deus
2856 1439 3036 1492 omnia
3073 1454 3234 1509 opera
3289 1456 3383 1496 sua
3412 1483 3426 1505 ,

1847 1531 1966 1586 qua:
1991 1529 2108 1574 erat
2151 1524 2264 1591 ipse
2309 1523 2551 1580 facturus
2575 1567 2589 1593 ,
2618 1543 2737 1597 qua:
2765 1530 2947 1598 utique
2988 1546 3263 1600 nunquam
3304 1548 3431 1588 esse

1845 1617 2073 1677 possunt
2097 1611 2198 1664 nisi
2217 1613 2359 1681 justa
2393 1624 2448 1669 et
2481 1624 2652 1681 recta,
2685 1619 2824 1672 sicut
2852 1621 2905 1672 in
2933 1620 3145 1675 Psalmo
3171 1622 3424 1676 canitur:

1851 1716 1869 1749 ι
1897 1696 2082 1755 Justus
2102 1702 2362 1760 Dominus
2391 1705 2441 1760 in
2464 1709 2714 1764 omnibus
2745 1710 2844 1765 viis
2871 1713 2983 1766 suis
3003 1753 3016 1776 ,
3044 1721 3098 1766 et
3123 1723 3345 1769 sanctus
3372 1713 3438 1768 in-
3474 1773 3476 1776 ,

1844 1791 2094 1846 omnibus
2139 1795 2393 1864 operibus
2439 1798 2554 1852 suis
2601 1798 2773 1869 (-Psat.
2825 1815 3002 1865 cxmv,
3060 1803 3188 1874 I7),
3237 1823 3256 1854 ι
3301 1811 3441 1858 ωηατ

156 1869 339 1941 impiis
375 1874 428 1929 in
459 1892 554 1932 sua
588 1879 860 1950 impietate
901 1889 1158 1956 perituris
1188 1869 1446 1952 Dominus
1493 1869 1740 1958 Christus
1771 1896 1816 1956 B
1843 1881 2024 1935 omnia
2073 1883 2266 1938 5330"!“
2290 1926 2304 1951 ν
2353 1896 2408 1940 ⁸⁸
2446 1889 2729 1944 τθτίεθίίηθ
2770 1893 3070 1960 υτίθεείθτίι
3105 1893 3285 1947 tum”
3311 1933 3327 1960 ν
3372 1898 3438 1948 εἶ

153 1971 400 2019 mortuus
425 1968 516 2034 sit,
544 1972 827 2029 manifesta
855 1977 1060 2035 veritas
1098 1998 1201 2037 non
1230 1983 1304 2039 ita
1329 1985 1734 2061 intelligendam

151 2054 410 2108 ostendit.
446 2057 538 2112 Ait
574 2076 807 2132 namque
847 2065 934 2121 ille
964 2086 977 2120 :
1011 2067 1366 2144 [Etrusio-pro
1395 2054 1578 2135 mullis
1615 2097 1738 2137 san-

150 2141 482 2211 guinisjusti
521 2155 627 2202 tam
658 2161 850 2221 potens
896 2157 963 2210 ad
1010 2141 1369 2231 privilegium,
1416 2175 1526 2221 tam
1581 2167 1734 2226 dives

149 2229 252 2285 fuit
295 2234 361 2287 ad
400 2239 656 2306 pretium,
679 2250 737 2296 ut
759 2243 802 2298 si
833 2259 1020 2302 omnes
1049 2248 1100 2302 in
1131 2265 1252 2305 eum
1281 2255 1582 2322 crederent,
1611 2261 1732 2314 nul-

147 2322 262 2378 lum
291 2330 566 2398 tyrannica
596 2333 807 2390 vincula
838 2338 1179 2414 retinerent.]
1238 2346 1378 2401 Vere
1422 2349 1564 2404 enim
1610 2367 1735 2421 pre-

147 2417 325 2475 tiosus
364 2425 580 2492 sanguis
603 2427 714 2495 ille,
740 2439 794 2485 et
821 2441 1013 2501 potens
1035 2439 1245 2494 exstitit
1270 2443 1336 2496 ad
1367 2417 1732 2518 privilegium,

146 2521 418 2571 utomnes
445 2529 625 2586 posset
653 2523 956 2582 redimere:
989 2538 1042 2584 et
1086 2531 1235 2588 dives
1279 2537 1347 2590 ad
1386 2540 1645 2608 pretium,
1674 2549 1735 2595 ut

145 2600 355 2656 nullum
376 2609 672 2676 tyrannica,
704 2611 756 2666 id
774 2623 858 2669 est
883 2615 1145 2674 diabolica
1174 2622 1387 2679 vincula
1415 2628 1730 2697 retinerent,

143 2691 251 2745 nisi
291 2695 380 2762 qui
417 2695 484 2750 ab
529 2699 643 2768 ejus
677 2701 779 2757 ﬁde
819 2704 1028 2763 alienus
1069 2709 1345 2766 existeret.
1409 2714 1476 2768 Et
1508 2716 1627 2772 ideo
1678 2691 1734 2774 in

143 2790 298 2838 tanta
327 2791 619 2856 quaestione
640 2810 744 2849 non
767 2809 892 2851 sunt
912 2804 1257 2870 proponenda
1280 2806 1593 2878 incongrua,
1625 2828 1733 2867 non

141 2888 275 2933 sunt
301 2886 592 2940 asserenda
622 2888 908 2958 superﬂua.
957 2893 1027 2949 Ut
1066 2895 1120 2950 in
1162 2897 1505 2967 simplicitate
1532 2913 1586 2957 et
1615 2904 1730 2959 sin-

141 2973 376 3028 ceritate
406 2977 499 3032 Dei
528 2979 866 3038 instruantur
887 3026 900 3049 ,
948 2995 1002 3042 et
1044 3004 1148 3042 non
1181 2989 1235 3044 in
1265 2992 1508 3049 vanitate
1541 3010 1732 3053 sensus

139 3065 341 3131 nostri,
369 3066 422 3122 bi
452 3069 543 3140 qui
570 3088 670 3128 nos
696 3077 919 3130 audiunt
943 3078 1259 3136 illudantur.

683 3181 911 3241 CAPUT
961 3186 1192 3245 XXVIII.

429 3289 505 3344 De
547 3296 1006 3360 prwdestt'natione
1044 3301 1114 3355 ad
1155 3303 1444 3361 interitum.

217 3399 574 3487 subiungitur
603 3406 656 3460 in
687 3408 874 3464 eadem
911 3411 1138 3482 epistola
1168 3414 1234 3471 de
1268 3415 1384 3488 lege
1424 3419 1598 3490 prima
1628 3429 1731 3478 ter-

139 3493 220 3547 tia
263 3496 591 3564 quaestione,
641 3499 694 3554 id
732 3509 815 3556 est
865 3521 884 3554 (
929 3505 1399 3573 praadestinatione
1445 3513 1658 3578 divina,
1702 3535 1722 3570 ›

137 3599 329 3638 sermo
353 3586 614 3655 prolixus,
637 3592 725 3658 qui
758 3607 862 3647 non
887 3603 1029 3649 totus
1057 3597 1240 3664 simul,
1283 3603 1375 3657 sed
1411 3618 1510 3671 per
1547 3613 1729 3674 partes

135 3675 426 3742 ponendus
464 3684 520 3730 et
559 3680 872 3736 tractandus
917 3683 1072 3739 nobis
1109 3687 1343 3756 videtur,
1394 3692 1467 3746 ita
1517 3708 1576 3749 se
1631 3695 1729 3749 ha-

134 3759 300 3815 hens.

776 3873 1096 3918 HINCMARUS.

219 3981 240 4015 ι
268 3963 480 4032 Dicunt,
525 3969 720 4038 inquit,
771 3973 895 4041 quia
931 3993 949 4025 ι
984 3976 1075 4046 qui
1102 3993 1288 4034 omnes
1332 3981 1574 4042 homines
1615 3996 1726 4041 vu.t

131 4052 322 4109 salvos
351 4054 489 4123 ﬁeri,
531 4068 584 4114 et
617 4062 886 4119 neminem
917 4065 1028 4121 vult
1057 4069 1266 4137 perire,
1289 4080 1343 4126 et
1363 4075 1455 4143 qui
1483 4091 1582 4146 pro
1610 4093 1723 4132 om-

130 4145 302 4198 nibus
327 4161 518 4215 passus
559 4159 660 4217 est,
695 4171 714 4204 ι
751 4156 1017 4211 neminem
1040 4161 1440 4229 praedestinavit
1466 4167 1532 4222 ad
1561 4169 1724 4224 inter-

132 4234 276 4288 itum
332 4236 415 4289 vel
461 4238 635 4309 ignem
685 4253 947 4300 aeternum
979 4266 993 4302 :
1025 4249 1118 4303 sed
1165 4265 1232 4306 ex
1283 4270 1459 4310 massa
1512 4261 1718 4327 peccati

129 4326 423 4394 quosdam,
452 4330 591 4384 sicut
618 4334 908 4402 praescivit,
940 4340 1361 4409 praedestinavit,
1399 4347 1451 4402 id
1478 4326 1561 4404 est
1599 4368 1720 4422 gra-

127 4415 210 4469 tia
238 4421 562 4488 prteparavit
586 4423 652 4477 ad
681 4425 845 4479 vitam
888 4436 942 4483 et
976 4446 1220 4502 regnum,
1257 4444 1311 4488 et
1336 4436 1439 4491 illis
1466 4415 1628 4493 vitam
1656 4456 1720 4496 ac

127 4521 362 4577 regnum
387 4512 806 4582 prwdestinavit,
833 4518 886 4572 id
907 4529 990 4574 est
1011 4523 1184 4594 gratia
1207 4529 1530 4596 prteparavit
1559 4539 1715 4585 teter-

1839 1970 2192 2029 immobiliter
2233 1977 2734 2047 prtedestinaverit,
2788 1981 2842 2036 id
2883 1991 2969 2037 est
3029 1984 3311 2048 statuerit,
3370 1993 3428 2038 et

1837 2066 2156 2133 prmﬁnierit
2193 2066 2462 2123 facienda.
2503 2069 2657 2126 Justa
2686 2073 2882 2143 quippe
2909 2073 3196 2143 impiorum
3225 2085 3280 2130 et
3324 2076 3429 2130 ini-

1838 2170 2067 2226 quorum
2111 2158 2166 2213 in
2218 2168 2426 2214 aeterna
2473 2171 2646 2217 morte
2672 2202 2688 2228 ,
2747 2173 2911 2233 atque
2957 2165 3011 2218 in
3055 2174 3259 2220 mterno
3299 2167 3427 2237 igne

1838 2247 2112 2303 damnatio
2136 2289 2150 2313 ,
2179 2263 2314 2319 opus
2340 2259 2423 2305 est
2460 2253 2647 2321 procul
2692 2253 2856 2309 dubio
2891 2255 3024 2325 justi
3053 2255 3245 2325 judicii
3290 2257 3424 2324 Dei,

1843 2357 1860 2390 ε
1897 2339 1988 2409 qui
2018 2341 2205 2396 reddet
2235 2343 2524 2413 unicuique
2554 2345 2850 2400 secundum
2894 2360 3059 2416 opera
3103 2345 3219 2415 ejus
3247 2347 3420 2418 (Rom.

1836 2449 1915 2499 ιι,
1948 2433 2024 2505 6).
2071 2453 2090 2487 ι
2123 2435 2190 2489 Et
2234 2436 2435 2492 idcirco
2471 2452 2686 2508 semper
2731 2437 2872 2508 apud
2919 2453 3043 2494 eum
3085 2439 3334 2505 exstitit,
3367 2449 3426 2494 et

1838 2540 1962 2580 vere
2004 2527 2310 2594 praescitum
2335 2568 2349 2592 ,
2390 2536 2446 2582 et
2484 2529 2629 2597 juste
2659 2529 3100 2598 praedestinatum
3130 2569 3144 2596 ,
3175 2532 3304 2600 qui,
3341 2540 3424 2586 at—

1837 2626 2070 2672 testante
2087 2619 2346 2688 propheta
2375 2659 2388 2684 ,
2423 2639 2439 2669 ε
2473 2618 2599 2672 fecit
2621 2635 2740 2689 qua:
2771 2618 2954 2674 futura
2978 2631 3106 2675 sunt
3128 2619 3262 2692 (Isa.
3293 2637 3418 2689 XLV,

1837 2707 1935 2774 ll,
1977 2725 2080 2762 sec.
2124 2707 2317 2781 LXX).
2359 2732 2376 2763 ι
2408 2709 2542 2764 Nam
2574 2712 2618 2766 si
2664 2713 2764 2768 hoc
2801 2713 2854 2767 in
2899 2722 3102 2768 aeterna
3131 2713 3248 2782 ejus
3280 2729 3422 2784 pra:-

1835 2801 2097 2868 scienua,
2126 2811 2179 2858 et
2203 2805 2674 2874 praedestinatione
2714 2823 2821 2863 non
2863 2806 3092 2875 fuisset,
3141 2825 3417 2881 nunquam

1835 2890 1951 2961 ejus
1976 2907 2110 2962 opus
2138 2903 2280 2948 esset
2307 2936 2321 2959 ,
2356 2911 2631 2966 nunquam
2665 2899 3032 2968 temporaliter
3057 2900 3172 2956 ﬁeri
3207 2902 3415 2973 potuis-

1835 2992 1935 3038 set.
1965 2983 2101 3050 Quia
2128 3001 2286 3042 omne
2315 3002 2449 3057 opus
2492 3005 2648 3044 suum
2690 2991 2780 3046 ille
2805 2993 3158 3062 praesciendo,
3187 3006 3242 3051 et
3280 3013 3417 3067 prte-

1835 3076 2154 3160 destinando
2190 3081 2450 3150 praevenit
2487 3099 2499 3136 :
2534 3092 2589 3137 et
2633 3082 2754 3138 ideo
2786 3085 2921 3140 nihil
2959 3096 3043 3142 est
3069 3086 3124 3142 in
3148 3086 3264 3156 ejus
3289 3106 3418 3160 ope-

1836 3167 1986 3223 ribus
2015 3154 2278 3235 futurum,
2313 3173 2456 3241 quod
2488 3172 2601 3244 ipse
2630 3189 2736 3229 non
2763 3179 3082 3246 praescierit,
3121 3187 3176 3234 et
3203 3182 3414 3250 prtede-

1757 3267 1802 3330 ρ
1835 3249 2115 3315 stinaverit
2158 3277 2216 3317 se
2240 3278 2360 3318 esse
2405 3263 2692 3320 facturum.
2729 3267 2930 3323 Deinde
2962 3272 3291 3327 contrarium
3331 3283 3417 3330 est

1832 3356 1993 3412 etiam
2015 3356 2271 3414 doctrina:
2295 3400 2311 3425 ,
2341 3368 2393 3414 et
2415 3359 2814 3417 deﬁnitionibus
2837 3373 3147 3419 sanctorum
3168 3365 3408 3421 Patrum.

1829 3447 1932 3516 Qui
1970 3449 2026 3503 in
2064 3458 2348 3520 utramque
2384 3460 2611 3520 partem,
2654 3461 2764 3506 tam
2800 3453 3051 3509 videlicet
3081 3455 3421 3521 electorum.‘

1828 3555 1991 3612 quam
2047 3541 2396 3610 reproborum
2450 3541 2594 3612 (quia
2635 3549 2689 3597 et
2729 3541 2941 3598 illorum
2980 3545 3297 3615 gloriﬁcatio
3349 3557 3406 3603 et

1827 3632 2054 3687 istorum
2083 3632 2461 3687 condemnatio
2483 3632 2691 3703 justum
2723 3633 2818 3690 Dei
2857 3651 2992 3705 opus
3027 3639 3131 3710 est)
3167 3640 3406 3697 divinant

1826 3721 2351 3792 praedestinationem
2394 3739 2595 3793 ponere
2639 3741 2746 3781 non
2783 3727 3059 3795 dubitant,
3104 3730 3260 3786 sicuti
3288 3731 3404 3801 jam

1827 3828 1986 3882 supra
2032 3814 2164 3868 satis
2191 3829 2220 3868 a
2261 3815 2415 3869 nobis
2443 3824 2720 3872 ostensum
2762 3827 2864 3873 est.
2918 3819 2984 3874 Et
3019 3820 3140 3877 ideo
3170 3823 3398 3878 multum

1824 3919 2046 3962 necesse
2087 3915 2172 3961 est
2209 3915 2266 3962 ut
2296 3919 2624 3978 agnoscant,
2658 3911 2748 3980 qui
2785 3912 2859 3966 ita
2897 3914 3172 3981 sentiunt,
3225 3919 3402 3972 mani-

1824 3994 2015 4050 festam
2057 3995 2178 4052 ﬁdci
2220 3997 2500 4054 veritatem
2547 4009 2600 4056 et
2642 4001 3075 4060 fundatissimam
3119 4005 3400 4064 beatorum

1823 4089 2041 4144 Patrum
2067 4090 2448 4147 auctoritatem
2474 4109 2488 4160 ;
2523 4103 2597 4160 et,
2626 4096 2768 4166 quod
2790 4098 2870 4152 eis
2895 4097 3202 4155 nullatenus
3232 4118 3399 4173 expe-

1822 4181 1938 4248 dit,
1971 4197 2078 4236 non
2117 4192 2377 4254 spernant
2424 4199 2600 4256 neque
2637 4185 2893 4255 abjiciaut
2934 4189 3052 4245 illos
3090 4191 3156 4247 de
3205 4194 3402 4263 quibus

1822 4273 2078 4330 Dominus
2105 4275 2215 4330 ait:
2249 4295 2267 4327 ι
2310 4275 2411 4343 Qui
2440 4293 2535 4332 vos
2561 4280 2740 4344 audit,
2774 4295 2861 4335 me
2890 4282 3073 4349 audit,
3097 4292 3153 4338 et
3182 4285 3271 4355 qui
3299 4300 3395 4339 vos

1819 4365 2046 4435 spernit,
2087 4382 2172 4420 me
2196 4367 2400 4442 spernit
2423 4367 2572 4439 (Luc.
2607 4386 2675 4435 x,
2706 4370 2816 4440 ‘16).
2854 4391 2884 4426 ι.

1887 4453 2039 4521 Quod
2060 4456 2105 4510 si
2137 4457 2256 4511 ideo
2292 4458 2371 4512 eis
2394 4459 2605 4514 videtur
2629 4461 2918 4516 absurdum
2946 4504 2962 4528 ,
2994 4464 3120 4533 quia
3145 4467 3396 4538 omnipo-

1821 4551 1940 4598 tens
1982 4544 2120 4598 Deus
2153 4547 2412 4616 reprobus
2439 4549 2907 4619 prazdestinaverit
2931 4553 2998 4607 ad
3027 4555 3304 4611 interitum
3341 4566 3400 4614 et

127 4614 270 4654 num
292 4618 304 4654 :
329 4601 617 4674 Evangelio
641 4615 775 4665 teste
803 4611 894 4680 qui
923 4613 1080 4668 dicit:
1101 4635 1118 4668 ‹
1141 4617 1351 4686 Venite,
1380 4621 1666 4691 benedicti,
1694 4644 1713 4676 ι
1747 4621 1794 4680 1)
1821 4633 1889 4687 ad
1920 4633 2095 4704 ignem
2115 4601 2374 4690 aeternum
2401 4675 2416 4702 ,
2439 4601 2703 4708 ‘quoniam
2729 4641 2876 4697 velut
2906 4643 3219 4703 incredibile
3245 4647 3396 4705 vide-

126 4689 187 4744 id
218 4701 305 4745 est
327 4692 394 4747 de
414 4696 585 4764 prima
609 4699 980 4758 maledictione
1013 4709 1186 4778 gratia
1215 4712 1407 4782 erepti,
1455 4689 1720 4782 electi,et

124 4783 523 4851 praedestinati,
559 4809 576 4841 ‹
601 4793 862 4863 percipite
891 4812 1136 4868 regnum,
1183 4803 1324 4872 quod
1364 4806 1517 4861 vobis
1558 4824 1716 4878 para-

128 4883 250 4927 tum
274 4884 375 4942 est,
407 4897 425 4927 ι
461 4879 513 4932 id
542 4891 626 4937 est
653 4885 794 4953 quod
816 4886 968 4942 vobis
999 4891 1432 4958 praedestinatum
1464 4906 1566 4962 est,
1603 4919 1620 4950 ι
1649 4899 1717 4954 ab

124 4965 347 5036 origine
383 4971 566 5027 mundi
597 4973 811 5046 (Matth.
841 4994 968 5045 xxv,
997 4980 1111 5054 54).
1142 5002 1161 5036 ι
1219 4984 1486 5052 Quosdam
1513 5001 1712 5058 autem,

125 5060 278 5115 sicut
299 5065 591 5133 przescivit,
623 5085 728 5124 non
758 5072 823 5126 ad
851 5083 1076 5130 mortem
1100 5093 1273 5147 neque
1293 5081 1358 5134 ad
1384 5081 1557 5152 ignem
1582 5102 1718 5155 pra:-

127 5150 448 5220 destinavit,
482 5158 574 5211 sed
602 5157 655 5212 in
681 5175 858 5215 massa
886 5165 1092 5231 peccati
1128 5175 1183 5220 et
1215 5150 1533 5238 perditionis
1570 5150 1717 5243 juste

126 5241 408 5310 deseruit,
439 5262 469 5301 a
498 5263 603 5318 qua
641 5264 734 5304 eos
757 5253 1228 5320 prazdestinationo
1256 5273 1375 5323 sua,
1401 5260 1453 5314 id
1477 5241 1713 5334 est—gra-

127 5332 226 5387 tiae
262 5339 668 5405 praeparatione,
713 5341 945 5407 occulto,
995 5345 1089 5400 sed
1129 5361 1237 5400 non
1273 5347 1471 5419 injusto
1511 5332 1715 5419 judicio

126 5440 475 5497 nequaquam
513 5433 728 5502 eripuit.
785 5433 923 5502 Quia
951 5437 1092 5492 sicut
1119 5439 1308 5494 beatus
1346 5445 1567 5514 exponit
1604 5446 1712 5501 Au-

123 5519 380 5588 gustinus
419 5521 503 5592 (de
529 5521 707 5580 Prwd.
736 5537 929 5594 sanct.,
959 5546 1077 5600 cap.
1108 5532 1196 5606 10)
1227 5550 1242 5588 :
1281 5532 1712 5607 [Praedestinatio

121 5619 218 5665 est
245 5614 430 5682 gratiae
457 5620 798 5688 praeparatio,
826 5623 999 5693 gratia
1018 5632 1198 5679 autem
1221 5635 1304 5683 est
1324 5628 1446 5684 vitae
1472 5629 1708 5696 donatio,

122 5700 186 5755 id
225 5711 309 5758 est
346 5705 510 5776 ipsius
552 5711 1039 5780 przedestinationis
1086 5717 1355 5794 eil'ectus.]
1387 5723 1481 5790 .Et
1519 5723 1710 5782 beatus

122 5791 386 5866 Prosper,
416 5796 470 5851 in
501 5797 603 5854 hac
627 5817 685 5855 re
709 5805 882 5858 sancti
907 5806 1193 5880 Augustini
1220 5791 1529 5887 expositor,
1584 5831 1706 5873 cum

450 5891 719 5956 Ριτιιοι.
741 5893 972 5963 CXXI.

1823 4733 1931 4790 tur,
1953 4735 2012 4780 ut
2053 4745 2069 4776 ε
2104 4727 2194 4796 qui
2222 4743 2413 4783 omnes
2439 4730 2551 4783 vult
2579 4730 2809 4798 salvari,
2842 4752 2860 4784 ι
2891 4745 2945 4789 et
2974 4736 3064 4807 qui
3090 4751 3188 4807 pro
3215 4739 3398 4796 omni-

1820 4816 1922 4872 bus
1953 4825 2196 4873 mortuus
2224 4819 2482 4885 creditur,
2507 4820 2738 4892 aliquem
2766 4839 2952 4880 eorum
2980 4826 3398 4896 praidestinave-

1821 4905 1892 4959 rit
1924 4906 1989 4959 ad
2015 4907 2410 4964 damnationem
2447 4929 2460 4964 :
2489 4913 2786 4982 recogitent
2822 4915 3109 4981 attentius,
3141 4918 3267 4990 quia
3289 4922 3394 4977 etsi

1819 4995 1907 5050 illa
1943 4998 2105 5051 verba
2145 4998 2384 5070 Apostoli
2425 5002 2743 5074 simpliciter
2783 5004 3151 5078 intelligantur
3198 5010 3397 5080 quibus
3446 5002 3453 5080 ξ

1818 5086 1883 5141 de
1909 5086 2016 5142 Deo
2037 5088 2197 5153 dicit,
2229 5109 2247 5141 ι
2277 5092 2368 5162 qui
2394 5092 2507 5147 vult
2525 5110 2714 5150 omnes
2739 5096 2986 5153 homines
3008 5097 3186 5156 salvos
3205 5099 3343 5168 ﬁeri,
3367 5121 3388 5154 ι

1815 5177 2024 5234 duobus
2075 5182 2248 5236 modis
2294 5185 2393 5240 hoc
2443 5185 2609 5240 Deum
2647 5203 2808 5258 agere
2853 5191 3218 5249 certissimum
3260 5203 3388 5252 est:

1813 5268 1938 5322 dum
1964 5268 2097 5324 alios
2125 5270 2196 5324 ita
2232 5291 2250 5322 ‹
2288 5273 2400 5329 vult
2435 5275 2612 5331 salvos
2658 5276 2811 5345 ﬁeri,
2846 5299 2865 5332 ι
2911 5288 2970 5336 ut
2998 5297 3093 5338 eos
3123 5283 3236 5352 ipse
3269 5299 3390 5340 om-

1812 5359 1940 5414 nino
1980 5359 2144 5415 faciat
2183 5363 2396 5430 salvos,
2437 5368 2578 5423 sicut
2611 5385 2800 5426 omnes
2825 5371 3023 5430 electos
3053 5394 3066 5429 :
3100 5376 3235 5433 alios
3258 5393 3390 5434 vero

1813 5449 1886 5505 ita
1915 5451 2043 5506 velit
2069 5453 2246 5510 salvos
2271 5455 2384 5512 ﬁeri
2403 5498 2416 5519 ,
2450 5469 2504 5512 ut
2534 5475 2635 5514 eos
2659 5462 2880 5518 omnino
2918 5479 3023 5519 non
3057 5465 3226 5520 salvet
3245 5507 3260 5532 ,
3291 5468 3392 5524 sed

1815 5540 1869 5596 in
1895 5551 2156 5598 aeternum
2181 5547 2359 5617 perire
2385 5551 2682 5620 permittat,
2715 5554 2854 5610 sicut
2881 5555 3068 5627 utique
3089 5571 3278 5612 omnes
3306 5574 3388 5614 ro-

1813 5633 2011 5701 probos
2035 5676 2050 5700 ,
2081 5651 2216 5704 quos
2252 5639 2405 5708 juxta
2435 5641 2579 5696 hunc
2602 5657 2818 5699 sensum
2843 5685 2857 5710 ,
2892 5656 2948 5702 et
2978 5665 2997 5698 ‹
3031 5656 3089 5701 ιιι
3119 5647 3386 5719 benignus

1811 5721 2034 5780 Creator
2062 5746 2080 5779 ι
2108 5727 2304 5782 salvari
2328 5730 2515 5798 voluit,
2532 5743 2587 5788 et
2611 5752 2629 5785 ‹
2659 5743 2714 5788 ut
2738 5733 2916 5805 justus
2933 5735 3103 5792 Iudex
3127 5757 3144 5790 ι
3165 5747 3383 5804 aeterna:

1812 5817 2100 5888 perditioni
2133 5821 2369 5879 tradidit.
2401 5823 2553 5881 Sicut
2580 5843 2707 5898 ergo
2731 5838 2784 5885 et
2820 5829 3114 5885 bonitatem
3146 5841 3300 5886 suam
3323 5831 3383 5889 in

2910 5920 2987 5981 33

3446 5045 3460 5108 ἰ
