3966 6334
572 381 724 443 ’1035

579 503 677 576 'els
690 494 924 556 ostendit
941 533 954 558 ,
986 488 1112 562 quia
1139 499 1230 542 eos
1253 482 1396 540 salva

588 571 677 648 tas
702 587 822 658 ejus
863 597 970 640 non
1006 559 1293 650 impedivit
1342 572 1688 629 severitatem
1735 563 1880 636 ejus,
1927 575 2034 630 qua
2067 559 2168 612 eos

573 653 1065 758 .~juste'damnavit;
1119 673 1190 726 ita
1222 668 1411 725 eadem
1452 663 1666 720 bonitas
1696 659 1812 728 ejus
1854 653 2164 711 nullatenus

591 746 869 845 impedivit
894 760 1420 838 prmdestinationein
1454 754 1569 823 ejus
1593 750 1852 821 iustitiae,
1881 746 2006 801 dum
2030 755 2169 812 quos

592 842 687 922 ille
703 861 878 920 salvos
899 857 1016 913 ﬁeri
1041 854 1231 916 voluit,
1251 859 1310 905 et
1336 848 1549 916 iniquos
1570 842 1780 896 futuros
1802 849 2016 905 semper
2038 845 2170 902 prae-

593 955 790 1020 scivit,
817 960 874 1007 et
914 949 974 1005 in.
1006 944 1289 1015 iniquitate
1319 955 1416 996 sua
1459 946 1875 1008 permansuros,
1919 927 2062 998 iuste
2103 920 2174 977 ad

594 1045 872 1103 interitum
901 1013 1325 1111 praedestinavit.
1353 1030 1432 1086 lla
1460 1035 1516 1083 et
1536 1026 1584 1080 si
1607 1039 1706 1096 pro
1736 1019 1987 1078 omnibus
2007 1013 2171 1070 etiam

593 1140 651 1197 in
678 1153 777 1194 sua
805 1134 1080 1205 impietate
1102 1124 1357 1198 perituris
1397 1119 1647 1177 Christus
1673 1124 1920 1170 mortuus
1945 1113 2063 1172 est,
2093 1102 2174 1158 sic

597 1231 678 1286 eis
715 1195 960 1284 exhibuit
997 1195 1291 1278 bonitatem
1323 1211 1589 1285 passionis
1611 1222 1721 1262 suae
1742 1245 1759 1271 ,
1788 1211 1847 1257 ut
1868 1209 2046 1254 tamen
2071 1195 2175 1249 hu-

591 1314 1053 1389 iusmodi-impios
1081 1311 1134 1366 in
1164 1325 1263 1364 sua
1291 1305 1567 1375 impietate
1606 1307 1993 1370 permansuros
2025 1289 2174 1359 justo

601 1428 700 1472 suo
719 1409 923 1481 judicio
936 1380 1410 1460 Tcondemnaverit.
1435 1395 1588 1450 Sicut
1609 1392 1724 1461 ipse
1745 1388 1850 1449 ait,
1886 1402 1904 1434 ι
1939 1380 2039 1447 Qui
2069 1391 2174 1431 non

602 1468 778 1560 credit
803 1499 955 1570 ,jam
977 1495 1254 1567 judicatus
1293 1497 1376 1544 est
1401 1484 1592 1558 (Joan.
1622 1497 1715 1547 iii,
1743 1478 1855 1548 18).
1895 1494 1914 1526 i
1950 1472 2018 1526 Et
2056 1468 2178 1522 ideo

600 1594 818 1652 bonitas
841 1559 999 1660 ejus,
1048 1585 1176 1656 quia
1205 1582 1368 1638 etiam
1395 1591 1493 1650 pro
1532 1573 1730 1629 talibus
1775 1580 1968 1638 passus
2007 1559 2181 1616 credi-

515 1721 518 1723 λ
605 1699 716 1752 tur,
747 1699 854 1741 non
882 1677 1163 1738 evacuavit
1186 1689 1313 1745 erga
1342 1685 1435 1726 eos
1457 1659 1984 1739 praedestinationem
2015 1650 2131 1719 ejus
2164 1665 2178 1701 :

605 1794 711 1850 qua
755 1791 850 1832 eos
887 1785 1120 1842 semper,
1153 1775 1209 1822 et
1233 1760 1506 1837 praescivit
1536 1759 1588 1812 in
1614 1769 1710 1811 sua
1754 1749 2028 1819 impietate
2056 1756 2180 1813 per-

604 1841 927 1928 mansuros,
960 1841 1019 1917 et
1039 1851 1443 1929 praedestinavit
1468 1849 1614 1919 juste
1638 1841 1929 1914 perituros.

681 1953 948 2025 Quidquid
967 1965 1095 2022 ergo
1117 1957 1238 2019 post
1260 1945 1361 2000 ista
1385 1944 1437 1997 in
1453 1941 1538 1996 his
1549 1935 1730 1992 verbis
1752 1933 1816 1988 de
1833 1939 2034 1984 aeterna
2055 1939 2188 1995 prie-

610 2020 966 2107 destinatione
987 2020 1295 2098 sanctorum
1310 2034 1506 2091 dicitur
1530 2030 1597 2084 ad
1617 2040 1840 2098 regnum
1854 2031 1908 2077 et
1927 2020 2092 2074 vitam
2113 2032 2188 2070 ae-

611 2152 844 2204 ternam,
867 2133 1131 2190 catholice
1150 2139 1206 2185 et
1234 2126 1463 2182 ﬁdeliter
1484 2121 1682 2179 dicitur
1708 2135 1720 2170 :
1747 2115 1870 2186 quia
1894 2111 2009 2167 sine
2031 2107 2192 2164 dubio

605 2244 722 2291 tam
745 2231 896 2302 pium
914 2268 928 2292 ,
959 2234 1014 2282 et
1036 2234 1143 2279 tam
1177 2218 1470 2292 gloriosum
1499 2226 1634 2282 opus
1659 2223 1814 2264 suum
1839 2245 1856 2271 ,
1886 2211 1942 2258 et
1967 2209 2196 2254 acterna-

606 2289 1110 2389 ilitedomnipoteus
1155 2289 1427 2383 praescivit
1467 2303 1708 2359 futurum
1734 2338 1749 2362 ,
1775 2304 1830 2350 et
1867 2289 2195 2348 reterualiter

593 2380 1017 2484 praedestinavit
1045 2419 1104 2460 se
1131 2380 1251 2458 esse
1276 2397 1566 2453 facturum.
1593 2387 1746 2458 Quod
1793 2392 1974 2440 autem
2010 2380 2077 2434 de
2118 2391 2198 2431 re-

595 2467 798 2576 .probis
820 2499 912 2555 hic
941 2494 1257 2554 allirmatur,
1289 2485 1415 2558 quia
1442 2482 1661 2539 eosdem
1686 2475 2028 2543 omnipotens
2055 2467 2198 2522 Deus

609 2561 955 2666 nequaquam
981 2577 1452 2659 praedestinaverit
1472 2574 1540 2629 ad
1560 2578 1788 2626 mortem
1814 2564 1895 2620 vel
1923 2563 1992 2617 ad
2019 2561 2200 2630 ignem

615 2658 900 2745 aeternum,
949 2658 1045 2735 sed
1091 2666 1466 2729 tantummodo
1508 2658 1807 2736 praescierit
1847 2669 1942 2711 eos
1984 2660 2202 2707 aeternae

619 2775 780 2831 morti
805 2740 927 2828 esse
957 2763 1249 2823 tradendos
1302 2767 1358 2813 et
1405 2761 1668 2828 perpetuo
1706 2746 1814 2818 igni
1842 2740 2200 2804 cruciandos,

618 2865 925 2921 nullatenus
952 2865 1037 2912 est
1077 2847 1484 2923 recipiendum;
1542 2841 1667 2913 quia
1713 2838 1876 2909 (sicut
1912 2834 2025 2904 jam
2072 2828 2204 2886 satis

618 2969 782 3026 supra
830 2960 1106 3006 ostensum
1138 2943 1242 3013 est)
1289 2955 1424 3010 opus
1469 2951 1624 2993 suum
1657 2944 1768 2988 tam
1806 2927 2050 2998 justum,
2093 2931 2202 2976 tam

620 3019 872 3114 magnum
894 3081 908 3106 ,
931 3049 987 3095 et
1030 3034 1270 3094 terribile
1296 3074 1310 3099 ,
1343 3046 1451 3102 quo
1479 3040 1667 3085 omnes
1702 3021 1895 3092 impios
1923 3019 2206 3073 damnatu-

624 3148 742 3188 rum
781 3145 837 3185 se
863 3143 984 3184 esse
1007 3125 1283 3188 decrevit,
1315 3132 1370 3176 et
1396 3128 1596 3175 aeterna
1637 3113 1868 3169 veritate
1897 3104 2200 3179 prmscivit,

623 3229 678 3276 et
722 3229 922 3274 aeterna
966 3215 1172 3286 justitia
1223 3206 1644 3283 praeordinavit,
1684 3209 1752 3258 ac
1797 3175 2103 3273 praiﬁnivit.
2139 3175 2277 3248 EtC

625 3313 824 3367 inirum
859 3307 1014 3362 valde
1036 3314 1118 3360 est
1137 3345 1151 3370 ,
1181 3301 1452 3375 quomodo
1479 3311 1677 3368 negare
1724 3292 2057 3349 contendunt
2085 3301 2210 3342 eum

625 3412 887 3458 :etcrnam
916 3399 1154 3469 ipsorum
1177 3391 1577 3448 damnationem
1604 3382 2039 3457 prmdestinasse,
2074 3391 2212 3449 quos

622 3496 737 3565 jam
762 3495 829 3548 ab
849 3493 967 3563 ipso
990 3487 1174 3545 mundi
1200 3484 1420 3542 exordio
1448 3496 1569 3538 cum
1599 3479 1804 3550 primus
1831 3476 1990 3530 homo
2015 3481 2212 3541 pecca-

624 3585 704 3640 vit
729 3623 744 3649 ,
773 3591 828 3639 et
869 3596 1030 3637 omne
1059 3581 1352 3635 humanum
1392 3588 1562 3646 genus
1590 3586 1657 3627 ex
1697 3584 1756 3625 se
1801 3563 2210 3638 propagandum

531 3735 539 3741 ,
629 3689 792 3729 unam
824 3685 1058 3727 massam
1083 3663 1446 3722 damnationis
1464 3702 1479 3728 ,
1505 3656 1899 3731 etperditionis
1929 3653 2076 3717 fecit,
2101 3665 2215 3704 ma.

631 3765 827 3820 nifeste
860 3763 1044 3818 dicant
1083 3761 1137 3814 in
1173 3757 1362 3813 eadem
1391 3750 1758 3810 damnationis
1815 3756 1867 3803 et
1896 3741 2216 3817 perditionis

633 3870 811 3911 massa
833 3853 981 3923 justo
1009 3853 1102 3907 Dei
1128 3848 1332 3920 judicio
1359 3847 1642 3917 deputalos
1671 3851 1726 3895 et
1746 3837 2047 3894 derelictos.
2075 3830 2216 3900 Quid

633 3958 718 4003 est
751 3947 893 4003 enim
922 3959 1098 4000 massa
1145 3939 1510 3996 damnationis
1538 3947 1592 3991 et
1615 3931 1930 4006 perditionis
1956 3929 2025 3983 ab
2063 3925 2216 3980 initio

571 4038 582 4059 "
637 4038 825 4094 mundi
865 4035 1046 4090 divino
1070 4031 1275 4104 judicio
1311 4028 1530 4091 ell‘ccta,
1561 4027 1666 4080 nisi
1696 4025 1887 4080 eodem
1916 4019 2101 4075 divino
2125 4016 2215 4086 ju-

629 4129 780 4184 dicio
802 4137 1021 4183 aeternae
1037 4121 1367 4179 damnationi
1382 4128 1438 4175 et
1455 4116 1739 4190 perditioni
1761 4113 2028 4168 destinata
2044 4117 2098 4164 et
2113 4116 2220 4161 tra-

637 4219 790 4275 dita?
821 4216 878 4272 Si
903 4215 1048 4271 enim
1079 4210 1450 4268 tantummodo
1475 4206 1724 4279 praescita
1751 4211 1834 4259 est
1863 4201 1928 4256 ad
1961 4208 2218 4255 aeternam

639 4305 1043 4368 damnationem
1083 4314 1137 4362 et
1168 4303 1523 4375 perditionem
1545 4339 1559 4364 ,
1589 4297 1796 4354 nullum
1826 4292 1901 4348 ibi
1942 4291 2115 4346 adhuc
2139 4298 2221 4344 est

639 4397 1165 4470 divinnmjudicium
1196 4413 1208 4447 :
1238 4393 1304 4447 Et
1325 4388 1595 4462 quomodo
1624 4385 1760 4439 tales
1781 4385 1834 4438 in
1863 4396 2038 4436 massa
2072 4379 2223 4434 datu-

641 4469 914 4555 nationis,
941 4495 995 4543 ct
1022 4482 1342 4556 perditionis
1367 4480 1549 4536 divino
1563 4475 1769 4547 judicio
1793 4471 1964 4528 relicti
1986 4486 2108 4526 esse
2138 4469 2221 4523 di-

561 4581 571 4666 ᾗ
642 4589 861 4644 cuntur,
889 4577 936 4632 si
962 4577 1015 4631 in
1046 4576 1147 4630 hac
1175 4580 1328 4643 parte
1357 4568 1490 4625 nihil
1513 4567 1688 4622 adhuc
1712 4564 1777 4619 de
1805 4561 1909 4617 illis
1936 4559 2119 4614 divino
2133 4556 2222 4628 ju-

644 4675 784 4730 dicio
812 4681 896 4728 est
917 4665 1236 4725 deﬁnitum?
1264 4662 1358 4719 Sin
1383 4669 1565 4716 autem
1590 4700 1605 4726 ,
1630 4657 1772 4712 sicut
1804 4652 2028 4708 omnino
2057 4650 2223 4705 etiam

643 4781 832 4823 eorum
877 4777 1144 4820 consensu
1199 4766 1255 4812 et
1317 4753 1657 4812 confessione
1711 4762 1899 4804 verum
1947 4753 2068 4808 est,
2110 4742 2226 4796 haec

644 4875 823 4916 massa
853 4872 961 4913 non
991 4854 1163 4910 solum
1194 4849 1444 4922 praescita
1474 4853 1580 4909 est,
1629 4841 1722 4898 sed
1757 4839 1919 4895 etiam
1943 4834 2182 4905 iudicata
2206 4873 2221 4897 ,

647 4951 776 5024 quid
816 4947 960 5004 aliud
991 4944 1212 5015 intelligi
1243 4949 1456 5013 potest,
1501 4937 1604 4992 nisi
1629 4933 1849 4990 omnino
1883 4930 1950 4986 ad
1977 4926 2224 4984 eamdem

649 5042 1046 5099 damnationem
1069 5078 1084 5102 ,
1129 5045 1183 5090 et
1218 5033 1576 5107 perditionem
1615 5022 2041 5100 praedestinata?
2072 5019 2226 5087 Quod

650 5133 794 5188 enim
832 5145 960 5187 vere
985 5169 1000 5194 ,
1036 5137 1090 5186 et
1133 5126 1314 5181 dlvina
1351 5120 1692 5194 priescicutia
1722 5112 2142 5187 praecognitum,
2173 5117 2228 5164 et

654 5220 835 5278 divino
873 5220 1075 5290 judicio
1113 5226 1198 5274 est
1238 5217 1513 5273 decretum
1539 5253 1554 5279 ,
1592 5216 1800 5266 constat
1848 5204 2069 5261 omnino
2108 5215 2229 5258 esse

648 5310 1111 5384 praedestinatum.

1219 5414 1444 5475 CAPUT
1487 5409 1676 5470 XXIX.

834 5529 1264 5587 -Pm’destinatio
1289 5527 1357 5581 ad
1384 5524 1576 5581 malum
1608 5538 1711 5576 non
1741 5526 2021 5589 compe..it.

709 5665 1036 5736 Quod“er
1061 5660 1336 5733 subiungit
1361 5657 1593 5728 scriptor
1615 5651 1873 5724 epistolae,
1912 5666 1931 5700 ι
1959 5646 2085 5718 quia
2115 5660 2231 5712 eos,

651 5761 751 5834 qui
770 5755 1002 5832 perituri
1025 5762 1180 5813 erant
1201 5794 1215 5820 ,
1239 5746 1716 5823 praedestinatione
1747 5756 1842 5800 sua
1865 5740 2038 5803 Dcus,
2067 5737 2120 5793 id
2147 5744 2236 5792 est

1602 361 1657 414 S.
1703 351 1961 410 REMIGII
1998 335 2479 403 LUGDUNENSIS
2512 327 2814 390 EPISCOPI

1403 478 1448 535 τί
1475 477 1671 543 volun,
1693 482 1749 531 ει
1778 481 1955 527 tamen
2000 466 2153 522 boni-
2182 458 2232 518 Α
2255 452 2441 525 gratiae
2469 444 2880 520 praeparatione,
2907 439 2975 494 ab
2997 429 3466 492 illa‘damnationis
3491 437 3541 483 et
3564 428 3752 497 perditio

3027 528 3039 538 .
3119 526 3150 543 .,
3290 530 3334 543 ,.
3371 536 3426 543 __
3457 519 3610 543 ..ηιμ
3654 519 3752 543 κως

2219 579 2232 595 .
2266 543 2350 597 nis
2383 554 2559 595 massa
2588 545 2926 604 nequaquam
2963 526 3189 597 eripuit,
3232 543 3250 574 ι
3284 530 3340 576 et
3367 536 3430 575 ex
3457 519 3614 572 verbis
3653 519 3756 571 beati

2266 631 2553 706 Augustini
2601 627 2873 683 aﬂirmarc
2916 627 3186 676 conatur:
3218 613 3285 687 [ι
3340 609 3483 678 Quod
3525 608 3758 662 uidelicet

3655 314 3752 367 1036

2275 745 2294 778 ι
2329 700 2736 795 p'riedeslinatio
2770 730 2876 770 non
2919 711 2990 767 sit
3023 708 3197 771 aliud,
3231 703 3334 763 nisi
3359 700 3530 772 gratia:
3556 713 3758 769 przepara-

2271 791 2364 883 tio,
2400 817 2447 890 i]
2471 827 2530 871 ut
2550 812 2703 885 quasi
2729 826 2796 866 ex
2810 809 2912 863 hoc
2923 803 3154 874 probare
3180 797 3446 857 videatur,
3472 791 3594 860 quod
3615 791 3760 859 prede-

2273 911 2494 968 stiualio
2517 901 2889 962 tantummodo
2922 897 2977 950 in
3006 900 3316 949 sanctorum
3339 884 3600 946 electione,
3624 881 3762 949 quibus

2273 1005 2341 1059 ab
2366 1012 2569 1057 aeterno
2598 995 2940 1063 omnipotens
2973 987 3115 1042 Deus
3133 994 3289 1037 suam
3318 975 3533 1046 gratiam
3564 984 3760 1041 praepara-

2273 1094 2353 1146 vit
2377 1131 2392 1157 ,
2421 1086 2642 1156 intelligi
2687 1057 2881 1138 debeat
2909 1095 2924 1144 ;
2969 1077 3023 1130 in
3076 1067 3418 1128 damnatione
3444 1077 3559 1116 vero
3583 1057 3765 1129 reprobo-

2277 1198 2416 1246 rutn,
2441 1147 2715 1234 nullavDei
2739 1164 3141 1244 praedestinatio
3168 1155 3474 1228 accipienda
3497 1153 3576 1216 sit,
3601 1164 3652 1204 eo
3668 1147 3764 1217 quod

2279 1271 2409 1326 nihil
2435 1268 2620 1341 gratiae
2646 1240 2757 1320 suae
2784 1276 2851 1316 ex
2877 1265 3083 1314 aeterno
3119 1250 3223 1305 illis
3253 1249 3393 1302 Deus
3429 1240 3766 1314 praedestinavit-

2279 1363 2372 1428 rit,
2401 1370 2456 1414 et
2490 1351 2910 1429 praeparaverit;
2936 1345 3156 1402 omnino
3188 1337 3501 1395 falsissimus
3524 1344 3679 1388 sensus
3699 1338 3765 1390 est,

2280 1463 2336 1509 et
2363 1419 2543 1508 sensui
2567 1419 2711 1503 beati
2740 1438 3017 1513 Augustini
3049 1441 3235 1506 aperte
3257 1426 3566 1485 contrarius.
3583 1421 3659 1474 llle
3673 1419 3767 1473 enim

2283 1507 2356 1599 ira
2372 1507 2522 1598 dixit
2554 1539 2642 1611 (de
2679 1507 2938 1590 Ρηεᾶεει.
2965 1536 3137 1583 sanet.
3167 1539 3218 1579 ε.
3257 1520 3346 1590 l0)
3382 1507 3767 1589 :[Prtedestinatio

2283 1645 2367 1691 est
2391 1603 2578 1706 gratia;
2599 1624 2924 1700 praeparatio
2957 1639 2972 1675 :
2997 1618 3186 1676 Gratia
3222 1628 3351 1670 vero
3375 1610 3566 1680 estjain
3596 1605 3685 1674 ipsa
3701 1603 3763 1656 do-

2286 1696 2480 1782 natio.1
2497 1722 2563 1777 Et
2588 1696 2929 1791 post—aliqua,
2951 1720 3010 1765 ut
3027 1709 3384 1774 distingueret
3398 1701 3526 1753 inter
3545 1696 3669 1749 istam
3685 1705 3770 1761 pra

2214 1821 2260 1882 Β
2291 1789 2705 1873 destinationem
2735 1807 2920 1880 gratiae
2938 1845 2954 1870 ,
2983 1816 3104 1873 qua:
3129 1795 3350 1870 proprie
3371 1791 3628 1846 electorum
3649 1791 3720 1847 est,
3738 1789 3770 1835 et

2289 1903 2817 1980 praedestinationem
2844 1890 3211 1969 damnationis
3233 1894 3289 1940 et
3309 1881 3560 1944 vindicta,
3581 1889 3674 1945 quae
3693 1886 3771 1942 pro-

2292 1963 2412 2071 prie
2461 2004 2544 2052 est
2580 1963 2968 2064 reproborum,
3000 1978 3281 2050 subiunxit
3315 1974 3496 2030 dicens
3537 1970 3648 2038 (cap.
3686 1963 3769 2032 l0):

2294 2059 2726 2165 [Praedestina—tio
2757 2081 2851 2137 Dei
2871 2119 2886 2146 ,
2912 2091 3032 2148 quae
3066 2075 3120 2128 in
3147 2073 3290 2127 bono
3316 2073 3426 2129 est,
3465 2059 3624 2133 gratiae
3641 2062 3772 2118 est,itt

2295 2147 2407 2236 dixi
2432 2219 2446 2244 ,
2476 2173 2805 2249 praeparatio
2838 2189 2851 2225 :
2880 2147 3055 2240 gratia
3077 2176 3208 2218 vero
3229 2168 3317 2215 est
3344 2155 3502 2226 ipsius
3524 2147 3772 2220 praedestina-

2297 2273 2460 2329 tionis
2479 2236 2761 2338 effectus]
2801 2236 2980 2332 Atque
3020 2259 3096 2313 ita
3129 2251 3398 2308 luculente
3420 2243 3650 2306 ostendit,
3675 2236 3773 2290 aliter

2298 2360 2698 2434 intelligendam
2739 2324 2860 2411 esse
2891 2324 3422 2423 prmdestinationem
3470 2334 3588 2399 Dei,
3627 2343 3709 2399 qua
3738 2324 3772 2378 in

2299 2458 2440 2513 bono
2467 2422 2554 2510 est
2594 2449 2782 2514 bonis,
2829 2422 3012 2500 idest
3038 2436 3229 2494 electis
3249 2433 3342 2488 tibi
3376 2442 3495 2484 vere
3517 2422 3672 2479 divina:
3691 2428 3772 2484 erga

2299 2563 2393 2604 eos
2413 2545 2600 2619 gratiae
2621 2551 2704 2597 est
2733 2533 3072 2610 praeparatio,
3112 2538 3170 2584 et
3208 2522 3370 2592 hujus
3394 2504 3770 2605 priedestinationis

2301 2595 2528 2699 ell‘eztus
2551 2644 2634 2690 est
2664 2595 2902 2704 ejusdem
2933 2621 3193 2679 divinitus
3220 2618 3524 2687 praeparata:
3544 2595 3773 2676 gratiaejam

2317 2733 2434 2804 ipsa
2463 2687 2727 2784 donatio':
2753 2730 2808 2778 et
2839 2719 2995 2774 aliter
3029 2705 3428 2780 intelligendam
3457 2687 3774 2771 praidestinatiov

3271 2799 3304 2804 η
3418 2795 3428 2804 ·
3454 2795 3466 2804 ·
3551 2797 3563 2804 ι
3600 2777 3760 2804 “multis

2319 2777 2434 2804 τω-
2466 2777 2674 2784 «mm——
2718 2777 2721 2778 ν
2768 2777 2775 2778 κ
3207 2777 3227 2780 _

2305 2839 2428 2881 nem
2470 2820 2564 2875 Dei
2591 2859 2606 2885 ,
2645 2831 2765 2888 quae
2798 2813 2851 2868 in
2884 2808 3026 2864 malo
3063 2811 3148 2860 est
3180 2799 3340 2856 malis
3361 2838 3376 2862 ,
3418 2795 3467 2849 id
3495 2797 3569 2845 est
3599 2777 3773 2888 mprobis,

2473 2868 2564 2875 ---
2591 2868 2606 2885 ,
2651 2868 2756 2888 γη

2305 2933 2425 2990 qua:
2449 2930 2480 2970 e
2507 2908 2779 2969 contrario
2812 2901 2945 2960 nihil
2976 2907 3058 2955 est
3084 2894 3230 2951 aliud
3252 2933 3266 2959 ,
3299 2888 3402 2945 nisi
3435 2892 3620 2941 aeternae
3642 2868 3775 2944 prinde-

2307 2967 2616 3063 ;tinatiouis
2637 2998 2762 3072 [al.,
2791 2986 3180 3058 damnationis]
3211 2995 3399 3040 eorum
3419 2967 3706 3048 praeparatio;
3723 2974 3775 3014 αι’

2303 3099 2394 3170 jus
2419 3096 2638 3153 omnino
2665 3088 2890 3146 effectus
2917 3091 3002 3139 est
3029 3081 3142 3151 jam
3176 3078 3294 3147 ipsa
3323 3065 3590 3127 damnatio.

2380 3187 2460 3242 Ita
2499 3178 2822 3239 venerabilis
2852 3147 3045 3231 doctor
3069 3179 3333 3224 aeternam
3367 3147 3774 3241 praedestinationem

2309 3279 2404 3336 Dei
2433 3278 2488 3333 in
2525 3281 2816 3340 utrumque
2847 3261 3145 3325 distribuit,
3179 3266 3238 3314 ut
3273 3263 3329 3312 et
3356 3255 3407 3308 in
3445 3251 3569 3304 bono
3588 3233 3776 3298 εἱιὺοηὶει

2310 3381 2365 3429 et
2396 3371 2449 3425 in
2479 3365 2622 3422 malo
2654 3338 2813 3418 malis
2843 3374 2859 3413 :
2885 3357 3013 3412 dum
3041 3360 3097 3409 et
3120 3349 3229 3406 illis
3259 3361 3356 3419 per
3384 3356 3497 3399 eam
3526 3343 3680 3393 aeterna
3696 3338 3773 3429 βηί

2313 3463 2406 3526 tia,
2434 3467 2491 3514 et
2512 3455 2632 3513 istis
2652 3467 2750 3524 per
2768 3463 2890 3506 eam
2923 3454 3130 3502 aeterno
3153 3440 3253 3499 Dei
3269 3418 3496 3494 consilio
3512 3437 3669 3484 aeterni
3685 3418 3777 3526 dita-

2311 3503 2459 3609 nalio
2494 3503 2847 3619 praeparatur.
2883 3537 3036 3595 Unde
3071 3545 3128 3590 et
3161 3531 3309 3602 quod
3337 3529 3514 3584 beatus
3536 3503 3776 3619 Prosperdi-

2312 3643 2387 3699 cit
2418 3656 2432 3695 :
2473 3602 2627 3713 ['Non.
2654 3642 2738 3691 est
2781 3625 3186 3704 praedestinatio
3211 3664 3227 3688 ,
3264 3621 3368 3677 nisi
3407 3612 3536 3688 quod
3569 3602 3778 3713 addotitl'm

2310 3687 2550 3819 pertinet
2579 3726 2798 3801 gratiae,
2830 3701 2927 3777 aut
2949 3719 3018 3774 ad
3056 3687 3468 3772 retributionem
3501 3687 3774 3772 inslilimill“

2683 3815 2692 3819 -
2759 3814 2769 3819 -
2889 3811 2900 3819 .
2954 3816 2961 3819 _
3192 3805 3205 3819 .
3284 3818 3294 3819 γ
3343 3807 3412 3819 --ι
3466 3786 3774 3819 ...Αἶυῖηαηηδο

2314 3812 2536 3877 omnino
2561 3814 2863 3872 rectissime
2888 3805 3304 3877 intelligendum
3335 3807 3444 3860 est,
3466 3803 3515 3848 ut
3537 3786 3674 3844 divina
3693 3788 3774 3846 μα’

2314 3909 2605 3970 destinatio
2630 3920 2736 3960 non
2768 3904 2840 3958 ita
2869 3899 3115 3956 credatur
3153 3892 3315 3949 alicui
3353 3900 3466 3944 esse
3501 3883 3548 3938 in
3573 3870 3778 3970 malum":

2315 4019 2440 4061 eum
2477 4000 2674 4055 malum
2710 4009 2830 4051 esse
2859 3987 3175 4060 compellat,
3223 3981 3365 4054 quod
3408 3975 3568 4036 absit,
3600 3964 3670 4022 sed
3693 3950 3776 4052 ψιῦέ

2317 4097 2597 4159 omnibus,
2629 4099 2685 4146 et
2711 4087 2900 4145 electis
2927 4058 3260 4152 et—rcprobis
3289 4075 3370 4130 vel
3404 4071 3467 4126 ad
3495 4069 3653 4123 donum
3679 4058 3778 4123 ρθτίι·

2318 4199 2445 4247 neat
2466 4186 2672 4258 gratiae,
2697 4182 2781 4237 vel
2801 4180 2868 4234 ad
2894 4149 3307 4234 retributionem
3328 4163 3536 4237 iustitia:
3557 4176 3568 4210 :
3588 4153 3638 4207 ad
3657 4149 3778 4258 όῡιῖιξῐη

2322 4230 2445 4247 Ιιυυυ
2466 4230 2672 4258 διιευιυιι,
2709 4230 2781 4237 ν--
2802 4230 2868 4234 ...τ
2894 4230 2994 4234 --νγ
3328 4230 3345 4237 ν

2322 4283 2507 4356 gratiae
2533 4277 2744 4340 electis,
2775 4281 2830 4326 et
2855 4271 2923 4324 ad
2954 4264 3368 4323 retributionem
3391 4249 3588 4325 justitize
3609 4230 3778 4306 repmbi‘;

3499 4339 3540 4356 ιν·
3568 4327 3711 4356 ι..,..;ι;ιι
3730 4333 3778 4356 riu-

2325 4327 2507 4356 ιγ’-νην
2537 4327 2744 4340 --ν-τ--ι

2325 4373 2452 4427 dum
2473 4378 2528 4424 et
2547 4366 2704 4424 electi
2742 4361 2917 4435 gratia
2942 4357 3244 4417 salvantur,
3272 4361 3326 4406 et
3355 4339 3542 4416 reprobi
3561 4327 3712 4402 justitia

2943 4452 2953 4460 ‘
3074 4448 3088 4460 ‘
3169 4447 3179 4456 '
3247 4445 3259 4457 °
3306 4455 3380 4460 νη-
3414 4444 3454 4460 ιιι
3487 4422 3781 4460 .mriccimns‘d'

3571 4422 3724 4479 issinins
3737 4422 3781 4460 dl-

2331 4465 2574 4520 niuntur.
2608 4460 2715 4514 lste
2759 4466 2842 4511 est
2869 4452 3012 4506 enim
3039 4445 3384 4519 plenissimus
3411 4444 3461 4492 et
3487 4444 3744 4485 vcrlSSIluuw

2366 4555 2376 4564 .
2629 4551 2640 4564 .
2710 4549 2744 4564 ,ι
2796 4543 2982 4564 -.μητη
3012 4538 3228 4564 ..αλιι-...η
3262 4548 3364 4564 ..ηη
3395 4509 3697 4564 ίαηιιιηιῐῐιοάο
3716 4500 3744 4554 ει

3674 4522 3697 4559 0
3716 4513 3778 4554 cle-

2327 4555 2465 4608 vina:
2495 4543 2986 4622 praedestinationis
3007 4538 3232 4596 eliectus
3262 4548 3367 4588 non
3395 4531 3726 4602 tantummouvt

2341 4602 2463 4608 .-ηπ
2496 4602 2697 4622 ,παρ

2327 4655 2443 4702 ctos
2488 4641 2855 4715 praeordinatis
2895 4635 2962 4689 ad
3010 4641 3272 4688 aeternam
3314 4621 3550 4695 gloriam;
3585 4603 3666 4715 sedc
3681 4602 3778 4715 ⁶¹¹ῗ¹¹¹

3674 4690 3705 4715 2η
3725 4700 3732 4715 ι
3751 4692 3778 4715 Ἰ-

2328 4690 2442 4702 “¹¹’“¹“’
2490 4690 2847 4715 I'"""—""""
3318 4690 3340 4695 ν

2327 4737 2585 4808 reprobos
2625 4729 2996 4803 prmordinans
3027 4722 3095 4777 ad
3133 4728 3234 4776 tete
3243 4731 3387 4771 ruam
3419 4690 3780 4808 pinnatunSicilJ'

3410 4803 3420 4808 -
3491 4797 3500 4808 ι
3569 4791 3600 4808 ’-
3655 4790 3720 4808 nlrt
3739 4779 3780 4808 ιηᾶ

2329 4773 2585 4808 ιιιιιυυυσ
2625 4773 2994 4803 γιυυνιν.,,,,,,,
3029 4773 3094 4777 “ﬁ
3137 4773 3172 4776 η
3419 4773 3436 4781 ν
3715 4775 3720 4782 ι

2329 4842 2434 4898 que
2463 4825 2651 4879 beatus
2678 4821 2909 4888 Prosper
2940 4829 3061 4870 cum
3088 4809 3300 4866 caeteris
3323 4791 3604 4859 orthodoxis
3622 4773 3781 4890 Paullus

3313 4896 3319 4898 ‘
3493 4887 3501 4896 '
3612 4870 3716 4898 Δι-ἶιις
3745 4871 3780 4898 [αἱ

2330 4858 2434 4898 quc
2464 4858 2651 4879 "Cum:
2678 4858 2700 4874 ι
2725 4858 2900 4888 ιυοιιν.
2941 4858 3061 4870 κν...
3091 4858 3296 4866 ,κνημ-

2330 4914 2497 4973 sensit
2522 4931 2534 4966 :
2563 4912 2630 4967 Et
2672 4925 2796 4965 cum
2837 4908 2996 4962 beato
3051 4900 3258 4957 scilicet
3298 4887 3566 4964 Augustino

2332 5001 2802 5078 praedestinatione
2846 4997 3025 5053 divina
3072 5007 3178 5046 non
3221 4986 3470 5042 fallaciter
3524 4969 3600 5028 sed
3635 4955 3782 5078 ﬁtﬁt-“1:”

3693 5054 3782 5078 η,

2335 5049 2798 5078 ιμ’-νυυ-νν---η---ςρην
2852 5049 2897 5053 ,η

2335 5097 2498 5152 verba
2527 5093 2678 5164 ponit
2704 5100 2866 5160 atque
2893 5083 3146 5155 exponit,
3180 5089 3235 5135 et
3261 5092 3379 5134 cum
3413 5069 3548 5128 aliis,
3579 5055 3648 5127 qui
3669 5049 3782 5164 df

2345 5137 2498 5152 ""W'
2529 5137 2678 5164 V"""
2704 5137 2861 5160 "‘1‘"
2900 5137 2986 5155 "'r
3008 5137 3022 5139 ν
3134 5137 3145 5146 ,

2334 5188 2456 5244 dem
2487 5186 2592 5240 lide
2621 5191 2783 5252 atque
2817 5178 3006 5233 eodem
3032 5188 3194 5229 sensu
3223 5160 3385 5239 ipsius
3405 5159 3574 5215 divina:
3595 5137 3782 5252 primm":

2337 5231 2456 5244 νυ...
2490 5231 2591 5240 .._-.
2622 5231 2780 5252 ψγ--
2830 5231 2871 5233 ,_
2896 5231 2901 5233 _
2930 5231 2941 5232 ,
3242 5231 3259 5239 _

2337 5277 2573 5335 nationis
2629 5270 2958 5328 immobilem
3012 5265 3334 5320 veritatem,
3379 5263 3429 5308 et
3482 5231 3780 5335 wa‘i‘3'emﬂﬂ

2338 5378 2624 5435 utrainQUe
2657 5370 2864 5433 partem
2884 5399 2900 5424 ,
2938 5365 2995 5412 et
3019 5356 3310 5410 electorum
3342 5339 3585 5432 videlicet.
3607 5318 3783 5435 “fit:

2341 5401 2417 5424 “"l
2430 5401 2624 5435 ιιηιιιυυ
2658 5401 2742 5433 Im-
2759 5401 2864 5416 εν...
2884 5401 2900 5424 ,
2940 5401 2995 5412 ν.
3021 5401 3212 5410 νηννν-
3230 5401 3309 5405 ,ην
3746 5401 3749 5402 ν

2341 5460 2531 5512 borum
2557 5452 2824 5508 veraciter
2852 5445 3264 5504 intellexerunt,
3288 5446 3340 5492 et
3361 5421 3622 5487 ﬁrmissime
3645 5401 3782 5512 deﬁnit“

2343 5557 2490 5605 runt.
2514 5545 2667 5613 Quod
2694 5544 2740 5598 si
2765 5541 3000 5610 scriptor
3028 5534 3266 5606 epistolis
3299 5542 3384 5584 eos
3407 5497 3705 5578 tantum"mdo

2517 5590 2667 5613 κη..
2694 5590 2740 5598 ν-
2767 5590 2991 5610 ---τη-
3039 5590 3078 5606 ν,

2346 5647 2423 5695 tat
2467 5635 2831 5697 orthodoxos,
2863 5631 2953 5702 qui
2990 5630 3044 5684 in
3075 5623 3408 5683 damnatione
3437 5590 3782 5702 mproborllm:

2347 5682 2423 5695 ι...
2469 5682 2831 5697 “mnu”,
2867 5682 2953 5702 Τν-
2991 5682 3003 5684 v
3087 5682 3092 5683 ί

2343 5736 2523 5789 vinam
2555 5727 2892 5787 solummodo
2917 5722 3304 5795 praescicntiaui
3325 5758 3337 5781 ,
3365 5721 3411 5769 et
3451 5717 3539 5761 non
3560 5692 3680 5749 etiam
3700 5682 3779 5746 lim"
