3966 6334
243 345 375 404 {057

1316 337 1517 396 LIBER
1555 337 1642 393 DE
1678 333 1928 392 TlllBUS
1967 334 2336 394 EPISTOLIS.

3353 335 3487 393 1058

243 451 660 515 destinationem
676 452 903 510 credunt
932 469 945 507 ;
967 465 1097 523 ergo
1129 459 1184 506 et
1199 451 1411 506 beatum
1433 449 1815 523 Augustinum,
1843 450 1893 509 A
1919 457 2043 504 sunt
2071 449 2494 520 praedestinatze?
2511 449 2575 506 Et
2598 449 2643 505 si
2664 456 2869 505 certum
2891 459 2974 506 est
2993 449 3134 520 apud
3154 451 3489 521 omnipoten-

242 556 297 602 et
325 547 540 600 beatum
571 541 946 614 Fulgentium,
972 551 1027 596 et
1070 541 1240 610 ipsam
1278 539 1400 596 ﬁdei
1434 538 1815 596 ecclesiasticae

244 633 622 690 solidissimam
645 632 928 687 veritatem
966 629 1202 686 haeretici
1236 629 1438 685 erroris
1469 628 1816 684 denotatione

245 725 498 790 hiemat;
529 733 585 780 et
622 725 696 778 ad
722 733 932 779 tantum
963 723 1162 778 malum
1195 723 1309 779 haec
1344 723 1647 795 pertinacia
1677 738 1814 778 eon-

244 816 500 873 tentionis
528 817 782 887 perducta
808 823 914 878 est,
954 824 1017 870 ut
1043 815 1209 885 (quod
1235 830 1399 871 nemo
1434 814 1595 884 digne
1633 814 1816 869 dolere

239 907 439 980 potest)
455 905 567 974 jam
590 906 731 976 apud
748 906 894 972 illos,
915 906 1008 976 qui
1030 921 1196 976 prave
1215 905 1476 970 sentiunt,
1504 902 1812 967 orthodoxi,

235 1006 298 1054 et
317 997 408 1068 qui
437 997 738 1053 orthodoxe
765 1004 1003 1067 sapiunt,
1033 997 1271 1052 haeretici
1301 996 1642 1067 deputentur.
1661 994 1816 1063 Quod

235 1089 441 1149 malum
467 1090 812 1146 vehementer
832 1090 988 1147 nobis
1013 1090 1308 1146 cavendum
1329 1090 1592 1160 propheta
1613 1087 1818 1144 denun-

238 1182 359 1247 tiat,
394 1181 582 1237 dicens
612 1199 627 1234 :
665 1199 685 1232 ι
718 1181 812 1238 Va:
843 1182 935 1253 qui
956 1182 1135 1238 dicitis
1160 1182 1362 1237 malum
1391 1182 1624 1248 bonum,
1645 1189 1700 1237 et
1720 1181 1816 1238 bo-

234 1287 369 1326 num
399 1271 620 1338 malum,
645 1285 907 1342 ponentes
933 1272 1185 1328 tenebras
1218 1273 1390 1329 lucem
1407 1312 1424 1338 ,
1451 1284 1506 1328 et
1529 1272 1708 1328 lucem
1732 1281 1815 1328 te-

233 1369 735 1432 nebras,ponentes
753 1378 1000 1418 amarum
1021 1363 1076 1418 in
1101 1362 1286 1430 dulce;
1312 1371 1365 1419 et
1387 1362 1559 1430 dulce,
1587 1363 1639 1417 in
1665 1377 1816 1416 ama-

233 1467 357 1507 rum
381 1451 523 1524 (ιω.
553 1467 588 1507 v
608 1492 625 1519 ,
659 1451 771 1524 20).
810 1471 825 1504 ι

800 1562 1026 1620 CAPUT
1075 1560 1243 1619 X‘XX.

344 1651 413 1709 Ut
441 1653 594 1709 malis
631 1654 1018 1725 prwdestinatw
1043 1654 1340 1725 pana’,-sic
1356 1653 1490 1708 mali
1523 1653 1704 1724 penis.

301 1765 563 1837 Sequitur
589 1774 718 1838 post
750 1767 864 1823 haec
881 1766 944 1822 in
968 1768 1155 1823 eadem
1191 1766 1559 1838 responsione.

311 1886 314 1888 ⁷
853 1894 1184 1939 πωσωιιυε.

302 2015 332 2050 ι
359 1995 474 2066 Qua
499 1996 564 2052 de
585 2008 649 2052 re
669 1995 939 2068 refugiunt
980 1995 1158 2052 dicere
1195 1996 1308 2067 qui,
1336 2005 1397 2051 ut
1423 1995 1656 2052 diximus
1674 2035 1689 2062 ,
1721 2010 1811 2052 sa-

227 2103 366 2144 num
388 2088 641 2144 videntur
663 2102 853 2158 sapere
873 2125 891 2152 ,
916 2087 1174 2157 quosdam
1212 2087 1621 2158 praedestinatos
1647 2103 1675 2141 a
1699 2085 1814 2142 Deo
1899 2139 1902 2144 .

221 2193 355 2234 esse
381 2179 450 2233 ad
474 2178 772 2244 interitum,
821 2180 912 2232 sed
960 2177 1328 2234 tantummodo
1359 2180 1675 2250 prmscitos:
1711 2178 1814 2233 ειεο

223 2276 352 2322 ctos
378 2277 577 2334 autem,
605 2277 663 2323 et
692 2269 989 2339 prtescitos,
1037 2278 1093 2324 et
1135 2271 1547 2340 praedestinatos
1585 2286 1705 2326 esse
1739 2272 1814 2325 ad

224 2369 482 2428 regnum,
508 2366 562 2415 et
592 2374 815 2432 regnum
845 2360 953 2415 illis
980 2361 1061 2431 (ut
1090 2361 1342 2433 diximus)
1372 2362 1811 2433 praedestinatum

225 2457 495 2505 aeternum
526 2450 592 2506 de
635 2451 827 2522 quibus
870 2451 1048 2507 nullus
1095 2460 1272 2522 potest
1313 2453 1511 2522 perire.
1563 2453 1630 2508 Et
1675 2453 1815 2508 sicut

225 2551 357 2599 sunt
376 2543 736 2615 praadestinati
761 2545 932 2616 gratia
957 2545 1049 2599 Dei
1077 2547 1144 2599 ad
1166 2561 1410 2616 regnum,
1435 2546 1508 2600 ita
1530 2555 1655 2600 sunt
1674 2561 1816 2615 pra:-

223 2635 488 2693 destinati
511 2636 803 2694 secundum
834 2635 1166 2705 Apostolum,
1214 2655 1232 2688 ι
1253 2637 1306 2689 in
1340 2635 1594 2706 operibus
1632 2635 1812 2701 bonis,

223 2727 282 2783 in
320 2726 521 2798 quibus
558 2725 900 2782 ambularent
920 2725 1079 2798 (Eph.
1106 2742 1165 2788 ιι,
1193 2724 1315 2796 10);
1347 2746 1365 2778 ι
1389 2741 1493 2797 pro
1514 2725 1707 2796 quibus
1736 2726 1816 2782 eis

222 2833 343 2874 non
371 2817 546 2873 solum
569 2817 742 2890 gratia
772 2817 948 2881 detur,
979 2818 1074 2874 sed
1102 2826 1157 2872 et
1180 2818 1352 2888 gratia
1377 2833 1598 2891 regnum
1625 2818 1817 2874 redda-

224 2919 326 2967 tur
345 2919 633 2967 mternum.
683 2911 906 2967 Poenam
955 2921 1134 2966 autem
1178 2913 1366 2968 dicunt
1395 2913 1447 2967 in
1480 2913 1814 2978 inﬁdelitate,

223 3002 320 3058 vel
353 3001 640 3073 iniquitate
668 3004 1146 3076 perseverantibus
1176 3019 1207 3057 a
1242 3003 1353 3061 Deo
1375 3004 1815 3075 praedestinatam

223 3097 530 3152 secundum
589 3096 826 3151 divinam
880 3096 1312 3166 praescientiam,
1369 3096 1510 3152 sicut
1555 3097 1814 3167 scriptum

1838 1804 1889 1866 B

1921 548 2026 596 tem
2057 540 2244 606 Deum,
2269 541 2361 610 qui
2383 554 2475 596 eas
2496 540 2606 596 sint
2626 541 2836 611 passuri
2856 581 2871 607 ,
2907 541 3022 596 sine
3049 541 3210 596 dubio
3229 549 3284 595 et
3302 540 3492 596 decre-

1919 640 2032 688 tum
2062 640 2118 686 et
2146 631 2424 686 deﬁnitum
2449 632 2520 686 sit
2547 631 2692 701 ipsos
2719 646 2836 687 esse
2860 645 3136 700 passuros.
3174 628 3326 685 Sicut
3344 631 3490 686 enim

1916 731 2094 779 certas
2113 735 2303 792 ptenas
2319 721 2397 777 eis
2414 722 2506 791 qui
2528 722 2673 792 digni
2695 729 2820 777 sunt
2842 721 3261 792 prtedestinavit,
3288 721 3358 775 ita
3380 736 3494 776 cer-

1914 814 2124 870 tissime
2142 814 2380 881 eosdem,
2405 815 2531 884 quia
2553 815 2700 886 digni
2719 823 2865 881 sunt,
2889 815 3020 886 ipsis
3032 815 3466 886 poenisprtedesti
3481 844 3496 856 ο

1917 907 2086 962 navit.
2130 906 2286 974 Sicut
2300 922 2436 962 vero
2458 905 2687 976 iniustus
2710 923 2815 964 non
2837 916 2920 964 est
2944 907 3120 980 dignis
3140 906 3494 978 praeparando

1915 1011 2128 1070 pinnas,
2141 998 2219 1054 sic
2231 998 2416 1070 procul
2430 998 2775 1070 dubioiustus
2788 1007 2872 1054 est
2885 998 3073 1070 dignos
3084 998 3495 1070 praeordinando

1916 1091 2112 1160 ptenis.
2138 1090 2438 1160 Utrumque
2458 1104 2587 1162 ergo
2601 1092 2934 1161 praescitum,
2969 1099 3258 1162 utrumque
3286 1090 3493 1162 praede-

1917 1179 2199 1246 stinatum,
2241 1180 2373 1250 quia
2416 1189 2705 1252 utrumque
2729 1181 2936 1252 justum
2967 1181 3254 1238 manifesta
3297 1182 3490 1240 veritas

1917 1269 2176 1326 declarat.
2227 1269 2338 1326 Nec
2366 1271 2745 1328 necessitatem
2786 1272 2872 1329 eis
2907 1273 3171 1343 pereundi
3216 1288 3316 1328 sua
3358 1288 3496 1344 prte-

1915 1359 2140 1414 scientia
2171 1360 2256 1414 vel
2285 1361 2754 1431 prtedestinatione
2777 1361 3022 1433 imponit,
3055 1377 3193 1433 quos
3213 1372 3270 1418 et
3295 1364 3408 1429 diu,
3436 1374 3498 1420 ut

1916 1457 2380 1516 converterentur,
2406 1452 2741 1520 exspectavit
2766 1469 2779 1505 :
2809 1461 2866 1508 et
2891 1453 3014 1524 quia
3037 1455 3280 1511 converti
3311 1453 3498 1512 nolue-

1910 1547 2064 1608 runt,
2092 1538 2241 1610 justa
2270 1541 2474 1598 ultione
2505 1543 2802 1599 damnavit.

2481 1653 2710 1711 CAPUT
2768 1653 2962 1710 XXXI.

2076 1741 2155 1798 De
2182 1745 2437 1799 sententia
2477 1743 2540 1800 Β.
2590 1743 2778 1799 Petri:
2815 1744 2976 1801 Novit
3022 1744 3184 1812 Deus,
3234 1755 3340 1804 etc.

1988 1850 2246 1924 Sequitur
2271 1855 2324 1910 in
2353 1856 2542 1912 eadem
2569 1858 2940 1928 responsione.

2539 1986 2864 2028 τιιιΝῦιιΑιιυε.

1992 2099 2012 2134 ι
2047 2079 2197 2151 Quod
2215 2090 2278 2138 et
2315 2081 2507 2138 beatus
2532 2080 2730 2139 Petrus
2760 2082 2812 2138 in
2843 2082 3083 2155 Epistola
3116 2101 3211 2141 sua
3241 2085 3496 2144 distincte

1915 2171 2167 2242 loquens,
2211 2173 2548 2228 demonstrat
2588 2191 2710 2229 cum
2741 2175 2907 2230 dicit:
2965 2196 2982 2228 ι
3016 2175 3175 2232 Novit
3202 2178 3343 2234 Deus
3372 2180 3496 2250 pios

1915 2263 1982 2317 de
2005 2263 2313 2318 tentatione
2353 2264 2584 2334 eripere,
2615 2265 2829 2335 iniquos
2854 2275 3034 2322 autem
3077 2268 3132 2322 in
3173 2269 3260 2324 die
3299 2269 3493 2339 iudicii

1909 2352 2238 2409 cruciandos
2273 2367 2551 2410 reservare
2575 2354 2664 2425 (ΙΙ
2694 2353 2840 2409 Petr.
2863 2373 2927 2419 ιι.
2949 2355 3030 2428 9).
3060 2376 3078 2408 ο
3129 2356 3287 2414 Novit
3322 2359 3491 2423 enim,

1914 2445 2141 2503 verbum
2171 2447 2526 2517 praescientiae
2567 2449 2684 2512 Dei,
2712 2449 2778 2503 ad
2807 2449 3054 2506 universa
3085 2450 3200 2505 haec
3234 2449 3382 2514 facit,
3409 2451 3492 2506 vi-

1916 2536 2134 2602 delicet,
2175 2547 2233 2592 et
2253 2538 2323 2592 ad
2353 2538 2882 2607 praedestinationern
2911 2539 3140 2608 piorum,
3169 2555 3290 2610 quae
3331 2543 3497 2599 verbo

1915 2627 2214 2696 ereptionis
2261 2627 2530 2694 innuitur,
2583 2639 2638 2684 et
2688 2629 2756 2684 ad
2810 2629 3269 2700 signiﬁcationem
3320 2646 3496 2704 poena:

1915 2717 2328 2786 pmdestinatze,
2361 2734 2486 2774 cum
2523 2721 2580 2774 in
2624 2720 2730 2775 ﬁne
2765 2722 3085 2778 cruciandos
3110 2722 3304 2794 impios
3340 2739 3495 2780 mon-

1916 2812 2316 2881 strat,quando
2365 2830 2384 2862 ‹
2430 2813 2619 2869 reddet
2663 2814 2953 2884 unicuique
2991 2815 3286 2872 secundum
3331 2832 3497 2888 opera

1917 2916 2016 2957 sua
2047 2901 2223 2974 (Rom.
2253 2919 2325 2971 tr,
2354 2904 2430 2974 6).
2463 2925 2482 2958 ι
2515 2905 2583 2961 Ει
2611 2908 2678 2963 ad
2705 2907 3108 2975 discretionem,
3133 2924 3254 2964 cum
3284 2911 3498 2983 iniquos

1917 3008 2028 3050 non
2054 2995 2186 3051 dicit
2210 2987 2495 3053 Dominum
2540 2999 2608 3054 ad
2651 3015 2935 3070 puellarum
2980 3003 3253 3059 cruciatus
3281 3007 3495 3075 praede-

1919 3087 2147 3154 stinare,
2171 3087 2272 3144 sed
2305 3089 2452 3160 juste
2474 3090 2717 3147 desertos
2755 3095 3072 3150 cruciandos
3101 3111 3400 3152 reservare.
3430 3098 3499 3152 Et

221 3194 318 3241 est
359 3186 411 3240 in
454 3187 714 3256 propheta
750 3205 763 3240 :
798 3205 816 3237 ι
843 3163 1150 3257 Praeparala
1197 3195 1284 3242 est
1313 3186 1381 3241 ab
1419 3187 1535 3242 heri
1573 3163 1812 3258 Topheth
1842 3163 1888 3228 C
1920 3185 2105 3247 aperte
2131 3187 2466 3234 monstratur
2510 3182 2632 3252 quia
2678 3183 3016 3253 praescientia
3057 3186 3173 3240 sine
3212 3186 3498 3256 praedesti-

223 3276 372 3348 (lsa.
407 3293 535 3342 xxx,
559 3277 674 3349 55),
704 3297 722 3330 ι
755 3278 880 3348 quia
916 3279 1020 3334 hoc
1058 3278 1126 3332 ad
1161 3279 1566 3334 retributionem
1589 3277 1814 3349 justitize

221 3367 492 3438 pertinet,
516 3367 655 3422 sicut
673 3368 910 3438 pertinet
932 3367 998 3422 ad
1020 3369 1268 3440 gratiam,
1292 3377 1353 3423 ut
1369 3383 1437 3424 ex
1466 3384 1570 3423 una
1596 3369 1816 3425 eadem-

221 3470 343 3525 que
390 3471 568 3512 massa
605 3457 812 3527 peccati
852 3459 1025 3528 gratia
1071 3458 1227 3514 electi
1267 3461 1718 3529 przedestinentu-r
1746 3461 1814 3516 ad

221 3547 425 3610 vitam,
456 3547 819 3601 concordante
864 3562 988 3600 cum
1032 3547 1134 3602 hoc
1173 3547 1481 3617 evangelica
1535 3550 1812 3604 veritate:

231 3654 254 3687 ι
290 3635 390 3700 Ιιε,
419 3636 611 3705 inquit,
639 3635 936 3700 maledicti,
972 3636 1026 3688 in
1071 3636 1249 3706 ignem
1275 3647 1562 3702 aeternum,
1598 3639 1688 3707 qui
1717 3653 1811 3707 pa-

227 3737 395 3784 ratus
419 3735 503 3782 est
530 3726 741 3782 diabolo
765 3737 820 3782 et
846 3727 1050 3796 angelis
1079 3727 1195 3795 ejus
1220 3727 1433 3798 (Matth.
1482 3745 1608 3795 xxv,
1645 3729 1758 3802 41).
1791 3751 1810 3783 ι

872 3832 1175 3873 RESPONSIO.

309 3906 648 3975 Quaesumus,
673 3922 792 3978 quae
823 3916 906 3962 est
930 3907 1030 3962 ista
1059 3922 1168 3973 res,
1201 3922 1319 3977 quze
1348 3923 1509 3963 causa
1539 3908 1622 3963 vel
1654 3909 1814 3977 ratio,

221 4012 338 4072 pro
368 4012 474 4067 qua
512 3997 599 4053 isti
637 3995 911 4068 refugiunt
950 3998 1477 4068 praedestinationem
1510 3999 1604 4056 Dei
1635 4000 1818 4056 dicere

223 4093 289 4147 in
319 4090 666 4145 damnatione
695 4092 1088 4161 reproborum?
1119 4090 1369 4163 Nunquid
1401 4094 1512 4149 haec
1543 4110 1669 4167 erga
1699 4096 1816 4152 illos

220 4182 418 4238 divina
454 4181 850 4251 prtndestinatio
877 4197 983 4236 non
1010 4191 1094 4237 est
1126 4181 1270 4250 justa
1293 4224 1308 4249 ,
1339 4200 1482 4255 quae,
1514 4202 1648 4256 quos
1675 4203 1814 4258 prte-

221 4271 396 4326 scivit
439 4271 493 4325 in
544 4271 918 4340 iniquitatibus
957 4287 1360 4343 permansuros,
1409 4279 1815 4347 praedestinavit

219 4361 454 4418 mternis
481 4361 759 4432 suppliciis
783 4363 1072 4434 perituros.
1127 4364 1377 4436 Nunquid
1401 4383 1506 4423 non
1538 4379 1623 4425 est
1663 4386 1811 4440 vera,

219 4468 358 4523 qua:
383 4452 482 4508 nisi
506 4453 818 4509 decerneret
847 4463 953 4509 tam
982 4453 1188 4523 justum
1214 4472 1349 4528 opus
1380 4458 1477 4513 Dei
1509 4459 1561 4514 in
1593 4463 1811 4517 aeterni-

221 4553 370 4609 tate,
403 4560 676 4614 nunquam
709 4545 918 4614 impleri
950 4557 1130 4616 posset
1155 4548 1211 4602 in
1241 4551 1524 4619 tempore?
1565 4551 1814 4624 Nunquid

217 4649 344 4689 non
376 4643 458 4688 est
486 4650 515 4688 a
541 4636 742 4690 sanctis
771 4635 1021 4691 Patribus
1054 4638 1364 4709 praedicata,
1392 4649 1446 4696 et
1475 4643 1542 4697 ab
1571 4643 1815 4699 Ecclesia

216 4721 501 4777 catholica
530 4724 788 4793 recepta?
841 4723 977 4791 Quid
1004 4741 1134 4798 ergo
1164 4743 1338 4783 causae
1363 4738 1466 4795 est,
1494 4739 1553 4785 ut
1577 4732 1814 4803 refugia-

219 4829 358 4869 mus
379 4813 599 4870 credere
621 4815 762 4885 quod
780 4815 911 4871 ﬁdes
937 4825 1100 4884 tenet,
1129 4819 1456 4891 refugiamus
1477 4824 1656 4880 dicere
1672 4825 1815 4895 quod

218 4903 438 4960 veritas
457 4905 646 4960 docet?
669 4904 920 4977 Nunquid
947 4922 1052 4962 non
1077 4909 1240 4964 etiam
1269 4912 1390 4981 ipsi,
1417 4915 1508 4982 qui
1537 4914 1650 4970 haec
1674 4915 1816 4971 refu-

218 4993 410 5065 giunt,
429 4991 542 5061 jam
562 5007 750 5049 omnes
780 4997 1036 5066 reprohos
1060 4999 1127 5053 ab
1152 4999 1266 5070 ipso
1292 5003 1474 5058 mundi
1497 5006 1718 5061 exordio
1756 5007 1810 5062 in

218 5097 415 5137 massa
453 5083 811 5139 damnationis
854 5095 909 5140 et
950 5088 1268 5156 perditionis
1313 5102 1564 5148 asserunt
1617 5095 1809 5151 dereli-

218 5172 387 5227 ctos?
427 5171 580 5240 Quod
599 5174 726 5244 quid
755 5182 838 5230 est
860 5175 1002 5231 aliud
1029 5178 1110 5248 (ut
1140 5194 1301 5251 supra
1324 5184 1677 5255 ostendimus)
1709 5187 1812 5242 nisi

217 5271 451 5319 aeternae
468 5264 816 5329 damnationi,
842 5275 896 5322 et
915 5269 1200 5337 perditioni
1229 5274 1678 5341 praedestinatos?
1706 5278 1814 5332 Aut

218 5369 342 5424 qua
370 5356 577 5412 ratione
613 5357 715 5413 dici
743 5367 918 5428 potest
950 5361 1092 5430 quod
1129 5363 1217 5418 isti
1249 5373 1360 5419 tam
1389 5365 1668 5438 multiplici
1698 5385 1814 5426 ser-

220 5461 399 5502 mone
422 5447 639 5504 ﬁrmare
668 5460 952 5518 conantur,
987 5453 1186 5525 iniquis
1231 5465 1288 5512 et
1329 5458 1507 5529 impiis
1556 5462 1610 5516 in
1659 5464 1815 5522 malis

220 5539 352 5594 suis
374 5543 797 5610 perseveraturis
825 5560 1013 5614 pmnas
1036 5564 1065 5601 a
1093 5549 1202 5606 Deo
1233 5566 1354 5608 esse
1382 5555 1813 5627 prtedestinatas,

222 5630 387 5700 ipsos
413 5647 542 5689 vero
569 5649 674 5690 non
697 5651 814 5692 esse
839 5639 1249 5708 prmdestinatos
1277 5646 1492 5713 ptenis?
1537 5647 1670 5704 Cum
1711 5652 1816 5707 uti-

221 5737 346 5795 que
366 5739 471 5782 non
502 5724 615 5794 alii,
647 5727 738 5784 sed
765 5729 836 5782 illi
864 5731 1084 5789 omnino
1114 5747 1206 5790 eas
1235 5737 1446 5803 passuri
1468 5739 1592 5806 sint,
1622 5742 1814 5811 quibus

1917 3267 2137 3323 natione
2165 3283 2285 3324 esse
2312 3279 2507 3340 potest,
2543 3272 2944 3341 przedestinatio
2978 3283 3157 3330 autem
3199 3277 3316 3332 sine
3360 3292 3501 3346 prae-

1913 3359 2143 3414 scientia
2170 3375 2290 3416 esse
2319 3377 2424 3416 non
2466 3372 2662 3432 potest.
2709 3364 2973 3431 Quocirca
3015 3366 3130 3421 sola
3157 3369 3499 3436 praescientia

1918 3451 2060 3521 viget
2090 3453 2142 3506 in
2176 3453 2438 3521 reprobis,
2481 3453 2535 3507 in
2580 3455 2774 3523 quibus
2821 3457 3188 3512 misericordia
3231 3459 3378 3530 juste
3420 3461 3497 3515 nil

1918 3553 2173 3612 operatur
2201 3544 2269 3598 ad
2313 3544 2509 3599 donum
2555 3545 2780 3616 gratia};
2824 3548 3162 3617 praescientia
3211 3560 3392 3606 autem
3441 3560 3498 3606 et

1917 3635 2339 3703 prtedestinatio,
2380 3635 2430 3689 id
2475 3645 2558 3691 est
2582 3638 2767 3705 gratiae
2796 3640 3140 3708 praeparatio,
3183 3643 3491 3699 misericor-

1917 3725 2058 3778 diter
2088 3735 2381 3792 operantur
2422 3725 2478 3778 in
2522 3725 2729 3792 electis,
2781 3728 2873 3798 qui
2923 3731 3374 3798 praedestinantur
3427 3736 3497 3789 ad

1858 3826 1868 3834 ’
1923 3831 2144 3887 regnum
2189 3825 2244 3872 et
2283 3817 2478 3887 quibus
2507 3833 2729 3891 regnum
2771 3822 3182 3890 praedestinatur
3206 3833 3493 3893 mteruum,

1918 3906 2062 3976 quod
2084 3907 2151 3962 ad
2197 3907 2396 3962 donum
2438 3909 2668 3978 pertinet
2697 3911 2924 3982 gratiae;
2958 3921 3013 3978 et.
3053 3917 3392 3983 pra'scientia
3421 3919 3494 3974 si-

1919 3997 2031 4050 mul
2079 4006 2136 4052 et
2162 3998 2564 4068 praedestinatio
2601 4016 2752 4070 teque
2782 4017 2846 4057 ac
2867 4003 3166 4074 justissime
3203 4017 3495 4078 operantur

1916 4090 1973 4145 in
2002 4092 2477 4160 przedestinatione
2514 4107 2686 4164 poena:
2713 4097 3088 4167 reproborum,
3118 4113 3237 4169 quae
3260 4102 3496 4171 pertinet

1915 4187 1987 4242 ad
2015 4189 2431 4244 retributionem
2456 4189 2695 4246 iustitite.
2731 4211 2750 4244 ι

3059 4240 3098 4260 ὥ

2555 4325 2859 4369 ηεεροκειο.

2045 4417 2414 4474 Discutiuntur
2450 4423 2745 4477 testimonia
2765 4423 2970 4494 prolata
3002 4441 3067 4479 ea;
3095 4425 3364 4496 Apostolo.

1841 4518 1896 4578 Β
1991 4552 2118 4608 Haec
2147 4557 2413 4612 sententia
2453 4556 2514 4611 Β.
2553 4557 2698 4614 Petri
2735 4560 2961 4629 apostoli
3002 4576 3109 4618 non
3155 4564 3373 4634 proprie
3421 4565 3490 4621 de

1918 4648 2257 4717 praescientia
2279 4657 2334 4703 et
2352 4650 2824 4717 praedestinatione
2863 4652 3064 4718 divina,
3097 4654 3190 4709 sed
3230 4655 3494 4726 simplici-

1918 4747 2000 4794 ter
2036 4739 2190 4794 nohis
2228 4741 2539 4812 accipienda
2582 4742 2814 4798 videtur.
2849 4744 2940 4799 Ait
2977 4741 3250 4816 namque:
3284 4765 3304 4798 σ
3332 4745 3498 4802 Novit

1920 4831 2177 4886 Dominus
2195 4832 2312 4902 pios
2339 4834 2405 4888 de
2429 4833 2724 4890 tentatione
2749 4835 2991 4905 eripere;
3016 4837 3210 4906 impios
3231 4845 3412 4893 autem
3437 4839 3496 4892 in

1917 4922 2003 4976 die
2027 4921 2217 4992 judicii
2261 4923 2578 4979 cruciandos
2619 4939 2914 4980 reservem.
2951 4945 2970 4979 ›
2999 4925 3056 4981 ld
3083 4935 3185 4995 est,
3224 4929 3374 4983 novit
3407 4929 3498 4985 ille

1919 5012 2027 5067 alta
2070 5021 2124 5067 et
2158 5023 2365 5070 secreta
2405 5015 2753 5085 dispositione
2781 5017 3059 5087 sapientiae
3099 5033 3233 5086 sure,
3270 5030 3325 5076 et
3352 5022 3494 5091 pios,

1921 5103 1974 5158 in
2004 5105 2256 5174 praesenti
2295 5106 2404 5160 vita
2428 5105 2679 5176 periculis
2716 5116 2770 5163 et
2801 5108 3186 5166 tentationibus
3220 5110 3377 5182 plena
3413 5111 3495 5168 la-

1919 5193 2193 5259 borantes,
2225 5211 2323 5250 sua
2373 5197 2568 5262 gratia,
2594 5211 2692 5252 sua
2732 5199 3085 5268 protectione,
3119 5201 3359 5271 eripere;
3401 5206 3494 5262 cui

1921 5284 2162 5354 quotidie
2200 5285 2301 5353 ipsi
2338 5287 2562 5342 dicunt:
2602 5306 2621 5338 ‹
2654 5287 2732 5344 Νε
2761 5305 2860 5345 nos
2891 5290 3113 5348 inducas
3153 5292 3207 5347 in
3238 5295 3494 5349 tentatio-

1922 5390 2046 5429 nem
2075 5375 2288 5446 (Matth.
2317 5393 2392 5442 vt,
2418 5377 2526 5447 l5),
2573 5398 2592 5431 ι
2622 5395 2710 5446 ne,
2742 5389 2836 5435 aut
2861 5383 3307 5452 prosperitatibus
3333 5383 3495 5452 hujus

1923 5466 2106 5520 saeculi
2130 5466 2441 5533 illiciantur,
2477 5477 2568 5524 aut
2595 5470 3011 5527 adversitatibus
3057 5472 3393 5545 frangantur.
3425 5473 3496 5528 Et

1923 5573 1952 5614 e
1981 5559 2253 5614 contrario
2301 5560 2494 5630 impios
2543 5561 2595 5615 in
2627 5561 2729 5618 hoc
2773 5563 2968 5618 saeculo
3015 5563 3288 5629 ﬂorentes,
3335 5571 3392 5618 et
3435 5565 3493 5619 in

1923 5667 2017 5707 sua
2068 5651 2343 5723 impietate
2375 5653 2522 5707 velut
2571 5668 2826 5725 prospere
2859 5664 3098 5727 agentes,
3151 5669 3492 5729 nequaquam

1924 5760 2016 5801 sua
2051 5745 2260 5815 justitia
2292 5746 2584 5818 negligere,
2629 5763 2968 5820 nequaquam
2997 5749 3286 5819 impunitos
3314 5747 3498 5810 dimit-
