3966 6334
497 397 636 454 1059

1483 394 1539 449 S.
1580 391 1840 448 BEMlGﬂ
1877 387 2356 447 LUGDUNENSIS
2395 391 2699 447 EPISCOPI

3618 387 3758 442 tow

493 523 629 575 tere,
660 510 752 566 sed
781 523 914 578 quos
943 507 1153 562 videtur
1178 505 1329 575 quasi
1355 503 1556 575 injuste
1581 504 1635 560 in
1662 505 1775 560 suis
1800 502 2063 574 cupidita-
2088 502 2136 562 Α
2165 501 2376 570 paravit
2405 502 2456 556 in
2486 501 2712 572 gloriam
2745 499 2916 571 (Rom.
2945 515 3023 566 Ix,
3047 498 3162 571 22).
3193 519 3214 553 ι
3245 499 3382 556 Vere
3405 498 3608 554 etenim
3633 514 3760 554 vasa

493 608 638 662 tibus
679 613 734 659 et
759 600 1202 657 delectationibus
1239 597 1546 652 carnalibus
1574 610 1792 653 securos
1821 604 1875 648 et
1913 593 2066 648 lcetos

494 697 827 765 relinquere,
884 691 1098 746 eosdem
1151 690 1328 760 potius
1379 689 1565 745 futuro
1630 703 1728 743 suo
1769 685 1972 755 judicio
2011 691 2068 739 et

493 789 710 846 aeternis
738 783 1066 840 cruciatibus
1114 796 1433 836 reservare:
1476 788 1534 834 ut
1579 787 1780 848 quanto
1823 777 1911 830 hic
1953 789 2069 829 am-

492 880 635 952 plius
669 886 724 932 et
749 875 999 930 licentius
1035 880 1436 944 prosperantur,
1482 878 1632 923 tanto
1678 868 1748 922 ibi
1796 865 1984 920 durius
2011 873 2067 918 et

495 972 733 1028 atrocius
760 967 1070 1039 puniantur.
1095 964 1279 1019 Potest
1323 972 1500 1016 tamen
1531 961 1583 1013 in
1613 959 1734 1013 istis
1778 955 2067 1027 postremis

493 1060 698 1124 verbis,
725 1057 812 1112 ubi
837 1055 950 1110 ait:
983 1073 1000 1106 ι
1043 1053 1241 1124 lmpios
1268 1067 1396 1105 vero
1415 1051 1469 1104 in
1493 1049 1579 1103 die
1601 1047 1789 1119 judicii
1819 1044 2071 1101 crucian-

496 1153 594 1209 dos
627 1163 927 1210 reservare,
970 1166 987 1197 ι
1017 1143 1217 1213 aliquid
1244 1143 1438 1196 divinae
1473 1139 1825 1211 priescientite
1851 1145 1905 1192 et
1932 1151 2070 1207 prae-

499 1238 879 1296 destinationis
911 1251 1036 1307 erga
1067 1234 1282 1288 eosdem
1308 1232 1503 1300 impios
1525 1230 1672 1284 velut
1692 1243 1758 1283 ex
1786 1227 1957 1281 latere
1988 1225 2068 1279 in-

500 1333 669 1404 télligi
704 1349 718 1385 ε
751 1330 877 1399 quia
924 1342 1058 1397 quos
1097 1324 1307 1380 occulto
1334 1331 1389 1376 et
1415 1320 1562 1389 justo
1607 1318 1811 1388 judicio
1852 1330 1951 1371 suo
2002 1313 2071 1368 ad

496 1435 728 1480 aeternos
757 1428 997 1476 reservat
1035 1418 1327 1479 cruciatus,
1373 1422 1427 1467 et
1462 1410 1731 1482 praescivit
1765 1409 1882 1462 sine
1909 1405 2070 1460 dubio

497 1526 551 1571 et
595 1511 999 1585 prmdestinavit
1050 1514 1310 1579 perpetuo
1364 1502 1700 1558 cruciandos.
1742 1498 1872 1566 Quze
1908 1496 2072 1551 verba

503 1605 730 1676 apostoli
758 1618 878 1659 cum
907 1602 981 1656 ita
1030 1607 1084 1652 et
1105 1597 1287 1652 verius
1339 1602 1394 1649 et
1438 1592 1642 1648 rectius
1683 1587 2070 1657 intelligantur,

503 1696 637 1751 nihil
664 1707 888 1750 necesse
921 1699 1002 1746 est
1041 1687 1194 1743 velut
1232 1701 1295 1739 ex
1347 1698 1534 1738 eorum
1591 1679 1912 1734 auctoritate
1963 1683 2072 1728 tam

501 1783 870 1850 multipliciter
913 1781 978 1836 de
1025 1793 1090 1833 ea
1129 1791 1187 1831 re
1213 1774 1383 1844 loqui,
1429 1787 1548 1842 qua:
1586 1769 1746 1840 hujus
1792 1763 2074 1822 sententiae

2169 589 2283 656 iraa,
2315 589 2368 643 id
2407 598 2488 643 est
2531 591 2692 660 justze
2721 589 2970 644 vindicta:
2999 587 3118 655 Dei,
3148 604 3310 659 quam
3341 590 3545 643 meruit
3569 589 3760 658 prima:

2167 684 2614 753 transgressionis
2647 683 2801 754 culpa
2829 724 2842 746 ,
2875 698 3064 741 omnes
3109 686 3326 756 reprobi
3367 694 3498 739 sunt
3527 704 3540 738 :
3573 687 3671 755 qui
3709 687 3764 740 in

2167 774 2274 830 ﬁne
2305 792 2408 830 non
2438 777 2769 847 ereptionem
2803 775 3210 844 misericordiae,
3242 777 3336 832 sed
3365 778 3507 832 iram
3535 778 3764 832 damna-

2168 866 2329 921 tionis
2355 867 2564 921 sensuri
2595 876 2740 921 sunt.
2774 865 2841 920 Et
2870 866 2987 921 haec
3013 882 3140 921 vasa
3179 868 3274 921 irae
3301 882 3407 921 non
3441 867 3510 922 ad
3543 867 3764 921 miseri-

2167 959 2428 1024 cordiam,
2455 958 2550 1013 sed
2584 957 2652 1012 ad
2692 958 2977 1028 judicium,
3023 959 3383 1028 praeordinata
3424 957 3540 1027 jam
3573 967 3630 1012 et
3669 973 3765 1012 suo

2167 1051 2362 1106 merito
2399 1059 2454 1106 et
2491 1051 2674 1105 divino
2707 1049 2946 1118 judicio,
2985 1061 3041 1106 et
3067 1059 3247 1120 aptata
3274 1062 3329 1105 et
3358 1050 3608 1121 perfecta
3641 1057 3765 1104 sunt

2171 1143 2225 1197 in
2255 1143 2552 1205 interitum,
2581 1151 2718 1198 ut'et
2742 1158 2839 1198 suo
2869 1144 3204 1213 prtecedente
3232 1145 3448 1207 merito,
3478 1150 3538 1198 et
3567 1141 3764 1197 divina

2169 1233 2659 1303 praedestinationis
2683 1232 2832 1303 justo
2860 1236 3199 1304 praecedente
3231 1234 3458 1303 judicio,
3490 1235 3625 1306 quia
3670 1250 3764 1288 no-

2172 1326 2386 1381 luerunt
2418 1329 2659 1380 converti
2692 1326 2756 1400 ad
2787 1326 3010 1391 bonum,
3039 1334 3301 1382 aeternum
3332 1327 3617 1396 patiantur
3646 1341 3761 1378 ma-

2172 1417 2302 1471 lum.
2335 1415 2449 1472 Non
2477 1432 2606 1488 ergo
2635 1417 2761 1486 quia
2805 1432 2909 1472 non
2942 1425 3249 1486 potuerunt,
3282 1417 3375 1471 sed
3403 1417 3533 1486 quia
3574 1415 3760 1470 nolue-

2174 1514 2301 1560 runt
2334 1505 2400 1560 de
2441 1506 2583 1560 malo
2613 1507 2854 1562 converti
2895 1507 2962 1560 ad
3001 1507 3221 1572 bonum,
3245 1505 3456 1573 justum
3483 1507 3764 1575 patientur

2175 1597 2517 1667 supplicium.
2545 1597 2694 1652 Sicut
2721 1611 2752 1652 e
2775 1597 3052 1653 contrario
3070 1613 3194 1653 vere
3223 1613 3349 1653 vasa
3373 1597 3761 1652 misericordia:

2177 1701 2302 1747 sunt
2321 1708 2509 1747 omnes
2533 1692 2708 1758 electi,
2738 1692 2850 1761 qui,
2875 1691 3019 1746 nullo
3046 1707 3142 1747 suo
3169 1691 3518 1760 praecedente
3550 1691 3760 1752 merito,

2179 1782 2273 1836 sed
2322 1783 2435 1836 sola
2478 1782 2572 1838 Dei
2618 1782 2990 1838 misericordia
3035 1798 3063 1836 a
3107 1797 3286 1837 massa
3329 1782 3656 1853 perditionis
3683 1782 3761 1836 di-

499 1847 844 1930 attestatione
871 1884 975 1925 non
1003 1866 1142 1922 valet
1169 1862 1479 1935 approbari,
1524 1860 1617 1917 sed
1633 1857 1820 1930 potius
1851 1854 1988 1908 falsa
2014 1847 2150 1907 etB
2178 1873 2340 1928 scre“
2381 1873 2558 1927 divina
2602 1873 3070 1943 pmdesunauone
3113 1881 3240 1930 sum
3282 1847 3412 1929 visa
3460 1880 3764 1944 papam“

501 1979 832 2038 supervacua
855 1958 1232 2017 demonstrari.

1049 2067 1276 2125 CAPUT
1324 2064 1535 2120 XXXII.

574 2185 835 2258 Sequitur
876 2183 928 2238 in
967 2179 1330 2250 responsione.

1126 2300 1444 2344 ιιιΝωιΑιιιιε.

585 2430 607 2464 ι
660 2409 854 2480 Aliqua
894 2407 1056 2462 etiam
1081 2400 1326 2471 exempla
1367 2411 1486 2469 quae
1511 2394 1724 2450 illorum
1752 2386 1979 2446 stultitia
2011 2384 2080 2440 ad

507 2506 786 2563 munimen
835 2500 936 2564 sui,
984 2497 1171 2553 eadem
1208 2493 1347 2548 male
1387 2485 1734 2554 intelligendo
1779 2480 2079 2552 proferens,

508 2597 734 2670 profert,
781 2593 920 2648 sicut
947 2590 1106 2645 modo
1153 2587 1221 2641 ad
1263 2581 1579 2639 memoriam
1625 2580 2082 2670 occurrunt,“sa-

512 2661 729 2759 pientize
756 2692 948 2740 vestrae
977 2679 1175 2736 scribo.
1200 2675 1487 2732 Proferunt
1509 2687 1576 2728 ex
1597 2666 1881 2739 Apostolo:
1906 2683 1924 2716 ι
1946 2661 2086 2718 Vasa

510 2785 606 2838 irae
633 2789 814 2850 aptata
844 2776 928 2830 vel
955 2773 1191 2845 perfecta
1215 2769 1283 2825 ad
1304 2767 1599 2828 interitum,
1623 2783 1640 2814 ι
1661 2761 1903 2818 dicentes
1921 2775 1939 2807 ‹
1957 2769 2087 2810 vasa

515 2886 637 2927 esse
665 2848 1044 2941 praedestinata
1061 2864 1127 2918 ad
1147 2860 1421 2919 interitum
1439 2855 1616 2928 (Rom.
1647 2868 1726 2918 lx,
1747 2850 1840 2920 Ἡ)
1857 2869 1874 2900 ι
1899 2848 2090 2903 θιίιιιι-

511 2968 620 3020 tari
647 2939 750 3019 non
765 2969 1008 3033 possunt.
1046 2957 1151 3012 Sed
1191 2955 1346 3009 aliter
1367 2951 1456 3005 alii
1483 2947 1817 3016 intelligunt;
1850 2939 2088 3033 maxime

514 3072 638 3111 cum
671 3029 809 3109 idem
838 3052 979 3105 dicat
1005 3047 1289 3117 Apostolus
1313 3043 1377 3098 de
1399 3041 1602 3096 eisdem
1632 3035 1808 3091 vasis:
1844 3051 1862 3084 ι
1892 3031 1950 3086 Si
1970 3029 2091 3099 quis

507 3142 887 3204 emundaverit
933 3155 992 3194 se
1039 3140 1106 3190 ah
1147 3137 1282 3198 istis,
1318 3152 1335 3185 ι
1369 3130 1619 3186 videlicet
1646 3141 1744 3197 pro
1776 3123 1971 3194 quibus
1997 3132 2091 3174 vas

516 3232 853 3292 contumelia:
891 3229 1124 3291 fuerat”
1161 3224 1375 3278 eritvas
1405 3221 1459 3274 in
1479 3220 1737 3273 honorem
1773 3213 1822 3284 (l
1858 3212 1991 3264 Tim.
2027 3224 2092 3273 ιι,

510 3327 646 3397 ﬁt):
683 3344 700 3376 ι
743 3318 1029 3375 Proferunt
1064 3335 1074 3369 :
1116 3335 1132 3366 ι
1156 3314 1256 3380 Qui
1305 3327 1413 3366 non
1463 3309 1635 3364 credit
1672 3303 1786 3373 jam
1821 3301 2092 3372 judicatus

514 3395 600 3473 est
631 3411 1044 3488 (Ιοηη.ιιιι,18),
1070 3431 1087 3461 ›
1124 3410 1175 3463 id
1212 3416 1294 3461 est
1331 3401 1801 3476 prmdestinatione
1847 3396 1940 3488 Dei
1979 3395 2091 3464 jam

519 3512 802 3564 damnatus
846 3513 946 3558 est.
989 3523 1006 3554 ι
1046 3501 1112 3556 Et
1145 3497 1473 3566 Augustinus
1516 3494 1571 3548 in
1611 3492 1754 3548 libro
1795 3491 1862 3544 de
1908 3487 2092 3557 Agone

515 3601 828 3659 Christiano
862 3595 994 3651 dicit
1026 3612 1038 3647 :
1073 3591 1094 3664 [
1123 3611 1139 3642 ι
1161 3591 1261 3658 Qui
1307 3603 1412 3643 non
1461 3583 1633 3641 credit
1670 3582 1781 3652 jam
1821 3577 2093 3650 judicatus

516 3702 623 3757 est,
654 3713 671 3745 ι
706 3692 758 3746 id
788 3698 871 3743 est
897 3687 1008 3756 jam
1032 3685 1318 3739 damnatus
1346 3691 1430 3736 est
1471 3696 1486 3732 :
1529 3673 1865 3749 praescientia
1910 3670 2095 3738 utique

517 3785 637 3850 Dei,
665 3782 754 3852 qui
787 3776 1084 3846 novit'quid
1108 3773 1384 3828 immineat
1412 3784 1518 3824 non
1546 3763 1907 3822 credentibus.
1936 3758 2096 3852 [Pro-

519 3847 743 3928 ferunt:
781 3889 798 3921 ι
837 3867 1110 3923 lnduravit
1152 3878 1246 3918 cor
1275 3858 1572 3916 Pharaonis
1618 3853 1814 3926 (Exod.
1854 3867 1942 3912 ix,
1974 3847 2096 3917 1‘2);

523 3963 745 4018 tradidit
788 3960 906 4014 illos
947 3957 1000 4011 in
1037 3953 1322 4024 reprobum
1381 3963 1597 4005 sensum
1644 3943 1822 4016 (Rom.
1868 3957 1920 4006 ι,
1954 3938 2094 4007 Ξ8);

522 4053 777 4106 immittet
807 4050 886 4104 eis
913 4047 1158 4118 spiritum
1183 4041 1399 4100 erroris
1435 4039 1519 4111 (II
1551 4037 1729 4091 Thess.
1761 4050 1833 4099 ιι,
1863 4032 1951 4102 10)
1983 4046 1999 4096 ;
2043 4038 2101 4083 ιιι

521 4157 655 4197 vero
681 4141 824 4199 Deus
857 4139 1090 4194 deduces
1119 4149 1212 4190 eos
1242 4134 1295 4188 in
1323 4127 1818 4202 puteuminteritus
1843 4121 1958 4193 (Ps.
1991 4133 2100 4182 LIV,

527 4235 654 4306 ειυς
715 4234 805 4304 qui
869 4229 1259 4300 transgreditur
1307 4241 1336 4279 a
1378 4223 1589 4295 justitia
1631 4220 1698 4275 ad
1739 4216 2101 4286 iniquitatem,

524 4333 671 4386 Deus
689 4326 901 4400 paravit
923 4324 1071 4379 illum
1095 4322 1164 4378 ad
1190 4319 1552 4390 rhomphzeam
1570 4313 1758 4387 (Eccli.
1779 4306 2054 4380 ιιιιγι,ἓ“1).
2080 4325 2098 4360 ι

1184 4445 1482 4488 BESPONSIO.

597 4530 722 4585 llrec
754 4525 1059 4582 testimonia
1087 4521 1518 4591 Scripturarum,
1550 4535 1668 4587 qua:
1697 4519 1763 4574 ab
1807 4519 1897 4574 illo
1938 4518 2102 4572 mise-
2128 4573 2134 4592 τ

522 4621 680 4674 rabili
711 4617 975 4673 monacho
999 4624 1055 4668 et
1079 4613 1146 4668 ab
1173 4613 1312 4677 aliis,
1339 4611 1610 4666 nescimus
1635 4609 1830 4680 quibus
1857 4608 1948 4679 qui
1980 4622 2103 4663 cum

525 4729 592 4767 eo
616 4711 852 4766 sentiunt
879 4709 945 4762 ad
972 4705 1434 4762 conﬁrmationem
1457 4703 1650 4758 divinae
1675 4701 2025 4774 praiscientize
2051 4709 2106 4757 et

518 4801 1021 4875 praedestinationis
1051 4799 1302 4854 dicuntur
1327 4812 1447 4852 esse
1488 4796 1697 4866 prolata
1724 4837 1739 4864 ,
1786 4811 1892 4851 non
1937 4795 2110 4866 negli-

522 4902 717 4964 genter
745 4901 799 4946 et
845 4891 996 4962 quasi
1037 4897 1377 4944 transeunter
1420 4889 1745 4952 omittenda,
1800 4888 1890 4943 sed
1931 4889 2110 4957 potius

533 4984 900 5054 diligenter-ct
921 4979 1159 5037 ﬁdeliter
1189 4978 1342 5047 juxta
1385 4979 1624 5050 regulam
1650 4979 1895 5034 veritatis
1923 4978 2110 5048 singil-

534 5072 686 5126 latim
715 5071 969 5124 videntur
982 5083 1101 5124 esse
1124 5069 1435 5134 tractanda;
1465 5084 1534 5124 ne
1556 5068 1694 5123 forte
1721 5085 1909 5139 parum
1933 5079 2109 5123 atten-

534 5159 786 5215 dentibus
811 5168 865 5214 et
903 5175 1009 5215 non
1045 5158 1466 5230 intelligentibus
1492 5159 1622 5214 nihil
1659 5160 1724 5214 ad
1768 5175 1881 5214 rem
1915 5159 1981 5215 de
2004 5175 2111 5229 qua

536 5251 716 5321 agitur
736 5251 1007 5320 pertinere
1033 5250 1348 5313 videantur;
1379 5258 1470 5303 aut
1497 5249 1641 5304 velut
1667 5248 1803 5304 levia
1830 5258 1885 5304 et
1913 5249 2112 5304 nullius

538 5341 797 5396 momenti
829 5341 1029 5412 absque
1055 5340 1295 5410 periculo
1320 5339 1581 5411 praeteriri
1612 5354 1769 5410 posse
1799 5341 2114 5394 existimen-

539 5441 648 5484 tur.
685 5429 779 5484 Est
807 5430 948 5484 enim
985 5430 1346 5485 certissimum
1385 5438 1440 5484 et
1485 5427 1982 5484 manifestissimum
2015 5430 2114 5483 hu-

531 5523 626 5592 jus
654 5521 728 5577 rei
761 5521 1125 5576 testimonium
1153 5519 1501 5590 ex_Apostolo
1535 5529 1806 5589 sumptum
1825 5561 1840 5585 ,
1871 5520 2024 5588 quia,
2054 5530 2116 5576 ut

535 5616 655 5683 ipse
682 5614 814 5670 dicit
846 5631 859 5668 :
897 5632 915 5665 ι
937 5613 1383 5669 SustinuitDeus
1414 5613 1466 5667 in
1498 5612 1661 5667 multa
1698 5612 1956 5682 patientia
1989 5627 2115 5666 vasa

531 5704 636 5757 vim:
667 5712 846 5773 aptata
877 5703 963 5758 vel
1000 5701 1236 5771 perfecta
1279 5703 1332 5755 in
1380 5702 1684 5767 interitum,
1719 5711 1776 5755 ut
1808 5701 2118 5757 ostenderet

527 5799 758 5855 divitias
784 5797 966 5871 gloriae
1002 5812 1114 5855 suae
1148 5797 1201 5853 in
1229 5813 1353 5854 vasa
1385 5797 1796 5865 misericordiae,
1825 5811 1944 5867 qua:
1979 5810 2116 5866 prae-

2179 1962 2234 2016 in
2273 1960 2518 2034 gloriam.

2729 2052 2956 2110 CAPUT
2997 2053 3231 2111 XXXIII.

2296 2141 2438 2198 Vasa
2466 2144 2559 2198 ine
2587 2158 2690 2198 non
2713 2154 2928 2213 possunt
2959 2143 3077 2212 ﬁeri
3102 2162 3227 2200 vasa
3261 2145 3666 2200 miserit-ordire.

2247 2254 2409 2340 linde
2443 2265 2497 2310 et
2536 2254 2664 2310 illud
2704 2254 2847 2325 quod
2894 2255 3020 2311 alibi
3073 2257 3213 2311 idem
3255 2257 3387 2312 dicit
3429 2256 3768 2326 Apostolus:

2191 2367 2209 2400 ι
2240 2344 2299 2402 Si
2318 2346 2451 2416 quis
2477 2355 2657 2401 autem
2687 2345 3059 2402 emundaverit
3086 2360 3144 2402 se
3172 2346 3240 2401 ab
3270 2347 3410 2413 istis,
3440 2347 3552 2402 erit
3589 2362 3684 2401 vas
3718 2347 3769 2400 in

2184 2437 2446 2493 honorem
2485 2435 2566 2507 (ΙΙ
2604 2434 2738 2489 Tim.
2771 2451 2845 2502 ιι,
2883 2435 2995 2506 2i),
3028 2456 3047 2489 ι
3094 2437 3241 2492 nullo
3285 2437 3446 2492 modo
3493 2438 3627 2491 huic
3669 2446 3772 2490 tam

2187 2525 2344 2582 clara:
2375 2533 2430 2581 et
2458 2524 2757 2580 manifesta:
2792 2526 3007 2580 veritati
3052 2527 3243 2582 divinae
3276 2525 3772 2597 prmdestinationis

2190 2620 2244 2675 in
2273 2629 2556 2690 utramque
2584 2628 2790 2690 partem
2824 2627 2929 2674 tam
2978 2619 3269 2675 electorum
3309 2620 3572 2674 videlicet
3618 2633 3772 2690 quam

2189 2714 2578 2783 reproborum,
2634 2712 2680 2766 si
2731 2712 3016 2782 diligenter
3059 2727 3122 2767 ex
3171 2709 3551 2782 superioribus
3605 2710 3773 2765 verbis

2188 2800 2428 2872 Apostoli
2457 2800 2848 2864 consideretur,
2883 2801 3234 2866 contrarium,
3267 2801 3360 2856 sed
3387 2801 3624 2854 omnino
3652 2815 3774 2854 con-

2191 2908 2312 2948 cors
2341 2900 2394 2947 et
2420 2893 2716 2947 consOnum
2758 2891 3047 2945 invenitur.
3075 2891 3163 2946 Ait
3202 2907 3438 2962 namque
3469 2911 3484 2944 :
3521 2909 3542 2942 ι
3572 2891 3633 2944 ιιι
3665 2905 3772 2944 ma-

2194 3003 2295 3057 gna
2329 2996 2504 3041 autem
2544 2988 2702 3040 domo
2741 3000 2845 3039 non
2877 2985 3048 3039 solum
3091 2994 3215 3039 sunt
3239 3001 3368 3039 vasa
3397 2999 3572 3039 aurea
3603 2993 3660 3038 et
3694 2998 3775 3036 ar-

2194 3072 2406 3148 gentea,
2444 3075 2536 3130 sed
2568 3083 2622 3128 et
2655 3074 2831 3142 lignea
2861 3082 2915 3128 et
2946 3073 3128 3127 ﬁctilia
3157 3089 3172 3139 ;
3201 3081 3257 3126 ct
3280 3072 3536 3142 quaedam
3563 3072 3776 3141 quidem

2119 3197 2168 3258 ο
2197 3167 2250 3222 in
2274 3163 2552 3232 honorem,
2579 3166 2820 3235 qumdam
2844 3175 3022 3220 autem
3046 3165 3097 3218 in
3119 3165 3505 3220 contumeliam
3530 3163 3622 3234 (ll
3650 3161 3773 3217 Tim.

2197 3277 2257 3324 ιι,
2286 3258 2377 3328 20)
2401 3276 2413 3312 :
2440 3277 2457 3310 ι
2492 3267 2547 3313 et
2572 3257 2644 3312 ita
2673 3255 2950 3326 subjunxit
2981 3275 2994 3310 :
3033 3275 3050 3308 ‹
3081 3257 3136 3310 Si
3164 3255 3284 3325 quis
3310 3264 3492 3309 autem
3521 3253 3778 3308 emunda-

2196 3351 2334 3405 verit
2362 3363 2419 3405 se
2469 3348 2536 3404 ab
2566 3349 2702 3414 istis,
2751 3349 2855 3402 erit
2900 3362 2995 3402 vas
3056 3348 3109 3401 in
3163 3347 3446 3410 honorem,
3481 3343 3779 3400 sanctiﬁca-

2198 3449 2333 3507 tum,
2369 3449 2422 3496 et
2467 3440 2598 3494 utile
2643 3439 2868 3494 Domino
2905 3437 3087 3510 (Ibid.,
3120 3438 3230 3507 ει).
3273 3457 3291 3490 ι
3344 3436 3780 3492 Manifestissimc

2198 3535 2382 3606 itaque
2408 3544 2620 3590 constat
2643 3535 2783 3604 quod
2805 3549 2925 3603 quae
2950 3535 3002 3588 in
3030 3533 3134 3587 illis
3156 3532 3332 3587 verbis
3357 3531 3580 3585 dixerat
3611 3551 3630 3582 σ
3659 3544 3779 3583 vasa

2199 3628 2293 3682 ira:
2336 3633 2515 3696 aptata
2564 3625 2678 3680 sive
2717 3622 2955 3694 perfecta
2997 3639 3049 3678 in
3083 3622 3360 3676 interitum
3392 3641 3411 3673 ι
3449 3639 3463 3674 :
3493 3621 3563 3675 Et
3594 3634 3626 3673 e
3658 3634 3778 3673 con-

2199 3716 2514 3772 contrario:
2561 3734 2578 3766 ι
2614 3713 2754 3768 Vasa
2792 3712 3176 3769 misericordia:
3217 3720 3524 3782 praeparata
3571 3711 3628 3764 in
3669 3708 3777 3780 glo-

2201 3807 2361 3871 riam,
2391 3825 2408 3857 ι
2443 3821 2504 3859 ea
2533 3805 2755 3859 omnino
2785 3803 2916 3858 dicit
2952 3803 3040 3857 hic
3076 3821 3094 3853 ι
3123 3803 3366 3871 (ιιιωιιειιιι
3403 3801 3458 3854 in
3496 3800 3778 3861 honorem,

2200 3903 2257 3951 et
2285 3895 2530 3964 qumdam
2569 3893 2624 3947 in
2660 3891 3041 3948 contumeliam
3073 3905 3087 3944 :
3126 3890 3180 3944 in
3220 3891 3484 3945 honorem
3521 3902 3656 3942 vasa
3689 3886 3783 3939 mi-

2203 3983 2539 4046 sericordize,
2573 3982 2624 4035 in
2654 3979 3032 4036 contumeliam
3064 3994 3191 4033 vasa
3226 3979 3350 4043 irae,
3381 3997 3400 4032 ι
3437 3977 3531 4032 sed
3562 3992 3686 4032 cum
3714 3975 3781 4029 ibi

2201 4073 2723 4146 praedestinationem
2766 4070 3134 4125 tantummodo
3171 4069 3452 4138 utriusque
3485 4069 3696 4138 partis,
3732 4064 3783 4118 id

2204 4161 2290 4222 est
2320 4166 2613 4222 electorum
2641 4172 2696 4220 et
2722 4163 3076 4233 reproborum
3097 4202 3113 4228 ,
3154 4161 3472 4231 simpliciter
3510 4173 3784 4216 commen-

2205 4260 2449 4325 daverit,
2497 4258 2586 4314 hic
2628 4256 2870 4327 adjungit
2907 4255 3070 4311 etiam
3106 4253 3542 4308 exhortationem
3568 4293 3584 4317 ,
3628 4265 3784 4320 quam

2207 4359 2412 4405 attente
2456 4365 2584 4404 vasa
2628 4346 3010 4404 misericordiae
3054 4345 3285 4400 debeant
3325 4357 3384 4397 se
3424 4341 3704 4396 custodire
3735 4349 3788 4393 et

2207 4454 2492 4510 segregare
2521 4439 2588 4494 ab
2621 4437 2978 4493 immunditiis
3006 4449 3256 4489 vasorum
3286 4433 3381 4486 ira:
3401 4472 3415 4496 ,
3450 4447 3578 4486 cum
3617 4432 3744 4486 dicit
3771 4448 3783 4482 :

2215 4547 2232 4578 ι
2264 4528 2322 4582 Si
2354 4527 2474 4596 quis
2503 4536 2678 4581 autem
2719 4524 3090 4581 cmundaverit
3118 4538 3177 4577 se
3219 4523 3287 4576 ab
3315 4521 3456 4585 istis,
3485 4521 3593 4576 erit
3617 4536 3711 4574 vas
3740 4520 3788 4571 in

2215 4623 2497 4685 honorem,
2529 4638 2546 4671 ι
2578 4630 2707 4686 etc.;
2752 4619 2805 4673 id
2842 4626 2946 4682 est,
2986 4617 3032 4671 si
3061 4615 3180 4686 quis
3210 4613 3589 4668 emundaverit
3629 4626 3689 4665 se
3727 4611 3789 4664 ab

2215 4712 2332 4766 istis
2362 4711 2504 4765 vasis
2541 4710 2666 4775 irze,
2693 4709 2835 4762 vasis
2863 4708 2915 4761 in
2948 4704 3357 4768 contumeliam,
3388 4702 3476 4757 vel
3510 4703 3581 4756 ab
3610 4718 3788 4756 eorum

2216 4801 2569 4857 immunditiis
2595 4841 2610 4866 ,
2653 4801 2699 4854 si
2737 4797 3023 4868 aliquando
3070 4795 3122 4850 in
3153 4796 3231 4849 eis
3275 4793 3404 4857 fuit,
3455 4792 3692 4846 sollicite
3738 4806 3791 4843 se

2216 4893 2567 4957 extrahendo,
2597 4891 2678 4945 vel
2705 4904 2976 4960 nunquam
3002 4888 3080 4942 eis
3119 4902 3176 4942 se
3201 4884 3576 4948 admiscendo,
3610 4893 3666 4938 et
3693 4884 3790 4939 im-

2218 4985 2542 5042 maculatum
2579 5001 2637 5039 se
2667 4986 2734 5038 ab
2777 4984 2880 5038 hoc
2914 4982 3111 5037 saeculo
3147 4979 3537 5042 custodiendo,
3570 4977 3680 5031 erit
3703 4990 3792 5027 vas

2221 5077 2272 5131 in
2305 5076 2562 5130 honorem
2595 5073 3008 5135 sanctiﬁcatum,
3042 5070 3093 5125 id
3129 5077 3213 5124 est
3249 5070 3366 5138 ipso
3394 5065 3792 5122 emundationis

2219 5174 2275 5220 et
2320 5163 2764 5220 sanctiﬁcationis
2809 5177 2918 5216 sua:
2965 5159 3158 5215 eﬁ'ectu
3207 5170 3367 5229 atque
3407 5157 3661 5227 profectu
3708 5156 3794 5209 de-

2220 5257 2540 5312 monstrabit
2570 5270 2628 5310 se
2653 5255 2721 5309 ad
2752 5269 2875 5308 vasa
2911 5251 3328 5314 misericordiae,
3356 5257 3412 5303 et
3439 5250 3511 5304 ad
3541 5262 3677 5302 vasa
3703 5247 3797 5300 ho-

2219 5346 2399 5410 noris,
2428 5355 2483 5400 et
2512 5345 2695 5416 gloriae
2719 5344 3014 5415 pertinere.
3045 5341 3196 5397 Unde
3223 5357 3328 5395 non
3376 5339 3481 5394 hoc
3526 5338 3793 5406 signiﬁcat

2222 5438 2275 5491 in
2308 5435 2392 5490 his
2425 5434 2601 5489 verbis
2640 5433 2926 5503 Apostolus
2956 5429 3098 5500 quod
3135 5444 3262 5483 vasa
3293 5428 3390 5482 ira:
3430 5435 3487 5482 et
3520 5436 3795 5481 contume-

2221 5529 2326 5593 liae,
2355 5528 2406 5583 id
2435 5535 2517 5582 est
2546 5526 2728 5581 divino
2749 5523 2951 5595 judicio
2977 5521 3191 5590 reprobi
3214 5529 3269 5574 et
3293 5518 3568 5588 reprobati
3595 5520 3795 5589 possint

2187 5681 2192 5685 η
2221 5617 2357 5673 eﬁici
2387 5632 2514 5673 vasa
2552 5613 2938 5671 misericordia:
2965 5622 3022 5667 et
3049 5611 3270 5666 honoris
3299 5619 3354 5664 et
3382 5609 3565 5681 gloriae
3585 5651 3601 5677 ,
3631 5611 3685 5664 id
3720 5620 3795 5664 est

2225 5707 2279 5760 in
2316 5713 2515 5760 sortem
2555 5703 2843 5759 electorum
2885 5699 3150 5764 transire,
3193 5699 3332 5753 sicut
3368 5699 3607 5768 scriptor
3647 5697 3792 5765 hujus

2225 5793 2466 5866 epistolae
2493 5791 2780 5850 intellexit:
2807 5788 2941 5846 Cum
2968 5787 3188 5845 omnino
3221 5787 3457 5856 reprobi,
3488 5787 3579 5844 nui
3614 5786 3790 5840 divini-
