3966 6334
232 387 364 450 {Nl

1285 365 1497 434 LIBER
1535 372 1624 430 ne
1663 367 1916 426 TRIBUS
1953 362 2325 422 EPISTOLIS.

3343 351 3478 408 {OH

235 514 318 560 tus
343 498 578 573 praesciti
617 507 743 552 sunt
768 495 824 550 in
862 493 976 550 suis
1010 491 1386 562 iniquitatibus
1424 484 1800 560 permansuri;
1833 485 1881 544 Α
1908 479 2180 573 interitum
2217 473 2644 573 praedestinatos,
2676 471 2876 573 non‘a'd
2905 470 3354 573 vitamazteurnam
3393 467 3477 573 sui

233 593 533 650 nullatenus
566 589 771 660 possint
800 585 994 642 merito
1029 581 1561 654 perseverantissime
1602 579 1801 648 iniqui-

234 685 360 741 tatis
383 696 496 739 suae
519 681 570 734 in
595 679 886 734 electorum
915 677 1174 731 societate
1193 673 1428 737 censeri,
1452 672 1591 726 sicut
1621 667 1803 739 regula

233 773 514 832 catholicae
543 771 665 827 ﬁdei
697 770 1060 824 indubitanter
1089 776 1273 831 tenet,
1309 774 1366 820 et
1406 766 1592 828 docet;
1625 763 1719 818 sed
1747 769 1806 814 ut

235 864 601 934 unusquisque
647 861 907 924 ﬁdelium,
950 860 1092 915 sicut
1130 858 1240 926 jam
1285 857 1486 912 dictum
1535 863 1650 918 est,
1690 854 1803 922 ipsa

235 954 361 1010 ﬁdei
391 962 447 1008 et
487 950 710 1020 justitia:
750 949 1174 1004 sanctificatione
1217 947 1438 1018 probet,
1478 954 1535 1000 et
1569 943 1807 999 declaret

234 1061 357 1103 sese
403 1045 472 1100 ad
505 1059 636 1099 vasa
685 1041 1066 1098 misericordiae
1104 1049 1160 1095 et
1203 1037 1483 1093 electionis
1515 1033 1804 1106 pertinere.

235 1137 353 1192 Duo
397 1147 630 1204 namque
669 1141 794 1186 sunt
838 1133 1032 1200 quibus
1069 1129 1218 1184 velut
1258 1130 1490 1199 quodam
1537 1123 1810 1195 signaculo

235 1225 554 1298 probantur,
583 1233 638 1280 et
667 1231 1032 1295 agnoscuntur
1059 1221 1216 1277 electi
1244 1220 1339 1274 Dei
1370 1234 1386 1273 :
1417 1218 1624 1274 scilicet
1651 1226 1809 1271 aeter-

237 1331 307 1370 na
339 1315 532 1371 divinae
559 1317 744 1384 gratiae
771 1313 1187 1383 prmordinatio,
1221 1318 1278 1366 et
1312 1311 1400 1380 pia
1427 1309 1496 1364 ab
1529 1307 1676 1363 omni
1704 1305 1808 1360 ini-

233 1409 444 1480 quitate
481 1406 812 1462 inﬁdelitatis
841 1413 896 1460 et
932 1404 1212 1474 pravitatis
1255 1401 1608 1458 emundatio:
1653 1405 1712 1452 ut
1743 1411 1808 1450 ex

234 1496 527 1554 manifesta
554 1496 674 1551 luce
693 1494 920 1564 justitia:
949 1502 1005 1550 et
1032 1493 1333 1549 sanctitatis
1357 1489 1730 1546 manifestetur
1758 1488 1812 1542 in

231 1590 318 1645 eis
345 1588 589 1644 veritatis
617 1587 811 1642 divinae
840 1585 1151 1650 electionis;
1207 1585 1350 1640 sicut
1383 1583 1500 1652 ipse
1526 1579 1816 1653 Apostolus

231 1677 396 1751 paulo
423 1678 672 1748 superius
693 1677 964 1742 ostendit,
998 1677 1181 1732 dicens
1211 1694 1224 1730 :
1263 1694 1283 1726 ε
1314 1674 1420 1731 Sed
1456 1674 1671 1728 ﬁrmum
1696 1672 1816 1741 (un-

229 1770 552 1826 damentum
581 1767 677 1822 Dei
722 1767 872 1822 stetit
909 1768 1114 1822 habens
1159 1765 1492 1838 signaculum
1521 1765 1668 1820 hoc:
1709 1763 1813 1820 Co-

233 1857 423 1932 gnovit
449 1855 706 1912 Dominus
734 1857 827 1926 qui
857 1865 984 1910 sunt
1010 1854 1148 1925 ejus,
1171 1864 1225 1910 et
1255 1855 1495 1910 discedat
1519 1855 1587 1910 ab
1612 1852 1813 1924 iniqui-

231 1953 351 2001 tate
377 1946 570 2009 omnis,
597 1947 687 2015 qui
717 1945 961 2000 nominat
989 1959 1181 2000 nomen
1214 1943 1426 1998 Domini
1459 1943 1544 2016 (11
1575 1943 1710 1998 Tim.
1738 1959 1813 2010 ιι,

234 2036 352 2108 19).
376 2055 397 2091 ι
430 2036 582 2104 Quod
611 2050 740 2107 ergo
772 2055 790 2086 ι
819 2037 1070 2104 cognovit
1096 2035 1354 2090 Dominus
1378 2035 1470 2104 qui
1497 2043 1623 2090 sunt
1651 2033 1768 2101 ejus
1791 2055 1809 2087 ι

229 2135 440 2183 aeterna
472 2127 663 2183 electio
687 2135 801 2193 est;
863 2135 922 2180 ιιι
955 2134 1133 2182 autem
1165 2126 1407 2181 discedat
1433 2126 1500 2180 ab
1531 2125 1818 2194 iniquitate

232 2219 416 2276 omnis
461 2219 552 2288 qui
611 2219 852 2272 nominat
902 2233 1100 2274 nomen
1155 2217 1407 2284 Domini,
1456 2225 1605 2272 certa
1651 2216 1818 2286 ipsius

231 2310 518 2368 elecﬁouis
545 2311 793 2380 probatio
817 2318 918 2366 est.

231 2449 236 2452 _
309 2403 558 2458 Secundo
583 2402 702 2458 loco
729 2404 1094 2460 testimonium
1115 2404 1310 2460 divinae
1330 2402 1819 2476 praadestinationis

228 2494 310 2550 de
337 2493 627 2564 Evangelio
650 2495 870 2564 ponitur
897 2514 910 2549 :
951 2513 970 2546 ι
1000 2496 1102 2564 Qui
1140 2513 1246 2553 non
1276 2498 1448 2553 credit
1469 2498 1582 2567 jam
1605 2496 1818 2567 judica-

233 2597 331 2644 tus
357 2595 442 2642 est
468 2586 650 2658 (Joan.
680 2603 762 2652 ιιι,
790 2587 898 2658 18).
931 2607 950 2641 ι
990 2589 1142 2656 Quod
1165 2590 1416 2645 videlicet
1454 2606 1642 2646 omnes
1670 2590 1820 2660 impii

228 2687 298 2734 et
333 2677 594 2733 increduli
629 2675 741 2744 jam
780 2687 906 2734 sunt
949 2680 1129 2735 divina
1165 2680 1637 2749 prmdestinatione
1663 2681 1818 2736 dam-

228 2765 376 2823 mti.
402 2763 538 2831 Quia
565 2765 816 2820 videlicet
843 2765 887 2820 si
913 2781 1098 2821 eorum
1124 2766 1400 2822 damnatio
1419 2767 1623 2834 justum
1653 2766 1818 2821 divini

230 2855 426 2926 judicii
456 2871 592 2926 opus
619 2865 720 2920 est,
756 2857 870 2912 sine
899 2857 1062 2912 dubio
1093 2873 1228 2928 opus
1256 2873 1412 2912 suum
1439 2873 1654 2927 semper
1680 2857 1820 2926 apud

238 2943 414 3000 Deum
445 2955 498 3002 et
527 2948 832 3016 prmscitum
861 2956 917 3003 et
945 2949 1381 3018 praedestinatum
1411 2959 1513 3003 est.
1547 2946 1655 3002 Sed
1683 2947 1822 3002 scri-

236 3044 370 3107 μοι·
397 3037 637 3106 epistolae
665 3037 852 3092 nolens
889 3039 1288 3095 damnationem
1327 3037 1723 3094 iucredulorum
1753 3037 1822 3093 ad

241 3128 484 3183 divinam
541 3129 1066 3198 praedestinationem
1096 3171 1111 3196 ,
1171 3131 1266 3186 sed
1330 3133 1697 3186 tantummodo
1754 3131 1823 3186 ad

241 3221 642 3293 priescientiam
674 3221 974 3290 pertinere,
1006 3208 1292 3292 subjungit
1323 3220 1488 3276 verba
1530 3220 1590 3274 Β.
1638 3219 1824 3290 Augu-
1856 3202 1901 3265 Ο

244 3312 410 3377 stini,
447 3312 642 3383 quibus
676 3313 829 3383 quasi
866 3314 969 3368 hoc
998 3313 1229 3383 probare
1255 3303 1519 3368 videatur.
1550 3312 1641 3367 Ait
1665 3328 1822 3367 nam-

242 3417 356 3473 que
403 3403 491 3460 ille
533 3405 589 3458 in
629 3403 767 3459 libro
808 3404 874 3460 de
917 3404 1101 3475 Agone
1143 3405 1486 3469 Christiano,
1522 3412 1826 3459 memorans

247 3493 414 3547 verba
459 3493 735 3564 Evangelii
777 3510 792 3550 :
841 3511 858 3544 ι
891 3494 990 3560 Qui
1033 3509 1139 3548 non
1185 3494 1359 3550 credit
1396 3493 1509 3561 jam
1554 3491 1828 3562 judicatus

245 3591 364 3648 est,
395 3603 414 3636 ι
449 3584 503 3638 id
543 3592 620 3638 est
659 3583 772 3652 jam
813 3585 1096 3638 damnatus
1125 3595 1238 3649 est,
1267 3585 1603 3654 prmscientia
1646 3585 1830 3653 utique

251 3673 368 3737 Dei,
399 3673 493 3742 qui
534 3673 683 3727 novit
718 3673 846 3741 quid
889 3673 1168 3727 immineat
1209 3688 1314 3728 non
1352 3673 1714 3727 credentibus.
1752 3673 1830 3726 Eo

250 3763 396 3832 quod
424 3777 520 3817 nor.
558 3762 757 3816 dixerit
790 3773 1011 3818 sanctus
1039 3764 1248 3827 doctor,
1283 3762 1394 3830 jam
1436 3764 1724 3816 damnatus
1749 3771 1834 3817 est

252 3855 724 3925 praedestinatione
753 3854 873 3921 Dei,
903 3855 997 3910 sed
1027 3855 1366 3925 praescientia
1398 3849 1518 3909 Dei.
1552 3853 1662 3908 Nec
1681 3853 1832 3907 dixe.

254 3945 350 4010 rit,
376 3946 468 4014 qui
496 3946 681 4000 statuit
706 3954 797 4006 aut
821 3945 1127 4015 praeﬁnivit,
1156 3945 1268 4000 sive
1295 3944 1709 4016 prmdestinavit,
1739 3943 1834 3998 sed

252 4035 348 4104 qui
387 4035 565 4098 novit,
594 4035 801 4104 inquit,
829 4035 957 4104 quid
1000 4036 1278 4090 immineat
1322 4050 1427 4090 non
1469 4033 1832 4099 credentibus,

252 4128 405 4197 quasi
436 4127 776 4198 omnipotens
806 4128 946 4184 Deus
975 4128 1176 4197 aliquid
1201 4144 1424 4198 operum
1458 4141 1675 4182 suorum
1700 4141 1835 4196 prae-

252 4217 438 4273 scierit
479 4217 752 4283 futurum,
799 4218 942 4288 quod
986 4234 1092 4273 non
1136 4219 1601 4289 praedestinaverit
1630 4234 1687 4276 se
1713 4233 1835 4274 esse

253 4308 558 4364 facturum?
586 4311 694 4366 Aut
721 4328 842 4366 cum
883 4313 934 4366 in
963 4313 1218 4381 operibus
1249 4314 1465 4382 ponitur
1499 4313 1835 4382 praescientia

255 4398 385 4464 Dei,
417 4415 522 4453 non
553 4401 732 4454 statim
767 4401 1067 4456 certissime
1107 4403 1328 4473 intelligi
1359 4403 1579 4467 debeat,
1614 4411 1669 4458 et
1699 4418 1838 4473 pra:-

256 4489 545 4544 destinatio
568 4491 680 4544 Dei.
707 4491 842 4558 Quia
868 4491 1006 4546 sicut
1036 4491 1171 4545 nihil
1194 4507 1416 4561 operum
1445 4509 1664 4547 suorum
1693 4507 1833 4563 prte-

1907 566 2183 639 sanguinis
2207 565 2384 636 pretio
2411 559 2800 633 comparatos]
2835 559 2974 616 Ecce
2999 568 3054 615 et
3083 559 3135 614 in
3172 559 3276 614 illis
3301 559 3482 616 verbis

1905 658 2114 713 Domini
2139 657 2334 726 quibus
2364 655 2440 710 ait
2477 672 2490 708 :
2526 673 2544 705 ι
2577 653 2678 721 Qui
2709 669 2815 709 non
2845 653 3018 707 credit
3052 650 3164 720 jam
3207 651 3482 722 judicatus

1906 757 1990 804 est
2017 746 2198 819 (Joan.
2229 763 2324 810 ιιι,
2353 745 2462 816 18),
2496 764 2514 796 ι
2549 753 2603 798 ει
2635 745 2688 796 in
2733 742 2851 797 istis
2889 741 3082 811 quibus
3112 742 3244 796 dixit
3279 760 3289 794 :
3325 761 3343 792 ‹
3374 741 3481 796 Sed

1906 854 2003 893 vos
2047 853 2152 892 non
2197 836 2454 898 creditis,
2501 834 2626 904 quia
2676 849 2780 887 non
2825 833 2956 887 estis
2997 849 3064 886 ex
3110 833 3301 886 ovibus
3347 833 3484 886 meis

1907 928 2096 1000 (Ibid.,
2123 927 2250 996 26);
2283 946 2302 977 ι
2343 925 2626 994 utrobique
2672 922 2931 978 increduli
2970 931 3025 976 et
3065 922 3304 977 inﬁdeles
3346 923 3486 976 desi-

1908 1019 2056 1090 gnati
2090 1025 2216 1073 sunt
2253 1026 2308 1072 et
2362 1031 2498 1086 quos
2534 1015 2586 1069 in
2617 1014 2705 1069 illa
2742 1015 3007 1069 sententia
3047 1022 3268 1068 sanctus
3297 1012 3488 1067 doctor

1907 1108 2044 1165 dixit
2107 1109 2288 1164 divina
2360 1107 2697 1178 praescientia
2740 1106 2852 1177 jam
2910 1106 3234 1169 damnatos,
3287 1106 3338 1158 in
3381 1105 3484 1160 ista

1909 1201 2125 1256 eosdem
2161 1200 2298 1254 dixit
2335 1198 2403 1253 ad
2441 1207 2701 1253 aeternum
2742 1197 3016 1252 interitum
3057 1197 3483 1268 praedestinatos.

1913 1291 2027 1348 Non
2050 1291 2177 1363 quia
2203 1291 2293 1345 alii
2319 1305 2386 1346 ex
2413 1289 2492 1345 eis
2517 1289 2697 1345 divina
2725 1289 3087 1359 prazscientia,
3114 1297 3168 1344 et
3195 1289 3282 1342 alii
3311 1289 3489 1342 divina

1911 1382 2383 1454 praedestinatione
2409 1381 2647 1436 damnati
2673 1389 2821 1447 sunt,
2850 1383 2943 1436 sed
2968 1382 3094 1451 quia
3119 1381 3282 1435 divini
3301 1381 3490 1452 judicii

1912 1475 2134 1540 virtute,
2159 1489 2263 1544 qua
2295 1473 2426 1528 tales
2455 1473 2800 1537 damnantur,
2827 1472 2965 1528 sicut
2990 1481 3043 1528 ct
3073 1472 3124 1526 in
3152 1472 3296 1528 omni
3329 1487 3492 1540 Opere

1915 1567 2098 1622 divino
2126 1574 2411 1635 utrumque
2450 1563 2609 1619 simul
2651 1563 3049 1636 intelligendum
3088 1564 3200 1629 sit,
3242 1563 3342 1618 etsi
3384 1578 3493 1617 non

1915 1655 2144 1726 ubique,
2173 1655 2299 1727 quia
2342 1653 2488 1710 nulla
2530 1654 2698 1727 exigit
2735 1655 3059 1722 necessitas,
3109 1655 3267 1712 simul
3307 1652 3492 1710 dicen-

1919 1745 2065 1800 dum.

1847 1854 1893 1914 Β
1990 1881 2174 1939 Tertio
2209 1883 2329 1941 loco
2356 1884 2716 1942 testimonium
2748 1883 2816 1940 de
2854 1883 3039 1942 Exodo
3065 1884 3324 1955 ponitur:
3355 1901 3372 1934 ι
3400 1882 3493 1937 ln-

1919 1978 2133 2032 duravit
2170 1978 2426 2033 Dominus
2461 1993 2556 2033 cor
2583 1977 2881 2032 Pharaonis
2932 1975 3126 2048 (Exod.
3176 1993 3254 2042 ιιι,
3292 1975 3415 2045 l2):
3474 1993 3506 2024 »ς

1919 2066 2074 2134 Quod
2094 2066 2376 2124 manifeste
2418 2082 2524 2123 non
2553 2067 2620 2122 ad
2649 2067 3067 2136 praescientiam,
3102 2068 3185 2120 vel
3214 2065 3493 2135 praedesti-

1919 2160 2194 2215 nationem
2232 2161 2559 2225 futurorum,
2593 2159 2686 2215 sed
2713 2159 2778 2214 ad
2812 2173 3068 2229 prmsens,
3099 2158 3192 2213 Dei
3234 2157 3494 2228 judicium

1919 2251 2171 2319 pertinet,
2205 2251 2296 2321 qui
2327 2267 2450 2307 eum
2473 2266 2632 2320 quem
2665 2250 2753 2304 tali
2791 2263 2946 2321 poena
2975 2251 3191 2321 dignum
3217 2250 3496 2320 judicavit,

1915 2341 2062 2412 justo
2097 2342 2302 2413 judicio
2345 2343 2638 2398 induravit.
2690 2341 2951 2396 Similiter
2975 2350 3029 2395 et
3059 2349 3312 2409 quartum
3349 2339 3496 2392 testi-

1919 2440 2160 2494 monium
2182 2438 2586 2510 intelligendum
2611 2445 2710 2500 est,
2738 2436 2944 2491 scilicet
2980 2449 3088 2489 non
3118 2435 3184 2490 de
3212 2434 3508 2504 prmscien‘

1918 2530 1999 2583 tia
2029 2538 2124 2582 aut
2160 2527 2652 2598 praedestinatione,
2693 2525 2788 2580 sed
2825 2524 3078 2594 przesenti
3122 2524 3270 2594 justo
3293 2521 3501 2590 judicio

1925 2618 2043 2684 Dei,
2091 2616 2568 2688 quod'Apostolus
2603 2615 2776 2670 dicit:
2833 2634 2852 2666 ι
2895 2613 3140 2668 Tradidit
3196 2612 3316 2666 illos
3358 2611 3501 2665 Deus

1925 2710 1978 2764 in
2003 2708 2286 2778 reprobum
2337 2722 2555 2762 sensum
2585 2705 2757 2778 (Rom.
2798 2721 2859 2772 ι,
2909 2704 3024 2774 28).
3064 2723 3084 2757 ι
3137 2703 3202 2758 Ει
3256 2703 3504 2772 quintum

1923 2802 2018 2858 ubi
2045 2802 2158 2857 ait:
2195 2819 2214 2851 ι
2251 2800 2426 2854 Mittet
2467 2799 2548 2854 eis
2593 2799 2735 2854 Deus
2763 2797 3129 2867 operationem
3173 2794 3376 2850 erroris
3415 2791 3503 2863 (II

1929 2899 2107 2955 Thess.
2137 2915 2212 2962 ιι,
2256 2897 2365 2969 l0),
2403 2917 2421 2949 ι
2465 2895 2590 2966 quia
2640 2894 2723 2966 (ut
2765 2893 2965 2949 dictum
2997 2891 3099 2963 est)
3141 2905 3276 2960 quos
3315 2889 3513 2959 dignos

1929 2989 2020 3045 tali
2050 3003 2208 3059 paena
2230 2970 2515 3055 judicavit,
2542 2984 2628 3040 vel
2655 3005 2673 3037 ι
2727 2984 2781 3039 in
2815 2983 3104 3053 reprobum
3131 2997 3348 3037 sensum
3383 2989 3498 3033 tra-

1930 3081 2084 3146 didit,
2121 3101 2139 3135 ι
2172 3080 2256 3136 vel
2298 3079 2378 3135 eis
2418 3094 2516 3134 suo
2551 3077 2698 3147 justo
2727 3075 2931 3153 judicio
2966 3094 2985 3127 ι
3019 3074 3390 3145 operationem
3420 3086 3506 3126 er-

1937 3175 2075 3228 roris
2103 3171 2343 3227 immisit.
2383 3189 2402 3223 »
2449 3169 2709 3224 Similiter
2736 3175 2792 3223 et
2825 3175 3037 3224 sextum
3084 3163 3452 3236 accipiendum
3491 3182 3502 3216 :

1940 3283 1958 3316 ι
1997 3263 2074 3320 Τιι
2104 3277 2234 3317 vero
2278 3261 2420 3316 Deus
2466 3260 2700 3315 deduces
2745 3273 2839 3313 eos
2881 3258 2935 3312 in
2990 3265 3207 3328 puteum
3256 3253 3509 3308 interitus

1930 3352 2101 3427 (Psal.
2139 3368 2247 3417 LIV,
2276 3351 2390 3423 24).
2435 3371 2452 3402 ι
2496 3350 2698 3404 Ριιιειιε
2741 3362 2973 3418 namque
3014 3347 3266 3402 interitus
3297 3352 3400 3407 est,
3449 3353 3504 3398 ut

1927 3447 2118 3502 beatus
2139 3445 2468 3515 Augustinus
2494 3441 2734 3513 exponit,
2761 3442 2998 3496 tenebrae
3027 3439 3254 3502 erroris,
3275 3439 3509 3492 tenebrm

1929 3535 2336 3593 submersionis.
2370 3533 2596 3588 Deducit
2628 3547 2756 3586 vero
2784 3530 2928 3586 Deus
2961 3529 3219 3601 reprobos
3270 3529 3324 3583 in
3367 3529 3514 3582 hunc

1931 3638 2172 3700 puteum,
2204 3643 2311 3681 non
2333 3626 2477 3697 quod
2511 3625 2628 3695 ipse
2675 3624 2746 3680 sit
2793 3632 2983 3678 auctor
3028 3621 3196 3692 culpae
3246 3621 3510 3690 ipsorum,

1933 3719 2028 3775 sed
2059 3719 2202 3788 quod
2247 3719 2363 3790 ipse
2413 3718 2486 3772 sit
2529 3715 2695 3786 judex
2747 3716 3049 3786 iniquitatis
3095 3730 3306 3770 eorum.
3355 3713 3511 3780 Quod

1935 3809 2167 3866 etiamsi
2192 3809 2314 3880 quis
2334 3809 2400 3863 de
2422 3816 2585 3880 puteo
2608 3806 2888 3863 infernalis
2910 3807 3268 3861 damnationis
3304 3813 3359 3859 ct
3387 3805 3514 3859 sub—

1936 3900 2220 3957 mersionis
2255 3901 2443 3957 eodem
2493 3915 2653 3956 sensu
2680 3899 2808 3954 velit
2837 3899 3060 3971 intelligi
3099 3916 3112 3952 :
3156 3906 3212 3952 et
3235 3897 3510 3969 pertinere

1935 4001 2111 4062 potest
2142 3993 2208 4047 ad
2227 3991 2433 4061 justam
2474 3990 3004 4064 praedestinationem
3054 3989 3304 4044 interitus
3331 4001 3519 4057 repro,

1937 4085 2148 4148 borum,
2182 4093 2371 4140 etnon
2397 4091 2482 4138 est
2521 4083 2852 4139 contrarium
2884 4081 3119 4137 veritati.

2009 4221 2161 4289 Quod
2212 4230 2390 4277 autem
2457 4222 2686 4291 septimo
2743 4220 2863 4276 loco
2913 4221 3172 4291 ponitur:
3237 4239 3256 4271 ‹
3314 4219 3519 4288 Ειψιί

1938 4312 2334 4382 transgreditur
2356 4310 2612 4379 ajustitia
2643 4311 2710 4365 ad
2739 4311 3100 4380 iniquitatem,
3135 4310 3276 4365 Deus
3300 4311 3514 4378 paravit

1939 4406 2088 4460 illum
2116 4407 2182 4461 ad
2211 4407 2576 4474 rhomphazam
2606 4403 2795 4476 (Eccli.
2834 4419 2956 4458 xxvr
2978 4444 2993 4468 ,
3025 4403 3141 4474 27),
3185 4422 3203 4454 ι
3236 4401 3522 4460 manifesto

1934 4496 2136 4566 justam
2176 4497 2702 4566 praedestinationem
2744 4497 3096 4565 reprohorum
3126 4496 3192 4550 ad
3236 4497 3515 4550 interitum

254 4581 566 4646 destinavit,
596 4583 738 4652 quod
767 4597 873 4636 non
903 4583 1204 4651 prescierit,
1258 4584 1331 4637 ita
1357 4585 1613 4654 quidquid
1645 4599 1832 4639 eorum
1862 4555 2118 4653 1)vsonat,
2148 4555 2209 4641 ιιί
2232 4587 2320 4657 qui
2347 4601 2444 4641 suo
2469 4586 2599 4640 vitio
2627 4594 2682 4640 ct
2719 4555 2822 4640 suo
2855 4601 3110 4656 perverso
3134 4584 3357 4641 arbitrio
3383 4601 3412 4640 a
3433 4585 3522 4657 ju-

252 4673 546 4742 prmscivit.
570 4673 686 4727 sine
713 4673 870 4727 dubio
893 4672 1055 4728 etiam
1081 4673 1503 4742 praedestinavit.
1525 4673 1835 4730 Nihilienim

256 4764 310 4818 in
342 4765 595 4833 operibus
620 4765 734 4834 ejus
762 4774 846 4820 est
873 4765 1151 4833 injustum,
1180 4775 1271 4819 aut
1303 4766 1566 4836 iniquum,
1597 4775 1654 4820 ut
1678 4767 1840 4837 digne

256 4855 629 4910 tantummodo
678 4855 1021 4926 praesciretur
1064 4863 1120 4910 et
1172 4871 1276 4909 non
1327 4857 1832 4925 pra-destinaretur;

254 4944 352 5001 sed
382 4946 506 5014 quia
542 4954 710 5000 totum
735 4954 818 5000 est
847 4943 1055 5014 justum
1079 4953 1133 5000 et
1161 4956 1386 5012 rectum,
1417 4955 1585 5002 totum
1614 4956 1697 5001 est
1723 4962 1838 5001 om-

259 5033 417 5089 nino.
451 5035 798 5104 prmscitum,
868 5044 1038 5090 totum
1097 5037 1320 5092 omnino
1376 5038 1834 5106 prmdestinatum.

263 5122 421 5180 Unde
447 5125 589 5180 idem
614 5125 805 5180 beatus
826 5125 1190 5197 Augustinus,
1217 5127 1309 5197 qui
1338 5128 1390 5181 in
1420 5129 1526 5182 hoc
1563 5128 1681 5183 loco
1697 5129 1839 5184 dicit

261 5215 568 5271 incredulos
599 5216 713 5287 jam
754 5216 932 5272 divina
973 5217 1312 5287 praescientia
1357 5217 1674 5284 damnatos,
1713 5218 1840 5274 alibi

259 5323 384 5365 cum
419 5317 685 5365 tractaret
714 5309 873 5366 verba
913 5309 1125 5365 Domini
1157 5311 1388 5366 dicentis
1425 5311 1492 5365 ad
1528 5313 1790 5379 quosdam
1821 5331 1834 5367 :

267 5417 288 5452 ι
321 5398 429 5454 Sed
451 5417 548 5456 vos
568 5415 674 5454 non
695 5401 916 5455 creditis
943 5401 1069 5470 quia
1095 5417 1199 5455 non
1223 5401 1354 5455 estis
1384 5415 1450 5455 ex
1480 5402 1673 5456 ovibus
1701 5403 1837 5458 meis

261 5487 454 5561 (Joan.
498 5507 563 5557 ιι,
598 5490 723 5561 26).
754 5510 772 5542 ι
808 5491 1034 5547 Eosdem
1084 5499 1308 5547 testatur
1337 5493 1516 5548 divino
1541 5493 1743 5564 judicio
1773 5495 1840 5549 ad

259 5591 518 5640 aternam
546 5593 773 5639 mortem
801 5585 1227 5655 przedestinatos,
1258 5585 1332 5640 ita
1359 5586 1546 5643 dicens
1571 5587 1646 5658 (in
1675 5587 1836 5642 Joan.

263 5683 425 5734 tract.
453 5675 543 5747 48)
576 5695 588 5732 :
631 5676 942 5750 [Quomodo
969 5693 1098 5748 ergo
1142 5678 1260 5733 istis
1288 5677 1427 5733 dixit
1462 5697 1480 5734 τ
1511 5699 1529 5731 ι
1562 5678 1678 5735 Non
1708 5681 1841 5737 estis

262 5780 334 5826 ex
359 5765 554 5824 ovibus
590 5768 756 5835 meis,
788 5789 804 5820 ι
841 5769 964 5839 quia
996 5768 1332 5826 videbatcos
1360 5769 1425 5826 ad
1455 5770 1840 5841 sempiternum

1941 4678 2088 4733 stitia
2111 4677 2386 4733 declinans
2425 4676 2822 4746 transgreditur
2863 4677 2929 4731 ad
2974 4675 3336 4745 iniquitatem,
3375 4677 3520 4746 juste

1942 4768 2107 4824 divini
2136 4766 2330 4836 judicii
2375 4766 2847 4838 przedestinatione
2883 4775 3218 4836 praeparetur
3241 4766 3308 4821 ad
3339 4766 3521 4821 rhom-

1940 4862 2171 4931 phzeam,
2203 4861 2254 4914 id
2278 4868 2362 4914 est
2385 4859 2451 4912 ad
2481 4868 2699 4914 aeterna:
2727 4859 2918 4914 mortis
2945 4858 3257 4913 vindictam.
3288 4857 3362 4912 De
3389 4873 3524 4927 qua-

1942 4949 2082 5004 libus
2127 4949 2298 5004 etianr
2327 4948 2455 5002 alibi
2501 4948 2762 5017 scriptum
2805 4956 2908 5013 est,
2939 4948 3080 5016 quod
3116 4966 3135 4998 ι
3185 4947 3230 5003 si
3262 4943 3580 5017 averterity'

1942 5058 2000 5098 se
2021 5041 2200 5112 justus
2225 5056 2256 5094 a
2280 5039 2487 5108 justitia
2508 5055 2628 5106 sua,
2659 5037 2916 5094 etfecerit
2939 5038 3299 5109 iniquitatem,
3324 5039 3520 5094 morie-

1944 5146 2034 5192 tur
2061 5137 2115 5190 in
2143 5150 2206 5191 ea
2239 5133 2456 5206 (Ezech.
2488 5148 2618 5188 xvm
2640 5173 2655 5198 ,
2681 5132 2795 5203 ΩΑ).
2836 5151 2856 5185 ι
2889 5129 3008 5186 Jam
3042 5141 3234 5187 caetera
3271 5130 3517 5203 Scriptu-

1945 5242 2124 5282 rarum
2164 5222 2472 5279 testimonia
2516 5237 2635 5293 qua:
2681 5229 3001 5292 sequuntur,
3050 5222 3188 5277 sicut
3239 5221 3400 5276 etiam
3453 5222 3523 5277 de

1945 5316 2263 5387 quibusdam
2288 5315 2399 5384 jam
2441 5312 2690 5384 superius
2730 5312 2932 5367 dictum
2981 5322 3081 5376 est,
3135 5327 3240 5368 non
3288 5312 3353 5366 ad
3383 5326 3524 5380 pra:-

1950 5407 2233 5463 scientiam
2274 5405 2358 5460 vel
2386 5404 2914 5476 praedestinationem
2961 5404 3287 5469 futurorum,
3329 5402 3424 5457 sed
3453 5400 3521 5456 ad

1947 5513 2186 5571 praesens
2219 5497 2580 5569 Deijudicium
2596 5497 2864 5567 pertinere
2892 5498 3282 5551 existimamus.
3317 5493 3380 5548 Et
3401 5494 3523 5548 ideo

1949 5589 2324 5662 praetermissis
2348 5589 2433 5644 bis
2456 5604 2574 5659 qure
2598 5588 2664 5643 ad
2691 5596 3008 5659 praesentem
3031 5587 3378 5657 quaestionem
3423 5584 3522 5637 mi-

1953 5683 2096 5738 nime
2153 5681 2443 5751 pertinent,
2497 5681 2562 5738 ad
2604 5697 2666 5738 ea
2713 5697 2832 5752 quae
2880 5689 3084 5738 restant
3131 5677 3540 5735 consideranda.

1953 5783 2311 5829 transeamus.
