3966 6334
496 375 638 435 1043

1020 515 1248 586 CAPUT
1297 515 1537 573 xxxw.

664 645 744 699 De
776 647 1232 715 prwdestiuatione
1265 649 1322 702 in
1365 658 1638 721 utramque
1662 660 1884 722 partem.

566 778 820 850 Sequitur
843 781 1023 851 itaque
1048 783 1103 838 in
1141 785 1511 855 rCSponsione.

1122 940 1444 983 BINCIABUS.

563 1070 581 1102 ς
615 1050 721 1107 Sed
761 1053 850 1108 isti
884 1055 1115 1112 malivoli
1145 1075 1250 1114 non
1288 1061 1651 1133 intelligentes
1687 1081 1807 1136 quae
1837 1066 2068 1138 loquun-

489 1149 597 1206 tur,
625 1142 710 1197 vel
743 1144 808 1198 de
849 1147 1044 1214 quibus
1083 1148 1374 1217 aflirmant,
1413 1153 1747 1209 confundunt
1782 1160 2067 1227 praescien-

489 1231 618 1286 tiam
643 1243 695 1286 et
724 1237 1247 1303 praedestinationem
1273 1255 1288 1294 :
1318 1252 1374 1296 et
1411 1242 1552 1298 sicut
1578 1245 1719 1300 male
1760 1246 2067 1319 intelligunt

487 1325 830 1382 authenticas
861 1328 1198 1400 Scripturas;
1232 1334 1304 1388 ita
1335 1344 1389 1390 et
1418 1337 1651 1406 pessime
1686 1342 1848 1396 verba
1891 1343 2064 1399 sancti

480 1417 770 1485 Augustini
804 1420 858 1474 in
883 1424 1202 1491 quihusdam
1244 1427 1396 1494 locis,
1435 1430 1572 1484 sicut
1611 1432 1662 1485 in
1691 1432 2062 1502 Enchtridion,

487 1517 541 1562 et
569 1509 618 1562 in
647 1509 801 1565 libris
839 1513 905 1568 de
946 1514 1175 1571 Civitate
1203 1518 1322 1584 Dei,
1353 1529 1406 1574 et
1437 1520 1562 1575 alibi
1587 1522 1750 1576 etiam
1787 1524 2066 1593 praedesti-

484 1610 644 1656 natos
670 1603 757 1656 ad.
781 1603 1081 1671 interitum,
1120 1617 1174 1662 et
1215 1611 1465 1680 populum
1517 1622 1700 1668 natum
1731 1615 1797 1669 ad
1826 1615 1959 1670 iram
1984 1616 2065 1672 di-

484 1690 559 1744 cit
594 1709 606 1744 :
639 1693 781 1746 unde
814 1695 975 1750 etiam
1016 1709 1298 1769 postquam
1330 1702 1396 1756 de
1422 1702 1594 1759 libero
1639 1707 1866 1762 arbitrio
1904 1718 1959 1763 et
1997 1707 2064 1764 de

484 1781 827 1849 correptione
878 1792 934 1838 et
982 1788 1154 1856 gratia
1182 1829 1196 1852 ,
1245 1800 1300 1844 et
1347 1791 1412 1846 de
1457 1792 1785 1861 perfectione
1837 1797 2059 1868 justitiae

1489 383 1549 438 S.
1585 382 1844 440 REMIGU
1871 380 2368 439 'LUGDUNENSIS
2408 381 2717 443 EPISCOPI

2096 501 2145 558 A

3627 395 3761 452 ΝΗ

2714 521 2940 579 CAPUT
2977 521 3206 583 XXXV.

2167 653 2246 710 De
2287 654 2419 730 libro
2466 655 3097 730 [AI-ypognpsticont—rDe
3120 658 3316 730 primis
3343 657 3770 730 Pelagianorum

2310 725 2562 796 reliquiis.
2579 725 2648 767 -ἔ
2668 726 2746 781 De
2771 725 3228 796 prwdestinatione
3253 725 3619 800 reproborum.

2235 861 2492 932 Adjungit
2526 862 2689 918 etiam
2717 877 2836 918 rem
2860 878 3078 926 novam,
3117 871 3174 918 et
3200 878 3376 934 neque
3405 878 3475 920 ex
3501 864 3767 930 lectione,

2168 968 2342 1023 neque
2379 967 2446 1008 ex
2482 953 2660 1009 veraci
2715 954 2899 1023 aliqua
2953 955 3247 1011 traditione
3281 957 3439 1011 nobis
3494 957 3770 1013 hactenus

2167 1054 2519 1115 compertam.
2579 1044 2696 1113 Quo
2725 1046 2953 1113 scilicet,
2992 1046 3186 1102 beatus
3224 1047 3588 1118 Augustinus,
3640 1059 3767 1119 post

2166 1147 2356 1189 omnes
2410 1133 2578 1190 libros
2633 1149 2782 1200 suos,
2832 1136 3114 1206 scripserit
3165 1138 3456 1206 quemdam
3513 1138 3767 1193 libellum

2166 1241 2328 1296 quem
2373 1224 2562 1281 Gnaeo
2617 1227 2902 1282 vocabulo”
2939 1227 3397 1299 Hypomuesticon
3450 1231 3759 1294 nominant,

2167 1316 2308 1385 quod
2340 1315 2528 1373 Latine
2570 1317 2998 1371 memoratorium
3030 1319 3439 1388 interpretatur,
3467 1321 3524 1375 in
3557 1336 3666 1389 quo
3695 1322 3766 1375 de

2167 1407 2405 1478 quinque
2430 1407 2821 1477 qumstionibus
2843 1419 3030 1464 contra
3060 1409 3333 1481 Pelagium
3358 1419 3415 1465 et
3438 1409 3758 1466 Ctelestium

2166 1496 2537 1567 disputaverit.
2568 1497 2636 1556 Et
2659 1497 2919 1567 quidquid
2959 1497 3014 1552 in
3046 1499 3478 1569 praecedentibus
3505 1500 3666 1555 libris
3687 1501 3766 1555 de

2165 1587 2639 1656 praadestinatione
2683 1588 2866 1643 divina
2896 1604 3022 1659 erga
3068 1587 3472 1646 damnationem
3499 1591 3758 1660 reprobo-

2166 1691 2287 1732 rum
2341 1677 2577 1742 dixerat,
2626 1693 2732 1733 non
2787 1679 2860 1733 ita
2907 1694 2968 1735 se
3013 1680 3252 1747 dixisse,
3293 1690 3353 1736 ut
3397 1683 3469 1738 ab
3498 1681 3764 1738 omnibus

2168 1766 2372 1824 dixisse
2420 1771 2787 1840 cognoscitur,
2823 1781 2879 1826 et
2908 1771 3264 1844 intelligitur:
3297 1777 3393 1830 sed
3429 1775 3537 1830 alio
3565 1776 3757 1830 absur-

480 1867 736 1934 hominis,
769 1879 824 1924 et
848 1872 912 1926 de
952 1849 1420 1943 prmdestinatione
1458 1849 1771 1940 sanrtorum
1819 1849 1886 1942 ad
1922 1888 2054 1946 Pro-
2085 1849 2136 1910 Β
2166 1859 2386 1916 (“55mm
2409 1901 2424 1926 ’
2475 1869 2530 1916 et
2577 1861 3151 1919 inconvemem'ss'mo
3198 1879 3359 1920 sensu
3396 1875 3458 1920 In
3504 1881 3604 1936 per
3650 1867 3756 1921 hoc

480 1972 699 2026 sperum
748 1971 802 2017 et
846 1963 1128 2028 Hilarium,
1162 1971 1250 2023 ubi
1293 1972 1425 2026 nihil
1472 1973 1539 2028 de
1589 1977 2057 2042 prindestinatione

482 2050 860 2117 reproborum,
926 2055 1022 2109 sed
1083 2057 1154 2112 de
1213 2059 1686 2127 praedestinatione
1746 2078 2056 2126 sanctorum

482 2136 648 2200 dixit;
693 2141 877 2196 multis
905 2144 1295 2212 postulantibus
1334 2151 1626 2220 scripserat
1659 2155 1852 2212 librum
1879 2158 2063 2230 Hypo-

479 2228 797 2281 mnesticum
820 2232 1076 2288 adversus
1099 2234 1408 2292 Caelestinum
1429 2249 1481 2294 et
1508 2240 1815 2311 Pelagium;
1841 2228 2060 2318 scripsit

483 2316 549 2369 de
581 2318 825 2387 quinque
846 2324 1249 2391 quiestionibus,
1288 2336 1342 2382 et
1395 2330 1534 2387 hanc
1574 2343 1781 2390 sextam
1819 2316 2059 2396 loco—re-

481 2409 822 2474 tractationis
849 2415 1215 2482 snperaddidit
1243 2418 1309 2472 de
1342 2421 1850 2489 praedestinatione:
1886 2432 1974 2486 ubi
1998 2448 2057 2488 se

478 2509 703 2554 excusat
732 2517 836 2556 non
867 2518 932 2558 eo
967 2520 1126 2561 sensu
1163 2508 1365 2564 dixisse
1388 2527 1486 2568 nec
1516 2515 1738 2588 intelligi
1759 2521 1897 2577 velle
1917 2539 2058 2594 prae-

477 2591 774 2648 destinatos
812 2596 878 2649 ad
910 2598 1209 2666 interitum,
1235 2603 1330 2656 sed
1358 2603 1413 2658 in
1440 2605 1723 2676 iniquitate
1743 2611 1826 2667 vel
1860 2591 2053 2684 impie-

477 2691 586 2736 tate
641 2691 1109 2753 perseverantibus
1154 2707 1367 2762 poenam
1429 2713 1550 2754 esse
1594 2705 2051 2771 praedestinatam.

474 2771 711 2838 Quarum
740 2778 1098 2846 quaestionum
1132 2789 1187 2835 et
1211 2783 1606 2843 absolutionum
1638 2793 1966 2850 mentionem
1996 2796 2052 2853 in

475 2859 612 2917 libro
657 2880 813 2933 quem
869 2869 1091 2940 scripsit
1135 2881 1324 2928 contra
1377 2874 1699 2937 Manichaeos
1736 2897 1805 2938 ex
1853 2883 2065 2945 Genesi.

477 2949 626 3007 facit.
665 2974 686 3008 ι

1089 3145 1093 3152 ι
1122 3093 1426 3137 assrousto.

544 3198 832 3271 Pmpterea
873 3204 1184 3273 malivolos,
1245 3209 1297 3262 id
1355 3217 1439 3264 est
1496 3211 1643 3268 illum
1685 3215 2049 3278 miserabilem

473 3297 892 3362 monachum,et
929 3301 1175 3369 quicum
1221 3318 1286 3359 eo
1333 3303 1553 3361 forsitan
1616 3309 1875 3377 sentiunt,
1926 3328 2050 3368 con-

472 3383 700 3440 fundere
730 3389 1124 3456 praescientiam
1160 3401 1217 3446 et
1250 3394 1779 3463 przedestinationem
1809 3400 2047 3458 divinam

473 3475 672 3545 arguit,
719 3477 844 3546 quia
895 3480 1034 3534 sicut
1084 3481 1136 3535 in
1190 3491 1299 3538 tota
1357 3484 1457 3541 ista
1510 3491 1860 3559 responsione
1899 3492 2048 3550 labo-

469 3565 651 3629 ravit,
715 3584 820 3623 non
871 3571 983 3625 vult
1039 3573 1263 3646 intelligi
1318 3579 1881 3650 praedestinationem,
1940 3585 2057 3641 nisi,

467 3653 522 3707 in
554 3655 681 3709 solis
721 3657 942 3715 electis:
973 3662 1026 3715 in
1076 3666 1320 3734 reprobis
1361 3682 1488 3724 vero
1535 3671 1700 3726 solam
1758 3675 2047 3743 praiscienr

467 3743 601 3799 tiam
631 3745 830 3804 debere
872 3752 1098 3818 sentiri;
1142 3753 1194 3807 in
1240 3770 1345 3824 qua
1393 3760 1692 3816 assertione
1739 3779 1846 3819 non
1900 3765 2044 3822 solos

422 3816 435 3827 ’
471 3832 630 3899 istos,
693 3852 827 3907 quos
881 3849 1038 3895 vocat
1090 3843 1404 3912 malivolos,
1443 3849 1537 3904 sed
1587 3860 1803 3909 sanctos
1853 3853 2050 3912 Patres.

466 3931 522 3978 et
580 3927 828 3984 doctores
885 3930 1174 3999 Ecclesiae,
1226 3938 1316 4006 qui
1378 3941 1907 4009 praedestinationem
1963 3947 2044 4003 di-

463 4013 647 4069 vinam
693 4017 746 4095 in
797 4028 1080 4090 utramque
1127 4036 1335 4093 partem
1363 4039 1416 4082 et
1459 4031 1838 4090 intellexerunt
1865 4047 1919 4092 et
1945 4039 2043 4095 do-

465 4116 716 4171 cuerunt,
745 4123 801 4162 se
847 4111 1138 4180 culpandos
1178 4115 1450 4174 afiirmare
1496 4138 1831 4194 nequaquam
1863 4131 2042 4184 consi-

461 4197 635 4251 derat.
663 4197 814 4264 Quod
849 4216 977 4256 vero
1005 4206 1236 4273 pessime
1261 4208 1392 4263 dicit
1427 4210 1649 4285 intelligi
1680 4217 1840 4272 verba
1865 4221 2038 4275 sancti

459 4289 744 4357 Augustini
779 4289 845 4361 (si
893 4294 1015 4361 quis
1044 4295 1097 4349 in
1139 4295 1274 4352 libro
1301 4298 1669 4369 Enchiridion,
1719 4315 1779 4362 et
1807 4308 2040 4366 inlibris

459 4379 528 4434 de
555 4377 796 4435 Civitater
818 4380 912 4438 Dei
962 4393 1017 4439 et
1055 4387 1106 4441 in
1162 4389 1484 4446 tractatibus
1517 4392 1789 4466 Evangelii
1835 4413 2034 4456 secun-

455 4471 586 4526 dum
641 4469 923 4536 Joannem.
960 4477 1038 4530 ita
1081 4478 1342 4550 intelligat
1392 4483 1916 4551 pmdestinationem
1945 4506 2035 4548 re-

2161 1949 2306 2020 quod
2334 1951 2472 2006 dixit
2519 1952 2712 2022 impios
2758 1954 2827 2008 ad
2856 1953 3134 2009 interitum
3179 1957 3616 2026 przedestinalos,
3658 1973 3756 2012 no.

2161 2042 2324 2097 luerit
2371 2043 2596 2114 intelligi
2639 2045 2784 2114 ipsos
2822 2046 3016 2117 impios
3063 2048 3130 2102 ad
3158 2048 3437 2103 interitum
3467 2050 3754 2119 ιιι-κόθειὶ-

2160 2143 2341 2199 natos,
2365 2135 2458 2189 sed
2483 2135 2648 2204 (quod
2683 2151 2842 2192 nemo
2863 2137 3084 2193 credere
3107 2148 3201 2194 aut
3234 2141 3501 2210 suspicari
3543 2141 3752 2214 posset)

2159 2239 2374 2293 pmnam
2424 2227 2505 2281 eis
2557 2227 2780 2298 intelligi
2829 2228 3065 2284 voluerit
3115 2245 3236 2286 esse
3282 2233 3749 2302 praedestinatam.

2160 2312 2292 2379 Quis
2317 2330 2553 2385 unquam
2581 2318 2787 2372 audivit
2816 2325 2926 2372 tam
2971 2320 3303 2389 pertinacem
3326 2323 3637 2390 audaciam,
3667 2326 3762 2381 vel

2160 2414 2269 2458 tam
2308 2405 2566 2461 audacem
2620 2408 2997 2478 pertinaciam,
3043 2419 3104 2466 ut
3131 2413 3537 2468 sanctissimum
3566 2424 3626 2469 et
3655 2431 3748 2470 ve—

2158 2497 2500 2552 racissimum
2537 2502 2814 2556 doctorem
2837 2504 3014 2571 ipsum
3043 2503 3108 2558 de
3134 2519 3194 2559 se
3219 2502 3378 2560 fateri
3407 2506 3705 2576 compellat
3734 2527 3748 2561 ε

2157 2590 2282 2660 quia
2313 2592 2456 2660 quod
2486 2591 2623 2647 dixit
2670 2593 2872 2665 impios
2898 2595 2952 2649 in
2997 2599 3095 2650 sua
3123 2597 3396 2668 impietate
3418 2613 3746 2668 permansu-

2157 2695 2248 2735 ros
2295 2681 2712 2749 przedestinasse
2761 2683 2829 2739 ad
2858 2684 3161 2752 interitum,
3192 2701 3297 2740 non
3326 2687 3468 2742 dixit
3496 2689 3632 2756 quia
3661 2704 3750 2743 ve-

2154 2769 2357 2824 raciter
2388 2769 2464 2824 ita
2495 2772 2598 2837 sit,
2638 2773 2733 2829 sed
2781 2774 2926 2844 quod
2972 2775 3028 2830 in
3073 2773 3191 2843 ejus
3234 2776 3414 2832 verbis
3438 2778 3752 2834 nullatenus

2155 2867 2332 2925 sonat,
2371 2875 2588 2931 poenam
2618 2863 2673 2918 in
2704 2864 2786 2920 eis
2808 2864 3039 2936 intelligi
3068 2866 3299 2923 voluerit
3336 2872 3750 2940 pneparatam!

2155 2948 2287 3017 Quis
2315 2951 2472 3006 talem
2494 2953 2903 3019 absurditatem,
2933 2954 3044 3010 imo
3073 2955 3342 3012 insaniam
3366 2957 3515 3014 ferre
3538 2962 3748 3030 possit?

2153 3040 2264 3096 Nos
2311 3042 2454 3096 enim
2512 3042 2797 3100 manifeste
2833 3045 3102 3112 novimus,
3153 3047 3278 3116 quia
3308 3050 3528 3118 quando
3579 3051 3749 3106 libros

2153 3131 2614 3191 Retractationum
2637 3134 2751 3208 jam
2776 3152 2939 3194 senex
2989 3147 3045 3193 et
3079 3142 3237 3195 mort-i
3270 3141 3484 3200 vicinus
3501 3145 3756 3214 scripsit,

2072 3199 2121 3262 ε
2152 3222 2207 3277 in
2235 3224 2434 3294 quibus
2457 3199 2657 3282 omnes.
2675 3230 3042 3297 praecedentes
3071 3231 3238 3287 libros
3267 3247 3395 3288 suos
3451 3199 3746 3306 diligenter

2151 3319 2208 3367 et
2249 3312 2478 3369 fideliter
2530 3318 2890 3384 retractavit,
2943 3335 3288 3391 nequaquam
3340 3323 3523 3380 adhuc
3576 3326 3746 3381 istum

2149 3401 2384 3458 libellum
2416 3406 2725 3476 scripserat.
2758 3406 2892 3475 Quia
2917 3411 2962 3465 si
3002 3412 3323 3482 scripsisset,
3357 3414 3548 3480 utique
3599 3417 3741 3472 inter.

2147 3492 2284 3547 alios
2330 3493 2492 3548 etiam
2546 3493 2663 3564 ejus
2711 3499 3039 3554 mentionem
3097 3501 3330 3556 fecisset.
3382 3501 3746 3559 Manifestum.

2146 3580 2308 3636 etiam
2337 3582 2550 3637 videtur
2573 3625 2588 3650 ,
2625 3586 2750 3655 quia
2779 3599 2903 3656 post
2922 3587 3041 3658 ejus
3069 3589 3296 3656 obitum,
3325 3593 3544 3660 quando
3571 3594 3735 3647 vitam

2144 3675 2314 3744 ipsius
2343 3682 2398 3730 et
2448 3677 2750 3748 catalogum
2799 3695 2906 3735 non
2947 3682 3118 3737 solum
3168 3682 3428 3739 librorum
3467 3685 3589 3756 ejus
3643 3686 3734 3741 sed

2142 3763 2307 3817 etiam
2335 3772 2664 3821 tractatuum
2690 3768 2758 3823 ad
2782 3769 3060 3839 populum,
3084 3778 3138 3826 et
3167 3772 3526 3841 epistularum
3554 3775 3626 3828 ad
3657 3775 3741 3828 ὥς

2143 3867 2328 3907 versos
2367 3855 2587 3924 quidam
2633 3867 2852 3914 sanctus
2898 3860 3184 3930 episcopus
3216 3871 3274 3918 et
3313 3863 3570 3921 aluinnus
3617 3863 3744 3934 ejus.

2141 3942 2553 4014 diligentissime
2581 3949 2856 4004 recensuit
2877 3959 2932 4005 et
2956 3950 3264 4022 descripsit,
3298 3954 3535 4009 necdum
3567 3956 3740 4011 istum

2139 4032 2376 4090 libellum
2403 4037 2699 4106 scripserat
2727 4040 2921 4095 beatus
2951 4039 3284 4110 August-inus
3313 4062 3327 4097 :
3357 4045 3401 4098 si
3428 4045 3576 4099 enim
3603 4047 3731 4101 serio

2136 4125 2352 4192 psisset,
2406 4127 2590 4196 utique
2622 4136 2876 4198 tanquam
2918 4132 3189 4202 praecipue
3241 4137 3554 4190 necessaria
3586 4138 3730 4192 inter

2136 4214 2270 4270 alios
2296 4219 2717 4274 annumerarict
2743 4221 3016 4276 memoriae
3041 4227 3408 4281 commendari
3437 4229 3718 4298 potuisset.

2136 4306 2287 4378 Quod
2312 4308 2358 4363 si
2385 4308 2578 4378 aliquis
2600 4325 2668 4366 ex
2688 4311 2958 4368 Ecclesia.
2973 4316 3298 4383 rectoribus,
3340 4319 3434 4389 qui
3457 4331 3586 4390 post
3609 4324 3726 4394 ejus

2133 4399 2342 4454 obitum
2377 4402 2726 4471 exstiterunt,
2765 4403 3084 4479 simpliciter
3107 4424 3242 4465 eum.
3264 4425 3332 4466 ex
3381 4413 3541 4470 titulo
3567 4416 3730 4486 quia

2133 4488 2307 4543 sancti
2330 4489 2614 4559 Augustini
2645 4496 2864 4552 nomine
2911 4497 3205 4570 inscriptus
3239 4508 3344 4567 est,
3378 4517 3487 4558 non
3537 4506 3720 4560 cousi-

454 4561 754 4630 proborum
805 4565 875 4620 ad
907 4565 1213 4634 interitum,
1266 4550 1407 4626 sicut
1441 4587 1562 4629 eam
1592 4575 1680 4631 ille
1730 4587 1786 4632 et
1813 4550 2108 4650 scriptisD
2133 4577 2318 4634 derata
2349 4550 2657 4652 diligentius
2683 4585 2915 4654 ratione.
2940 4603 3042 4644 nec
3062 4550 3248 4660 aliqua
3279 4594 3629 4662 necessitate.
3662 4606 3722 4652 ιιι

453 4653 569 4708 suis
605 4669 704 4723 per
739 4670 932 4712 omnes
956 4658 1234 4725 ecclesias,
1262 4669 1316 4715 et
1341 4663 1519 4720 verbis
1555 4667 1716 4721 etiam
1748 4673 2031 4738 praesenti-

451 4745 554 4801 bus
583 4746 794 4816 populis
827 4749 1145 4818 simpliciter
1172 4762 1228 4806 et
1271 4756 1537 4812 veraciter
1582 4761 1918 4832 praedicavit)
1946 4771 2029 4818 at-

450 4853 559 4907 que
587 4838 661 4893 ita
688 4849 915 4895 conatur
954 4841 1249 4898 beatissimi
1291 4845 1528 4903 doctoris
1568 4851 1928 4920 manifestum,
1973 4865 2030 4912 et

449 4943 700 4984 veracem
740 4946 958 4986 sensum
1003 4933 1302 5004 (nescimus
1333 4936 1386 4990 in
1423 4939 1552 5006 quid
1590 4940 1757 5013 aliud)
1802 4959 2025 5013 perver-

449 5030 567 5076 tere
590 5031 645 5076 et
689 5024 1033 5093 detorquere,
1087 5035 1301 5095 quanta:
1325 5029 1691 5097 absurditatis,
1727 5034 1834 5090 imo
1861 5051 2024 5105 quam

450 5110 629 5179 impia:
652 5114 1089 5181 przesumptionis
1111 5115 1199 5179 sit,
1234 5117 1357 5186 quis
1389 5120 1558 5187 possit
1585 5121 1898 5192 explicare?
1922 5126 2027 5183 Per

447 5202 554 5257 hoc
593 5201 736 5256 enim
784 5218 888 5258 non
935 5204 1107 5260 solum
1134 5221 1351 5261 sensum
1397 5208 1882 5269 ecclesiasticorum
1924 5215 2025 5271 Pa-

445 5303 614 5355 trum,
667 5291 760 5347 sed
814 5295 977 5348 etiam
1025 5295 1182 5350 ﬁdem
1220 5296 1493 5362 Ecclesia},
1540 5308 1597 5355 et
1647 5305 2021 5362 auctoritatem

450 5385 747 5456 Scriptura:
795 5384 1044 5441 divinzea
1085 5397 1239 5456 parte
1293 5404 1559 5446 evacuare
1594 5393 1887 5450 invenitur.
1942 5396 2022 5453 Ita

446 5491 679 5546 namque
709 5475 894 5529 Patres
926 5475 1255 5544 docuerunt;
1305 5480 1377 5534 ita
1406 5480 1644 5537 Ecclesia
1685 5483 1914 5540 fideliter
1944 5495 2022 5542 te-

449 5577 574 5634 net;
609 5569 682 5622 ita
713 5566 992 5636 Scriptura
1042 5569 1286 5625 veritatis
1313 5573 1580 5629 veraciter
1608 5575 1898 5631 tenendum
1927 5577 2020 5634 de-

449 5666 712 5714 monstrat
737 5675 748 5711 :
775 5657 916 5714 sient
938 5657 1048 5728 jam
1085 5660 1349 5729 superius,
1401 5671 1560 5719 prout
1597 5664 1852 5722 Dominus
1887 5665 2046 5724 dare'

448 5750 694 5822 dignatus
723 5760 824 5818 cst,
856 5751 986 5805 satis
1013 5751 1374 5822 probavimus.

2131 4666 2184 4723 id
2219 4667 2443 4736 faceret,
2494 4676 2868 4744 compellente,
2894 4679 3063 4749 ipsius
3111 4696 3237 4737 eum
3286 4699 3410 4740 esse
3461 4687 3717 4754 credidit,

2129 4759 2284 4828 cujus
2309 4762 2360 4815 in
2389 4762 2565 4819 fronte
2603 4782 2799 4823 nomen
2825 4769 3074 4837 invenit;
3099 4773 3226 4842 quid
3267 4774 3370 4830 hoc
3395 4778 3721 4848 praeiudicat

2129 4849 2368 4916 veritati,
2393 4867 2512 4921 qua:
2531 4854 2816 4925 diligenter
2853 4860 3132 4931 inquisita,
3156 4873 3213 4920 et
3236 4864 3460 4922 inventa
3506 4870 3714 4927 nullum

2129 4952 2292 5008 super
2321 4939 2420 4994 hac
2447 4957 2504 4996 re
2527 4957 2714 5000 errare
2739 4949 3026 5017 permittit.

2199 5029 2409 5084 Accidit
2433 5031 2536 5087 hoc
2563 5034 2732 5090 etiam
2772 5046 2827 5091 et
2854 5039 3286 5108 praeclarissimis
3314 5045 3578 5104 Ecclesiae
3599 5065 3714 5104 ma-

2128 5117 2310 5186 gistris
2337 5129 2396 5174 ut
2420 5121 2626 5179 scilicet
2649 5127 2763 5182 sive
2791 5143 2859 5183 ex
2886 5131 3040 5186 titulo
3077 5133 3222 5200 libri,
3252 5137 3365 5191 sive
3391 5153 3460 5192 ex
3486 5140 3714 5196 alterius

2126 5211 2437 5268 narratione
2487 5215 2692 5272 inducti
2737 5225 3086 5291 putaverint,
3140 5236 3196 5282 et
3241 5230 3564 5299 scripserint
3591 5235 3712 5304 ejus

2127 5303 2361 5357 auctoris
2395 5305 2611 5376 aliquod
2651 5325 2772 5366 esse
2799 5315 3138 5383 opusculum,
3190 5321 3344 5392 cujus
3372 5333 3563 5392 postea
3598 5303 3710 5381 non

2125 5405 2266 5458 esse,
2307 5402 2362 5448 et
2387 5398 2644 5453 veraciter
2678 5401 3065 5472 probaverunt,
3100 5416 3154 5463 et
3174 5410 3451 5468 humiliter
3470 5414 3710 5472 confessi

2127 5492 2272 5537 sunt.
2307 5481 2462 5540 Sicut
2498 5489 2687 5546 beatus
2714 5491 3074 5566 Hieronymus
3104 5499 3156 5552 in
3202 5500 3356 5558 libris
3380 5513 3573 5562 contra
3615 5522 3714 5561 ca-

2127 5573 2500 5633 lumniatorem
2549 5596 2706 5636 suum
2758 5586 2824 5640 de
2859 5586 3016 5654 libro,
3067 5605 3226 5659 quem
3274 5607 3343 5648 ex
3372 5595 3515 5652 falso
3549 5598 3710 5653 titulo

2122 5665 2427 5724 crediderat
2452 5671 2597 5727 beati
2621 5673 2900 5748 Pamphyli
2944 5683 3217 5752 martyris,
3256 5693 3312 5741 et
3335 5695 3524 5756 postea
3557 5691 3707 5745 inve-

2122 5757 2201 5813 nit
2246 5756 2461 5817 Eusebii
2499 5776 2620 5820 esse
2659 5764 3006 5826 Caesariensis
3031 5812 3055 5835 ,.
3097 5775 3382 5832 manifeste
3420 5777 3710 5835 declarat»
