3966 6334
245 349 270 404 Ι
283 349 382 404 045

1320 348 1523 405 LIBER
1558 348 1647 403 DE
1686 345 1937 402 TRIBUS
1975 341 2350 400 El‘lSTOLlS.

3360 340 3513 397 1046

174 508 190 518 .
245 468 310 520 Et
335 461 934 535 beatusAugustinusin
954 462 1107 519 libris
1121 460 1819 518 Retractationumeviden-
1846 463 1895 523 Α
1921 467 1975 515 et
1998 459 2400 528 perturbatione
2427 436 2765 529 magnorum,
2790 466 2844 512 et
2869 462 3178 513 sanctorum
3211 436 3352 528 apud
3373 454 3500 512 Gal-

244 565 326 610 ter
361 562 753 609 commemorat
776 560 831 609 et
858 552 1103 624 corrigit,
1154 552 1296 623 quod
1338 552 1493 623 juxta
1542 551 1821 621 cujusdam

196 688 209 697 κ
239 642 465 713 scripta,
488 643 786 697 sententias
814 641 1076 712 quasdam
1099 640 1166 698 de
1198 642 1372 698 libero
1399 642 1643 708 arbitrio,
1676 649 1731 698 et
1757 641 1824 697 de

236 733 415 804 gratia
482 733 578 792 Dei
648 733 727 789 sic
778 733 1041 789 intellexit
1093 742 1149 790 et
1204 733 1515 804 exposuerit
1562 740 1824 804 tanquam

238 824 540 880 beatissimi
568 824 709 880 Xisti
747 825 1004 881 Romanae
1054 825 1207 881 urbis
1259 825 1531 896 pontiﬁcis
1570 833 1628 880 et
1681 839 1823 878 mar-

240 916 394 987 tyris.
438 931 561 973 cum
588 931 621 972 e
660 917 936 973 contrario
977 926 1164 987 postea
1212 916 1477 973 invenerit
1499 915 1699 971 ethnici
1729 930 1821 971 eas

235 1020 362 1061 esse
385 1006 713 1079 philosophi,
749 1008 803 1063 id
826 1016 913 1064 est
938 1006 1088 1063 Sexti
1112 1007 1457 1079 Pythagorei.

310 1096 446 1152 Nam
476 1107 530 1153 et
560 1100 673 1170 ipse
696 1114 861 1171 supra
894 1113 1227 1158 memoratus
1255 1099 1467 1156 libellus
1496 1100 1822 1157 manifestis-

235 1185 396 1243 simis
448 1188 664 1244 indiciis
716 1205 823 1244 non
870 1204 930 1245 se
956 1189 1128 1245 sancti
1180 1188 1464 1261 Augustini
1492 1204 1611 1245 esse
1636 1199 1820 1260 aperte

234 1275 493 1342 ostendit,
547 1278 672 1346 quia
713 1293 813 1333 nec
855 1278 1227 1349 praefationem
1280 1279 1513 1351 aliquam
1563 1280 1617 1335 in
1667 1280 1819 1335 initio

233 1366 323 1420 sui
351 1368 512 1436 gerit,
540 1367 633 1422 ubi
663 1384 721 1425 se
747 1370 815 1424 ab
841 1370 1107 1440 aliquibus
1157 1382 1422 1444 rogatum,
1454 1374 1536 1429 vel
1580 1374 1681 1429 sibi
1719 1390 1817 1429 ne-

230 1458 476 1513 cessario
504 1458 700 1525 visum,
724 1467 781 1514 ut
810 1461 875 1516 de
921 1461 1011 1515 tali
1038 1476 1117 1528 re,
1141 1463 1194 1517 id
1217 1472 1303 1519 est
1330 1464 1818 1534 prtedcslinationis

230 1548 424 1615 verbo,
464 1550 518 1606 in
549 1551 663 1606 suis
692 1551 843 1609 libris
888 1555 1229 1625 corrigendo,
1279 1555 1394 1611 sive
1439 1556 1599 1613 aliter
1646 1570 1815 1627 expo-

231 1640 415 1696 nendo
439 1640 657 1712 aliquod
686 1658 882 1698 novum
921 1660 1056 1714 opus
1086 1646 1372 1712 scriberet,
1404 1653 1458 1701 et
1482 1645 1817 1717 signiﬁcasse

230 1730 563 1786 inveniatur.
618 1730 729 1788 Nec
777 1732 885 1788 ulla
913 1733 1036 1787 talis
1070 1735 1363 1790 necessitas
1390 1736 1666 1790 exstitisse
1720 1750 1812 1792 co-

227 1823 550 1894 gnoscitur,
600 1832 661 1878 ut
722 1824 789 1881 de
840 1824 945 1880 illis
992 1825 1231 1897 quinque
1293 1828 1698 1896 quaestionibus,
1753 1826 1819 1883 de

227 1916 431 1987 quibus
476 1925 587 1971 tam
634 1916 818 1982 multa,
870 1927 926 1973 ct
985 1926 1095 1973 tam
1145 1918 1513 1989 multipliciter
1562 1919 1818 1975 inlibris

226 2008 663 2080 prmeedentibus
689 2010 1080 2080 disputaverat,
1136 2012 1329 2066 iterum
1366 2027 1504 2068 novo
1528 2027 1693 2081 opere
1737 2012 1820 2073 dig

225 2106 456 2169 sputare
480 2108 786 2169 cogeretur.
835 2099 942 2156 Sed
997 2109 1053 2156 et
1107 2098 1221 2172 ipse
1270 2115 1451 2157 sermo
1497 2102 1566 2155 ab
1601 2101 1816 2171 eloquio

225 2188 408 2245 sancti
459 2188 742 2260 Augustini
791 2191 1018 2245 multum
1064 2191 1376 2261 discrepat:
1417 2199 1473 2246 et
1513 2205 1707 2246 sensus
1746 2190 1817 2246 ab

228 2278 385 2333 illius
409 2292 570 2334 sensu
623 2295 729 2335 non
756 2296 945 2349 parum
976 2279 1200 2337 inferior
1229 2281 1493 2348 habetur;
1525 2291 1583 2336 et
1632 2281 1821 2337 mode-

225 2370 342 2428 stia
376 2379 538 2440 atque
568 2371 840 2428 humilitas
887 2388 1098 2428 morum
1126 2381 1180 2427 et
1210 2388 1520 2428 sermonum
1553 2371 1669 2442 ejus
1708 2386 1816 2429 non

223 2465 312 2522 ibi
338 2477 624 2533 servatur;
660 2476 716 2523 et
734 2468 1043 2524 testimoniis
1070 2483 1134 2523 ea:
1159 2466 1425 2522 Hebraica
1449 2467 1814 2534 translatione,

221 2573 398 2632 quam
419 2562 608 2616 beatus
631 2560 989 2634 Hieronymus
1019 2560 1206 2626 edidit,
1232 2569 1430 2630 praeter
1450 2558 1566 2628 ejus
1592 2573 1818 2614 consue-

225 2652 477 2708 tudinem
506 2661 695 2709 contra
744 2652 863 2707 illos
892 2651 1177 2707 haereticos
1212 2651 1398 2705 utitur.
1457 2648 1611 2717 Quod
1639 2648 1727 2704 ille
1752 2664 1817 2704 ex

226 2744 460 2813 antiqua
489 2744 671 2814 potius
694 2743 929 2798 editione
962 2742 1144 2797 facere
1176 2740 1473 2796 consuevit.
1503 2738 1570 2795 Et
1595 2752 1819 2809 prorsus

225 2835 306 2893 de
331 2843 484 2890 tanto
511 2833 629 2889 viro
650 2834 853 2888 sentire
896 2832 1173 2909 indignum
1202 2840 1307 2895 est,
1332 2828 1579 2894 verbum,
1605 2836 1659 2883 et
1697 2842 1821 2884 sen-

226 2938 358 2981 sum
387 2923 906 2995 praedestinationis,
951 2937 1111 2992 quem
1143 2921 1293 2977 omni
1331 2928 1576 2991 tempore
1622 2920 1675 2974 in
1706 2919 1819 2974 suis

225 3011 454 3084 scriptis
489 3020 543 3068 et
568 3011 1037 3085 prardicationibus
1086 3010 1256 3066 tenuit
1298 3020 1355 3064 et
1396 3008 1817 3074 commendavit,

227 3113 292 3164 et
320 3119 478 3175 quem
502 3104 554 3158 in
582 3103 733 3161 libris
779 3102 1244 3159 Relractationum
1267 3115 1604 3172 nequaquam
1630 3113 1815 3171 repre-

228 3161 520 3257 hendendo
551 3196 735 3265 utique
771 3194 1108 3266 approbavit,
1139 3195 1193 3249 in
1220 3194 1325 3249 hoc
1351 3161 1534 3249 libello
1554 3161 1819 3249 evacuare
1845 3161 1890 3223 ο

228 3298 293 3347 et
314 3289 592 3345 destruere
628 3287 955 3353 inveniatur,
987 3287 1175 3358 utjam
1209 3301 1277 3342 ex
1327 3284 1636 3356 huiusmodi
1660 3299 1818 3342 occa-

230 3382 410 3448 sione,
436 3396 538 3437 nec
576 3379 1053 3437 retractationibus
1076 3378 1194 3451 ejus
1235 3376 1371 3435 ﬁdes
1411 3376 1715 3434 adhibenda
1739 3376 1818 3432 vi-

232 3475 335 3530 dea
344 3482 446 3528 tur.

309 3562 462 3618 Unde
490 3561 663 3632 magis
684 3562 942 3617 credibile
965 3550 1068 3627 est,
1110 3563 1252 3631 quod
1295 3575 1403 3616 non
1431 3574 1599 3631 parvo
1644 3558 1818 3631 spatio

232 3661 357 3722 post
381 3649 499 3720 ejus
533 3649 738 3704 obitum
768 3663 799 3702 a
823 3649 1058 3719 quodam
1096 3646 1203 3702 alio
1228 3647 1462 3718 scriptus
1496 3648 1587 3713 sit,
1617 3656 1674 3702 et
1698 3661 1818 3701 ma-

235 3758 341 3812 gna
369 3755 437 3795 ex
490 3747 643 3810 parte
683 3740 838 3811 juxta
885 3739 1125 3805 modum,
1178 3747 1234 3793 et
1283 3737 1512 3794 formam
1560 3752 1820 3794 sensuum

236 3831 376 3900 ejus,
403 3838 590 3887 contra
632 3827 972 3897 Pelagianos,
1020 3839 1076 3883 et
1125 3826 1485 3884 Cuelestianos
1532 3827 1820 3883 haereticos

237 3924 306 3980 de
330 3922 437 3978 illis
461 3922 697 3997 quinque
722 3920 1202 3993 periculosioribus
1222 3934 1409 3975 eorum
1434 3919 1820 3991 quaestionibus

234 4012 477 4070 breviter
531 4011 787 4068 collectus
817 4018 977 4080 atque
1023 4010 1303 4079 digestus;
1355 4017 1411 4064 et
1457 4008 1581 4079 quia
1631 4016 1820 4063 auctor

236 4104 374 4175 ejus,
406 4104 574 4181 ipsius
612 4105 756 4161 beati
785 4103 1071 4175 Augustini
1131 4116 1322 4158 sensus
1365 4102 1518 4157 brevi
1553 4100 1656 4156 isto
1683 4114 1820 4170 opu-

236 4195 387 4253 sculo
412 4195 552 4253 velut
578 4196 631 4252 in
660 4212 824 4251 unum
851 4195 1129 4267 collegisse
1152 4202 1207 4250 et
1233 4193 1559 4263 explicuisse
1583 4192 1815 4255 videtur,

234 4286 360 4342 ideo
391 4285 491 4357 ipsi
512 4285 770 4356 opusculo
798 4298 993 4341 nomen
1026 4284 1203 4340 sancti
1248 4283 1535 4356 Augustini
1578 4283 1632 4338 in
1665 4281 1819 4338 titulo

233 4376 494 4447 praeferre
520 4375 788 4432 voluerit:
826 4391 931 4431 non
963 4377 1104 4445 quod
1147 4390 1276 4430 vere
1316 4376 1384 4429 ab
1412 4373 1502 4429 illo
1530 4374 1599 4430 sit
1619 4373 1816 4440 editus,

233 4468 330 4524 sed
371 4481 498 4523 vere
525 4468 603 4539 (in
628 4479 887 4538 quantum
919 4476 1106 4523 auctor
1133 4463 1249 4535 ejus
1285 4466 1479 4537 potuit)
1504 4466 1657 4538 juxta
1701 4465 1816 4522 for-

235 4572 380 4612 mam
411 4558 835 4629 disputationum
865 4557 982 4627 ejus
1008 4558 1246 4629 digestus
1275 4567 1436 4629 atque
1463 4558 1811 4630 compositus.

235 4647 419 4719 (Velut
444 4648 487 4703 si
515 4648 764 4705 eumdem
795 4646 1053 4718 libellum)
1099 4647 1290 4703 Latine
1324 4667 1342 4699 ι
1380 4648 1812 4705 Memoratorium

233 4737 413 4795 sancti
450 4737 736 4808 Augustini
772 4756 790 4789 ι
824 4736 1094 4807 appellare
1144 4736 1426 4804 voluisset,
1455 4738 1588 4792 nihil
1631 4737 1815 4812 utique

234 4828 380 4885 aliud
403 4828 813 4898 intelligeretur,
839 4827 944 4882 nisi
984 4827 1107 4897 quia
1138 4826 1266 4881 illud
1298 4828 1441 4897 quod
1474 4830 1542 4884 ab
1571 4844 1636 4885 eo
1662 4844 1813 4900 spar-

235 4919 361 4985 sim,
388 4928 442 4974 et
468 4918 835 4989 multipliciter
876 4916 1054 4973 fuerat
1089 4918 1443 4988 disputatum,
1489 4919 1729 4974 breviter
1757 4926 1814 4975 et

235 5010 384 5065 velut
409 5010 507 5065 sub
537 5006 643 5065 uno
671 5019 892 5080 aspectu
935 5010 1173 5079 positum
1217 5011 1493 5066 memoriae
1539 5026 1813 5067 commen-

237 5105 410 5163 daret.
442 5102 578 5159 Nam
624 5105 670 5159 si
724 5105 916 5160 beatus
944 5102 1277 5177 Augustinus
1325 5105 1815 5178 praedestinationis

236 5196 460 5251 verbum
487 5197 539 5250 in
573 5203 725 5267 parte
780 5196 1159 5266 reproborum,
1189 5204 1251 5251 ut
1298 5195 1491 5251 durum
1522 5204 1578 5252 et
1628 5195 1814 5255 incon-

238 5301 467 5356 gruum;
493 5286 577 5342 vel
624 5287 786 5341 etiam
814 5286 1010 5342 falsum
1041 5286 1093 5341 in
1122 5286 1235 5341 suis
1262 5285 1480 5355 scriptis
1528 5285 1813 5356 repudiare

236 5384 295 5433 et
318 5377 575 5433 damnare
611 5376 885 5441 voluisset,
928 5376 1097 5432 multo
1120 5376 1291 5448 major
1314 5384 1368 5432 et
1412 5374 1812 5431 formidolosior

237 5468 445 5529 exstitit
468 5469 719 5536 occasio;
771 5478 833 5524 ut
861 5470 962 5525 hoc
992 5470 1044 5524 in
1072 5469 1248 5535 libris,
1296 5485 1453 5540 quos,
1508 5468 1576 5525 de
1608 5470 1813 5541 praede-

237 5561 527 5617 stinatione
590 5568 901 5616 sanctorum
967 5568 1021 5615 et
1073 5561 1214 5616 dono
1274 5560 1694 5631 perseverantiae
1742 5559 1812 5615 ad

140 5714 153 5725 ,
235 5651 557 5723 Prosperum
589 5661 646 5708 et
695 5651 958 5707 llilarium
991 5653 1225 5721 scripsit,
1280 5651 1459 5707 facere
1503 5659 1808 5722 cogeretur,

235 5744 581 5815 compellente
604 5744 807 5799 scilicet
838 5752 980 5798 tanta
998 5759 1159 5815 super
1181 5744 1282 5799 hac
1306 5744 1372 5800 dc
1395 5759 1453 5799 re
1476 5742 1810 5813 querimonia

1922 550 2023 605 lias
2081 550 2343 615 virorum,
2402 549 2491 619 qui
2549 547 2667 618 ejus
2715 548 3167 619 disputationibus
3230 548 3501 603 intautum

1921 643 2151 715 permoti
2200 641 2435 707 fuerunt,
2463 650 2518 697 et
2562 642 2792 711 quodam
2827 640 2985 696 taedio
3031 639 3225 703 aﬁ‘ecti,
3265 648 3325 694 ut
3360 654 3498 709 pra:-

1922 733 2304 790 destinationis
2351 746 2590 799 sensum,
2642 734 2735 803 qui
2778 733 2846 787 ab
2876 747 2942 788 eo
2988 739 3303 787 constanter
3330 739 3379 784 et
3415 731 3525 787 ill--

1922 834 2129 881 stanter
2173 824 2585 894 praedicabatur,
2618 825 2703 880 vel
2756 825 2912 895 quasi
2970 823 3184 888 falsum,
3230 822 3314 877 vel
3344 822 3517 892 quasi

1919 916 2078 972 valde
2114 915 2474 986 periculosum
2514 917 2693 986 potius
2725 916 3007 972 tacendum
3029 928 3148 970 esse
3172 905 3496 985 judicarent.

1923 1002 2029 1063 Sed
2053 1023 2152 1064 nec
2176 1017 2322 1063 tanta
2344 1008 2771 1079 perturbatione,
2795 1016 2851 1063 et
2872 1006 3208 1079 permotione
3237 1005 3497 1071 fidelium,

1921 1100 1990 1153 ab
2035 1099 2330 1155 intentione
2365 1099 2731 1155 veracissimte
2775 1107 2829 1154 et
2870 1096 3198 1153 ﬁdelissima;
3240 1096 3501 1159 doctrina

1921 1205 2031 1246 suae
2082 1190 2253 1262 frangi
2291 1190 2488 1262 potuit,
2534 1198 2629 1244 aut
2671 1189 2937 1245 revocari.
2995 1188 3102 1244 Sed
3133 1187 3305 1258 magis
3333 1202 3426 1243 eos
3448 1194 3503 1243 et

1920 1283 2136 1352 scriptis
2161 1283 2272 1337 suis
2327 1283 2644 1353 inquantum
2696 1281 2870 1352 potuit
2912 1268 3192 1337 admonuit
3219 1288 3275 1334 et
3302 1280 3505 1334 instru-

1918 1373 2019 1438 xit,
2051 1381 2107 1427 et
2135 1372 2469 1428 orationibus
2499 1373 2638 1443 apud
2682 1372 2849 1426 Deum
2879 1371 3114 1443 profusis
3142 1369 3372 1425 ﬁdeliter
3400 1369 3503 1424 ad-

1911 1462 2073 1533 juvit,
2125 1472 2183 1517 ut
2228 1461 2589 1533 intelligerent
2619 1471 2673 1517 et
2700 1468 3057 1533 agnoscerent
3103 1475 3267 1530 quam
3309 1474 3501 1514 neces-

1918 1554 2084 1619 sario,
2115 1561 2169 1607 et
2191 1568 2351 1623 quam
2385 1552 2675 1607 salubriter
2709 1559 2932 1622 propter
2977 1546 3500 1606 commendationem

1919 1644 2113 1700 divinae
2149 1643 2336 1715 gratia:
2357 1642 2596 1713 ejusdem
2634 1641 3127 1713 prmdestinationis
3149 1639 3353 1695 veritas
3382 1653 3500 1695 om-

1919 1736 2049 1790 nino
2078 1744 2133 1790 et
2163 1735 2431 1790 credenda
2455 1742 2510 1789 et
2532 1733 2874 1804 praedicanda
2905 1740 3067 1789 esset.
3492 1734 3497 1743 ‘

1849 1810 1894 1870 Β
1990 1826 2261 1898 Pelagiani
2275 1840 2403 1881 vero
2423 1825 2660 1886 haeretici
2679 1841 2952 1897 nunquam
2972 1824 3496 1896 praedestinationem

1922 1919 1976 1974 in
1998 1927 2151 1991 parte
2181 1919 2554 1990 reproborum,
2590 1919 2715 1990 quia
2742 1919 2824 1992 (ut
2845 1917 3121 1993 putamus)
3150 1927 3205 1976 et
3231 1931 3416 1974 veram
3443 1924 3508 1973 et

1914 2012 2120 2083 justam
2165 2025 2289 2065 esse
2337 2010 2740 2077 intellexerunt,
2772 2012 2827 2065 in
2875 2011 2992 2082 ejus
3046 2008 3520 2079 disputationibus.

1919 2101 2329 2172 reprehendisse
2354 2101 2701 2156 inveniuntur
2729 2119 2743 2156 :
2784 2101 2877 2157 sed
2907 2100 3275 2156 tantummodo
3306 2086 3360 2154 in
3390 2097 3517 2155 ele-.

1920 2201 2129 2248 ctorum
2160 2200 2221 2246 ut
2274 2191 2511 2247 divinam
2538 2192 2768 2263 gratiam
2797 2192 3161 2256 destruerent,
3192 2196 3247 2244 et
3267 2188 3499 2244 liberum

1919 2284 2202 2340 arbitrium
2240 2283 2477 2339 hominis
2524 2282 2769 2340 suﬁicere
2817 2283 3221 2348 conﬁrmarent,
3250 2294 3368 2337 eam
3399 2295 3497 2336 ne-

1919 2384 2220 2451 gaverunt;
2273 2376 2399 2446 quia
2427 2374 2694 2440 videlicet,
2744 2374 2788 2430 si
2818 2375 3160 2445 omnipotens
3203 2371 3498 2429 Deusanto
3524 2404 3537 2413 ρ

1919 2467 2107 2523 mundi
2126 2468 2583 2532 constitutionem,
2614 2482 2752 2536 quos
2794 2467 3099 2522 salvaturus
3145 2474 3290 2522 esset
3311 2464 3497 2536 elegit,

1919 2550 1975 2614 et
2002 2558 2142 2613 dona
2169 2573 2289 2622 sua,
2325 2572 2444 2627 quae
2472 2557 2552 2612 eis
2575 2557 2867 2628 largiturus
2899 2556 3095 2623 fuerat,
3147 2555 3498 2628 praedestina-

1920 2648 2021 2714 vit,
2056 2657 2235 2704 cessat
2261 2647 2350 2703 hic
2391 2646 2569 2703 omnis
2595 2648 2815 2703 humani
2867 2648 3075 2704 arbitrii
3127 2649 3527 2719 praesumptio,.

1919 2749 1976 2797 et
2002 2739 2116 2796 sola
2175 2739 2270 2795 Dei
2296 2740 2470 2809 gratia
2499 2739 2900 2796 evidentissime
2925 2748 2980 2796 et
3011 2740 3321 2796 firmissime
3349 2755 3499 2797 com-

1922 2832 2237 2896 mendatur,
2266 2845 2366 2903 per
2392 2845 2554 2901 quam
2607 2830 2783 2901 ipsum
2823 2829 2988 2887 etiam
3037 2832 3330 2886 humanum
3353 2830 3513 2889 urbis

1922 2921 2109 2987 trium,
2141 2930 2197 2977 et
2243 2937 2274 2976 a
2326 2922 2591 2977 servitute
2641 2922 2853 2994 peccati
2902 2922 3185 2990 liberatur,
3218 2932 3274 2978 et
3300 2920 3496 2978 divinis

1922 3011 2236 3070 muneribus
2288 3012 2599 3070 illustratur.
2632 3013 2808 3084 Atque
2835 3014 2909 3068 ita
2935 3013 3166 3068 evidenti
3198 3021 3252 3069 et
3298 3012 3496 3069 invicta

1924 3105 2154 3173 ratione,
2187 3113 2361 3162 totum
2387 3105 2701 3162 eorumdem
2745 3105 3153 3178 Pelagianorum
3197 3103 3414 3173 falSum,
3443 3116 3501 3162 et

1921 3195 2083 3253 fallax
2108 3198 2299 3267 dogma
2324 3197 2637 3253 destruitur.

1988 3287 2104 3345 Non
2131 3302 2261 3360 ergo
2292 3296 2475 3344 tantus
2498 3288 2688 3344 doctor
2723 3304 2907 3345 veram
2943 3288 3107 3344 divini
3148 3287 3333 3360 iudicii
3361 3302 3499 3361 prae.

1920 3376 2336 3433 destinationem
2388 3377 2457 3432 de
2505 3366 2853 3433 damnatione
2899 3379 3249 3449 reproborum
3304 3376 3359 3431 in
3407 3374 3516 3435 illo.

1921 3467 2382 3539 Hypomnesticon
2409 3466 2590 3522 libello
2617 3467 2854 3538 negavit,
2878 3482 3038 3536 quam
3065 3466 3263 3536 ubique
3307 3465 3360 3520 in
3386 3466 3503 3521 suis

1920 3563 2139 3632 scriptis
2185 3560 2453 3617 asseruit:
2501 3560 2596 3616 sed
2645 3561 2784 3616 alius
2823 3562 3063 3631 quidam,
3117 3570 3177 3616 ut
3220 3567 3498 3632 putamus,

1921 3667 2063 3708 nova
2088 3651 2431 3722 postmodum
2459 3651 2698 3722 ipsorum
2746 3650 3157 3721 Pelagianorum
3184 3652 3504 3723 insurgento

1921 3742 2187 3798 calumnia
2236 3741 2384 3798 velut
2429 3756 2528 3813 per
2575 3740 2720 3798 illam
2751 3743 3278 3814 prtedestinationem
3315 3757 3511 3818 repro-.

1919 3833 2112 3889 borum
2158 3832 2228 3887 ad
2269 3831 2545 3887 interitum
2596 3830 2698 3888 hoc
2738 3831 2958 3888 doceret
3005 3831 3291 3899 Ecclesia;
3340 3832 3519 3904 quasi.

1920 3922 2065 3978 Deus
2112 3937 2208 3978 sua
2258 3921 2731 3993 praedestinatione
2784 3923 3163 3982 necessitatem
3199 3924 3517 3994 imponeret.

1919 4013 2246 4080 hominibus,
2277 4021 2333 4068 et
2356 4011 2409 4068 in
2435 4013 2548 4069 suis
2566 4014 2933 4086 impietatibus
2956 4016 3328 4087 permanendi,
3359 4024 3414 4071 et
3441 4015 3495 4071 in
3519 4071 3522 4075 ,

1917 4111 2179 4158 aeternum
2226 4102 2511 4174 pereundi,
2558 4102 2829 4181 subtraxit
2871 4105 3096 4164 verbum
3145 4104 3497 4175 praedestina-

1919 4194 2081 4252 tionis
2111 4195 2163 4250 in
2185 4203 2337 4265 parte
2365 4194 2716 4263 reproborum
2741 4209 2760 4254 ξ
2812 4196 2954 4268 quod
2995 4195 3174 4269 potius
3201 4193 3496 4250 secundum

1918 4283 2200 4339 veritatem
2223 4282 2387 4337 divini
2409 4282 2619 4353 judicii,
2644 4291 2699 4338 et
2728 4280 3013 4355 diligenter
3032 4284 3248 4354 exponi,
3272 4291 3327 4337 et
3348 4297 3496 4337 com-

1917 4373 2161 4429 mendari
2213 4382 2528 4444 oportuerat
2554 4392 2573 4433 :1
2600 4383 2655 4429 et
2689 4373 2856 4431 solam
2896 4374 3187 4431 electorum
3217 4374 3497 4444 praedesti-

1917 4464 2192 4518 nationem
2215 4470 2440 4521 conatus
2469 4471 2553 4518 est
2581 4476 2825 4519 asserere
2856 4480 2871 4529 ;
2909 4472 3073 4538 atque
3120 4464 3197 4517 ita
3224 4463 3352 4517 dum
3378 4463 3496 4520 vult
3552 4498 3555 4513 ς

1920 4553 2068 4609 illam
2126 4551 2382 4616 refutare,
2421 4560 2477 4609 et
2520 4566 2798 4613 removere
2845 4552 3192 4619 calumniam,
3242 4568 3492 4626 magnam

1920 4643 2124 4700 erroris
2181 4642 2522 4699 occasionem
2572 4643 2738 4711 dedit,
2783 4653 2846 4702 ut
2887 4643 3074 4701 eadem
3119 4651 3231 4699 tam
3279 4659 3408 4700 vera
3437 4650 3509 4703 et.

1890 4734 2205 4791 'manifesta
2236 4733 2290 4788 in
2323 4733 2669 4791 damnatione
2700 4735 3054 4811 reproborum
3080 4735 3257 4792 divina
3279 4735 3491 4806 praede-
3577 4810 3582 4817 θ

1914 4825 2134 4881 stlnatio
2163 4825 2308 4885 nulla
2330 4840 2452 4882 esse
2474 4828 2804 4895 crederetur,
2836 4835 2890 4883 et
2919 4836 3171 4899 tanquam
3212 4828 3357 4885 nulla
3397 4828 3490 4895 sit,

1915 4924 2224 4988 negaretur.
2253 4915 2591 4989 Quapropter
2618 4918 2905 4991 diligenter
2957 4919 3233 4991 inquisita,
3278 4929 3335 4976 et
3378 4921 3492 4976 evi-

1915 5007 2108 5067 denter
2132 5008 2313 5081 agnita
2343 5009 2589 5073 veritate,
2642 5018 2820 5067 cesset
2874 5011 3151 5066 contentio
3183 5019 3239 5066 et
3282 5010 3492 5067 animo-

1912 5101 2044 5158 sitas
2093 5102 2319 5169 erroris,
2358 5111 2415 5163 et
2440 5102 2765 5175 suscipiatur
2792 5103 3022 5160 libenter
3050 5111 3210 5175 atque
3232 5104 3488 5161 obedien-

1916 5200 2000 5248 ter
2024 5192 2382 5249 manifestatio
2431 5193 2695 5249 veritatis.
2739 5188 2810 5251 Ut
2859 5201 3039 5249 autem
3086 5194 3323 5265 quinque
3370 5193 3490 5250 illas

1915 5284 2259 5354 qurestiones,
2277 5285 2390 5340 sive
2415 5285 2780 5356 oppositiones
2802 5284 3211 5356 Pelagianorum
3237 5286 3289 5340 in
3310 5284 3487 5351 libris,

1922 5393 2060 5449 quos
2091 5380 2158 5435 de
2188 5378 2518 5449 expositione
2548 5377 2792 5443 Genesis,
2836 5379 2976 5435 idem
3026 5378 3216 5434 beatus
3241 5378 3490 5450 Augusti-

1916 5484 2019 5524 nus
2067 5477 2255 5524 contra
2303 5481 2518 5525 errores
2575 5477 2631 5525 et
2685 5468 3014 5541 blasphemia
3070 5468 3502 5527 Manichaeorum.

1919 5559 2139 5630 scripsit
2167 5566 2633 5624 commemoraret,
2661 5573 2762 5615 nec
2790 5560 2842 5615 in
2864 5558 3064 5615 nostris
3092 5557 3368 5614 codicibus
3404 5557 3503 5610 in-.

1920 5652 2154 5717 venitur,
2205 5665 2305 5706 nec
2331 5649 2437 5704 ulla
2472 5650 2609 5706 ratio
2638 5665 2758 5707 esse
2798 5651 3043 5707 videtur:
3093 5650 3218 5721 quia
3261 5646 3488 5703 manife-

1922 5752 2062 5798 stum
2098 5740 2433 5809 omninoest,
2468 5742 2677 5813 quandc
2710 5741 2928 5799 eosdem
2952 5741 3118 5797 libros
3139 5737 3282 5796 idem
3306 5746 3503 5800 auctor.
