3966 6334
431 258 569 314 1017

1423 257 1482 311 S.
1523 254 1782 312 REMlGﬂ
1818 251 2301 312 LUGDUNENSIS
2337 254 2646 313 EPISCOPI

3566 256 3715 312 ωε

429 372 771 445 conscripsit,
817 373 1010 445 primis
1035 372 1149 429 fere
1183 371 1358 429 adhuc
1406 372 1738 443 temporibus
1775 385 2005 428 conver-
2032 372 2083 432 Α
2109 370 2255 425 tione
2284 370 2493 428 occulte
2529 372 2768 443 quidem,
2800 372 3063 444 sed.juste
3092 373 3144 431 id
3163 373 3474 446 judicavit:
3517 393 3536 426 ι
3580 374 3714 431 Non

431 466 623 531 tionis,
650 466 764 522 sive
807 464 1126 537 presbyterii
1172 464 1277 529 sui,
1307 463 1538 519 necdum
1588 457 1716 519 tunc
1765 462 2005 533 Pelagia-

433 573 628 613 norum
650 571 843 612 nomen
866 564 958 611 aut
980 556 1229 611 haeresim
1252 556 1558 622 exstitisse;
1588 556 1683 611 sed
1705 554 1866 626 longo
1884 562 2007 624 post

433 658 698 720 tempore,
751 654 807 701 et
857 646 1042 702 multis
1086 645 1547 702 intercedentibus
1608 645 1765 700 annis
1815 659 2005 699 eorum

434 739 700 795 insaniam
752 745 915 808 atque
972 736 1430 810 impugnationem
1477 745 1667 792 contra
1708 734 2006 792 Ecelesiam

431 828 751 907 surrexisse.
787 827 852 882 Et
873 826 995 883 ideo
1029 825 1172 897 quod
1199 841 1374 897 neque
1399 826 1465 881 ad
1494 825 1817 882 Manichaeos
1844 826 2008 879 haere-

432 922 565 975 ticos
592 918 918 991 pertinebat,
973 933 1151 989 neque
1198 934 1229 974 a
1279 917 1601 989 Pelagianis,
1642 917 1734 988 qui
1776 917 2006 973 necdum

429 1009 604 1065 exorti
659 1007 892 1073 fuerant,
937 1007 1242 1065 nullatenus
1287 1008 1485 1080 opponi
1531 1015 1803 1078 potuerat,
1860 1007 2007 1063 nulla

428 1113 654 1169 prorsus
686 1099 827 1154 ratio
852 1099 1135 1169 permittit,
1179 1109 1238 1153 ut
1268 1100 1413 1169 quod
1456 1099 1634 1155 adhuc
1676 1099 1893 1169 penitus
1923 1097 2007 1154 fu—

430 1197 611 1244 turum
632 1187 1004 1260 ignorabatur,
1036 1188 1090 1243 in
1116 1188 1223 1245 illis
1272 1188 1426 1244 libris
1479 1188 1628 1244 velut
1673 1196 2004 1244 transactum

428 1289 964 1353 commemoraretur.
1006 1280 1147 1335 Sunt
1197 1278 1413 1350 quidem
1459 1279 1605 1335 circa
1635 1279 1795 1335 linem
1841 1279 2007 1334 libro-

428 1386 550 1442 rum
596 1373 907 1428 earumdem
955 1372 1194 1427 breviter
1227 1379 1416 1425 contra
1454 1369 1779 1425 Manichaeos
1818 1384 2009 1439 propo~

427 1464 568 1531 sitae,
594 1473 756 1535 atque
801 1460 1060 1535 expositae
1088 1463 1334 1535 quaedam
1364 1463 1603 1533 quinque
1632 1461 1958 1533 quaestiones
1986 1477 2000 1525 ;

428 1557 524 1613 sed
552 1557 620 1612 ad
650 1555 970 1627 Pelagianos
1013 1554 1147 1610 nihil
1184 1554 1541 1626 pertinentes,
1571 1562 1628 1609 et
1673 1567 1859 1611 eorum
1888 1550 2005 1606 nul-

426 1644 538 1701 lam
562 1645 878 1701 memoriam
907 1645 1185 1701 facientes.

992 1778 1221 1838 CAPUT
1255 1775 1493 1835 XXXVI.

503 1891 582 1948 De
628 1891 778 1949 libris
816 1890 1097 1963 Augustini
1125 1891 1193 1945 ad
1217 1887 1535 1961 Prosperum
1564 1896 1613 1942 et
1645 1884 1934 1940 Hilarium.

440 2077 449 2083 .
496 2004 630 2062 ιιιυά
672 2006 885 2077 quoque
929 2003 1072 2077 quod
1097 2002 1232 2060 dixit
1258 2002 1491 2072 scriptor
1532 1998 1784 2070 Epistola:
1808 2012 1823 2051 :
1848 1996 2006 2069 [Quia

428 2099 665 2157 inlibris
691 2099 760 2154 ad
781 2097 1106 2175 Prosperum
1143 2104 1197 2153 et
1239 2094 1500 2151 Hilarium
1536 2091 1752 2161 scriptis
1787 2091 1852 2145 de
1879 2105 2009 2160 prm-

426 2189 787 2261 destinatione
836 2188 1165 2246 Sanctorum
1192 2227 1209 2253 ,
1262 2195 1319 2243 et
1368 2184 1511 2240 dono
1570 2182 2004 2254 perseverantiae,

428 2281 562 2339 nihil
591 2281 731 2337 idem
757 2281 948 2337 doctor
975 2278 1170 2335 dixerit
1199 2278 1267 2333 de
1291 2273 1769 2348 praedestinatione
1812 2287 2005 2343 repro-

424 2371 618 2427 borum
645 2370 713 2425 ad
742 2369 1066 2443 interitum]
1098 2368 1413 2425 Nullatenus
1447 2381 1633 2422 verum
1664 2379 1785 2420 esse
1809 2378 2007 2435 cogno-

424 2461 628 2518 scimus
655 2478 671 2527 ;
727 2460 1040 2531 frequenter
1063 2460 1207 2516 enim
1231 2460 1285 2514 in
1320 2458 1522 2515 eisdem
1549 2456 1700 2511 libris
1722 2456 1789 2511 de
1812 2454 2008 2510 utrius-

422 2564 530 2621 que
564 2551 757 2620 partis,
788 2552 842 2607 id
895 2561 980 2607 est
1015 2552 1311 2607 electorum
1363 2556 1419 2604 et
1463 2547 1814 2618 reproborum
1869 2561 2006 2617 pne-

423 2639 783 2697 destinatione
812 2656 955 2697 nunc
984 2639 1169 2706 simul,
1200 2654 1344 2695 nunc
1369 2637 1621 2693 distincte
1648 2638 1901 2707 disputat.
1937 2634 2006 2690 Et

422 2729 547 2787 ideo
584 2729 722 2785 liber
769 2730 856 2785 ille
897 2731 965 2786 de
999 2729 1479 2786 Praedestinatione
1531 2737 1843 2783 sanctorum
1871 2726 2003 2780 titu-

420 2819 584 2889 latur,
632 2836 740 2876 non
785 2821 913 2892 quia
939 2830 996 2876 et
1034 2822 1098 2878 de
1130 2819 1605 2892 praedestinatione
1653 2819 2004 2889 reproborum

420 2911 557 2967 nihil
602 2912 676 2968 ibi
704 2912 922 2980 dicitur,
968 2913 1064 2968 sed
1090 2912 1217 2983 quia
1244 2927 1313 2967 ex
1361 2910 1570 2966 meliori
1610 2917 1764 2980 parte
1805 2922 2001 2963 nomen

421 3004 659 3074 accepit,
702 3004 842 3059 sicut
865 3012 921 3058 et
966 3004 1022 3059 in
1046 3002 1200 3060 libris
1231 3003 1299 3058 de
1323 3001 1557 3058 Civitate
1583 3000 1701 3067 Dei,
1727 2999 1914 3070 utique
1937 2998 2003 3054 de

420 3096 705 3165 utriusque
728 3096 1054 3163 civitatibus,
1084 3103 1142 3152 et
1177 3095 1294 3163 Dei,
1324 3096 1552 3162 scilicet,
1580 3102 1637 3151 et
1663 3093 1863 3150 diaboli
1904 3108 2001 3164 pa-
2027 3074 2085 3139 Cv

330 3238 333 3239 ν
421 3189 559 3245 riter
598 3198 653 3246 et
677 3190 1048 3263 multipliciter
1072 3192 1351 3264 disputat;
1380 3200 1435 3248 et
1460 3201 1640 3248 tamen
1691 3207 1760 3247 ex
1789 3190 2002 3248 meliori

421 3289 581 3353 parte
608 3281 773 3338 libros
800 3283 867 3339 de
896 3283 1126 3340 Civitate
1160 3283 1255 3341 Dei
1306 3283 1477 3341 voluit
1524 3283 1816 3354 appellare.
1866 3283 2003 3351 Qulh

420 3389 555 3448 ergo
591 3376 819 3433 multum
870 3378 938 3435 ad
989 3387 1311 3449 praesentem
1364 3378 1739 3449 quaestionem,
1793 3377 1885 3433 ubi
1937 3379 2006 3434 de

423 3468 603 3524 divina
628 3469 1103 3539 praedestinatione
1129 3472 1325 3543 agitur,
1375 3470 1744 3525 necessarium
1770 3470 2001 3536 videtur,

421 3568 727 3633 opportune
749 3569 912 3633 atque
934 3562 1142 3619 utiliter
1168 3562 1287 3618 ﬁeri
1312 3561 1708 3625 existimamus,
1735 3569 1795 3616 ut
1824 3561 2006 3631 aliqua

421 3667 492 3709 ex
511 3652 713 3709 eisdem
739 3652 889 3709 libris
922 3653 989 3708 ad
1017 3654 1158 3710 hanc
1181 3668 1292 3708 rem
1311 3652 1634 3723 pertinentia
1665 3650 2004 3723 agnoscenda

421 3749 480 3797 et
496 3743 723 3798 tenenda
748 3741 1048 3814 legentibus
1068 3755 1451 3813 Proponamus.
1476 3739 1566 3796 Ait
1588 3740 1752 3812 igitur
1770 3739 2002 3810 quodam

421 3833 545 3891 loco
573 3834 913 3904 distinguens
961 3841 1246 3902 utramque
1281 3830 1835 3903 praedestinationem,
1863 3830 2005 3885 sicut

417 3919 531 3989 jam
560 3921 807 3992 superius
847 3922 1269 3977 memoravimus
1310 3919 1396 3992 (de
1439 3918 1697 3974 Prwdeal.
1730 3929 1918 3983 sanct.,
1951 3934 2001 3975 c.

423 4013 553 4084 10):
586 4013 1016 4085 [Przedestinatio
1069 4014 1166 4070 Dei
1215 4030 1337 4085 qua:
1388 4014 1442 4068 in
1480 4005 1770 4075 bono'est,
1818 4013 2005 4082 gratia:

421 4110 507 4159 est
548 4103 903 4173 praeparatio;
947 4104 1122 4173 gratia
1186 4117 1315 4157 vero
1363 4113 1448 4158 est
1495 4102 1664 4172 ipsius
1728 4102 2007 4172 praedesti—

422 4194 658 4250 uationis
707 4191 995 4265 eﬂ'ectus.]
1061 4192 1198 4249 Item
1249 4192 1374 4248 alibi
1424 4191 1562 4263 (cap.
1610 4191 1702 4263 20)
1749 4210 1763 4245 :
1810 4191 2005 4264 [Tanta

420 4284 621 4358 quippe
673 4284 742 4340 ab
803 4284 1040 4340 inimicis
1085 4280 1288 4339 Iudaeis
1335 4296 1531 4337 manus
1585 4280 1687 4339 Dei
1728 4289 1785 4337 et
1829 4282 2009 4338 consi-

419 4375 553 4430 lium
585 4374 985 4445 prredestinavit
1015 4374 1159 4441 fieri,
1205 4382 1407 4445 quanta
1455 4371 2004 4429 necessariafuerant

2104 461 2247 516 enim
2301 471 2385 518 est
2415 463 2675 534 iniquitas
2726 464 2871 535 apud
2920 465 3086 520 Deum
3114 504 3132 530 ,
3187 466 3285 523 sed
3318 466 3720 521 iuserutabilia

2104 561 2231 608 sunt
2274 551 2479 622 judicia
2524 553 2659 622 ejus,
2701 563 2756 611 et
2784 554 3188 627 investigabiles
3235 555 3342 611 viae
3366 557 3488 626 ejus
3520 554 3717 627 (Rom.

2104 659 2165 709 ll,
2193 643 2306 716 55).
2343 644 2390 717 ι]
2419 643 2553 701 Item
2583 646 2655 702 ibi
2686 656 2808 717 post
2830 647 3107 718 paululum
3138 647 3315 718 (ξιτεδ.)
3346 665 3359 701 :
3395 647 3705 720 [Duorum,

2105 733 2300 804 inquit,
2354 737 2712 807 geminorum,
2752 754 2983 808 quorum
3013 755 3153 795 unus
3186 740 3487 794 assumitur
3509 780 3526 803 ,
3557 754 3714 793 unus

2105 826 2453 898 relinquitur,
2482 827 2669 898 dispar
2695 839 2780 885 est
2810 829 3011 897 exitus,
3033 830 3224 886 merita
3254 831 3596 885 communia.
3651 829 3717 883 In

2104 916 2297 987 quibus
2319 926 2499 973 tamen
2524 919 2605 973 sic
2633 918 2772 974 alter
2797 935 2993 991 magna
3022 920 3114 976 Dei
3138 921 3379 976 bonitate
3406 921 3717 985 liberatur,

2104 1018 2166 1063 ut
2192 1007 2328 1064 alter
2352 1008 2493 1064 nulla
2522 1009 2637 1079 ejus
2684 1011 2970 1082 iniquitate
2993 1011 3322 1068 damnetur:
3377 1032 3396 1065 ι
3436 1012 3717 1082 Nunquid

2105 1099 2248 1153 enim
2280 1109 2363 1154 est
2392 1100 2646 1169 iniquitas
2677 1103 2817 1173 apud
2832 1103 3028 1169 Deum,
3050 1103 3190 1158 absit
3214 1101 3387 1175 (Rom.
3414 1119 3495 1167 ix,
3526 1102 3624 1172 14)
3648 1120 3665 1155 :
3692 1123 3714 1153 ι

2107 1190 2202 1244 sed
2234 1207 2253 1241 ι
2290 1190 2693 1262 investigabilcs
2743 1201 2871 1249 sunt
2899 1197 2998 1249 viae
3038 1194 3225 1264 ipsius.
3257 1214 3277 1246 ι
3310 1195 3502 1264 Itaque
3532 1195 3718 1250 mise-

2105 1278 2393 1335 ricordiam
2421 1282 2537 1352 ejus
2562 1283 2616 1337 iu
2641 1283 2724 1338 his
2749 1284 2843 1353 qui
2875 1283 3192 1348 liberantur,
3223 1293 3282 1340 et
3302 1285 3603 1339 veritatem
3656 1285 3717 1339 in

2106 1371 2192 1428 bis
2220 1371 2309 1441 qui
2337 1372 2630 1441 puniuntur
2656 1372 2773 1429 sine
2799 1373 3132 1429 dubitatione
3168 1377 3476 1429 credamus.
3512 1373 3719 1444 Neque

2107 1460 2476 1516 inscrutabilia
2530 1464 2784 1529 scrutari,
2846 1473 2942 1519 aut
2989 1464 3381 1535 investigabilia
3423 1465 3720 1536 vestigare

2106 1550 2410 1607 conemur.1
2435 1552 2500 1605 Et
2525 1553 2631 1609 alio
2659 1552 2776 1609 loco
2806 1554 2944 1625 (cap.
2974 1555 3062 1624 14)
3088 1570 3102 1609 :
3129 1554 3280 1626 [llaec
3304 1563 3389 1610 est
3409 1556 3717 1625 prmdesti-

2107 1641 2255 1696 natio
2298 1651 2609 1697 sanctorum
2656 1643 2796 1700 nihil
2820 1644 2965 1701 aliud
3005 1647 3368 1716 prmscientia,
3403 1646 3631 1702 scilicet
3657 1655 3722 1702 et

2038 1727 2085 1787 B
2113 1732 2431 1801 praeparatio
2457 1733 2842 1791 beneficiorum
2866 1736 2979 1803 Dei,
3007 1738 3204 1808 quibus
3229 1737 3537 1794 certissime
3566 1737 3721 1793 lihe-

2110 1830 2333 1889 rantur,
2373 1824 2722 1894 quiilcunque
2749 1826 3069 1883 liberantur.
3123 1826 3316 1884 Caneri
3368 1837 3558 1883 autem
3614 1829 3718 1883 ubi

2108 1913 2213 1968 nisi
2246 1914 2299 1968 in
2339 1930 2516 1970 massa
2555 1917 2876 1989 perditionis
2922 1916 3070 1987 justo
3096 1918 3277 1974 divino
3300 1917 3511 1988 judicio
3541 1920 3719 1973 relin-

2108 2003 2402 2076 quuntur.1
2450 2005 2517 2059 Et
2566 2006 2801 2062 iterum:
2860 2005 2967 2079 [An
3008 2007 3150 2063 forte
3194 2023 3296 2064 nec
3349 2009 3465 2078 ipsa
3513 2010 3718 2063 dicunt

2106 2098 2485 2166 pnedestiuata
2513 2115 2525 2152 :
2559 2114 2688 2168 ergo
2721 2114 2823 2154 nec
2846 2100 3045 2155 dantur
3071 2114 3109 2155 a
3128 2100 3260 2166 Deo,
3288 2108 3384 2155 aut
3416 2083 3486 2155 ea
3519 2116 3579 2156 se
3612 2103 3716 2156 da-

2108 2195 2288 2242 turum
2341 2202 2461 2244 esse
2506 2190 2755 2244 nescivit.
2804 2189 2958 2258 Quod
3002 2191 3049 2246 si
3098 2199 3158 2246 et
3204 2191 3426 2257 dantur,
3464 2201 3527 2247 et
3554 2207 3620 2247 ea
3650 2208 3715 2248 se

2105 2278 2356 2333 daturum
2395 2293 2517 2334 esse
2547 2280 2848 2350 praescivit,.
2874 2279 3120 2351 profecto
3141 2281 3598 2354 praedestinaviL]
3640 2283 3716 2337 Et

2105 2370 2301 2425 iterum
2332 2388 2346 2425 :
2402 2369 2579 2442 [Nulla
2627 2386 2726 2427 sua
2772 2370 2955 2428 futura
2988 2374 3130 2429 dona
3158 2382 3215 2428 et
3244 2388 3366 2444 quae
3394 2372 3579 2429 danda
3616 2390 3711 2430 es-

2106 2470 2243 2524 sent,
2281 2469 2337 2516 et
2379 2462 2578 2530 quibus
2621 2461 2797 2518 danda
2848 2471 3033 2519 essent
3082 2463 3250 2519 Deum
3300 2478 3411 2518 non
3437 2465 3709 2533 pnescire

2103 2552 2385 2624 potuisse:
2442 2568 2506 2608 ac
2550 2569 2646 2624 per
2681 2553 2787 2609 hoc
2837 2554 3249 2626 praedestinatos
3303 2555 3373 2610 ab
3427 2554 3523 2610 illo
3557 2570 3707 2619 esse,

2103 2658 2240 2715 quos
2283 2642 2476 2699 liberat
2518 2652 2574 2699 ct
2599 2643 2870 2717 coronat.]
2904 2644 3035 2699 ltem
3089 2644 3252 2700 alibi:
3296 2642 3454 2716 [Sine
3480 2644 3705 2700 dubita-

2106 2734 2250 2789 tione
2281 2735 2425 2790 enim
2463 2735 2752 2805 prtescivit,
2801 2735 2848 2790 si
2872 2734 3314 2807 praedestinavit;
3349 2734 3447 2791 sed
3483 2736 3703 2804 praede-

2103 2827 2357 2891 stinasse,
2387 2827 2595 2882 esthoc
2623 2827 2901 2897 praescisse
2944 2826 3087 2897 quod
3132 2824 3311 2881 fuerat
3364 2826 3485 2896 ipse
3516 2825 3701 2881 factu-

2103 2914 2247 2989 rus.]
2273 2916 2398 2972 Haec
2423 2931 2489 2971 ex
2517 2932 2680 2987 supra
2710 2917 3022 2974 memoratis
3048 2917 3195 2972 beati
3217 2915 3513 2987 Augustini
3542 2916 3705 2971 libris

2103 3007 2342 3064 breviter
2370 3007 2763 3064 consideranda
2790 3009 3205 3080 proposuimus,
3230 3016 3292 3064 ut
3327 3008 3526 3064 divina:
3558 3023 3702 3076 pra:-

2105 3100 2343 3155 scieutiae
2387 3109 2441 3155 et
2466 3100 2961 3171 przeilestiuationis
2986 3109 3247 3157 aeternam
3276 3109 3334 3156 et
3359 3099 3703 3156 immobilem

2103 3190 2386 3245 veritatem
2439 3190 2722 3261 perspicue
2773 3207 2901 3247 eum
2941 3191 3189 3247 docuisse
3217 3231 3233 3257 ,
3282 3200 3340 3247 et
3390 3190 3702 3248 leﬂcntibus

2105 3281 2513 3338 commendasse
2538 3281 2844 3339 certissime
2872 3297 3277 3354 cognoscamus.

2635 3393 2867 3451 CAPUT
2903 3392 3167 3450 XXXVII.

2519 3486 2595 3542 De
2615 3487 2785 3559 gratia
2805 3496 2854 3540 et
2877 3485 3008 3540 libro
3037 3485 3287 3540 arbitrio.

2175 3598 2442 3670 Sequitur:
2460 3606 2649 3654 autem
2670 3598 2727 3654 in
2761 3594 2983 3668 praefata
3019 3595 3398 3666 responsione.

2734 3720 3038 3762 ειΝεκΑιιυε
3048 3742 3058 3759 ι

2181 3840 2200 3873 ι
2230 3819 2337 3877 Sed
2365 3828 2417 3876 et
2444 3818 2637 3891 gratia,
2666 3817 2754 3874 vel
2775 3816 2950 3873 libero
2982 3815 3211 3871 arbitrio
3236 3829 3326 3886 qui
3375 3813 3576 3871 melius
3602 3831 3693 3871 sa-

2103 3914 2283 3984 piunt,
2331 3912 2404 3967 ita
2454 3911 2704 3975 credunt,
2758 3917 2814 3964 et
2864 3909 2939 3963 ita
2990 3907 3329 3978 loquuntur:
3391 3907 3701 3963 Arbitrium

2106 4003 2334 4059 liberum
2377 4002 2431 4057 in
2455 4000 2630 4072 primo
2669 3997 2889 4056 homine
2939 4015 3047 4055 non
3078 3998 3181 4054 fuit
3212 4007 3548 4065 emortuum,
3601 3999 3696 4054 sed

2104 4094 2374 4157 vitiatum,
2410 4092 2463 4147 in
2491 4090 2649 4146 nobis
2683 4098 2864 4147 autem
2912 4091 2982 4146 ad
3009 4090 3210 4146 malum
3255 4090 3525 4162 agendum
3552 4090 3695 4145 arbi-

2107 4188 2272 4243 trium
2303 4185 2444 4242 male
2483 4193 2567 4240 est
2592 4184 2852 4240 liberum:
2893 4183 3017 4253 quia
3047 4198 3077 4236 a
3105 4182 3278 4254 gratia
3302 4197 3409 4236 non
3441 4181 3690 4246 liberato,

2106 4278 2201 4334 sed
2227 4275 2365 4332 male
2388 4275 2558 4331 libero
2588 4274 2819 4331 arbitrio
2866 4273 2951 4328 usi
2980 4271 3242 4329 efﬁcimur
3278 4272 3423 4327 servi
3461 4272 3694 4341 peccati.

2105 4368 2189 4424 Ad
2227 4368 2362 4423 bene
2392 4366 2657 4439 agendum
2681 4374 2882 4431 autem,
2916 4364 3025 4420 imo
3066 4374 3121 4419 et
3146 4363 3212 4417 ad
3236 4363 3375 4417 bene
3402 4361 3695 4417 volendum

421 4438 714 4535 Evangelia
759 4472 981 4534 propter
1022 4438 1152 4522 nos.
1181 4438 1309 4535 Agit
1335 4464 1533 4534 quippe
1562 4464 1701 4519 Deus
1720 4467 1863 4534 quod
1891 4464 2003 4519 vult
2027 4438 2081 4498 Ῑ)
2111 4470 2239 4516 tunc
2262 4465 2390 4518 vere
2416 4438 2500 4515 est
2529 4468 2772 4515 nostrum
2800 4458 3084 4513 arbitrium
3108 4457 3358 4522 liberum,
3380 4470 3507 4511 cum
3536 4456 3697 4511 fuerit

420 4552 476 4606 iu
503 4551 760 4607 cordibus
807 4551 1086 4608 hominum
1116 4552 1200 4609 vel
1224 4550 1553 4620 adiuvando,
1581 4551 1667 4608 vel
1688 4552 2002 4623 iudicando,

420 4648 486 4697 ut
501 4641 666 4698 etiam
692 4657 790 4714 per
814 4657 919 4705 eos,
937 4643 1223 4714 impleatur
1250 4643 1395 4715 quod
1420 4657 1612 4699 manus
1641 4643 1734 4700 Dei
1748 4650 1803 4698 et
1828 4644 2006 4700 consi-

420 4737 556 4794 lium
597 4738 1002 4809 praedestinavit
1058 4735 1223 4809 lieri.]
1269 4736 1337 4792 Et
1389 4736 1497 4792 alio
1532 4736 1651 4792 loco
1705 4734 1810 4807 (De
1857 4735 2002 4791 dono

421 4824 658 4895 Persem,
688 4842 809 4898 cap.
841 4826 963 4899 l8):
984 4825 1134 4899 [Haec
1168 4827 1311 4882 Deus
1333 4824 1605 4882 facturum
1630 4839 1690 4880 se
1714 4838 1833 4881 esse
1860 4838 2002 4895 pra:-

419 4918 598 4974 scivit.
654 4918 771 4989 lpsa
826 4925 912 4973 est
954 4916 1357 4987 praedestinatio
1403 4923 1714 4972 sanctorum
1740 4954 1756 4981 ,
1801 4932 1820 4966 ι
1865 4930 2005 4986 quos

420 5008 583 5079 elegit
602 5008 654 5063 in
683 5008 903 5064 Christo
928 5018 1056 5064 ante
1073 5009 1513 5065 constitutionem
1544 5005 1731 5063 mundi
1757 5005 1898 5078 (Act.
1926 5022 2000 5072 IV,

422 5097 597 5172 {8).i]
630 5099 695 5155 Et
726 5102 921 5155 iterum
952 5098 1093 5171 (cap.
1130 5099 1218 5172 ll)
1244 5098 1365 5173 :[Et
1386 5097 1858 5170 parvulis,inquit,
1884 5098 2004 5168 qui-

420 5193 525 5247 hus
577 5190 710 5256 vult,
738 5190 900 5247 etiam
948 5207 1055 5248 non
1107 5191 1409 5249 volentibus
1455 5204 1631 5260 neque
1660 5188 2005 5245 currentibus

420 5281 673 5337 subvenit
700 5298 716 5347 ;
758 5296 895 5351 quos
923 5292 1048 5337 ante
1068 5282 1506 5339 constitutionem
1538 5280 1724 5336 mundi
1752 5279 1915 5352 elegit
1945 5279 2000 5335 in
2036 5323 2047 5335 .

422 5372 642 5430 Christo
680 5372 906 5428 daturus
942 5373 1020 5429 eis
1066 5374 1296 5446 gratiam
1331 5371 1539 5444 gratis:
1587 5378 1642 5427 et
1684 5369 1998 5439 majoribus,

421 5468 587 5525 etiam
612 5467 698 5524 his
748 5483 885 5539 quos
918 5468 1166 5538 praevidit
1216 5469 1262 5522 si
1306 5465 1447 5537 apud
1482 5480 1577 5523 eos
1624 5464 1766 5521 facta
1798 5473 1997 5528 essent,

425 5559 539 5631 suis
582 5560 856 5617 miraculis
905 5560 1241 5624 credituros,
1278 5559 1473 5632 quibus
1510 5574 1615 5615 non
1669 5558 1776 5613 vult
1809 5560 2002 5615 subve-

426 5646 544 5709 uir‘.
611 5665 718 5710 non
754 5649 1020 5708 subvenit.
1073 5648 1148 5705 De
1179 5649 1372 5720 quibus
1419 5649 1471 5706 in
1511 5664 1605 5704 sua
1654 5648 1999 5721 praedestina-

2111 4551 2284 4624 gratia
2326 4551 2636 4616 liberatum,
2664 4548 2806 4619 quod
2851 4565 2955 4604 non
2981 4557 3064 4604 est
3108 4549 3516 4613 resuscitatum,
3569 4548 3691 4617 quia

2113 4660 2218 4701 non
2240 4642 2343 4698 fuit
2379 4651 2725 4699 emortuum:
2756 4641 2848 4697 sed
2884 4642 3055 4713 gratia
3108 4650 3194 4696 est
3239 4649 3528 4704 sanatum;
3568 4641 3694 4710 quia

2111 4734 2243 4789 vitio
2267 4732 2367 4788 fuit
2396 4739 2732 4802 corruptum.
2766 4731 2833 4787 Et
2863 4731 3076 4803 reprobi
3111 4731 3315 4788 idcirco
3349 4746 3692 4802 nequaquam

2111 4824 2348 4882 caelestis
2374 4823 2565 4894 patria:
2605 4823 2824 4893 praemia
2868 4832 3068 4879 aeterna
3099 4824 3418 4895 percipient,
3451 4823 3579 4894 quia
3628 4837 3693 4879 ea

2108 4931 2271 4980 nunc,
2302 4916 2427 4972 dum
2461 4915 2758 4986 promereri
2789 4925 3069 4988 poterant,
3112 4932 3181 4971 ex
3225 4916 3399 4971 libero
3445 4915 3690 4978 arbitrio,

2104 5011 2548 5074 contempserunt
2578 5004 2760 5073 :quod
2789 5005 3036 5061 videlicet
3065 5005 3294 5061 liberum
3321 5006 3610 5061 arbitrium
3639 5005 3689 5060 in

2104 5100 2247 5156 bono
2270 5096 2534 5154 formatur
2573 5096 2780 5163 electis,
2826 5113 2950 5154 cum
2999 5115 3185 5155 eorum
3216 5113 3372 5154 meus
3401 5113 3435 5152 a
3462 5099 3692 5154 terrenis

2106 5189 2387 5247 desideriis
2451 5188 2627 5259 gratia
2692 5189 2970 5260 aspirante
3042 5189 3409 5259 suspenditur.
3482 5188 3689 5245 Bonum

2105 5281 2326 5353 quippe,
2373 5279 2517 5350 quod
2552 5278 2781 5351 agimus,
2808 5287 2864 5334 et
2908 5278 3002 5335 Dei
3025 5287 3131 5345 est,
3181 5287 3237 5335 et
3270 5291 3516 5336 nostrum
3545 5296 3561 5335 :
3599 5279 3691 5334 Dei

2107 5388 2207 5443 per
2228 5370 2645 5444 praevenientem
2674 5370 2904 5442 gratiam
2928 5386 2943 5438 ;
2992 5378 3236 5427 nostrum
3273 5385 3370 5441 per
3395 5369 3694 5441 obsequen-

2112 5473 2218 5521 tem
2246 5464 2469 5519 liberam
2503 5462 2867 5529 voluntatem;
2897 5464 2947 5518 si
2971 5463 3115 5518 enim
3144 5461 3238 5516 Dei
3279 5477 3385 5518 non
3414 5470 3523 5526 est,
3552 5464 3693 5516 unde

2109 5553 2160 5610 ei
2185 5554 2241 5608 in
2266 5563 2526 5609 mternum
2555 5553 2758 5623 gratias
2800 5553 3052 5624 agimus?
3100 5553 3333 5608 Rursum
3369 5552 3414 5607 si
3445 5560 3689 5607 nostrum

2099 5660 2218 5702 .uon
2269 5652 2375 5711 est,
2429 5644 2568 5700 unde
2616 5644 2771 5701 nobis
2816 5645 3038 5701 retribui
3089 5645 3307 5716 praemia
3368 5644 3698 5714 speramus?
