3966 6334
207 316 343 375 1039

1267 309 1472 366 LIBER
1508 308 1595 367 DE
1630 305 1885 362 TBIBUS
1938 306 2312 365 EPISTOLIS.

3316 303 3454 361 1050

207 428 339 499 Quia
390 440 521 497 ergo
570 438 678 480 non
729 421 999 478 immerito
1053 422 1252 493 gratias
1304 423 1532 493 agimus,
1582 420 1780 476 scimus
1809 424 1859 483 Α
1885 419 2073 473 vitium
2099 421 2274 489 itaque
2302 417 2599 476 aversionis
2624 433 2654 472 a
2693 418 2800 474 Deo
2846 433 2994 475 mors
3028 417 3222 475 anima:
3259 429 3359 483 est,
3396 426 3455 475 et

208 517 349 590 quod
375 516 491 587 ejus
528 529 749 571 munere
768 514 1144 584 praavenimur.
1189 510 1258 566 Et
1280 526 1493 567 rursum
1523 510 1646 580 quia
1674 524 1779 564 non

207 608 477 667 immerito
495 606 903 661 retributionem
928 604 1236 674 quaerimus,
1260 603 1461 658 scimus
1485 600 1626 672 quod
1651 601 1782 655 sub-

206 706 464 770 sequente
488 696 659 751 libero
691 694 916 749 arbitrio
938 695 1077 749 bona
1108 693 1385 764 elegimus,
1440 706 1559 761 qua:
1593 705 1780 761 agere-

205 802 345 844 mus.
393 785 545 843 Unde
570 784 712 841 sicut
737 791 920 840 sancta
950 782 1231 854 Scriptura
1276 783 1555 855 docemur,
1608 779 1782 852 gratia

204 878 584 952 praevenimur,
638 883 698 930 ut
739 875 875 931 bene
925 873 1195 929 velimus:
1228 889 1325 944 per
1371 873 1597 927 liberum
1641 869 1785 924 arbi-

204 975 368 1030 trium
392 973 620 1045 gratiam
644 971 1041 1040 subsequimur,
1073 977 1131 1024 ut
1153 970 1290 1024 bene
1323 982 1578 1039 agamus:
1612 964 1782 1036 gratia

206 1064 547 1134 adjuvantur,
580 1069 637 1116 ut
665 1060 802 1115 bene
855 1074 1012 1130 agere
1040 1059 1330 1127 possimus,
1382 1055 1524 1126 quod
1558 1055 1783 1109 arbitrio

202 1155 486 1211 Volumus:
516 1160 570 1208 et
608 1151 780 1222 gratia
811 1149 1239 1213 corroboramur,
1286 1157 1344 1202 ut
1371 1148 1422 1202 in
1455 1148 1615 1212 bono,
1642 1144 1785 1214 quod

203 1260 303 1317 per
321 1244 549 1300 liberum
576 1242 859 1298 arbitrium
912 1241 1286 1311 subsequendo
1326 1240 1608 1309 carpimus,
1659 1253 1782 1308 per-

204 1352 567 1394 severemus:
621 1344 676 1392 et
731 1334 906 1406 gratia
956 1333 1354 1404 subsequimur,
1407 1340 1467 1386 ut
1510 1338 1565 1386 et
1611 1330 1783 1402 gratia

202 1429 375 1484 beata:
400 1425 769 1482 retributionis
795 1439 891 1495 pro
926 1421 1097 1495 gratia
1125 1422 1280 1477 bona:
1300 1420 1627 1490 operationis
1664 1434 1785 1491 gra-

204 1520 339 1573 tuita
368 1516 542 1589 gratia
574 1530 1000 1572 remuneremur.
1038 1532 1057 1566 ι
1092 1514 1159 1568 Et
1185 1513 1553 1569 misericordia
1590 1510 1724 1580 ejus.
1758 1531 1778 1564 ι

200 1610 401 1680 inquit,
426 1610 477 1664 id
500 1616 577 1664 est
602 1607 775 1679 gratia
805 1626 822 1657 ι
844 1605 1138 1676 prteveniet
1156 1621 1241 1659 mc
1256 1603 1427 1674 (Psal.
1449 1619 1601 1668 LVIII,
1626 1603 1734 1672 11).
1759 1620 1779 1654 ι

200 1701 335 1755 Item
364 1718 377 1754 :
424 1719 443 1751 ι
472 1700 541 1755 Ει
565 1698 934 1753 misericordia
960 1697 1077 1766 ejus
1124 1695 1471 1764 subsequitur
1499 1710 1587 1749 me
1611 1692 1785 1747 omni-

198 1791 306 1847 bus
354 1791 541 1846 dicbus
590 1789 715 1845 vitae
745 1803 879 1843 mete
911 1784 1082 1861 (Paul.
1128 1801 1267 1850 xx",

198 1891 426 1937 coronat
455 1890 508 1937 te
536 1881 590 1936 in
640 1878 1012 1936 misericordia
1052 1884 1108 1933 et
1140 1875 1578 1933 miserationibus
1609 1870 1782 1945 (Paul.

197 1987 301 2040 cu,
327 1971 442 2045 4).»

844 2076 1149 2118 RESPONSIO.

277 2166 304 2197 ι
339 2154 396 2210 In
439 2155 525 2210 his
564 2152 745 2209 verbis
770 2153 912 2223 quod
938 2152 1141 2208 dictum
1167 2158 1251 2207 est
1281 2168 1296 2205 :
1347 2169 1366 2202 ι
1394 2147 1690 2204 Arbitrium
1720 2146 1785 2201 li—

195 2249 395 2304 berum
436 2248 489 2302 in
518 2246 693 2318 primo
719 2245 934 2301 homine
960 2260 1066 2299 non
1097 2242 1200 2298 fuit
1230 2249 1555 2306 emortuum,
1588 2239 1682 2295 sed
1704 2238 1784 2292 vi-

199 2340 396 2393 tiatum
429 2356 440 2392 :
473 2357 491 2392 ι
533 2347 588 2393 et
615 2337 756 2407 quod
784 2335 945 2408 paulo
970 2344 1092 2407 post
1127 2335 1195 2389 de
1221 2334 1409 2390 eodem
1441 2332 1613 2387 tibero
1639 2329 1783 2385 arbi-

188 2428 313 2484 trio
344 2427 686 2498 subjungitur
712 2444 725 2480 :
762 2444 780 2476 ι
812 2424 964 2492 Quod
990 2439 1097 2480 non
1122 2432 1205 2479 est
1230 2421 1632 2485 resuscitatum,
1657 2418 1782 2488 quia

194 2532 312 2572 non
361 2515 463 2570 fuit
501 2524 826 2580 emortuum,
857 2513 955 2569 sed
998 2513 1173 2585 gratia
1201 2521 1285 2568 est
1334 2519 1604 2585 sanatum,
1654 2508 1780 2579 quia

192 2609 338 2665 vitio
362 2609 464 2664 fuit
487 2618 817 2679 corruptum,
850 2627 868 2658 ι
903 2606 1128 2661 multum
1152 2605 1412 2660 miramur
1437 2617 1543 2672 qua
1573 2600 1781 2655 ratione

195 2702 278 2757 ita
304 2701 495 2757 sentiri
536 2710 590 2757 et
641 2700 746 2755 dici
791 2699 1051 2769 potuerit.
1097 2695 1352 2767 Nunquid
1398 2694 1541 2748 enim
1570 2692 1779 2763 primus

193 2790 365 2848 homo
391 2791 665 2861 peccando
692 2790 748 2845 in
791 2789 971 2843 anima
1024 2796 1271 2843 mortuus
1318 2800 1424 2841 non
1475 2783 1594 2839 est?
1640 2782 1780 2838 sicut

198 2884 485 2952 Scriptura
515 2882 797 2937 verissime
829 2880 959 2935 dicit
988 2897 1002 2933 :
1052 2898 1071 2932 ι
1103 2879 1299 2934 Anima
1330 2892 1453 2948 quae
1477 2873 1782 2952 peccaverit

196 2975 323 3044 ipsa
350 2973 612 3029 morietur
654 2970 871 3043 (Ezech.
908 2986 1058 3033 xvnt,
1088 2968 1166 3038 4).
1206 2988 1225 3021 ι
1275 2967 1345 3022 Ει
1372 2965 1499 3037 quid
1529 2971 1613 3019 est
1653 2975 1781 3017 vere

194 3062 431 3117 liberum
466 3061 747 3115 arbitrium
778 3058 988 3122 animm,
1037 3057 1142 3120 nisi
1171 3056 1338 3112 libera
1380 3054 1574 3109 anima:
1596 3052 1782 3106 volun-

1886 508 2057 564 virtus
2084 511 2449 565 conversionis
2498 510 2565 564 ad
2610 508 2779 564 Deum
2834 509 2942 563 vita
2989 510 3183 564 anima:
3232 517 3333 565 est.
3382 507 3455 565 Et

1885 597 2011 667 quia
2057 597 2216 668 (sicut
2254 596 2361 666 iam
2406 598 2608 676 dictum
2644 596 2748 668 est)
2788 597 3063 652 voluntate
3110 597 3375 652 avertitur
3420 613 3454 654 ιι

1885 687 2018 753 Deo,
2043 697 2099 743 et
2124 688 2399 744 voluntate
2426 690 2759 744 convertitur
2799 687 2867 742 ad
2913 689 3103 754 Deum,
3137 689 3252 758 ipsa
3300 703 3455 743 aver-

1887 779 2039 835 sione
2061 780 2147 835 vel
2172 781 2525 836 conversione
2562 780 2812 834 voluntas
2842 780 3057 845 animae,
3085 794 3204 850 qua:
3233 788 3457 834 natura-

1884 871 2010 926 liter
2035 888 2158 927 cum
2189 871 2304 941 ipsa
2332 872 2468 926 etin
2499 872 2615 943 ipsa
2658 880 2766 933 est,
2810 887 2932 926 cum
2983 871 3098 941 ipsa
3144 878 3200 925 et
3242 870 3297 924 in
3340 869 3457 940 ipsa

1885 961 2092 1030 pariter
2116 969 2208 1016 aut
2236 965 2465 1017 moritur
2488 971 2580 1016 aut
2610 962 2932 1017 viviﬁcatur.
2965 962 3031 1015 Et
3060 963 3182 1016 ideo
3228 961 3459 1015 nullate-

1886 1068 1989 1108 nus
2014 1053 2336 1108 credendum
2378 1061 2461 1106 est
2486 1054 2626 1122 quod
2674 1054 2725 1107 in
2773 1054 2945 1123 primo
2982 1053 3219 1106 liomine’
3245 1059 3457 1105 mortua

1887 1143 2066 1197 anima
2087 1159 2183 1214 per
2212 1152 2512 1214 peccatum,
2537 1159 2641 1197 non
2667 1142 2830 1198 fuerit
2862 1143 3105 1198 voluntas
3140 1143 3283 1198 bona
3309 1156 3460 1198 mor-

1888 1242 1979 1290 tua
2007 1237 2194 1291 eodem
2229 1245 2468 1307 peccato.

2399 1369 2626 1428 CAPUT
2664 1371 2947 1427 XXXVIII.

1886 1480 2039 1537 Bona
2085 1482 2327 1555 voluntas
2360 1501 2452 1553 per
2504 1485 2727 1555 gratiam
2786 1495 2994 1538 creatur
3049 1494 3095 1538 et
3156 1485 3455 1540 innovatur.

2241 1553 2407 1609 Deum
2434 1553 2639 1624 operari
2673 1554 2799 1609 uelle
2835 1557 2966 1626 quid
3010 1554 3098 1609 sit.

1958 1664 2093 1718 Tota
2123 1680 2354 1734 namque
2382 1667 2561 1721 anima
2591 1682 2712 1721 cum
2740 1668 3013 1722 voluntate
3037 1681 3152 1731 sua,
3181 1673 3275 1721 aut
3303 1665 3456 1731 vivit,

1309 1748 1385 1855 ξς).
1418 1803 1437 1835 ,
1471 1784 1539 1838 El
1633 1801 1652 1834 ε
1683 1780 1783 1848 Qui
1814 1770 1861 1830 Β
1888 1764 1983 1855 aut
2011 1757 2266 1855 moritur;
2294 1766 2349 1812 et
2392 1758 2516 1812 ideo
2554 1774 2657 1813 nec
2681 1759 2795 1812 sine
2823 1748 3099 1813 voluntate
3142 1772 3236 1811 sua
3283 1757 3462 1827 potuit

1888 1844 2000 1901 Deo
2019 1846 2201 1903 vivere
2234 1865 2251 1903 :
2287 1862 2389 1903 nec
2415 1849 2530 1904 sine
2552 1848 2827 1903 voluntate
2847 1864 2940 1902 sua
2964 1848 3137 1918 potuit
3162 1849 3271 1903 Deo
3296 1846 3454 1901 mori.

1885 1939 1997 1996 Nec
2020 1941 2138 1996 sine
2165 1940 2439 1997 voluntate
2460 1957 2559 1997 sua
2590 1942 2776 1996 vitiata
2801 1949 2886 1997 est
2912 1948 3133 2012 peccato
3156 1938 3456 2002 mortifero,

1884 2048 1987 2089 nec
2012 2032 2129 2088 sine
2154 2032 2429 2089 voluntate
2454 2048 2551 2088 sua
2589 2042 2812 2088 sanatur
2838 2048 2867 2087 a
2907 2039 3131 2101 peccato
3155 2028 3455 2085 mortifero.

1883 2119 2019 2175 Nam
2062 2121 2106 2176 si
2157 2120 2211 2174 in
2254 2120 2433 2191 primo
2487 2120 2704 2174 homine
2742 2128 3000 2190 peccante
3041 2119 3291 2172 voluntas
3320 2118 3460 2171 bona

1883 2226 1991 2267 non
2040 2220 2124 2267 est
2171 2221 2400 2274 mortua,
2445 2212 2717 2281 quomodo
2761 2228 2904 2267 nunc
2959 2227 3056 2282 per
3099 2210 3459 2265 viviﬁcantem

1882 2305 2110 2376 gratiam
2135 2314 2192 2361 et
2216 2315 2456 2372 creatur,
2488 2314 2542 2361 et
2568 2306 2874 2370 innovatur,
2900 2315 2955 2361 et
2986 2300 3130 2361 Deus
3168 2321 3287 2361 eam
3331 2320 3459 2373 ope-

1883 2404 2038 2451 ratur
2061 2397 2114 2451 in
2145 2396 2398 2451 homine?
2430 2397 2583 2452 Unde
2613 2398 2690 2451 ait
2710 2395 3016 2466 Apostolus.
3065 2415 3083 2446 ι
3118 2382 3297 2465 Ipsius
3312 2394 3458 2449 enim

1884 2502 2070 2543 sumus
2101 2487 2431 2557 ﬁgmentum,
2451 2486 2617 2541 creati
2646 2486 2700 2539 in
2725 2485 2942 2540 Christo
2968 2484 3093 2539 Jesu
3124 2484 3176 2538 in
3202 2482 3460 2552 operibus

1882 2574 2039 2629 bonis
2065 2574 2224 2646 (Eph.
2253 2591 2313 2638 ιι,
2336 2575 2465 2644 Ill);
2497 2594 2516 2627 ι
2542 2574 2635 2629 sed
2662 2582 2721 2628 nt
2756 2574 2924 2629 simus
2949 2573 3116 2628 creati
3160 2574 3213 2627 in
3242 2571 3459 2627 Christo

1881 2666 2007 2721 Iesu
2039 2666 2090 2721 in
2122 2666 2377 2736 operibus
2407 2664 2579 2730 bonis,
2615 2664 2742 2719 illud
2776 2679 2998 2720 necesse
3042 2673 3128 2720 est
3174 2672 3233 2719 ut
3279 2662 3372 2718 ﬁat
3401 2664 3458 2718 in

1881 2757 2043 2813 nobis
2076 2758 2216 2827 quod
2245 2755 2530 2811 Psalmista
2573 2755 2649 2811 ait
2680 2773 2695 2808 :
2760 2773 2778 2807 ι
2806 2753 2912 2810 Cor
2952 2754 3209 2809 mundum
3240 2768 3366 2809 crea
3402 2753 3459 2807 in

1879 2862 1986 2913 me,
2014 2849 2174 2912 Deus,
2202 2856 2259 2903 et
2306 2848 2553 2918 spiritum
2583 2854 2788 2902 rectum
2834 2848 3027 2903 innova
3059 2847 3115 2902 in
3159 2847 3458 2902 visceribus

1879 2942 2018 2997 meis
2043 2939 2215 3013 (Psat.
2240 2942 2425 3012 1.,12).
2457 2960 2474 2992 ι
2507 2941 2611 2995 Et:
2652 2959 2670 2991 ι
2701 2941 2841 2997 Deus
2865 2949 2949 2996 est
2981 2941 3146 3005 enim,
3180 2940 3271 3009 qui
3322 2954 3458 3009 ope—

1883 3040 2035 3087 ratur
2056 3032 2110 3087 in
2135 3032 2286 3087 vobis
2315 3039 2369 3087 et
2398 3031 2530 3086 velle
2560 3029 2726 3103 (Phil.
2755 3048 2815 3099 ιι,
2850 3033 2960 3096 15).
2990 3053 3008 3083 ι
3041 3030 3183 3099 Quid
3201 3038 3286 3086 est
3311 3029 3457 3085 enim

196 3154 327 3209 tas?
347 3152 484 3220 Quid
508 3162 591 3207 est
616 3160 793 3205 autem
810 3150 975 3205 libera
1001 3149 1193 3223 anima:
1208 3141 1780 3209 voluntas,nisilibera
1811 3115 1854 3177 (ἶ
1887 3139 1984 3179 θον
2001 3124 2269 3223 ξηυηάυφ
2291 3164 2306 3190 ν
2356 3124 2458 3179 “Si
2477 3124 2723 3223 _m““d“_
2748 3124 3076 3180 θοοδείθηῑίθ
3094 3190 3101 3195 ,
3122 3138 3153 3177 ³
3198 3121 3458 3194 Ρθοοθίῖεν

191 3246 462 3309 ’charitas,
495 3259 601 3312 qua
629 3251 818 3313 sponte
855 3250 910 3296 et
948 3238 1250 3296 voluntarie
1287 3245 1341 3294 et
1380 3235 1617 3308 perfecte
1657 3242 1783 3288 ante

195 3348 482 3406 peccatum
500 3334 609 3389 Deo
627 3332 936 3389 adhaerebat
948 3331 1146 3396 anima,
1161 3340 1289 3384 etex
1305 3341 1371 3382 eo
1386 3324 1780 3389 viviﬁcabatur,

198 3435 462 3495 tanquam
487 3440 552 3480 ex
569 3424 713 3480 fonte
734 3423 890 3487 vitm;
912 3430 967 3478 ct
986 3437 1050 3477 ex
1069 3421 1184 3492 ipso
1202 3417 1625 3481 illuminabatur,
1643 3414 1781 3470 sicut

197 3534 270 3574 ex
295 3533 421 3572 vero
446 3517 681 3583 lumine;
710 3516 796 3571 cui
823 3514 1050 3569 ﬁdeliter
1071 3511 1248 3566 dicere
1274 3509 1561 3565 debemus:
1590 3524 1609 3558 ι
1632 3504 1781 3573 Quo-

198 3612 352 3664 niam
376 3608 515 3678 apud
545 3616 594 3660 te
621 3615 705 3660 est
732 3604 854 3661 fons
882 3605 1026 3665 vitae,
1051 3609 1107 3656 et
1133 3601 1188 3655 in
1215 3598 1419 3653 lumine
1459 3606 1552 3651 tuo
1577 3594 1784 3650 videbi-

202 3716 330 3756 mus
376 3699 553 3750 lumen
584 3694 756 3764 (Psal.
802 3708 968 3755 xxxv,
1005 3691 1113 3763 10).
1149 3709 1168 3741 ι
1219 3689 1429 3743 Mortua
1472 3693 1557 3741 est
1603 3685 1784 3753 itaque

1888 3215 2052 3271 corde
2080 3215 2360 3281 mundata,
2384 3223 2440 3270 et
2477 3214 2616 3271 bona
2639 3215 2913 3270 voluntate
2939 3216 3197 3286 prmdita?
3223 3214 3290 3269 Et
3328 3214 3461 3285 quid

1881 3314 1970 3361 est
2011 3306 2231 3376 spiritus
2278 3315 2463 3362 rectus
2510 3306 2616 3361 nisi
2668 3306 2812 3361 nulla
2866 3306 3008 3361 mala
3052 3306 3326 3361 voluntate
3368 3305 3461 3361 de-

1881 3397 2169 3467 pravatus?
2213 3396 2277 3450 Et
2314 3396 2441 3465 quid
2473 3403 2556 3450 est
2610 3413 2629 3446 ι
2659 3395 2868 3464 operari
2923 3394 2976 3449 in
3025 3394 3178 3449 nobis
3220 3392 3393 3459 velle,
3433 3410 3454 3445 ι

1883 3488 1987 3543 nisi
2015 3488 2301 3558 inspirare,
2324 3495 2380 3542 et
2412 3486 2595 3557 largiri
2621 3486 2777 3541 nobis
2805 3485 3004 3539 bonum
3037 3483 3174 3538 velle
3203 3500 3215 3537 :
3245 3490 3459 3537 mortua

1883 3588 1966 3634 est
1989 3580 2171 3648 itaque
2201 3577 2473 3648 peccando
2503 3577 2738 3631 humana
2767 3575 2971 3640 anima,
3000 3581 3054 3628 et
3089 3574 3324 3628 humana
3360 3586 3459 3628 vo-

1884 3666 2064 3722 luntas
2093 3682 2122 3720 a
2156 3667 2266 3720 vita
2299 3664 2417 3719 Dei.
2450 3664 2720 3719 Mortuum
2749 3672 2830 3719 est
2850 3663 2979 3719 illud
3007 3654 3296 3733 quoderat
3337 3674 3463 3718 ante

205 3789 446 3840 humana
475 3755 652 3837 anima
686 3798 780 3851 per
803 3755 1108 3850 peccatum,
1147 3792 1252 3833 non
1286 3776 1582 3831 amittendo
1621 3773 1786 3843 (sicut
1883 3766 2171 3851 chalum
2201 3771 2333 3851 vere
2357 3755 2582 3851 liberum
2613 3755 2915 3851 arbitrium}
2946 3769 3053 3851 (1Ρο
3085 3755 3251 3851 libera
3280 3755 3459 3851 ξιοηῖῖ-

194 3877 313 3949 jmi
339 3875 583 3945 superius
602 3874 856 3944 diximus)
880 3880 1126 3926 naturam
1149 3885 1334 3935 suam;
1365 3869 1458 3924 sed
1487 3866 1783 3922 amittendo

203 3983 392 4023 veram
424 3968 587 4022 vitam
637 3982 810 4032 suam,
861 3981 980 4036 qua:
1030 3964 1105 4019 illi
1156 3964 1298 4018 Deus
1348 3971 1480 4018 est:
1530 3961 1671 4015 unde
1714 3958 1782 4013 ad

202 4060 376 4116 Deum
407 4074 666 4115 conversa
689 4058 1012 4125 viviﬁcatur,
1043 4067 1096 4112 et
1121 4055 1256 4109 vivit
1286 4053 1401 4109 Deo
1429 4071 1443 4108 :
1485 4068 1515 4106 a
1550 4051 1660 4106 Deo
1686 4065 1781 4104 au-

206 4161 318 4206 tem
364 4166 552 4205 aversa
600 4149 828 4205 moritur
859 4147 965 4203 Deo
1009 4155 1064 4202 et
1106 4146 1238 4201 vivit
1267 4154 1512 4216 peccato,
1564 4149 1619 4195 et
1665 4140 1782 4195 sine

202 4236 370 4295 dubio
401 4241 674 4295 voluntate
696 4239 960 4295 avertitur
983 4253 1013 4292 a
1045 4238 1156 4293 Deo
1183 4246 1242 4290 ut
1270 4227 1555 4298 mo’riatur,
1588 4241 1643 4287 ct
1689 4246 1783 4285 vo-

201 4329 410 4385 luntate
430 4331 762 4385 convertitur
790 4330 856 4384 ad
888 4327 1055 4383 Deum
1085 4336 1144 4381 ut
1164 4325 1488 4380 viviﬁcetur.
1518 4321 1782 4376 Voluntas

200 4434 334 4487 ergo
387 4419 580 4473 anima:
635 4418 703 4472 ad
749 4415 917 4470 Deum
976 4429 1237 4470 conversa
1280 4412 1341 4467 ﬁt
1372 4412 1545 4475 bona;
1593 4425 1622 4464 a
1670 4409 1780 4464 Deo

202 4524 396 4564 aversa
429 4508 488 4563 ﬁt
529 4507 696 4572 mala;
743 4507 812 4561 ad
853 4506 1022 4561 Deum
1072 4519 1332 4560 conversa
1363 4501 1695 4564 viviﬁcalur;
1747 4514 1778 4553 a

200 4603 317 4656 Dm
338 4616 526 4656 aversa
572 4600 819 4662 moritur,
868 4598 1008 4652 sicut
1035 4597 1182 4651 acies
1207 4594 1485 4651 oculOrum
1521 4606 1779 4661 corpora-

200 4691 362 4757 lium,
392 4708 420 4746 a
450 4691 570 4747 luce
596 4705 785 4746 aversa
820 4688 1175 4753 tenebrescit;
1207 4687 1273 4741 ad
1302 4685 1476 4740 lucem
1515 4697 1781 4738 conversa

201 4780 474 4836 clarescit.
505 4780 642 4848 Quid
663 4787 747 4835 est
767 4779 956 4833 vitium
981 4762 1197 4842 animae,
1220 4775 1322 4830 nisi
1346 4773 1558 4830 aversio
1582 4788 1611 4827 a
1634 4771 1782 4826 Deo?

1884 3848 1969 3902 nis
1989 3846 2261 3912 voluntas,
2281 3846 2335 3900 id
2364 3854 2448 3901 est
2497 3844 2665 3900 libera
2694 3844 2929 3900 hominis
2952 3844 3189 3925 Charitas
3215 3845 3459 3898 volunta-

1885 3936 1967 3991 rie
2000 3944 2054 3990 et
2095 3936 2263 3991 libere
2283 3935 2557 4007 diligendo
2574 3933 2883 3990 adhterebat
2909 3933 3039 3988 Deo.
3069 3934 3134 3988 Et
3164 3948 3289 3988 vere
3316 3949 3453 3987 mor-

1885 4036 2035 4083 tuum
2060 4037 2144 4084 est
2169 4027 2473 4099 hujusmodi
2507 4027 2731 4082 liberum
2767 4027 3050 4081 arbitrium
3094 4027 3328 4082 hominis
3361 4043 3458 4081 nc-

1884 4123 2133 4196 gligendo
2163 4124 2328 4177 Deum
2353 4131 2407 4178 et
2434 4121 2730 4177 reccdendo
2759 4135 2789 4174 a
2816 4120 2951 4186 Deo,
2984 4129 3037 4175 et
3080 4119 3148 4174 ab
3191 4136 3255 4176 ea
3287 4130 3460 4174 morte

1884 4230 1990 4284 qua
2013 4214 2193 4269 amisit
2231 4213 2548 4268 charitatem
2592 4212 2683 4266 Dei
2723 4213 3093 4277 resuscitatur,
3125 4220 3180 4265 et
3217 4210 3459 4264 viviﬁca-

1884 4314 1975 4360 tur
1997 4320 2096 4375 per
2123 4303 2367 4359 eamdem
2395 4301 2622 4374 gratiam
2648 4301 2929 4357 charitatis
2957 4301 3069 4355 Dei.
3099 4299 3251 4366 Quod
3276 4305 3459 4368 aperte

1882 4395 2072 4450 beatus
2109 4393 2343 4449 Joannes
2372 4392 2646 4463 apostolus
2685 4392 2860 4455 docet,
2887 4391 3110 4446 dicens:
3147 4408 3165 4441 ι
3200 4388 3307 4444 Nos
3347 4389 3457 4445 sci-

1885 4502 2005 4544 mus
2032 4486 2283 4556 quoniam
2327 4483 2572 4539 translati
2602 4497 2788 4536 sumus
2826 4481 2893 4536 de
2937 4489 3109 4535 morte
3136 4480 3204 4535 ad
3253 4477 3455 4545 vitam;

1884 4580 2137 4651 quoniam
2162 4577 2436 4647 diligimus
2465 4573 2681 4628 fratres.
2713 4572 2816 4639 Qui
2844 4588 2948 4626 non
2975 4571 3146 4642 diligit
3180 4581 3360 4628 manet
3400 4573 3456 4627 in

1884 4681 2057 4728 morte
2086 4669 2138 4741 (Ι
2159 4668 2319 4723 Joan.
2348 4684 2427 4731 ιιι,
2462 4666 2573 4736 14).
2614 4684 2632 4718 ι
2662 4663 2785 4718 Vita
2830 4665 3010 4734 itaque
3050 4664 3297 4719 humanae
3340 4664 3456 4719 ani-

1885 4777 2006 4827 mm,
2030 4769 2084 4815 et
2112 4760 2362 4814 humana:
2405 4753 2698 4812 voluntatis
2721 4752 2840 4820 Dei,
2869 4760 2925 4807 et
2962 4752 3192 4822 proximi
3238 4752 3459 4810 dilectio

201 4880 262 4928 et
288 4871 418 4942 quid
448 4842 550 4928 est~
561 4871 732 4926 virtus
772 4867 990 4933 animae,
1023 4867 1122 4922 nisi
1155 4866 1437 4921 conversio
1477 4864 1544 4919 ad
1578 4860 1784 4917 Deum?
1883 4862 1991 4920 εει,
2041 4865 2149 4923 qua
2200 4850 2364 4905 homo
2410 4854 2536 4902 ante
2575 4852 2856 4916 peccatum
2905 4842 3184 4899 fruebatur
3213 4843 3357 4911 Deo,
3400 4852 3458 4901 et

1124 4968 1362 5052 Nom
1400 4993 1724 5053 DUVALLII
1761 4984 2101 5051 DOCTOBIS
2135 4979 2516 5042 soneomcr.

280 5131 307 5160 ι
342 5117 569 5187 Quando
608 5111 1077 5187 arguithEeclesia‘.
1104 5109 1477 5187 Lugdunensis
1511 5110 1769 5165 Hinema—

204 5206 330 5249 rum
366 5183 520 5259 'quod
564 5183 1012 5259 dixéritliberum
1044 5183 1327 5259 arbitrith
1362 5197 1457 5259 per
1488 5188 1772 5259 peccat-um

208 5277 317 5316 non
343 5249 665 5321 emortuum,
692 5255 787 5310 sed
811 5253 1081 5315 vitiatum,
1112 5260 1166 5307 et
1194 5268 1222 5304 a
1250 5249 1464 5306 Christo
1486 5265 1589 5305 non
1612 5249 1778 5321 fuisse

209 5331 526 5386 suscitatum
545 5368 560 5392 ,
591 5318 686 5382 sed
713 5333 989 5385 sanatum,
1021 5321 1219 5392 accipit
1244 5321 1469 5375 liberum
1496 5318 1779 5392 arbitrium

208 5416 312 5472 pro
335 5400 472 5454 bona
495 5390 556 5452 et
583 5403 732 5472 recta
757 5395 1031 5450 voluntate
1062 5390 1168 5461 qua
1208 5392 1446 5472 Deoper
1465 5390 1780 5472 charitatem

208 5457 568 5527 adheremus.
625 5467 743 5533 Quo
789 5478 950 5521 sensu
999 5457 1207 5519 certum
1258 5457 1362 5517 est'
1394 5460 1521 5515 illud
1564 5457 1785 5533 omnino

210 5538 379 5596 fuisse
419 5528 721 5593 emortuum
751 5550 849 5590 nec
880 5541 1087 5587 tantum
1126 5533 1220 5587 viti
1241 5543 1368 5585 :tum
1401 5549 1414 5584 :
1457 5538 1632 5584 tamen
1659 5528 1785 5597 quia

214 5610 472 5667 remansit
497 5609 549 5663 in
570 5623 634 5662 eo
660 5615 846 5661 natura
877 5603 1243 5659 conversionis
1266 5617 1457 5671 capax,
1482 5600 1559 5654 ita
1588 5607 1645 5671 ut
1662 5613 1783 5653 eam

215 5697 311 5740 per
333 5694 620 5749 congruam
666 5685 714 5731 ct
758 5674 1026 5730 cﬁicacem
1056 5674 1280 5744 gratiam
1311 5669 1480 5742 possit
1515 5669 1780 5735 obtinere,

1876 5103 1999 5160 ideo
2027 5102 2131 5172 hac
2166 5101 2220 5172 in
2243 5107 2397 5170 parte
2424 5097 2586 5172 verba
2598 5092 2963 5172 Cotteschalci
2987 5092 3218 5172 benigne
3233 5109 3456 5172 possent

1877 5167 2156 5243 explicari,
2188 5163 2311 5225 licet
2333 5167 2523 5243 merito
2544 5183 2573 5221 a
2598 5163 2850 5243 Dalribus
2871 5172 2982 5217 tum
3009 5163 3219 5243 concilii
3236 5163 3459 5243 Blogun-

1882 5234 2150 5307 tin'ensis,
2183 5248 2294 5294 tum
2336 5236 2665 5294 Senonensis
2694 5235 2980 5307 damnatus
3019 5234 3108 5295 sit,
3141 5237 3282 5304 quod
3313 5234 3456 5295 illius

1883 5314 2047 5368 verba
2075 5311 2402 5366 contrarium
2428 5314 2702 5370 sonarent,
2734 5319 2926 5373 nempe
2948 5306 3143 5359 bonam
3168 5314 3222 5360 et
3251 5318 3453 5363 rectam

1886 5382 2315 5458 vol_un_ta_tem__in
2362 5378 2583 5458 homine
2624 5384 2746 5458 post
2788 5382 3070 5458 peccatum
3109 5380 3452 5458 remansisse:

1890 5451 1985 5507 Vel
2008 5453 2173 5508 dicito
2198 5451 2422 5505 liberum
2450 5442 2821 5516 arbitriumqab
2840 5444 3081 5501 Ecclesia
3109 5442 3453 5516 Lugdunensi

1886 5524 2055 5591 accipi
2097 5537 2194 5591 pro
2238 5529 2361 5591 actu
2401 5515 2707 5573 dilectionis
2734 5514 2827 5569 Dei
2859 5529 3022 5591 super
3052 5514 3263 5591 omnia,
3295 5532 3457 5586 quem

1885 5584 2201 5652 certum'cst
2222 5589 2441 5648 omnino
2466 5603 2559 5659 per
2583 5593 2862 5658 peccaturo
2887 5584 3129 5655 deperdi.
