3966 6334
499 365 629 421 1051

1487 362 1544 416 S.
1585 358 1846 416 REMIGII
1881 353 2369 414 LUGDUNENSIS
2402 352 2713 413 EPISCOPI

3633 348 3780 405 ωδε

499 479 779 535 fruebatur
806 476 1050 547 proximo
1075 473 1130 528 in
1158 474 1297 539 Deo;
1327 473 1394 527 ab
1421 473 1521 529 hac
1552 473 1662 526 vita
1701 487 1797 528 sua
1830 479 2075 526 mortuus
2102 470 2150 530 A
2178 468 2374 537 quibus
2401 467 2505 522 dici
2542 473 2810 537 oporteat,
2842 465 2936 522 sed
2970 467 3084 535 ipsa
3113 465 3327 522 silentio
3358 466 3778 538 pratereunda.

499 581 603 634 est,
636 567 952 640 negligendo
976 567 1164 630 Deum,
1200 565 1517 636 negligendo
1546 566 1782 634 seipsum
1809 574 1864 619 et
1895 565 2076 633 proxi-

501 676 648 716 mum
677 678 689 712 :
730 678 748 710 ‹
777 658 1040 725 Quoniam
1066 657 1155 726 qui
1188 671 1295 710 non
1327 656 1519 727 diligit,
1549 665 1730 711 manet
1757 657 1812 710 in
1834 665 2026 710 morte.
2053 674 2072 705 ι

501 753 696 806 Anima
739 751 939 818 itaque‘
963 751 1221 813 humana,
1267 757 1323 802 et
1364 749 1597 802 humana
1627 747 1894 813 voluntas,
1940 747 2080 801 sicut

498 855 626 895 vere
654 848 836 894 manet
866 840 916 892 in
950 847 1124 893 morte
1167 854 1273 893 non
1305 837 1593 908 diligendo,
1638 839 1711 893 ita
1750 853 1875 893 vere
1903 845 2079 893 trans-

500 931 673 984 fertur
713 929 778 983 de
819 936 992 982 morte
1031 929 1084 982 in
1128 928 1293 982 vitam
1337 927 1624 998 diligendo.
1673 928 1741 982 Et
1768 928 1906 982 sicut
1952 941 2078 981 vera

501 1033 650 1072 mors
681 1017 799 1087 ejus
825 1028 1038 1073 estnon
1075 1017 1320 1087 diligere,
1353 1016 1427 1070 ita
1468 1025 1522 1071 et
1547 1031 1673 1070 vera
1706 1017 1814 1070 vita
1840 1017 1956 1087 ejus
1998 1023 2081 1071 est

502 1111 749 1180 diligere.
783 1110 895 1164 Hac
924 1110 1208 1165 dilectione
1248 1125 1355 1164 non
1404 1108 1465 1163 fit
1503 1124 1628 1164 vere
1671 1109 1897 1162 liberum
1938 1108 2080 1162 arbi-

505 1203 693 1267 trium,
719 1202 770 1256 id
793 1211 877 1257 est
906 1217 1029 1256 vere
1053 1201 1222 1255 libera
1252 1201 1521 1265 voluntas,
1550 1202 1648 1255 nisi
1682 1200 1770 1255 illo
1793 1199 2077 1264 liberante,

506 1290 560 1344 id
581 1298 662 1344 est
691 1290 995 1344 libertatem
1025 1290 1284 1359 largiente
1310 1291 1400 1359 qui
1430 1291 1506 1343 ait
1532 1309 1543 1343 :
1581 1309 1600 1341 ι
1635 1289 1691 1344 Si
1719 1305 1812 1344 vos
1833 1289 2002 1344 Filius
2021 1288 2082 1343 li-

505 1380 800 1444 beraverit,
831 1389 957 1433 tunc
979 1394 1104 1433 vere
1125 1379 1279 1433 liberi
1311 1380 1460 1433 eritis
1483 1379 1661 1450 (Joau.
1685 1395 1802 1443 γιιι,
1835 1377 1944 1448 ⁸56),
1977 1397 1995 1429 ι
2027 1387 2082 1433 ει

507 1469 727 1541 ηἰδίοίιιο
750 1484 975 1524 munere
997 1469 1230 1540 Spiritus
1251 1469 1346 1524 Dei
1373 1473 1438 1525 de
1463 1485 1572 1538 quo
1607 1470 1736 1524 dicit
1760 1469 2078 1539 Apostolus:

513 1577 532 1611 ι
569 1561 668 1616 Ubi
698 1571 878 1617 autem
921 1559 1156 1633 Spiritus
1183 1562 1425 1626 Domini,
1474 1563 1547 1618 ibi
1582 1561 1804 1618 libertas
1844 1561 1930 1634 (II
1956 1559 2077 1616 Cor.

506 1665 588 1717 ιιι,
616 1651 726 1723 17).
766 1671 784 1703 ι

581 1742 688 1797 Sed
729 1751 783 1797 et
823 1742 950 1797 illud
994 1744 1136 1813 quod
1183 1742 1234 1797 in
1264 1742 1382 1797 istis
1412 1743 1590 1797 verbis
1617 1743 1856 1798 dicitur:
1890 1760 1911 1793 ι
1944 1741 2081 1809 Quia

2180 558 2312 614 Cum
2340 575 2470 630 ergo
2507 561 2572 614 de
2596 558 2835 629 praefatis
2863 559 3269 628 quaestionibus,
3298 567 3354 613 et
3385 559 3477 613 ille
3497 556 3596 627 qui
3631 557 3780 611 hanc

2181 647 2468 700 secundam
2495 647 2713 717 scripsit
2734 647 3014 717 epistolam
3043 647 3278 702 breviter
3299 647 3621 718 signiﬁcare
3666 647 3786 699 vel-

2182 737 2256 793 let
2283 747 2543 807 quantum
2577 739 2716 808 apud
2742 753 2835 793 eos
2858 745 3004 793 esset
3048 737 3354 807 inquirendi
3405 735 3684 798 studium,
3723 746 3783 792 et

2180 840 2380 900 quanta
2411 831 2742 885 dissdnantia
2771 831 3180 895 sententiarum,
3229 840 3548 900 quantaque
3597 830 3781 884 avidi-

2182 930 2292 976 tate
2311 921 2729 986 desideraretur,
2764 930 2822 976 ut
2843 923 2910 977 de
2939 923 3025 977 his
3050 924 3209 978 rebus
3229 923 3432 994 aliquid
3459 932 3783 989 eertum,et

2183 1011 2384 1079 absque
2416 1012 2770 1080 ambiguitate
2818 1014 3150 1083 sequendum
3186 1014 3418 1070 inveniri
3472 1024 3532 1070 et
3555 1017 3779 1070 ostendi

2181 1110 2382 1172 posset.
2421 1102 2491 1156 ita
2521 1103 2634 1156 ait:

2821 1212 3093 1253 ΡΑιιουιυε

2259 1301 2277 1336 ι
2314 1281 2500 1339 Plures
2527 1286 2650 1339 inde
2680 1287 2818 1354 apud
2847 1303 2947 1342 nos
2990 1290 3344 1358 scripserunt.
3377 1291 3598 1346 Etcum
3623 1295 3782 1362 quin-

2184 1387 2290 1442 que
2328 1388 2394 1427 ex
2425 1375 2504 1429 eis
2527 1376 2875 1440 nominasset,
2903 1377 3043 1432 inter
3071 1394 3205 1447 quos
3233 1380 3400 1434 etiam
3430 1379 3780 1436 Amalarium

2185 1464 2466 1534 scripsisse
2497 1465 2839 1529 memoravit,
2866 1465 3141 1534 subjunxit
3166 1469 3352 1524 dicens
3381 1485 3394 1523 :
3431 1488 3450 1520 ι
3489 1469 3605 1525 Sed
3653 1473 3780 1541 quia

2185 1557 2301 1611 haec
2332 1557 2471 1612 inter
2508 1573 2568 1613 se
2591 1558 2746 1614 valde
2795 1559 3199 1627 dissentiebant,
3233 1561 3460 1618 Scotum
3487 1562 3648 1616 illum
3689 1564 3780 1634 qui

2186 1655 2269 1702 est
2305 1646 2357 1701 in
2385 1647 2585 1716 palatio
2614 1649 2777 1720 regis,
2810 1648 3072 1705 Joannem
3103 1651 3320 1708 nomine
3363 1651 3615 1708 scribere
3659 1667 3779 1708 coe-

2187 1738 2380 1809 gimus.
2414 1759 2433 1792 ι
2467 1739 2533 1795 Ει
2557 1742 2716 1811 paulo
2743 1751 2864 1812 post
2895 1761 2908 1797 :
2952 1760 2970 1794 ι
3003 1742 3132 1810 Quae
3156 1753 3333 1801 autem
3388 1746 3539 1801 inter
3562 1754 3786 1802 nostros

505 1831 708 1887 bonum
754 1831 898 1901 quod
941 1832 1168 1901 agimus,
1211 1840 1265 1886 et
1301 1831 1396 1886 Dei
1433 1839 1517 1886 est
1555 1840 1610 1887 et
1638 1842 1912 1890 nostrum:
1955 1831 2083 1902 quia
2112 1817 2158 1876 Β
2186 1829 2310 1886 inde
2337 1832 2408 1886 sit
2437 1833 2669 1886 maxima
2697 1834 2966 1888 eontentia
2991 1835 3145 1890 vobis
3185 1835 3453 1907 signiﬁco.
3494 1855 3514 1886 ι

506 1921 614 1976 nisi
655 1931 798 1977 esset
836 1923 950 1987 Dei,
993 1937 1098 1977 non
1128 1925 1177 1978 ei
1214 1940 1313 1993 pro
1334 1926 1522 1981 eodem
1549 1927 1690 1981 bono
1737 1927 1790 1981 in
1820 1936 2082 1982 aeternum

508 2016 712 2086 gratias
740 2030 1052 2086 ageremus;
1092 2025 1146 2071 et
1176 2018 1275 2072 nisi
1301 2028 1446 2074 esset
1467 2028 1730 2084 nostrum,
1771 2036 1876 2074 non
1906 2021 1974 2074 ab
2017 2034 2084 2075 eo

508 2124 609 2178 pro
625 2111 816 2163 eodem
841 2110 984 2165 bono
1005 2109 1147 2178 justo
1172 2113 1392 2178 praemia
1423 2124 1880 2182 exspectaremus.
1922 2132 1944 2164 ι
1978 2111 2085 2167 Ne-

510 2199 710 2254 scimus
750 2201 878 2269 quid
917 2202 1215 2266 divisionis,
1253 2203 1337 2256 vel
1371 2202 1646 2271 cujusdam
1690 2204 2086 2261 distributionis

508 2288 688 2354 unius,
720 2299 880 2360 atque
903 2289 1138 2359 ejusdem
1186 2293 1309 2347 boni
1338 2294 1479 2348 inter
1517 2296 1679 2349 Deum
1715 2305 1769 2350 et
1813 2295 2087 2351 hominem

509 2388 686 2434 sonat.
721 2381 884 2448 Quasi
920 2396 987 2436 ex
1027 2393 1182 2452 parte
1225 2383 1296 2438 sit
1330 2383 1444 2449 Dei,
1471 2393 1526 2438 et
1549 2401 1614 2440 ex
1636 2395 1788 2456 parte
1817 2396 2084 2452 nostrum,

509 2472 650 2526 sicut
689 2479 802 2528 toto
861 2473 965 2528 isto
1003 2489 1254 2530 sermone
1301 2491 1548 2532 asserere
1600 2478 1812 2533 videtur
1855 2480 2088 2547 scriptor

511 2562 767 2632 epistolae,
795 2573 854 2618 ut
881 2564 1035 2634 quasi
1078 2565 1290 2620 initium
1316 2567 1438 2622 boni
1472 2569 1641 2623 nostri
1669 2570 1738 2624 sit
1763 2570 1923 2637 Deus,
1951 2568 2085 2626 etre-

511 2658 630 2704 ctus
655 2666 782 2706 vero
809 2651 962 2708 liberi
989 2653 1206 2708 humani
1233 2656 1488 2711 arbitrii:
1527 2658 1653 2714 licet
1680 2659 1822 2714 hunc
1869 2677 1889 2710 ι
1936 2675 2089 2715 erro-

511 2756 628 2796 rem
660 2742 804 2796 velut
839 2745 1027 2812 gratia:
1051 2744 1413 2813 adjunctione,
1438 2764 1543 2803 non
1573 2750 1732 2804 etiam
1755 2751 2089 2819 plenitudine

512 2838 815 2899 temperare
845 2842 1094 2896 conetur,
1135 2854 1153 2886 ι
1180 2850 1302 2889 eum
1329 2851 1456 2891 vere
1482 2845 1651 2892 totum
1686 2839 1757 2894 sit
1782 2839 1902 2904 Dei,
1949 2841 2089 2896 sicut

513 2919 627 2988 ipsa
660 2921 868 2976 Veritas
894 2923 1024 2978 dicit
1055 2939 1069 2977 :
1103 2943 1120 2975 ι
1153 2924 1281 2981 Sine
1314 2940 1400 2982 me
1425 2928 1557 2982 nihil
1589 2931 1812 2999 potestis
1838 2931 2084 2988 facere'h

513 3009 695 3081 (Joan.
723 3029 814 3078 xv,
840 3013 919 3084 5.)
960 3014 1028 3070 Et
1071 3015 1398 3085 Apostolus:
1431 3036 1450 3069 ι
1484 3019 1621 3087 Quid
1670 3021 1836 3086 enim,
1893 3023 2087 3094 inquit,

2260 1943 2279 1975 ‹
2315 1923 2542 1990 Quidam
2571 1924 2800 1980 dicimus
2833 1924 3190 1996 Augustinum
3241 1926 3479 1981 edidisse
3529 1926 3772 1982 libellum

2176 2031 2342 2085 quem
2370 2015 2801 2087 Hypognosticon
2833 2017 3256 2086 prmintitulavit.
3304 2017 3373 2071 Et
3421 2018 3655 2086 quidam
3683 2032 3776 2072 no—

2184 2117 2423 2162 strorum
2452 2107 2656 2170 dicunt,
2685 2122 2791 2161 non
2816 2123 2844 2160 a
2869 2106 3221 2177 przefatoviro
3243 2107 3498 2162 eumdem
3533 2106 3774 2160 libellum

2183 2213 2302 2253 esse
2329 2197 2531 2252 editum
2565 2215 2578 2252 :
2609 2197 2751 2266 quod
2772 2197 3109 2251 mendacium
3133 2210 3253 2251 esse
3282 2197 3394 2252 cito
3417 2197 3663 2266 probare
3685 2210 3774 2263 po-

2185 2289 2332 2354 terit,
2364 2288 2454 2358 qui
2475 2288 2766 2343 secundum
2795 2286 3032 2342 libellum
3062 2285 3345 2356 Augustini
3371 2301 3540 2355 quem
3569 2287 3628 2339 in
3674 2283 3774 2339 Ge-

2185 2377 2357 2432 nesim
2385 2386 2573 2432 contra
2602 2376 2922 2432 Manichmos
2955 2374 3122 2430 edidit
3147 2375 3213 2428 ad
3242 2375 3404 2430 linem
3437 2387 3621 2444 usque
3653 2389 3772 2444 per-

2187 2467 2395 2538 iegerit,
2445 2467 2532 2522 ubi
2582 2467 2914 2522 demonstrat
2951 2481 3010 2522 se
3051 2467 3219 2537 ipsam
3249 2465 3618 2535 quaestionem
3656 2481 3773 2520 cum

2189 2557 2307 2614 aliis
2328 2561 2562 2629 quinque
2584 2568 2772 2614 contra
2813 2559 3018 2614 rabiem
3046 2559 3460 2614 Manichaeorum
3494 2561 3767 2619 edidisse:

2187 2658 2243 2704 et
2277 2661 2562 2720 propterea
2605 2651 2659 2706 in
2685 2651 3067 2706 retractatione
3097 2650 3229 2705 nihil
3269 2651 3394 2706 inde
3437 2665 3770 2705 commemo-

2188 2749 2294 2804 rat,
2342 2741 2468 2810 quia
2501 2757 2835 2812 quaecunque
2886 2741 3138 2795 aliorsum
3192 2741 3258 2795 de
3285 2742 3768 2810 prtedestinatione

2188 2829 2418 2895 dixerat,
2467 2829 2522 2884 in
2564 2832 2750 2884 eodem
2794 2829 2974 2885 libello
2997 2831 3265 2902 corrigere
3302 2831 3544 2886 videtur.
3590 2830 3763 2887 Simili

2188 2919 2348 2974 modo
2375 2919 2538 2974 etiam
2582 2919 2798 2990 quidam
2847 2919 3076 2975 dicimus
3101 2920 3548 2977 Deinduralione
3590 2922 3767 2978 cordis

2189 3007 2485 3064 Pharaonis
2524 3008 2762 3063 libellum
2792 3025 2823 3064 a
2861 3010 3019 3066 beato
3062 3009 3389 3084 Hieronymo
3427 3012 3662 3067 editum.
3710 3012 3771 3067 Et

515 3101 682 3157 babes
729 3104 871 3173 quod
916 3121 1019 3160 non
1068 3109 1356 3177 accepisti?
1393 3129 1412 3162 ›
1449 3110 1499 3182 (1
1546 3111 1667 3166 Cor.
1706 3131 1778 3179 ιγ,
1813 3115 1889 3185 7.)
1937 3115 2084 3172 Unde

2191 3106 2502 3154 nostrorum
2543 3098 2763 3168 quidam
2802 3114 2909 3152 non
2940 3099 3006 3154 ab
3035 3113 3120 3165 eo,
3175 3101 3268 3155 sed
3298 3099 3366 3154 ab
3387 3099 3495 3156 alio
3529 3101 3769 3170 quolibet

514 3189 712 3247 Beatus
739 3165 791 3247 ἐι
815 3195 1079 3265 gloriosus
1099 3165 1302 3270 [ηειῖιμ-
1327 3165 1624 3272 (ςγρπῖίηηυε
1654 3205 1727 3260 ειη
1763 3165 1974 3272 ξίθηξηι,
2001 3208 2085 3262 (η,
2116 3165 2160 3227 (ἶ
2197 3189 2450 3244 mendose
2470 3187 2690 3244 factum.
2719 3188 2871 3257 Quod
2897 3191 3061 3244 etiam
3093 3192 3432 3247 mendacium
3463 3192 3585 3247 fore
3625 3194 3770 3249 inve—

516 3293 647 3334 cens
676 3298 688 3334 :
721 3280 800 3353 [ln
851 3282 997 3336 nullo
1034 3284 1369 3352 gloriandum
1413 3291 1628 3359 quando
1665 3294 1796 3348 nihil
1843 3306 2087 3352 nostrum

517 3371 632 3444 sit.)
668 3372 874 3428 Bonum
907 3375 1086 3446 itaque
1123 3385 1364 3432 nostrum
1395 3388 1563 3436 totum
1594 3383 1685 3439 Dei
1724 3395 1824 3451 est,
1857 3389 1980 3456 quia
2009 3397 2091 3442 ιο-

517 3471 630 3516 tum
675 3479 741 3518 ex
788 3466 898 3519 Deo
928 3476 1042 3532 est;
1075 3476 1129 3521 et
1168 3469 1300 3522 nihil
1338 3469 1463 3526 boni
1508 3474 1677 3528 nostri
1709 3485 1953 3532 nostrum
1982 3487 2086 3544 est,

519 3554 646 3624 quia
677 3555 810 3609 nihil
838 3557 962 3612 boni
988 3559 1156 3614 nostri
1183 3575 1247 3616 ex
1284 3563 1438 3618 nobis
1463 3574 1565 3619 est.
1595 3565 1660 3620 Et
1703 3567 1822 3622 ideo
1858 3569 2087 3624 manife-

516 3653 621 3709 ste,
653 3643 877 3713 utjuxta
907 3647 1136 3704 formam
1161 3660 1401 3720 paternae
1427 3655 1683 3712 doctrina:
1711 3659 2090 3731 potiusloqua-

516 3751 661 3800 mur,
704 3754 863 3793 omne
901 3738 1102 3794 bonum
1145 3753 1409 3810 nostrum,
1455 3753 1512 3800 et
1551 3755 1719 3802 totum
1761 3749 1854 3804 Dei
1883 3761 1966 3806 est
1995 3751 2090 3806 do-

517 3826 728 3891 nando;
761 3837 816 3882 et
842 3838 1008 3883 totum
1036 3839 1278 3886 nostrum
1308 3835 1367 3889 lit
1395 3836 1729 3905 accipiendo.
1762 3839 1912 3895 Unde
1943 3849 1998 3895 et
2032 3841 2086 3895 in

517 3915 795 3972 Dominica
821 3921 1061 3975 oratione
1102 3925 1340 3991 quotidie
1387 3928 1744 3996 postulamus,
1798 3930 2083 3987 dicentes:

525 4022 544 4054 ι
579 4003 778 4059 Panem
801 4017 1041 4062 nostrum
1056 4013 1424 4079 quotidianum
1441 4017 1505 4070 da
1523 4018 1677 4074 nobis
1700 4019 1857 4074 hodie
1870 4020 2084 4089 (Matth.

518 4108 595 4159 vr,
627 4094 735 4165 Η).
779 4116 798 4149 ι
833 4097 940 4153 Cur
961 4101 1104 4155 enim
1131 4117 1324 4171 panem
1351 4117 1593 4162 nostrum
1636 4111 1790 4166 nobis
1819 4113 2090 4182 poscimus

519 4198 552 4238 a
578 4182 690 4239 Deo
712 4185 848 4253 dari,
882 4189 983 4244 nisi
1010 4192 1133 4260 quia
1157 4192 1239 4263 (ut
1261 4193 1514 4267 diximus)
1550 4199 1689 4253 sicut
1717 4215 1844 4254 vere
1879 4209 1964 4256 est
1991 4203 2087 4258 Dei

517 4273 813 4345 largiendo,
842 4278 913 4332 ita
939 4281 1102 4336 etiam
1127 4293 1368 4338 nostrum
1394 4286 1465 4340 sit
1486 4288 1816 4358 accipiendo.
1843 4290 1997 4347 Unde
2023 4292 2085 4348 Β.

518 4361 659 4436 Papa
684 4365 1006 4424 Coalestinus
1031 4371 1192 4443 (sicut
1218 4373 1326 4444 jam
1357 4378 1602 4446 superius
1645 4380 1762 4451 ejus
1785 4380 1947 4435 verba
1985 4399 2086 4453 po-

516 4456 744 4526 suimus)
787 4457 903 4514 ait:
939 4458 1133 4531 [Tanta
1177 4464 1320 4518 enim
1346 4474 1431 4519 est
1460 4481 1584 4538 erga
1612 4483 1801 4525 omnes
1844 4471 2087 4528 homines

515 4546 727 4601 Bonitas
757 4548 872 4612 Dei,
908 4558 965 4603 ut
998 4561 1181 4606 nostra
1222 4553 1354 4608 velit
1379 4569 1499 4611 esse
1546 4559 1755 4623 merita,
1805 4576 1923 4630 qua:
1962 4572 2087 4619 sunt

513 4635 684 4704 ipsius
737 4638 922 4711 dona.)
975 4641 1166 4696 Totum
1217 4644 1396 4714 itaque
1449 4647 1647 4703 bonum
1687 4659 1930 4706 nostrum
1975 4653 2086 4708 Deo

512 4725 768 4791 dandum,
801 4727 911 4782 Deo
938 4739 1021 4783 est
1046 4731 1404 4799 tribuendum,
1430 4737 1552 4805 quia
1583 4747 1750 4793 totum
1779 4756 1845 4795 ex
1877 4741 2087 4808 illoest,

510 4831 616 4870 non
655 4833 718 4872 ex
751 4819 928 4886 nobis,
966 4821 1090 4876 dum
1117 4831 1285 4879 totum
1328 4836 1382 4882 et
1425 4829 1491 4882 ab
1542 4829 1632 4884 illo
1687 4831 1989 4900 inchoatur,
2023 4851 2088 4890 ac

489 4906 582 4996 gab
633 4909 722 4963 illo
749 4912 946 4978 agitur,
999 4928 1061 4967 ac
1087 4916 1360 4986 peragitur
1393 4918 1444 4971 in
1475 4920 1632 4976 nobis
1659 4938 1674 4985 ;
1707 4923 1832 4992 quia
1860 4940 1964 4979 non
1994 4927 2086 4996 qui

472 4991 632 5079 suo,
663 4999 754 5052 sed
781 5017 798 5049 ι
827 5001 1131 5071 quicunque
1160 5006 1349 5074 Spiritu
1377 5006 1471 5061 Dei
1495 4991 1744 5080 aguntur,
1769 5013 1822 5067 hi
1848 5014 1940 5070 lilii
1962 4991 2087 5072 sunt

515 5083 608 5138 Dei
665 5086 833 5157 (Rom.
858 5105 976 5154 vin,
1010 5091 1118 5163 14).
1157 5114 1176 5147 ι
1211 5094 1336 5152 Ητεο
1364 5097 1430 5152 de
1473 5100 1644 5167 prima
1689 5103 1932 5172 epistola,
1960 5109 2084 5176 quia

515 5177 696 5268 multis
721 5189 777 5234 et
819 5184 1087 5252 perplexis
1115 5189 1501 5255 quaestionibus
1541 5193 1696 5261 plena
1745 5203 1882 5261 erat,
1925 5208 2086 5268 prout

515 5265 774 5323 Dominus
819 5271 1020 5328 donare
1066 5275 1314 5346 dignatus
1361 5287 1462 5345 est,
1491 5282 1606 5351 ipsa
1636 5265 1959 5343 necessitate
1993 5303 2084 5344 co-

515 5367 672 5428 gente
696 5360 956 5430 prolixius
981 5365 1231 5423 diximus.

1041 5497 1265 5555 CAPUT
1310 5498 1548 5557 XXXIX.

745 5605 821 5661 De
849 5609 1095 5673 secunda,
1120 5626 1235 5679 qua’
1259 5622 1332 5666 est
1367 5610 1610 5683 Parduli,
1633 5617 1869 5688 epistola.

580 5715 640 5774 In
665 5721 899 5776 secunda
928 5731 1104 5778 autem
1142 5724 1364 5794 epistola
1391 5742 1558 5796 pauca
1593 5731 1806 5801 quidem
1863 5742 1989 5788 sunt
2019 5740 2109 5791 de-

2192 3279 2370 3342 nietis.
2414 3279 2460 3334 si
2501 3279 2788 3349 septimum
2819 3279 3084 3335 decimum
3114 3280 3308 3336 librum
3337 3282 3555 3351 prmfati
3587 3283 3769 3339 Hiero-

2191 3369 2337 3438 nyrni
2368 3368 2419 3422 in
2449 3369 2642 3424 Isaiam
2677 3368 2939 3440 legeritis,
2961 3369 3050 3425 ubi
3073 3371 3399 3428 mentionem
3430 3371 3679 3442 ejusdem
3706 3374 3764 3431 li-

2191 3457 2316 3513 belli
2353 3457 2500 3514 facit.
2546 3477 2565 3511 ι

2825 3567 3128 3610 κεεροκδιο.

2260 3639 2356 3695 His
2387 3640 2567 3696 verbis
2588 3641 2716 3712 quid
2737 3641 2883 3697 aliud
2909 3642 2963 3697 in
3004 3641 3197 3712 primis
3218 3641 3554 3712 respondere
3581 3658 3763 3713 possu-

2188 3745 2309 3785 mus
2336 3748 2348 3783 :
2374 3730 2476 3786 nisi
2501 3732 2626 3801 quia
2653 3732 2720 3787 de
2753 3731 2839 3788 his
2865 3732 3028 3788 rebus
3054 3732 3350 3788 auxiliante
3368 3742 3430 3788 et
3450 3744 3767 3804 protegente

2188 3821 2368 3877 divina
2415 3823 2809 3889 misericordia,
2853 3823 3032 3879 nullus
3076 3823 3248 3890 labor,
3289 3825 3433 3880 nulla
3475 3827 3768 3882 necessitas

2188 3928 2326 3967 nova
2368 3913 2694 3983 inquirendi,
2740 3922 2798 3969 et
2843 3913 3173 3979 inveniendi,
3219 3921 3274 3969 et
3300 3915 3598 3978 scribendi,
3637 3914 3766 3986 apud

2191 4017 2286 4058 eos
2330 4003 2627 4058 exstitisset
2675 4021 2689 4058 :
2738 4017 2838 4058 nec
2872 4011 3022 4058 tanta
3067 4003 3336 4058 dissensio
3394 4014 3452 4059 et
3496 4006 3768 4060 contentio

2189 4092 2391 4146 exoriri
2422 4093 2705 4161 potuisset,
2738 4093 2784 4148 si
2813 4101 3026 4148 remoto
3053 4093 3198 4146 omni
3226 4095 3670 4164 praesumptionis
3698 4104 3768 4148 at-

2188 4197 2292 4251 que
2306 4183 2666 4237 animositatis
2687 4182 2888 4248 studio,
2903 4182 3016 4238 sola
3038 4183 3178 4253 apud
3199 4182 3317 4238 illos
3339 4185 3546 4240 veritas
3567 4186 3622 4240 in
3644 4201 3764 4240 san-

2189 4282 2398 4327 ctorum
2443 4273 2666 4331 Patrum
2709 4273 3047 4344 dogmatibus
3069 4283 3124 4329 et
3159 4274 3556 4332 ecclesiasticis
3590 4276 3766 4332 deﬁnio

2191 4364 2426 4418 tionibus
2458 4364 2710 4436 (quorum
2734 4364 3090 4420 rectissimam
3125 4363 3287 4420 ﬁdem
3310 4374 3368 4419 et
3399 4365 3763 4421 ﬁdelissimam

2192 4456 2490 4510 doctrinam
2516 4471 2729 4526 semper
2756 4456 3144 4512 honorabiliter
3166 4464 3220 4511 et
3252 4455 3485 4513 ﬁdeliter
3504 4469 3562 4513 et
3590 4468 3765 4517 secuta

2189 4555 2272 4600 est
2297 4555 2353 4601 et
2385 4548 2646 4616 sequitur,
2671 4558 2728 4602 et
2768 4557 3025 4618 sequetur
3053 4549 3314 4619 Ecclesia)
3345 4551 3679 4607 unanimiter
3715 4561 3767 4606 et

2193 4638 2484 4703 luuniliter,
2521 4648 2681 4709 atque
2729 4641 3041 4697 obedienter
3081 4644 3447 4711 inquireretur
3476 4686 3494 4708 ,
3527 4655 3585 4700 et
3629 4645 3761 4714 quod

2193 4728 2466 4784 inventum
2489 4741 2648 4797 esset,
2675 4733 2896 4802 pacifica
2909 4743 2962 4789 et
2983 4736 3268 4805 tranquilla
3291 4737 3496 4806 pietate
3516 4739 3765 4793 omnibus

2191 4822 2522 4889 sequendum
2565 4835 2978 4894 proponeretur,
3031 4835 3083 4881 et
3124 4831 3620 4884 commendaretur.
3660 4829 3762 4885 Nec

2196 4931 2214 4962 ι
2243 4923 2634 4982 propterunum
2667 4915 2902 4970 libellum
2939 4937 2957 4969 ι
2985 4933 3153 4987 usque
3175 4918 3332 4974 hodie
3354 4920 3563 4977 incerte
3585 4933 3761 4978 aucto-

2190 5003 2283 5066 ris,
2311 5011 2365 5057 et
2395 5005 2635 5059 inusitati
2679 5021 2778 5059 nec
2804 5005 3071 5063 ullatenus
3113 5009 3405 5078 recipiendi
3449 5027 3665 5080 sensus,
3699 5015 3762 5069 de

2187 5094 2481 5162 qumstione
2506 5097 2856 5167 prmscientim
2876 5108 2931 5154 et
2949 5099 3434 5169 prmdestinationis
3476 5103 3610 5170 Dei,
3655 5115 3757 5160 tam

2187 5185 2368 5248 claris,
2400 5195 2616 5241 ettanta
2645 5188 2898 5243 ﬁrmitate
2925 5189 3168 5246 solidatis
3196 5192 3586 5250 ecclesiastici:
3625 5197 3761 5250 veri-

2188 5280 2314 5335 tatis
2352 5281 2780 5336 iustitutionibus
2803 5281 3058 5352 praeferre
3082 5283 3417 5340 maluissent.
3453 5287 3593 5353 Quid
3621 5289 3757 5342 enim

2193 5385 2368 5425 causae
2388 5370 2610 5433 exstitit,
2640 5379 2695 5424 ut
2724 5370 2817 5425 illa
2837 5373 3017 5426 omnia
3044 5381 3515 5443 postponerentur,
3537 5385 3593 5430 et
3623 5376 3761 5431 Scri-

2192 5471 2361 5529 pturm
2388 5469 2587 5515 sancta;
2620 5463 2819 5518 veritas
2849 5463 3027 5518 minus
3049 5465 3290 5520 discussa
3320 5476 3376 5520 et
3419 5468 3754 5526 considerata

2193 5551 2582 5621 negligeretur?
2617 5553 2684 5607 Et
2721 5553 2807 5608 his
2853 5555 3125 5619 omnibus,
3156 5556 3296 5625 quod
3325 5557 3473 5612 nullo
3500 5569 3652 5613 certo
3672 5574 3758 5612 au-

2190 5652 2358 5707 clore,
2386 5643 2525 5698 nulla
2557 5659 2680 5699 vera
2711 5645 2920 5699 ratione
2942 5645 3133 5701 fultum
3171 5656 3273 5710 est,
3300 5650 3636 5718 sequendum
3665 5665 3752 5718 po-

2191 5737 2294 5792 tius
2318 5734 2668 5803 judicaretur,
2695 5737 2793 5792 nisi
2824 5753 2850 5791 a
2877 5747 3030 5808 parte
3061 5739 3232 5809 ipsum
3254 5741 3618 5797 contentionis
3645 5757 3750 5794 rna-
