3966 6334
185 360 319 420 1053

1233 358 1433 414 LIBER
1470 358 1557 412 DE
1595 355 1842 413 TRlBUS
1882 356 2260 414 EPISTOLIS.

3133 241 3236 277 s.é

3292 353 3430 410 1054

185 483 316 546 lum,
357 493 468 550 quo
502 477 671 535 semel
695 487 1018 549 praesumpta
1068 479 1330 533 sententia
1359 486 1414 533 et
1457 491 1645 533 sensus
1671 475 1752 530 in-
1776 478 1827 537 Α
1853 489 2027 530 manze
2055 473 2383 528 infirmitatis
2403 479 2506 528 est.
2531 471 2684 539 Quod
2705 479 2884 528 autem
2908 469 3137 526 affirmat
3157 469 3432 526 hominem

184 571 520 628 considerate
553 570 798 640 prolatus
841 569 1108 624 obstinate
1147 570 1324 639 potius
1362 569 1746 632 defendendus,

181 661 656 732 quam-salubriter
685 669 902 730 putatus
921 661 1382 732 estcorrigendus.
1411 659 1563 715 Unde
1587 659 1748 714 etiam

181 753 316 807 satis
343 751 526 806 mirari
561 767 666 808 non
694 766 980 820 possumus
1005 753 1276 823 quomodo
1299 753 1402 807 ilhc
1420 751 1752 821 quinquevel

179 858 274 926 sex
297 843 622 912 quaestiones
656 860 686 898 a
712 845 870 900 beato
889 844 1190 914 Augustino
1216 853 1402 898 contra
1438 843 1751 898 Manichae-

179 950 297 989 rum
329 935 535 990 rabiem
561 935 781 1005 prolatai
810 951 929 991 esse
954 937 1100 991 credi
1127 937 1421 1007 potuerint,
1451 951 1573 990 cum
1612 936 1751 990 sicut

177 1032 231 1079 et
252 1025 576 1094 multiplices
602 1025 722 1080 libri
737 1027 974 1097 ejusdem
997 1029 1167 1082 sancti
1195 1027 1433 1082 doctoris
1465 1035 1748 1093 testantur,

176 1122 234 1167 et
262 1114 375 1183 ipse
397 1114 836 1184 Hypomnesticon
867 1115 1068 1170 libellus
1114 1116 1398 1171 manifeste
1437 1119 1670 1171 ostendit
1711 1133 1749 1193 _a

175 1201 478 1275 Pelagianis
504 1206 736 1274 primum
777 1208 1041 1262 haereticis
1087 1219 1274 1263 contra
1301 1208 1456 1263 fidem
1498 1209 1752 1264 Ecclesiae

175 1293 286 1349 sint
317 1293 561 1363 objectre,
585 1305 638 1350 ct
675 1298 740 1352 ad
773 1313 958 1353 eorum
983 1299 1410 1354 confutationum
1440 1299 1751 1371 diligentius

173 1386 284 1440 sint
331 1396 592 1444 tractatzn.
645 1389 959 1446 Certissime
1007 1403 1186 1447 autem
1235 1393 1395 1464 (sicut
1420 1392 1533 1461 jam
1589 1409 1750 1462 supra

172 1478 430 1550 diximus)
471 1483 684 1549 quando
728 1482 848 1537 illos
893 1484 1057 1538 libros
1099 1485 1657 1555 beatus-Augustinus
1685 1486 1751 1539 de

171 1569 509 1636 expositione
541 1569 764 1626 Genesis
793 1582 979 1628 contra
1007 1574 1331 1629 Manio-lucos
1352 1576 1586 1644 scripsit,
1620 1591 1749 1630 nec-

170 1659 299 1712 dum
323 1659 777 1732 Pelagiani‘auditi
796 1674 885 1719 aut
903 1666 1073 1719 exorti
1099 1665 1324 1720 fuerint:
1343 1665 1432 1721 sed
1450 1666 1606 1736 longe
1630 1675 1751 1737 post

167 1756 414 1818 tempore
457 1749 752 1806 Ecclesiam
799 1752 892 1808 Dei
947 1755 1212 1824 coeperint
1264 1755 1577 1826 impugnare
1623 1770 1638 1810 :
1683 1755 1748 1810 de

1849 578 2008 634 posse
2058 578 2160 617 non
2193 577 2438 632 peccare,
2485 562 2586 616 hoc
2627 575 2752 616 vere
2783 560 2948 615 divini
2993 569 3076 614 est
3107 559 3268 630 (sicut
3314 559 3432 629 ipse

1853 657 2098 725 testatur)
2131 656 2336 720 auxilii,
2368 664 2427 709 ut
2456 655 2625 723 possit
2655 668 2776 708 esse
2817 652 2971 708 liberi
3013 650 3236 707 humani
3288 651 3435 706 arbi-

1851 750 1960 804 trii.
1993 749 2138 804 Dixit
2165 750 2328 804 etiam
2367 749 2597 818 quodam
2629 748 2750 802 loco
2797 747 2939 802 idem
2967 745 3158 800 beatus
3202 743 3428 800 doctor:

1853 839 2057 912 [Liberi
2087 839 2296 894 arbitrii
2323 854 2424 894 nos
2451 829 2690 893 condidit
2721 837 2885 903 Deus,
2921 851 3020 892 nec
3049 836 3117 890 ad
3151 835 3432 898 virtutem,

1852 947 1950 988 nec
1991 932 2057 986 ad
2089 931 2220 984 vitia
2249 931 2579 986 necessitate
2611 929 2900 983 trahimur.
2940 925 3192 996 Alioquin
3219 924 3308 978 ubi
3340 937 3435 978 ne-

1851 1024 2101 1088 cessitas,
2132 1039 2231 1078 nec
2259 1038 2455 1078 corona
2486 1020 2615 1094 est.]
2647 1021 2776 1088 Quae
2802 1021 2966 1076 verba
2997 1018 3114 1088 ejus
3153 1033 3183 1071 a
3212 1015 3433 1087 Pelagio

1851 1116 1992 1172 velut
2020 1123 2206 1169 contra
2249 1115 2478 1185 gratiam
2506 1113 2603 1168 Dei
2631 1113 2898 1183 opposita,
2937 1115 3128 1167 beatus
3171 1108 3430 1179 Augusti-

1851 1221 1955 1261 nus
2000 1206 2052 1258 in
2091 1204 2227 1258 libro
2255 1205 2320 1258 de
2352 1202 2552 1258 Natura
2579 1211 2634 1257 et
2672 1201 2856 1258 Gratia
2905 1201 3042 1273 (cap.
3087 1199 3179 1265 65,
3219 1197 3308 1268 66)
3356 1197 3430 1252 ita

1853 1295 2093 1364 exponit,
2117 1302 2171 1348 et
2197 1293 2454 1359 defendit,
2480 1293 2664 1348 dicens
2687 1292 2829 1363 quod
2858 1292 2934 1346 ait
2964 1308 2992 1344 a
3021 1297 3320 1345 memorato
3350 1286 3434 1342 di-

1853 1393 1996 1440 ctum
2031 1399 2150 1439 esse
2179 1383 2494 1453 presbytero
2528 1402 2539 1436 :
2574 1381 2775 1453 [Liberi
2809 1380 3017 1435 arbitrii
3058 1394 3156 1434 nos
3190 1375 3433 1433 condidit

1854 1473 1996 1527 Deus
2021 1487 2119 1527 nec
2149 1472 2214 1525 ad
2246 1472 2524 1534 virtutem,
2569 1487 2668 1526 nec
2697 1471 2763 1524 ad
2803 1471 2935 1524 vitia
2962 1468 3286 1525 necessitate
3325 1475 3433 1520 tra-

1853 1564 2064 1618 himur:
2089 1563 2339 1632 Alioquin
2362 1563 2451 1616 ubi
2481 1562 2800 1626 necessitas,
2823 1575 2922 1616 nec
2948 1574 3147 1616 corona
3172 1567 3273 1613 est.
3299 1558 3432 1624 Quis

1854 1670 1958 1709 non
2007 1661 2284 1722 agnoscat,
2322 1653 2444 1724 quis
2473 1668 2580 1707 non
2612 1661 2729 1707 toto
2773 1651 2936 1706 corde
2981 1649 3264 1720 suscipiat,
3311 1646 3432 1717 quis

1853 1748 2009 1802 aliter
2033 1747 2304 1802 conditam
2345 1747 2637 1801 humanam
2665 1752 2827 1816 neget
2853 1759 2974 1799 esse
2998 1739 3289 1796 naturam?
3321 1736 3430 1793 Sed

167 1838 412 1907 ipsorum
454 1839 652 1906 libelle,
697 1842 786 1912 qui
817 1841 972 1910 lmjus
1006 1845 1208 1899 erroris
1237 1855 1291 1900 et
1319 1846 1744 1901 conturbationis
1775 1829 1820 1888 B
1849 1839 1904 1893 in
1927 1850 2072 1894 recte
2095 1838 2359 1903 faciendo,
2390 1835 2512 1891 ideo
2536 1836 2740 1890 nullum
2773 1844 2857 1890 est
2883 1833 3155 1888 vinculum
3193 1828 3432 1884 necessi-

165 1931 511 1988 occasionem
549 1933 712 2000 dedit,
753 1935 877 2004 quia
899 1933 1014 2002 jam
1049 1937 1297 2006 superius
1325 1935 1460 1991 satis
1489 1937 1756 2003 diximus,

164 2019 257 2075 hic
294 2020 425 2074 nihil
454 2022 682 2092 amplius
708 2024 992 2079 dicendum
1019 2035 1272 2096 putamus

234 2109 504 2168 Libellum
546 2128 678 2167 vero
717 2115 791 2169 De
822 2115 1160 2171 induratione
1201 2116 1380 2172 cordis
1423 2115 1744 2181 Pharaonis,

161 2201 257 2270 qui
291 2215 320 2253 a
353 2201 508 2255 beato
534 2201 858 2276 Hieronymo
884 2206 1119 2275 scriptus
1143 2216 1363 2276 putatur
1390 2223 1490 2262 nec
1521 2210 1572 2265 in
1609 2209 1747 2264 libro

164 2292 231 2346 de
264 2291 408 2348 Viris
441 2293 736 2349 illustribus
763 2313 864 2351 nec
891 2297 941 2351 in
966 2300 1256 2354 venerabili
1282 2300 1405 2354 vita:
1429 2301 1543 2371 ejus
1579 2301 1747 2356 histo-

163 2382 270 2446 ria,
303 2382 444 2437 inter
468 2383 584 2453 ejus
626 2386 883 2456 opuscula
913 2388 1155 2444 invenire
1185 2391 1478 2460 potuimus.
1518 2391 1574 2445 In
1606 2391 1746 2447 libro

166 2481 353 2526 tamen
380 2476 606 2544 septimo
632 2477 840 2532 decimo
865 2477 1315 2548 Explanationum
1342 2479 1493 2536 isaia
1514 2483 1747 2552 prophe-

163 2573 234 2619 ιω
284 2563 484 2634 aliquid
529 2567 635 2620 tale
676 2568 956 2637 scripsisse
985 2578 1396 2636 commemorat,
1438 2585 1540 2626 nec
1565 2580 1746 2628 tamen

163 2654 483 2724 specialiter
509 2656 575 2711 de
603 2657 951 2715 Induratione
989 2661 1168 2716 cordis
1197 2661 1519 2728 Pharaonis,
1549 2665 1642 2718 sed
1679 2664 1747 2720 de

164 2753 284 2800 tota
318 2745 404 2800 illa
442 2747 508 2801 ad
538 2747 810 2804 Romanos
838 2749 1146 2805 difﬁcillima
1175 2751 1402 2821 apostoli
1451 2752 1752 2822 quaestione

129 2836 408 2891 'breviter
438 2839 821 2905 perstrinxisse
849 2841 1112 2911 designat.
1135 2840 1242 2896 Sed
1276 2842 1400 2912 quia
1425 2857 1525 2898 nos
1554 2841 1744 2912 hujus-

163 2927 313 2980 modi
367 2926 602 2982 libellum
660 2945 934 3000 nunquam
986 2932 1240 2996 vidimus,
1293 2941 1472 2987 utrum
1515 2933 1604 2989 ille
1654 2935 1748 3006 qui

164 3016 311 3086 apud
337 3016 469 3071 istos
498 3018 790 3085 invenitur,
821 3029 875 3076 et
906 3022 1028 3094 styli
1069 3024 1351 3094 gravitate,
1385 3032 1441 3079 et
1469 3023 1593 3080 fidei
1639 3026 1749 3080 sin—

165 3106 398 3161 ceritate
444 3107 560 3176 ejus
590 3123 709 3163 esse
747 3110 1045 3166 credendus
1077 3112 1167 3177 sit,
1194 3121 1448 3182 tanquam
1477 3113 1542 3168 de
1565 3114 1747 3184 ignoto

1851 1931 1996 1994 tatis,
2020 1930 2142 2000 quia
2173 1929 2392 1984 libertas
2421 1937 2503 1983 est
2538 1929 2838 1982 charitatis.
2862 1925 3017 1993 Quod
3046 1933 3224 1978 autem
3255 1937 3321 1977 ex
3343 1921 3430 1975 vi-

1849 2022 1939 2076 tiis
1977 2029 2204 2085 naturae,
2243 2037 2348 2076 non
2379 2037 2445 2075 ex
2475 2021 2783 2076 conditione
2813 2027 3040 2083 naturae,
3073 2017 3142 2072 sit
3184 2016 3428 2086 quaadam

1846 2111 2104 2182 peccandi
2132 2112 2446 2176 necessitas,
2478 2112 2663 2166 audiat
2705 2112 2886 2174 homo,
2922 2118 3104 2178 atque,
3137 2116 3200 2160 ut-
3238 2107 3433 2160 eadem

1846 2207 2146 2262 necessitas
2167 2221 2270 2259 non
2298 2206 2392 2269 sit,
2436 2205 2608 2260 discat
2632 2204 2744 2257 Deo
2773 2203 2953 2257 dicere
2986 2218 3000 2255 :
3031 2219 3049 2251 ι
3084 2201 3159 2254 De
3188 2197 3428 2253 necessi-

1845 2295 2049 2351 tatibus
2073 2295 2208 2350 meis
2229 2296 2366 2350 educ
2388 2309 2490 2348 me.
2534 2314 2552 2347 i
2583 2293 2674 2348 Sic
2702 2306 2933 2362 namque
2963 2288 3260 2360 opitulante
3299 2302 3425 2357 gra-

1847 2387 1922 2440 tia
1947 2401 2042 2456 per
2065 2386 2354 2441 Dominum
2384 2393 2626 2439 nostrum
2667 2381 2848 2437 Iesum
2875 2381 3171 2443 Christum,
3203 2386 3258 2432 et
3284 2376 3424 2431 mala

1847 2476 2148 2531 necessitas
2177 2473 2564 2540 removebitur,
2602 2480 2657 2527 et
2680 2472 2905 2527 libertas
2929 2470 3084 2540 plena
3111 2465 3431 2538 tribuetur.J‘

1847 2566 1972 2621 Haac
2000 2567 2194 2622 beatus
2225 2563 2573 2632 Augustinus.

2446 2693 2672 2752 CAPUT
2709 2694 2820 2750 XL.

2043 2810 2121 2864 De
2151 2806 2459 2872 Amalario;
2485 2805 2550 2879 4e
2573 2805 2780 2874 scriptis
2809 2801 3034 2857 Joannis
3059 2799 3212 2857 Scoti.

1922 2924 2072 2993 Quod
2094 2931 2272 2976 autem
2297 2920 2438 2975 inter
2465 2925 2711 2981 caeteros,
2736 2914 2826 2984 qui
2849 2914 2914 2969 de
2938 2921 3084 2968 tanta
3106 2909 3432 2980 quaestione,

1851 3019 2044 3074 divinae
2065 3015 2312 3070 videlicet
2331 3009 2682 3082 prtescientize
2702 3015 2756 3062 et
2777 3003 3262 3076 praedestinationis
3285 3000 3434 3070 apud'

1849 3124 1949 3165 eos
1975 3107 2256 3177 scripsisse
2285 3084 2688 3165 memorantur,
2721 3099 2884 3154 etiam
2927 3094 3231 3150 Amalarius
3267 3091 3426 3163 poni-

158 3194 408 3264 judieare
455 3214 560 3252 non
618 3215 922 3268 possumus.
972 3202 1111 3268 Quid
1159 3211 1336 3258 tamen
1387 3203 1476 3259 ille
1525 3214 1742 3261 sanctus
1773 3185 1818 3247 C
1852 3209 1959 3266 tur,
1987 3209 2043 3255 et
2085 3197 2281 3252 Scotus
2313 3193 2548 3248 Joannes
2589 3189 2656 3244 ab
2694 3189 2774 3244 eis
2813 3188 2877 3242 ad
2910 3186 3254 3242 scribendum
3281 3197 3429 3238 com-

165 3286 363 3342 doctor
397 3287 550 3357 juxta
606 3289 726 3344 fidei
778 3292 1055 3348 catholicae
1101 3294 1387 3350 veritatem
1446 3294 1511 3350 de
1576 3295 1752 3352 libero.

167 3379 398 3434 arbitrio
460 3383 728 3446 senserit,
797 3391 852 3438 et
904 3384 1097 3456 dialogi
1177 3385 1386 3456 ipsius,
1456 3401 1592 3457 quos
1648 3387 1748 3443 sub

166 3471 391 3525 nomine
418 3470 582 3527 Attici
617 3479 672 3527 et
721 3472 993 3530 Cretohuli
1031 3484 1217 3530 contra
1255 3475 1574 3547 Pelagianos
1615 3476 1751 3531 scri-

166 3565 301 3633 psit,
329 3563 764 3620 manifestissime
794 3574 1080 3621 testantur.
1120 3567 1190 3621 Et
1226 3567 1350 3622 fidei
1387 3568 1504 3635 ejus
1531 3566 1744 3636 profes-

167 3655 276 3718 sio,
307 3670 468 3723 quam
509 3655 818 3723 plenissime
863 3665 917 3711 et
939 3655 1327 3726 perfectissime
1371 3667 1558 3713 contra
1587 3672 1750 3727 quos-

168 3744 296 3800 dam
327 3743 744 3800 calumniatores
785 3745 850 3801 ad
896 3745 1210 3802 Pontilieem
1255 3747 1399 3802 sedis
1444 3748 1751 3818 apostolicae

170 3832 228 3885 in
262 3830 626 3888 defensionem
652 3835 732 3888 sui
760 3835 952 3901 edidit,
973 3837 1104 3891 satis
1132 3838 1398 3902 ostendit;
1431 3838 1522 3893 ubi
1563 3839 1628 3893 de
1660 3853 1752 3894 eo-

169 3920 296 3974 dem
325 3920 494 3978 libero
520 3923 744 3978 arbitrio
764 3925 836 3978 ita
858 3925 1097 3996 loquitur
1117 3939 1142 3967 ει
1174 3942 1188 3980 :
1219 3927 1496 4000 [Liberum
1520 3927 1599 3982 sic
1629 3944 1752 3983 con-

169 4010 396 4065 fitemur
423 4013 724 4080 arbitrium,
757 4023 815 4070 ut
840 4017 1083 4073 dicamus
1111 4034 1210 4074 nos
1241 4033 1457 4088 semper
1489 4018 1582 4073 Dei
1612 4019 1751 4074 indi-

171 4117 304 4176 gere
330 4105 532 4158 auxilio
558 4122 570 4159 :
596 4113 650 4160 et
672 4113 780 4162 tam
805 4105 924 4162 illos
959 4122 1143 4162 errare
1169 4109 1260 4178 qui
1299 4124 1423 4163 cum
1453 4107 1752 4164 Manichaee

171 4196 362 4250 dicunt
395 4196 664 4252 hominem
701 4207 980 4268 peccatum
1019 4199 1192 4255 vitare
1235 4215 1341 4254 non
1370 4214 1552 4269 posse,
1588 4215 1750 4269 quam

171 4286 296 4342 illos
324 4288 557 4356 quicum
583 4287 868 4346 loviniano
890 4299 1136 4346 asserunt
1155 4291 1426 4346 hominem
1459 4305 1564 4344 non
1592 4304 1750 4360 posse

170 4395 432 4451 peccare:
456 4390 679 4450 uterque
709 4383 854 4437 enim
887 4382 1022 4437 tollit
1049 4382 1254 4437 arbitrii
1284 4381 1612 4436 libertatem.
1642 4379 1753 4435 Nos

169 4486 306 4526 vero
349 4473 578 4528 dicimus
621 4473 890 4529 hominem
923 4489 1135 4544 semper
1175 4482 1231 4528 et
1267 4487 1518 4542 peccare,
1548 4480 1604 4526 et
1643 4489 1749 4527 non

1848 3289 2036 3361 pulsus
2063 3302 2184 3344 esse
2227 3284 2479 3346 refertur,
2530 3279 2758 3336 multum
2804 3277 3032 3332 moleste
3081 3283 3136 3330 et
3184 3273 3431 3328 dolenter

1849 3381 2166 3451 accipimus,
2190 3385 2252 3432 ut
2280 3373 2636 3432 ecclesiastici
2663 3380 2718 3426 et
2754 3369 3047 3439 prudentes
3075 3366 3177 3423 viri
3223 3372 3428 3419 tantam

1849 3471 2100 3541 injuriam
2155 3465 2504 3534 sibimetipsis
2531 3462 2778 3526 fecerint,
2818 3468 2876 3514 ut
2907 3461 2936 3500 δ
2974 3457 3304 3512 Amalarium
3360 3454 3434 3509 de

1851 3562 1975 3617 fidei
2005 3561 2210 3614 ratione
2249 3554 2610 3617 consulerent,
2642 3557 2732 3622 qui
2757 3557 2811 3606 et
2831 3549 3028 3612 verbis,
3056 3555 3112 3602 et
3136 3546 3288 3601 libris
3315 3544 3433 3599 suis

1850 3650 2166 3715 mendaciis,
2193 3657 2248 3702 et
2274 3645 2569 3706 erroribus,
2597 3650 2653 3697 et
2677 3639 3035 3712 phantasticis
3065 3645 3228 3706 atque
3254 3635 3428 3688 hzere-

1853 3740 1972 3796 ticis
2003 3735 2460 3808 disputationibus
2487 3725 2662 3802 plenis
2685 3743 2874 3786 omnes
2909 3741 3046 3799 pene
3087 3725 3226 3796 apud
3255 3723 3430 3778 Fran-

1853 3830 1992 3886 ciam
2026 3827 2307 3891 ecclesias,
2355 3833 2412 3880 et
2459 3821 2755 3878 nonnullas.
2793 3820 2957 3876 etiam
2985 3817 3210 3872 aliarum
3257 3813 3434 3883 regio-

1853 3937 2007 3986 num,
2037 3928 2299 3991 quantum
2331 3917 2384 3971 in
2413 3923 2472 3972 Se
2503 3915 2604 3969 fuit
2629 3913 2834 3978 infecit,
2867 3919 3028 3980 atque
3057 3907 3296 3976 corrupit
3325 3922 3338 3958 :
3374 3911 3435 3958 ut

1853 4029 1963 4070 non
1996 4021 2107 4067 tam
2134 4011 2249 4081 ipse
2275 4009 2341 4064 de
2370 4007 2476 4062 fide
2499 4003 2850 4075 interrogari,
2877 4015 3037 4071 quam
3079 3997 3258 4053 omnia
3300 3994 3434 4049 scri-

1852 4113 1944 4176 pta
1995 4103 2112 4174 ejus
2138 4102 2329 4157 saltem
2362 4107 2485 4169 post
2517 4103 2744 4152 mortem
2792 4093 2957 4164 ipsius
2995 4087 3278 4144 debuerint
3307 4085 3438 4176 igne

1853 4175 2121 4258 consumi,
2155 4207 2223 4248 ne
2245 4190 2603 4260 simpliciores
2625 4186 2846 4257 quique,
2869 4182 2959 4253 qui
2984 4195 3077 4236 eos
3105 4177 3328 4233 multum
3354 4175 3436 4228 di-

1851 4286 2040 4355 ligere,
2073 4291 2127 4340 et
2167 4283 2390 4353 legendo
2427 4280 2778 4350 frequentare
2818 4275 3088 4336 dicuntur,
3133 4263 3434 4355 eorumis-

1854 4351 2034 4429 ctione
2061 4379 2116 4428 et
2147 4351 2380 4426 inaniter
2417 4373 2834 4436 occuparentur,
2857 4371 2912 4417 et
2932 4359 3234 4431 perniciose
3277 4351 3437 4407 falle-

1854 4471 2044 4520 rentur
2065 4476 2130 4516 ac
2156 4461 2562 4530 deciperentur;
2594 4464 2672 4520 et,
2719 4452 2861 4523 quod
2889 4447 3111 4517 majoris
3152 4451 3238 4499 est
3277 4441 3440 4511 igne.

170 4575 410 4630 peccare
424 4576 589 4630 posse
607 4571 666 4616 ut
689 4578 902 4632 semper
932 4525 1210 4618 nosrliberi
1237 4525 1601 4618 confiteantur
1783 4525 1831 4583 Β
1857 4553 2036 4608 minii?
2063 4559 2225 4618 ειίιιιθ
2249 4525 2525 4619 οββτοδτίί
2561 4543 2783 4601 suum“
2814 4541 2964 4596 mum
2992 4537 3060 4592 ad
3086 4530 3438 4632 5°”b‘?“‘!“'“

173 4649 434 4721 arbitrii.]
462 4649 517 4704 In
546 4651 741 4721 quibus
773 4651 914 4706 beati
946 4653 1182 4707 doctoris
1217 4653 1400 4706 verbis
1437 4651 1579 4720 quod
1609 4651 1750 4704 θωτ-

173 4748 290 4795 mat
324 4740 594 4797 hominem
626 4756 838 4811 semper
876 4757 1100 4812 peccare
1128 4756 1286 4811 posse
1339 4739 1626 4796 manifeste
1651 4740 1752 4794 hu-

1859 4643 2260 4714 compcllerent.
2314 4640 2416 4708 Qui
2467 4639 2609 4694 sicut
2651 4653 2719 4691 ex
2762 4635 2879 4705 ejus
2906 4629 3122 4698 scriptis
3149 4623 3437 4680 verissime

1860 4735 2242 4805 comperimus,
2293 4745 2394 4785 nec
2441 4729 2560 4800 ipsa
2609 4727 2776 4782 verba
2804 4724 3208 4793 Scripturarum
3255 4715 3439 4770 adhuc

1100 4873 1308 4932 NOTAE
1345 4873 1668 4931 DUVALLII
1700 4869 2040 4929 DOCTORIS
2081 4864 2460 4924 SORBONICI.

251 5031 278 5060 ει
309 5015 437 5071 Haec
473 5013 592 5068 fidei
617 5011 884 5083 professio
903 5025 1011 5083 non
1041 5008 1101 5064 S.
1135 5007 1536 5083 Hieronymjad
1561 5005 1752 5060 Dama-

181 5086 442 5151 sum,.sed
470 5077 636 5152 ipsius
662 5082 859 5152 Pelagii
891 5081 958 5152 ad
991 5077 1393 5152 Innocentium._
1410 5077 1513 5131 PP.

252 5160 280 5198 δ
307 5145 580 5226 ’δυεεὶῑὴιι
601 5162 655 5207 et
686 5145 862 5226 arguit
890 5149 1220 5226 Amalarium
1248 5146 1618 5226 Lugdunensis
1643 5145 1749 5226 Ec-

182 5228 344 5283 clesia
395 5216 647 5294 tvavnquam
690 5216 928 5276 omnium
977 5220 1258 5294 htereseoon
1308 5216 1448 5294 illius
1489 5216 1748 5294 temporis

186 5307 459 5351 auctorem
486 5285 540 5349 et
566 5301 948 5364 promotorem:
987 5289 1128 5364 Quis
1152 5297 1334 5364 autem
1369 5285 1750 5364 fuerit,_magis

185 5356 650 5438 ignoranti-quan)
673 5363 860 5438 scitur.
912 5359 1095 5438 Solum
1133 5359 1319 5438 accipe
1341 5371 1416 5438 rex
1437 5356 1750 5437 doctissimo

185 5426 302 5492 viro
337 5426 554 5489 Nicolao
595 5433 791 5496 Fabro,
840 5429 1024 5486 sedulo
1063 5426 1402 5499 antiquitatis
1423 5426 1750 5499 pervestiga-

189 5515 328 5570 torc,
373 5505 590 5560 Florum
641 5503 984 5574 magistrum,
1035 5496 1559 5574 quem'Trecenseln
1603 5496 1750 5550 illum

187 5565 491 5646 episcopum
517 5565 865 5646 arbitramur,
893 5571 985 5646 qui
1010 5565 1196 5627 contra
1220 5568 1498 5646 _Joannetn
1527 5565 1748 5646 Scotum

191 5636 244 5702 ei
280 5636 713 5702 Goiteschaleum
761 5636 977 5712 scripsit
1018 5640 1451 5712 quamplurima,
1481 5637 1575 5712 sed
1605 5637 1657 5690 in
1686 5636 1750 5690 iis

192 5718 432 5778 qundam
481 5708 942 5771 animadversione
990 5708 1302 5783 dignissima
1329 5727 1353 5776 ς,
1401 5709 1489 5764 hic
1535 5708 1752 5776 inquam

1856 5004 2047 5060 Florus
2088 5002 2142 5057 in
2176 5017 2260 5072 ps.
2291 5016 2452 5064 Lxxx,
2497 4997 2754 5072 adversus
2787 4993 3116 5072 Amal_ariu_m
3145 4991 3386 5072 scribens
3411 5008 3436 5045 τ

1863 5093 1882 5127 ι
1921 5074 2051 5138 Vis,
2103 5060 2872 5142 inquithomederejpsum
2926 5063 3213 5142 Dominum
3257 5060 3430 5142 Deum

1854 5130 2050 5200 tuum?
2085 5130 2222 5197 Audi
2253 5130 2378 5209 quid
2400 5140 2545 5194 dicat
2569 5155 2581 5190 ε
2613 5155 2630 5187 (
2659 5130 2830 5209 Dilata
2859 5149 2918 5188 os
2947 5142 3111 5209 ιιιιιιῐι⁸
3125 5141 3178 5185 et
3202 5130 3442 5209 implebo

1861 5234 1881 5268 (
1918 5213 2066 5269 illud.
2101 5231 2119 5263 ›
2176 5201 2404 5265 Dilatate
2431 5225 2523 5263 ora
2555 5213 2732 5261 vestra
2757 5245 2771 5268 ,
2817 5205 2930 5272 ipse
2949 5211 3045 5272 .est
3077 5201 3335 5272 Dominus
3377 5209 3435 5256 et

1853 5285 2030 5355 panis,
2068 5283 2184 5355 ipse
2205 5282 2454 5334 hortatur
2479 5293 2577 5333 nos
2603 5271 3035 5355 ut‘comedanius
3061 5290 3074 5324 :
3105 5279 3158 5355 at
3185 5271 3298 5339 ipse
3328 5285 3432 5350 no-

1855 5340 1968 5410 ster
2010 5340 2104 5409 est
2120 5352 2271 5407 cibus
2305 5369 2317 5404 :
2368 5357 2626 5410 quantum
2658 5343 2988 5408 dilataveris,
3035 5349 3244 5396 tantum
3286 5340 3434 5410 acci-

1855 5367 1968 5410 ster
2010 5367 2096 5409 εει
2120 5367 2271 5407 ClDllS
2305 5369 2317 5404 :
2368 5367 2626 5403 tuantum
2658 5367 2988 5408 uuatavcl'ls,
3035 5367 3244 5396 tumqu
3286 5367 3434 5395 acu-

1855 5425 1990 5494 pies.
2022 5445 2040 5475 ι
2076 5423 2200 5477 llaec
2225 5421 2329 5494 ille.
2359 5367 2439 5472 ἐκ
2461 5433 2568 5488 quo
2591 5414 2911 5494 conjectura:
2937 5413 3084 5494 locus
3111 5409 3440 5494 relinquitur

1856 5477 2188 5549 Arnalarium
2224 5491 2370 5544 illum
2412 5477 2516 5542 un'a
2548 5477 2908 5540 cum'Joanne
2943 5482 3106 5537 Scoto
3142 5477 3305 5532 fuisSe
3333 5477 3438 5530 Be-

1858 5564 2089 5634 rengarii
2123 5574 2483 5634 prrecursores
2498 5555 2729 5634 et_veluti
2757 5553 3138 5634 antesignahps
3150 5565 3170 5634 _;
3197 5553 3440 5634 quorum

1860 5619 2098 5690 errorem
2126 5619 2297 5687 nostri
2332 5625 2908 5694 Eucharistomastiges
2935 5619 3256 5693 jamdudum
3285 5619 3432 5687 sopi-

1864 5717 1975 5761 tum
2006 5712 2062 5760 et
2085 5703 2410 5759 exstinctum
2437 5699 2504 5754 ab
2533 5711 2661 5754 orco
2686 5697 3030 5752 suscitarent.
