3966 6334
207 339 358 400 1057

877 465 1136 507 ιλιιλκσε.

291 564 311 600 ι
340 544 417 600 Ita
441 552 499 599 ut
527 544 743 614 quidam
771 557 956 598 eorum
987 539 1301 612 perditionis
1322 555 1433 595 suae
1457 540 1789 595 conditorem

209 652 378 691 suum
402 643 649 690 asserant
675 644 973 698 auctorem,
998 634 1238 687 dicentes
1263 631 1424 701 quod,
1455 633 1595 687 sicut
1622 632 1675 686 hi
1701 631 1793 702 qui

207 727 561 798 praescientia
606 726 702 781 Dei
747 742 811 780 ac
855 724 1331 795 przedestina‘tione
1360 724 1638 779 convocati
1669 732 1794 780 sunt

203 820 282 873 ad
304 817 705 888 percipiendam
731 815 954 886 gloriam
977 824 1191 871 teternte
1212 813 1357 881 vitaz,
1402 815 1476 868 ita
1515 823 1569 869 et
1590 814 1665 869 illi
1702 815 1791 885 qui

205 906 287 961 ad
304 916 568 961 aeternum
600 905 877 959 interitum
917 904 1136 980 vadunt,
1164 904 1658 974 ‘pmedestinatioue
1696 904 1793 961 Dei

201 1009 495 1073 cogantur,
532 1013 639 1053 non
665 1012 822 1067 posse
850 997 1079 1052 evadere
1117 996 1415 1051 interitum.
1449 1015 1472 1049 ι

857 1122 1161 1163 ιιιεειιοῃειο.

280 1199 434 1269 Quod
462 1200 646 1269 utique
671 1213 829 1253 nemo
855 1198 1020 1252 dicit:
1051 1197 1185 1264 Quia
1211 1212 1401 1253 omnes
1423 1197 1569 1268 impii
1598 1205 1651 1252 et
1686 1198 1792 1252 ini-

200 1292 303 1364 qui
327 1305 425 1361 pro
464 1290 577 1344 suis
620 1287 986 1359 impietatibus
1018 1295 1073 1341 et
1100 1286 1471 1357 iniquitatibus
1497 1285 1643 1354 juste
1666 1300 1794 1356 per-

196 1393 422 1448 euntes,
447 1398 553 1437 non
592 1382 795 1436 habent
825 1380 996 1434 Deum
1019 1387 1296 1434 auctorem
1318 1377 1635 1449 perditionis
1661 1395 1791 1445 sum,

201 1477 339 1549 quia
378 1476 478 1545 ipsi
525 1489 625 1528 suo
666 1458 860 1527 merito
913 1473 1228 1542 perierunt,
1280 1472 1375 1527 sed
1412 1471 1793 1543 tantummodo

196 1574 487 1623 auctorem
515 1577 689 1633 poena)
724 1572 780 1616 et
826 1561 1214 1628 damnationis,
1258 1576 1417 1631 quam
1455 1560 1602 1630 juste
1631 1577 1792 1617 exceo

196 1666 432 1733 perunt.
464 1656 542 1710 Ita
584 1664 641 1711 et
681 1655 824 1727 quod
867 1655 966 1722 ait,
1013 1653 1132 1710 illos
1161 1669 1296 1723 quos
1322 1663 1479 1725 putat
1503 1654 1791 1712 haereticos

194 1750 407 1806 dicere.
1201 1775 1205 1778 ν

867 1853 1127 1895 RABANUS.

282 1946 302 1980 ι
342 1927 477 1996 Quia
501 1928 579 1984 illi
600 1929 691 2000 qui
720 1928 788 1985 ad
816 1938 1077 1984 aeternum
1107 1926 1383 1984 interitum
1408 1928 1626 1994 vadunt,
1657 1943 1792 1995 prte-

192 2018 569 2074 destinatione
597 2018 692 2075 Dei
723 2027 985 2092 cogantur
1013 2034 1118 2075 non
1141 2034 1306 2090 posse
1348 2018 1580 2075 evadere
1602 2019 1792 2075 interi-

190 2118 340 2170 tum.
375 2127 396 2161 ι

843 2215 1146 2256 RESPONSIO.

268 2291 446 2349 Nemo
464 2294 692 2351 omnino
734 2294 864 2352 dicit
892 2297 1017 2367 quia
1064 2296 1208 2367 quod
1236 2295 1387 2366 impii
1417 2296 1483 2351 ad
1512 2295 1788 2351 interitum

189 2384 432 2451 vadunt,
462 2387 739 2456 proprium
788 2388 1028 2458 ipsorum
1060 2398 1144 2443 est
1184 2388 1395 2453 vitium,
1442 2386 1790 2463 non_divin:e

189 2473 695 2542 pmdestinationis
721 2474 1113 2545 przejudicium,
1162 2490 1265 2532 nec
1300 2477 1488 2531 eadem
1520 2475 1632 2530 Dei-
1651 2490 1790 2545 prae-

192 2566 571 2623 destinatione
598 2575 864 2637 coguntur
907 2583 1013 2622 non
1052 2580 1212 2636 posse
1251 2566 1501 2630 evadere,
1549 2566 1644 2620 sed
1693 2580 1788 2619 sua

190 2656 743 2730 perseverantissima
790 2656 1083 2726 iniquitate
1136 2671 1299 2726 quam
1344 2654 1650 2725 relinquere
1695 2668 1791 2708 no-

192 2748 448 2814 luerunt,
478 2747 676 2803 merito
721 2754 988 2819 coguntur
1011 2746 1209 2818 perire.
1242 2744 1498 2816 Sequitur
1522 2746 1578 2801 in
1601 2746 1789 2802 eadem

192 2839 457 2912 epistola.

869 2946 1132 2987 RABANUS.

282 3058 304 3091 ι
337 3039 475 3108 Quia
503 3039 651 3096 nullo
680 3039 841 3095 modo
866 3040 954 3094 ille
976 3041 1066 3110 qui
1094 3046 1287 3095 cuncta
1314 3039 1454 3093 bona
1482 3039 1705 3105 creavit,
1737 3048 1792 3092 et

196 3131 482 3188 sanabiles
502 3130 634 3187 fecit
667 3132 917 3187 nationes
944 3132 1095 3188 orbis
1139 3140 1437 3194 terrarum,
1486 3143 1648 3201 atque
1680 3131 1790 3184 vult

196 3236 397 3278 omnes
417 3222 665 3278 homines
693 3222 872 3278 salvos
895 3223 1034 3289 ﬁeri,
1064 3231 1119 3277 et
1142 3223 1210 3277 ad
1236 3223 1564 3293 agnitionem
1588 3221 1787 3276 verita-

196 3314 281 3369 tis
305 3313 515 3380 venire,
546 3312 780 3384 aliquem
808 3314 955 3385 cogit
978 3312 1219 3368 interire.
1256 3332 1275 3365 ι

848 3441 1151 3482 ιιεειιυηειο.

277 3540 348 3596 Ει
366 3539 472 3596 hoc
494 3539 713 3595 omnino
729 3553 915 3594 verum
942 3547 1047 3603 est,
1075 3538 1200 3607 quia
1218 3536 1418 3593 nemini
1444 3537 1588 3591 Deus
1613 3537 1789 3606 impo-

200 3632 293 3688 nit
318 3630 698 3684 necessitatem
730 3627 1013 3698 pereundi,
1039 3628 1178 3681 sicut
1212 3627 1414 3681 nemini
1444 3625 1672 3695 imponit
1696 3639 1781 3679 ne.

206 3718 525 3776 cessitatem
588 3717 730 3772 male
777 3718 1013 3788 agendi;
1064 3717 1433 3786 unusquisque
1485 3717 1628 3771 enim
1687 3716 1789 3770 sibi

209 3816 404 3863 auctor
423 3816 506 3861 est
524 3807 824 3876 iniquitatis
847 3823 975 3873 suae,
992 3816 1185 3862 auctor
1204 3814 1288 3861 est
1309 3804 1627 3876 perditionis
1655 3820 1787 3869 suae,

207 3907 268 3954 et
294 3898 484 3961 Deum,
512 3914 672 3970 quem
705 3914 810 3953 non
844 3897 1008 3952 habet
1035 3904 1312 3951 auctorem
1339 3894 1508 3964 culpa:
1529 3910 1661 3962 sum,
1694 3896 1791 3949 ha-

206 3992 303 4047 bet
323 3999 600 4047 auctorem
623 3988 936 4059 justissimae
960 4003 1135 4059 pmnae
1164 4001 1292 4042 suae.
1318 3985 1449 4042 Item
1488 3986 1581 4042 ibi.

878 4115 1132 4155 RABANUS.

277 4210 311 4262 Δι
341 4191 399 4247 Si
424 4192 590 4257 enim,
613 4190 908 4247 secundum
940 4191 1086 4260 ipsos
1115 4189 1208 4259 qui
1249 4188 1373 4243 talia
1404 4188 1662 4254 sentiunt,
1694 4189 1789 4244 Dei

211 4282 619 4354 pmdestinatio
656 4282 878 4336 invitum
923 4281 1197 4336 hominem
1234 4294 1491 4350 peccare,
1520 4280 1790 4349 quomodo

206 4374 367 4445 justo
387 4373 591 4444 judicio
616 4374 758 4430 Deus
785 4373 1006 4428 damnat
1027 4380 1363 4441 peccantem,
1404 4386 1526 4425 cum
1567 4369 1653 4424 ille
1683 4387 1788 4425 non

219 4465 522 4533 voluntate,
546 4464 641 4520 sed
660 4464 982 4519 necessitate
1006 4460 1336 4532 peccaverit.
1374 4479 1393 4513 ι

854 4586 1156 4625 BESPONSH).

283 4684 355 4740 Et
372 4684 502 4751 hoc,
526 4684 668 4741 sicut
688 4682 855 4739 etiam
877 4682 987 4748 illa,
1007 4698 1128 4752 quae
1148 4696 1310 4752 supra
1330 4682 1473 4736 dicta
1489 4689 1636 4747 sunt,
1656 4682 1791 4736 nihil

209 4772 287 4830 ad
305 4783 625 4844 praesentem
651 4773 883 4842 pertinet
910 4771 1259 4840 quaestionem
1284 4788 1298 4824 :
1344 4769 1511 4825 Nemo
1536 4772 1679 4825 enim
1715 4771 1792 4825 ita

215 4866 389 4923 sentit
404 4874 507 4921 aut
536 4864 668 4921 dicit
692 4864 835 4934 quod
857 4864 952 4919 Dei
972 4862 1375 4935 praedestinatio
1401 4861 1639 4931 aliquem
1656 4861 1793 4917 invi-

216 4971 336 5016 tum
364 4958 530 5015 faciat
550 4971 796 5028 peccare,
849 4967 907 5010 ut
938 4957 1052 5025 jam
1100 4970 1207 5010 non
1228 4955 1458 5024 propriae
1502 4954 1794 5010 voluntatis

218 5049 597 5123 perversitate,
622 5048 717 5103 sed
735 5046 931 5101 divina)
951 5043 1439 5116 praedestinationis
1473 5043 1793 5098 necessitate

217 5158 449 5216 peccare
478 5142 741 5196 videatur.
773 5139 878 5194 Sed
904 5139 1007 5193 hoc
1027 5138 1135 5208 agit
1159 5136 1339 5191 divina
1368 5135 1789 5206 praedestinatio,

220 5244 284 5292 ut
311 5235 403 5307 qui
430 5232 617 5289 volens
642 5238 851 5302 peccat,
874 5237 930 5283 et
950 5227 1137 5283 volens
1169 5226 1223 5281 in
1264 5224 1503 5297 peccatis
1527 5225 1640 5279 suis
1664 5238 1793 5294 per-

222 5332 456 5391 severat,
502 5322 690 5378 nolens
725 5320 874 5390 justo
912 5316 1115 5388 judicio
1170 5317 1443 5389 puniatur.
1497 5314 1631 5371 Item
1670 5321 1794 5385 post

222 5412 500 5483 aliquanta
523 5410 787 5480 sequitur,
811 5416 868 5463 et
892 5407 1043 5462 dicit.

890 5532 1149 5574 MBANUS.

307 5656 326 5691 ι
359 5635 852 5695 Praedestinationis
872 5642 1051 5690 autem
1074 5632 1226 5700 ﬁdes,
1254 5629 1563 5687 ﬁrmissima
1586 5636 1800 5686 sancta-

1282 336 1482 394 LIBER
1518 337 1607 392 DE
1646 334 1898 391 TRIBUS
1927 332 2298 390 EPISTOLIS.

1823 457 1871 514 Α
1900 448 2061 502 modo
2089 446 2171 502 fas
2192 458 2272 503 est
2300 462 2363 504 ea
2382 488 2397 515 ,
2442 464 2561 520 quae
2592 449 2661 506 ab
2687 450 2997 507 hominibus
3039 451 3177 508 male
3221 465 3474 527 aguntur,

1818 1815 1866 1876 B

3332 340 3357 397 l
3367 341 3473 402 058

1898 539 2113 595 ascribi.
2146 560 2165 592 ι

2539 651 2841 692 RESPONSIO.

1968 747 2034 804 Et
2054 748 2155 803 hoc
2176 763 2335 804 nemo
2358 750 2591 806 ﬁdelium
2622 751 2768 807 facit.
2796 751 2965 808 Nemo
2990 754 3134 808 enim
3157 768 3253 824 per
3271 756 3475 826 praede-

1898 843 2209 898 stinationis
2230 844 2425 899 divinae
2463 861 2589 916 erga
2634 847 2891 917 reprobos
2915 847 3200 902 veritatem
3230 849 3473 916 ascribit,

1895 940 1950 987 et
1972 931 2196 1003 deputat
2223 932 2333 988 Deo
2360 933 2499 988 male
2529 936 2801 1005 agentium
2839 934 3199 1006 iniquitatem,
3233 937 3328 992 sed
3350 946 3475 992 tan-

1896 1024 2172 1078 tummodo
2223 1026 2536 1080 eorumdem
2594 1025 2951 1096 reproborum
2976 1065 2992 1092 ,
3045 1034 3101 1082 et
3164 1028 3475 1085 earumdem

1895 1114 2034 1170 male
2057 1115 2330 1186 agentium
2354 1117 2556 1187 justam
2582 1117 3004 1173 damnationem.

2455 1227 2683 1284 CAPUT
2723 1228 2905 1283 XLIII.

1897 1316 2087 1373 Utrum
2143 1329 2355 1389 peccata
2405 1330 2521 1389 post
2569 1320 2882 1390 baptismum
2936 1321 3156 1376 remissa
3208 1331 3258 1376 et
3304 1321 3477 1379 deleta

1967 1390 2182 1443 redeant
2226 1401 2273 1446 et
2314 1392 2636 1461 imputantur
2677 1392 2746 1445 ad
2786 1407 2993 1461 plenam
3036 1393 3083 1446 si
3127 1393 3282 1446 homo
3322 1392 3475 1447 dam-

1968 1470 2139 1515 uetur.

1966 1567 2226 1639 Sequitur
2253 1570 2307 1624 in
2350 1570 2538 1626 eadem
2570 1570 2816 1641 epistola.

2554 1698 2811 1738 “BADIUS.

1966 1793 1985 1827 ι
2015 1773 2118 1843 Qui
2147 1775 2293 1829 enim
2336 1775 2541 1830 recedit
2567 1792 2597 1829 a
2635 1775 2853 1830 Christo
2898 1784 2953 1830 et
2997 1774 3203 1831 alienus
3230 1789 3261 1829 a
3297 1774 3475 1846 gratia

1894 1867 2012 1921 ﬁnit
2040 1868 2183 1922 hanc
2212 1866 2402 1932 vitam,
2422 1866 2561 1937 quid
2581 1866 2685 1921 nisi
2704 1865 3126 1937 inperditionem
3156 1865 3342 1921 cadit?
3364 1864 3473 1921 Sed

1890 1974 2000 2014 non
2032 1958 2084 2013 in
2111 1959 2255 2028 quod
2279 1959 2563 2013 remissum
2610 1971 2695 2018 est
2737 1958 2953 2024 recidit,
2982 1974 3080 2012 nec
3123 1958 3177 2012 in
3223 1956 3473 2027 originali

1889 2058 2115 2121 peccato
2155 2050 2542 2114 damnabitur;
2583 2049 2674 2118 qui
2721 2056 2896 2102 tamen
2936 2055 3155 2117 propter
3196 2055 3475 2116 postrema

1886 2140 2123 2195 erimina
2150 2155 2213 2194 ea
2241 2149 2416 2195 morte
2437 2138 2729 2205 alﬁcietur,
2757 2153 2881 2209 qum
2903 2138 2953 2193 ei
2985 2144 3206 2208 propter
3232 2135 3321 2192 illa
3351 2152 3473 2208 qua

1890 2228 2117 2285 remissa
2149 2237 2276 2285 sunt
2294 2228 2613 2285 debebatur.
2649 2247 2667 2280 ι

2528 2355 2830 2396 RBSPONSIO.

1960 2453 2019 2508 ln
2042 2455 2238 2524 quibus
2260 2454 2440 2509 verbis
2464 2453 2608 2524 quod
2630 2454 2830 2508 dictum
2857 2462 2940 2507 est
2960 2453 3026 2506 de
3052 2451 3144 2507 illo
3172 2451 3265 2523 qui
3306 2467 3464 2510 rece-

1890 2543 1969 2598 dit
1993 2558 2023 2597 a
2052 2543 2292 2608 Christo,
2315 2551 2369 2596 et
2390 2543 2621 2612 gratiam
2643 2542 2760 2613 ejus
2794 2542 2846 2595 in
2879 2555 2937 2596 se
2969 2554 3193 2595 vacuam
3222 2541 3354 2597 fecit
3384 2551 3472 2596 at—

1892 2646 2000 2701 que
2032 2632 2106 2685 ita
2148 2631 2268 2685 ﬁnit
2317 2631 2457 2685 hanc
2498 2630 2689 2696 vitam,
2738 2647 3078 2701 nequaquam
3120 2632 3170 2686 ei
3215 2631 3473 2703 imputari

1890 2737 1991 2777 nec
2020 2720 2306 2793 originalia
2336 2736 2435 2775 nec
2457 2708 2685 2775 actualia
2710 2731 2952 2790 peccata,
2981 2735 3101 2789 quae
3125 2720 3200 2776 illi
3238 2736 3367 2777 vere
3414 2722 3473 2799 in

1888 2811 2157 2883 baptismo
2205 2810 2419 2866 fuerant
2468 2812 2693 2867 remissa
2720 2852 2735 2875 ,
2782 2806 2875 2866 sed
2924 2827 2986 2866 ea
3038 2812 3151 2866 sola
3192 2828 3312 2886 quae
3350 2822 3474 2885 post

1887 2901 2212 2972 baptismum
2235 2903 2462 2974 gratiam
2488 2902 2579 2957 Dei
2623 2902 2924 2957 amittendo
2946 2902 3236 2967 commisit,
3276 2920 3471 2974 magna

1889 2992 2045 3047 nobis
2089 2992 2305 3062 quwstio
2344 2991 2579 3058 videtur,
2612 3006 2711 3047 nec
2748 2999 2934 3046 nostro
2972 3007 3091 3046 eam
3134 3007 3327 3058 sensu,
3377 2992 3474 3047 sed

1890 3091 2200 3137 sanctorum
2228 3080 2448 3139 Patrum
2497 3082 2837 3147 auctoritate,
2884 3090 3041 3152 prout
3066 3082 3206 3135 Deus
3238 3082 3468 3146 dederit,

1817 3183 1859 3243 (ζ
1893 3171 2203 3226 solvendam
2237 3171 2529 3226 credimus.
2579 3170 2715 3225 Nam
2760 3171 2951 3227 beatus
2993 3173 3318 3242 Augustinus
3345 3188 3471 3228 cum

1891 3271 2185 3332 exponeret
2206 3261 2367 3316 verba
2395 3261 2596 3317 Psalmi
2630 3263 2719 3317 ubi
2750 3263 2803 3317 in
2831 3263 3295 3319 tnalcdictionibus
3319 3262 3473 3319 Iudae

1888 3356 2178 3426 proditoris
2214 3355 2353 3410 inter
2389 3363 2583 3410 caetera
2624 3356 2820 3411 dicitur
2851 3355 3070 3425 (Expos.
3102 3354 3251 3411 Psal.
3280 3370 3470 3421 cxvut,

1891 3445 2020 3515 14):
2060 3465 2077 3495 ι
2118 3444 2176 3499 1η
2221 3446 2536 3500 memoriam
2585 3446 2771 3500 redeat
2800 3444 3055 3513 iniquitas
3103 3451 3317 3512 patrum
3356 3443 3474 3513 ejus

1886 3535 1943 3588 in
1968 3544 2257 3604 conspectu
2290 3535 2522 3599 Domini,
2553 3543 2608 3589 et
2650 3542 2934 3604 peccatum
2966 3535 3154 3589 matris
3196 3534 3313 3604 ejus
3362 3550 3471 3589 non

1890 3623 2151 3678 deleatur.
2183 3644 2202 3677 ι
2234 3624 2311 3678 lta
2331 3625 2384 3679 in
2407 3625 2583 3694 ipsum
2605 3625 2795 3680 Judam
2819 3626 2921 3681 hoc
2938 3625 3281 3681 maledictum
3305 3626 3477 3682 adim-

1890 3717 2091 3787 pletum
2139 3732 2260 3772 esse
2304 3718 2555 3787 exponit,
2610 3718 2797 3773 dicens
2840 3735 2855 3772 :
2908 3717 2989 3790 [Si
3047 3717 3214 3773 Judas
3265 3726 3479 3774 teneret

1892 3806 2020 3861 illud
2049 3806 2117 3860 ad
2146 3807 2290 3876 quod
2314 3817 2538 3862 vocatus
2584 3815 2690 3875 est,
2734 3808 2881 3863 nullo
2928 3809 3088 3862 modo
3122 3808 3190 3862 ad
3220 3823 3343 3863 eum
3391 3808 3478 3863 vel

1891 3913 1985 3954 Sua
2032 3901 2325 3969 praeterita,
2376 3898 2463 3953 vel
2516 3909 2804 3969 parentum
2855 3900 3112 3970 iniquitas
3154 3900 3474 3969 pertineret.

1892 3989 2026 4055 Quia
2053 4006 2182 4060 ergo
2209 4005 2315 4044 non
2346 3990 2515 4044 tenuit
2537 3990 2880 4059 adoptionem
2908 3990 2963 4043 in
2996 3989 3195 4043 familia
3223 3990 3339 4054 Dei,
3381 3989 3478 4045 sed

1892 4081 2232 4151 iniquitatem
2278 4082 2475 4136 vetusti
2522 4083 2736 4152 generis
2783 4082 2961 4151 potius
3007 4081 3190 4152 elegit,
3239 4099 3259 4132 ι
3317 4081 3479 4136 rediit

1892 4170 2150 4240 iniquitas
2182 4180 2394 4241 patrum
2435 4169 2551 4239 ejus
2595 4171 2649 4226 in
2692 4180 2979 4241 conspectu
3010 4171 3245 4237 Domini,
3281 4190 3300 4224 ι
3331 4179 3389 4225 ιιι
3422 4171 3478 4228 in

1890 4278 1954 4318 ea
1984 4264 2146 4319 etiam
2174 4277 2286 4333 Ipse
2311 4264 2613 4334 puniretur.
2632 4263 2698 4317 Et
2719 4272 2997 4333 peccatum
3020 4262 3212 4318 matris
3229 4262 3344 4331 ejus
3368 4278 3475 4317 non

1891 4363 1975 4408 est
2017 4353 2073 4407 in
2124 4368 2189 4408 eo
2235 4351 2540 4424 deletum]
2585 4351 2840 4422 Sequitur
2890 4360 3072 4407 autem
3119 4354 3375 4406 continuo
3417 4353 3474 4407 in

1892 4442 2132 4497 ‘Psalmo.
2172 4461 2190 4493 ι
2221 4442 2383 4496 Fiant
2412 4451 2599 4497 contra
2625 4441 2911 4496 Dominum
2957 4458 3193 4513 semper,
3233 4462 3252 4495 ι
3287 4442 3340 4497 id
3393 4452 3478 4499 est

1816 4526 1869 4584 D
1898 4533 2156 4601 iniquitas
2202 4542 2417 4602 patrum
2467 4530 2614 4598 ejus,
2656 4541 2711 4586 et
2754 4540 3037 4602 peccatum
3081 4533 3271 4587 matris
3314 4529 3471 4601 ejus:

1895 4621 2048 4689 Quod
2074 4622 2216 4676 idem
2256 4620 2447 4677 doctor
2477 4622 2551 4675 ita
2590 4622 2814 4691 exponit
2855 4621 2965 4693 (Id.
3016 4622 3173 4689 ibid.,
3221 4622 3307 4689 14,
3339 4624 3469 4693 15);

1896 4711 1917 4784 [
1949 4730 1968 4763 ι
2011 4710 2170 4766 Fiant
2195 4720 2381 4766 contra
2409 4711 2693 4766 Dominum
2723 4726 2958 4781 semper,
2992 4730 3012 4764 ι
3061 4728 3170 4766 non
3209 4722 3267 4767 ut
3309 4728 3339 4766 a
3371 4713 3476 4769 Do—

1892 4804 2043 4859 mino
2075 4803 2515 4870 adverterentur;
2558 4804 2653 4859 sed
2686 4814 2745 4858 ut
2787 4804 2980 4859 merita
3026 4820 3212 4860 eorum
3241 4806 3474 4875 pessima

1896 4911 2001 4951 non
2044 4895 2393 4951 obliviscatur
2438 4896 2493 4950 iu
2523 4896 2627 4951 isto
2672 4895 2965 4961 Dominus,
3012 4912 3133 4951 cum
3162 4896 3239 4951 illi
3278 4904 3332 4951 et
3358 4896 3473 4968 ipsa

1896 4988 2192 5055 retribuet;
2238 4997 2427 5044 contra
2470 4988 2756 5043 Dominum
2805 4987 2948 5042 enim
2993 4988 3129 5042 dixit
3166 5007 3184 5040 ι
3232 4988 3289 5043 in
3335 5002 3469 5043 con-

1898 5090 2083 5151 spectu
2123 5080 2355 5136 Domini.
2390 5079 2438 5152 s]
2483 5079 2620 5135 Ecce
2669 5079 3008 5149 apertissime
3055 5079 3247 5135 beatus
3284 5079 3475 5135 doctor

1890 5174 2044 5246 juxta
2075 5188 2293 5229 sensum
2320 5172 2614 5243 prophetiae
2651 5187 2771 5241 qua:
2819 5171 2873 5225 in
2900 5171 3003 5227 hoc
3032 5171 3238 5242 psalmo
3268 5171 3335 5227 de
3378 5170 3473 5226 illo

1894 5266 2106 5337 perdito
2128 5265 2345 5319 homine
2372 5264 2701 5329 continetur,
2750 5264 3091 5332 apertissime
3126 5262 3285 5319 docet
3329 5262 3472 5332 quod

1897 5369 1998 5411 nec
2017 5370 2109 5410 sua
2133 5370 2232 5411 nec
2257 5362 2543 5425 parentum
2567 5362 2788 5425 peccata
2806 5352 2919 5421 jam
2944 5354 3012 5410 ad
3049 5369 3172 5409 eum
3200 5353 3473 5423 pertinere

1892 5446 2215 5518 potuissent,
2263 5446 2312 5501 si
2356 5447 2411 5501 in
2442 5444 2534 5500 illa
2588 5445 2762 5515 gratia
2806 5452 2862 5500 et
2908 5445 3196 5515 adoptione
3239 5444 3473 5498 ﬁliorum

1895 5538 2013 5606 Dei,
2068 5539 2138 5594 ad
2194 5553 2358 5609 quam
2401 5546 2625 5593 vocatus
2680 5536 2875 5603 fuerat,
2920 5550 3238 5609 permanere
3276 5526 3475 5589 voluis-

1896 5637 2000 5686 set.
2049 5628 2156 5685 Sed
2211 5629 2339 5715 quia
2384 5643 2492 5684 non
2542 5630 2860 5700 permansit,
2912 5639 2968 5685 et
3017 5628 3084 5682 ad
3133 5626 3471 5694 iniquitatem

234 5748 350 5787 rum
378 5730 696 5786 auctoritate
722 5728 1126 5799 Scripturarum
1154 5724 1360 5781 munita
1408 5721 1621 5794 est,cui
1653 5721 1799 5781 nullo
1897 5728 2124 5779 vetustte
2189 5714 2261 5778 es
2312 5719 2484 5780 Adam
2550 5719 2912 5792 generationis
2963 5714 3315 5790 apostatando
3380 5727 3476 5768 re-
