3966 6334
394 408 399 412 ἡ
450 326 590 382 mea

1464 319 1522 377 S.
1563 314 1823 374 REMIGII
1859 309 2341 369 LUGDUNENSIS
2380 306 2685 367 EPISCOPI

3587 303 3733 361 MSS

450 448 734 495 cantamus
762 434 934 508 (Psal.
965 452 1012 499 c,
1046 435 1121 504 t),
1155 451 1175 486 ι
1209 441 1510 488 metuentes
1553 446 1660 485 non
1700 429 2021 497 interroga-
2049 428 2101 487 Α
2124 426 2290 478 vitam
2317 423 2406 492 qui
2435 421 2693 477 divinitus
2717 416 2876 475 electi
2901 426 3031 474 sunt
3053 425 3108 474 et
3134 416 3531 489 praedestinati.
3562 415 3731 475 Simt

452 545 592 595 mus,
624 544 744 600 qua:
767 528 838 583 sit
861 526 1112 582 voluntas
1135 524 1255 596 ejus
1278 524 1331 578 in
1349 521 1551 592 judicio
1576 532 1631 576 et
1656 517 2025 576 misericordia

453 618 919 690 conquiescentes.
946 635 965 667 ι
1842 624 1845 625 ν

1097 718 1401 761 RESPONSIO.

524 803 652 859 litec
703 778 867 872 igitur
909 800 1092 856 omnia
1138 799 1296 869 quia,
1339 804 1398 851 ut
1446 795 1717 859 diximus,
1766 808 1871 848 non
1906 798 2031 849 sunt

455 897 621 952 verba
648 894 786 963 ejus,
819 893 913 949 sed
944 890 1227 947 manifeste
1256 904 1319 943 ex
1355 888 1466 958 jam
1498 887 1640 942 dicto
1668 885 1845 939 libello
1881 899 2029 938 sum-

455 994 548 1057 pta
592 991 978 1055 agnoscuntur,
1009 982 1074 1036 de
1122 995 1230 1050 quo
1272 978 1398 1048 quid
1430 976 1585 1032 nobis
1624 975 1890 1038 videatur,
1919 973 2031 1043 jam

460 1093 620 1148 supra
650 1077 785 1131 satis
810 1083 1084 1130 ostensum
1112 1081 1213 1137 est,
1249 1071 1437 1126 relicta
1465 1069 1518 1123 in
1547 1068 1724 1122 medio
1752 1065 1955 1137 prolixa
1981 1072 2036 1118 et

455 1168 546 1241 pia
584 1165 978 1228 exhortatione,
1006 1179 1110 1233 qua
1146 1175 1334 1216 omnes
1373 1159 1555 1214 ﬁdeles
1590 1157 1806 1212 omissis
1846 1154 2033 1225 hujus-

459 1256 669 1314 cemodi
695 1255 942 1311 obscuris
962 1262 1017 1310 et
1046 1250 1373 1308 dilﬁcillimis
1394 1248 1784 1320 quaestionibus
1811 1246 1876 1300 ad
1902 1246 2036 1298 bene

458 1349 745 1404 vivendum
776 1355 832 1402 et
868 1347 1006 1401 bene
1056 1342 1318 1414 agendum
1368 1339 1598 1394 ﬁdeliter
1641 1346 1697 1391 et
1749 1334 2039 1391 salubriter

460 1441 893 1501 cohortatur,‘ex
934 1434 1131 1491 divinis
1162 1430 1458 1501 Scripturis
1498 1431 1565 1483 ad
1600 1428 1741 1483 hanc
1772 1442 1883 1481 rem
1916 1440 2038 1495 per-

462 1530 696 1584 tinentes
725 1527 1020 1583 sententias
1063 1524 1261 1580 multas
1294 1531 1349 1577 et
1386 1519 1756 1590 multipliciter
1786 1532 2038 1582 sumens,

462 1629 808 1675 transeamus
849 1618 917 1673 ad
955 1617 1072 1688 ejus
1104 1614 1267 1670 verba
1302 1613 1498 1685 quibus
1542 1611 1686 1666 circa
1731 1608 1890 1663 ﬁnem
1935 1608 2042 1679 epi-

464 1708 615 1765 stola:
643 1710 716 1764 ita
750 1707 896 1764 dicit.

1028 1813 1254 1870 CAPUT
1296 1812 1476 1867 XLVI.

539 1907 691 1975 Quod
711 1922 865 1977 opera
887 1905 1019 1959 bona
1039 1910 1254 1974 prosunt
1270 1912 1316 1955 et
1341 1918 1452 1955 vere
1471 1899 1731 1954 hominem
1751 1895 1971 1952 salvam.

1127 2027 1382 2068 RABANUS.

550 2144 572 2178 ι
603 2125 883 2193 Quomodo
934 2125 1026 2181 isti
1071 2122 1341 2193 vaniloqui
1390 2123 1676 2194 garriunt,
1724 2123 1866 2192 quod
1912 2122 2047 2179 nihil

470 2219 643 2292 prosit
671 2218 872 2273 homini
899 2226 1047 2272 recta
1081 2216 1215 2271 ﬁdes
1242 2224 1296 2269 et
1317 2214 1456 2268 bona
1485 2213 1761 2284 operatio;
1794 2214 2048 2283 quoniam

473 2310 578 2367 nisi
607 2309 1019 2379 prmdestinatus
1038 2308 1110 2362 sit
1132 2307 1273 2377 quis,
1297 2322 1404 2361 non
1425 2307 1606 2361 veniat
1624 2306 1691 2361 ad
1712 2305 1901 2371 vitam,
1928 2319 2051 2359 cum

471 2399 875 2471 praedestinatio
914 2398 1049 2452 nihil
1078 2396 1220 2452 aliud
1260 2396 1331 2451 sit
1359 2396 1462 2450 nisi
1496 2396 1621 2450 vitae
1657 2394 1908 2460 donatio,
1943 2408 2050 2448 non

474 2490 794 2563 perditionis
823 2489 1138 2544 damnatio?
1170 2488 1320 2543 Unde
1350 2486 1635 2541 manifeste
1662 2484 1940 2555 Scriptura
1977 2483 2053 2539 di-

479 2584 553 2638 cit
582 2600 595 2636 :
631 2601 649 2634 σ
682 2582 824 2636 Deus
848 2587 1076 2634 mortem
1104 2593 1210 2633 non
1241 2577 1392 2641 fecit,
1428 2591 1525 2632 nec
1553 2575 1767 2630 laetatur
1793 2576 1846 2629 in
1875 2573 2055 2644 perdi-

476 2673 626 2728 tione
686 2672 954 2726 vivorum.
1006 2668 1224 2725 Creavit
1261 2670 1406 2724 enim
1445 2677 1506 2723 ut
1534 2679 1716 2723 essent
1748 2666 1963 2731 omnia,
1999 2673 2056 2721 et

477 2760 748 2817 sanabiles
800 2759 927 2815 fecit
967 2747 1216 2815 nationes
1256 2759 1405 2814 orbis
1428 2767 1695 2833 terrarum
1720 2756 1873 2829 (Sap.
1899 2774 1941 2823 ι,
1964 2759 2054 2823 I5,

480 2853 590 2924 14),
620 2871 640 2905 ›
664 2861 723 2907 et
768 2866 868 2923 per
907 2851 1225 2922 prophetam
1263 2853 1377 2922 ipse
1415 2851 1674 2906 Dominus
1723 2850 1835 2904 ait:
1871 2869 1889 2902 ι
1922 2849 2057 2906 Nolo

480 2955 712 3002 mortem
762 2946 1066 3016 peccatoris
1092 2987 1107 3011 ,
1173 2946 1267 3001 sed
1321 2953 1382 2999 ut
1428 2952 1774 3001 convertatur
1819 2952 1873 3000 et
1912 2945 2058 3000 vivat

482 3036 701 3107 (Ezeeh.
732 3051 971 3100 ~xxxm,
1030 3035 1141 3106 Η).
1179 3054 1197 3087 ι
1256 3034 1314 3090 Si
1376 3043 1554 3090 autem
1602 3050 1710 3089 non
1756 3033 1872 3088 vult
1916 3034 2059 3091 Deus

2128 523 2315 585 aperte
2361 512 2621 583 praedicat
2665 519 2720 566 et
2768 509 3055 567 conﬁrmat
3100 510 3433 582 Apostolus.
3488 509 3731 568 dicata:

2126 619 2156 658 ἐ
2190 604 2326 673 Quia
2348 617 2485 674 quos
2515 602 2810 674 praescivit,
2832 613 2880 657 et
2905 602 3342 673 praedestinavit;
3382 616 3526 672 quos
3540 611 3737 658 autem

2129 696 2566 768 przedestinavit,
2597 696 2698 750 hos
2734 701 2790 749 et
2824 692 3059 750 vocavit.
3083 694 3149 748 Et
3175 709 3313 764 quos
3341 694 3593 756 vocavit,
3634 694 3742 750 hos

2131 794 2186 842 et
2207 785 2558 857 justiﬁeavit;
2589 799 2727 854 quos
2770 794 2965 840 autem
2976 784 3331 853 justiﬁcavit,
3364 783 3493 840 illos
3522 792 3587 840 et
3612 799 3739 839 ma—

2132 875 2425 947 gnilicavit.
2460 894 2479 927 ι
2515 874 2580 929 Hi
2609 883 2736 930 sunt
2759 876 2850 946 qui
2891 876 3112 932 omnino
3151 875 3376 931 veniunt
3414 876 3491 931 ad
3531 876 3740 930 vitam.

2132 967 2208 1022 De
2240 968 2437 1037 quibus
2464 967 2579 1037 ipse
2601 966 2861 1023 Dominus
2899 967 3197 1042 promittit,
3229 968 3463 1023 dicens:
3495 984 3514 1019 ι
3542 967 3747 1039 Etego

2132 1057 2298 1112 vitam
2324 1066 2579 1112 teternam
2607 1058 2675 1113 do
2704 1058 2816 1120 eis,
2849 1066 2905 1112 et
2932 1073 3038 1112 non
3082 1058 3337 1127 peribunt
3370 1058 3427 1112 in
3462 1064 3745 1111 aeternum

2136 1146 2317 1219 (Joan.
2350 1163 2403 1212 χ,
2433 1146 2548 1219 28).
2586 1166 2606 1199 ι
2643 1146 2808 1201 Recta
2829 1156 3009 1202 autem
3037 1146 3172 1203 ﬁdes
3197 1154 3254 1203 et
3290 1146 3437 1202 bona
3484 1146 3747 1217 operatio

2136 1236 2299 1302 absit,
2318 1245 2377 1291 ut
2404 1237 2691 1306 quisquam
2713 1236 2950 1291 ﬁdelium
2975 1237 3138 1303 dicat,
3165 1237 3293 1308 quia
3319 1237 3455 1293 nihil
3485 1236 3746 1307 prosint:

2137 1340 2264 1381 vere
2286 1327 2486 1381 etenim
2507 1335 2731 1396 prosunt
2756 1337 2811 1381 et
2838 1341 2965 1382 vere
2994 1328 3267 1383 hominem
3293 1328 3513 1383 salvant
3532 1327 3585 1382 si
3612 1327 3746 1381 illud

2138 1416 2218 1472 eis
2252 1417 2578 1488 adiungatur
2602 1418 2745 1487 quod
2784 1419 3043 1474 Dominus
3063 1419 3236 1475 dicit:
3275 1438 3296 1471 ο
3331 1419 3439 1484 Qui
3482 1433 3747 1487 perseve-

2141 1506 2344 1560 raverit
2367 1520 2538 1575 usque
2566 1505 2620 1559 in
2650 1506 2834 1572 ﬁnem,
2871 1507 2960 1561 hic
2992 1507 3174 1562 salvus
3202 1507 3308 1563 erit
3332 1507 3563 1576 (Matth.
3588 1522 3745 1570 utr,

2142 1596 2254 1665 15).
2294 1615 2311 1649 ι
2336 1595 2585 1653 Securus
2630 1598 2812 1668 itaque
2845 1598 3018 1655 ﬁdelis
3050 1599 3234 1663 homo,
3268 1609 3325 1655 et
3367 1609 3525 1655 recte
3551 1599 3749 1655 credat

2142 1694 2198 1741 et
2228 1687 2365 1743 bene
2407 1698 2683 1758 operetur,
2714 1689 2840 1758 quia
2869 1688 2916 1743 si
2945 1689 2997 1743 in
3026 1688 3112 1744 his
3157 1689 3390 1745 ﬁdeliter
3416 1704 3750 1760 persevera-

2074 1776 2119 1836 B
2147 1778 2304 1841 verit,
2336 1779 2455 1833 sine
2484 1778 2647 1835 dubio
2669 1778 2850 1835 salvus
2877 1779 3005 1845 erit,
3029 1788 3085 1835 ct
3114 1781 3182 1835 ad
3208 1781 3513 1853 electorum
3551 1797 3750 1836 nume-

2146 1886 2266 1925 rum
2306 1869 2618 1939 pertinebit.
2646 1870 2798 1938 Quod
2838 1886 2970 1927 vero
3004 1872 3094 1928 hic
3132 1874 3368 1944 positum
3393 1882 3506 1939 est,
3543 1894 3564 1927 ‹
3609 1873 3749 1941 Quia

2151 1962 2558 2032 praedestinatio
2582 1960 2719 2016 nihil
2749 1962 2897 2018 aliud
2933 1963 3006 2018 sit
3042 1964 3147 2019 nisi
3179 1964 3305 2019 vitae
3350 1964 3617 2029 donatio,
3643 1979 3746 2019 non

2144 2052 2467 2124 perditionis
2495 2052 2793 2107 damnatio.
2830 2071 2848 2104 ι
2876 2053 3103 2109 Videtur
3121 2054 3278 2109 nobis
3316 2070 3424 2109 non
3450 2055 3530 2108 ita
3553 2069 3587 2108 ι
3620 2070 3745 2108 san-

2149 2149 2242 2197 cto
2268 2140 2570 2212 Augustino
2588 2140 2793 2196 dictum
2821 2141 2905 2198 vel
2934 2140 3249 2207 deﬁnitum;
3282 2143 3377 2212 qui
3402 2142 3749 2210 distinguens

2152 2232 2295 2290 inter
2318 2232 2847 2305 praedestinationem
2887 2239 2943 2288 et
2966 2233 3220 2303 gratiam,
3261 2233 3335 2286 ita
3374 2233 3455 2287 ait
3489 2231 3582 2304 (de
3610 2230 3753 2287 Prc-

2153 2327 2286 2381 deu.
2313 2333 2506 2389 σαπείη
2528 2339 2651 2394 cap.
2679 2322 2770 2394 10)
2793 2347 2802 2377 :
2828 2323 3259 2395 [Praedestinatio
3287 2334 3374 2379 est
3395 2325 3596 2395 gratim
3616 2340 3749 2395 pra-

2151 2419 2402 2491 paratio;
2432 2419 2606 2488 gratia
2642 2432 2770 2472 vero
2808 2426 2894 2472 est
2934 2416 3047 2485 jam
3081 2417 3198 2488 ipsa
3227 2415 3500 2488 donatio.]
3529 2417 3597 2470 Et
3636 2426 3754 2486 post

2154 2524 2323 2580 pauca
2348 2523 2471 2579 qua:
2506 2507 2871 2577 interposuit,
2912 2505 3161 2563 eamdem
3206 2505 3751 2577 pmdestinationem

2156 2601 2393 2655 divinam
2440 2598 2727 2670 dupliciter
2770 2596 3143 2669 accipiendam
3185 2610 3343 2661 esse,
3388 2596 3445 2651 id
3485 2606 3574 2651 est
3604 2604 3663 2649 et
3698 2597 3752 2650 in

2160 2691 2304 2747 bono
2328 2689 2507 2754 electi,
2539 2689 2630 2758 qui
2662 2687 2835 2758 gratis
2882 2685 3249 2758 praedestinati
3279 2692 3409 2740 sunt
3434 2686 3508 2739 ad
3541 2685 3752 2749 vitam;

2158 2787 2208 2836 et
2252 2779 2304 2833 in
2335 2778 2480 2832 malo
2524 2777 2739 2847 reprobi
2780 2775 2873 2847 qui
2911 2777 3058 2846 juste
3106 2774 3479 2845 prmdestinati
3519 2782 3654 2827 sunt
3688 2773 3767 2849 ad

2157 2884 2405 2941 pmnam,
2446 2869 2522 2923 ita
2559 2866 2690 2923 dicit
2731 2866 2922 2940 (Ibid.)
2950 2883 2965 2921 :
2996 2865 3430 2938 [Praedestinatio
3461 2865 3635 2935 igitur
3664 2864 3755 2919 Dei

2159 2972 2279 3029 quae
2305 2958 2361 3012 in
2382 2958 2526 3013 bono
2551 2964 2656 3023 est,
2687 2956 2874 3027 gratia:
2898 2963 3006 3021 est,
3038 2964 3098 3009 ut
3119 2955 3231 3010 dixi
3257 2952 3640 3025 praeparatio.]

2229 3048 2362 3104 Item
2392 3048 2535 3118 quod
2555 3047 2807 3119 proponit
2831 3058 2888 3102 et
2913 3047 3080 3102 dicit:
3112 3063 3131 3099 σ
3162 3044 3220 3101 Si
3261 3054 3446 3100 autem
3486 3060 3601 3101 non
3641 3044 3758 3099 vult

483 3133 715 3179 mortem
742 3125 890 3194 impii
917 3134 972 3179 et
998 3126 1331 3195 peccatoris,
1363 3124 1635 3194 quomodo
1660 3125 2062 3194 praedestinavit
2089 3137 2132 3198 ρ
2164 3143 2308 3199 Deus
2332 3148 2564 3197 mortem
2595 3139 2741 3209 impii
2771 3147 2827 3195 et
2855 3139 3187 3209 peccatoris,
3228 3139 3505 3209 quomodo
3548 3138 3757 3209 prede-

486 3229 611 3269 eum
642 3214 708 3267 ad
728 3214 994 3268 mortem?
1013 3213 1146 3269 Cum
1178 3215 1314 3269 nihil
1342 3214 1485 3269 aliud
1508 3214 1624 3285 ejus
1647 3215 1719 3269 sit
1743 3215 1879 3270 velle
1901 3231 2063 3286 quam

483 3303 906 3377 prazdestinare,
951 3318 1113 3359 causa
1158 3304 1303 3359 enim
1331 3304 1571 3358 omnium
1614 3318 1793 3358 rerum
1821 3305 2067 3363 voluntas

486 3405 571 3450 est
591 3394 682 3449 Dei
716 3392 941 3464 ejusque
970 3393 1149 3449 facere
1173 3394 1309 3450 velle
1338 3404 1451 3461 est,
1481 3390 1581 3451 nec
1616 3394 1841 3465 simplex
1872 3404 2067 3450 natura

487 3487 725 3558 aliquam
746 3487 1186 3543 contrarietatem
1219 3488 1272 3542 in
1299 3502 1359 3544 se
1387 3488 1567 3553 habet,
1603 3489 1697 3543 sed
1729 3507 1748 3540 ι
1787 3489 1927 3544 idem
1957 3488 2066 3544 Do-

487 3576 670 3631 minus
722 3576 964 3631 onmium
1011 3576 1161 3631 dives
1202 3585 1308 3643 est,
1341 3577 1394 3631 in
1422 3577 1674 3633 omnibus
1697 3579 1789 3649 qui
1818 3578 2069 3634 invocant

488 3665 636 3720 illum
667 3665 846 3738 (Rom.
877 3682 933 3731 κ,
986 3666 1095 3737 i2).
1132 3688 1150 3720 ι
1185 3668 1370 3737 Itaque
1391 3669 1794 3738 praedestinatio
1840 3669 1895 3723 in
1927 3669 2069 3725 bono

488 3755 706 3827 legitur,
739 3772 844 3831 non
891 3758 946 3812 in
974 3758 1136 3813 malo.
1174 3759 1324 3814 Unde
1363 3760 1495 3835 dicit
1515 3760 1842 3831 Apostolus:
1872 3780 1890 3813 σ
1923 3760 2069 3829 Quos

489 3849 782 3918 praescivit,
823 3857 879 3904 et
910 3840 1316 3920 iirzndestinavit
1367 3852 1674 3907 conformes
1725 3851 1842 3908 ﬁeri
1878 3854 2068 3925 imagi-

491 3941 576 3995 nis
607 3940 728 3994 Filii
759 3941 864 4006 sui,
896 3950 955 3996 ut
985 3942 1056 3995 sit
1081 3942 1197 4011 ipse
1243 3941 1632 4014 primogenitus
1658 3943 1710 3997 in
1747 3942 1929 3998 multis
1955 3942 2069 3997 fra-

493 4033 685 4087 tribus.
741 4032 886 4099 Quos
933 4042 1113 4087 autem
1158 4033 1583 4104 praedestinavit,
1623 4034 1799 4090 hoset
1826 4035 2068 4101 vocavit,

490 4129 548 4176 et
601 4137 736 4191 quos
777 4122 1011 4188 vocavit,
1058 4122 1176 4177 illos
1213 4134 1269 4177 et
1311 4123 1656 4193 iustiﬁcavit;
1705 4139 1843 4195 quos
1890 4134 2072 4179 autem

486 4208 842 4277 justiﬁcavit,
897 4209 1014 4265 illos
1062 4219 1117 4266 et
1182 4211 1502 4282 gloriﬁcavit
1562 4213 1740 4285 (Rom.
1793 4229 1917 4279 vm,
1967 4213 2070 4280 29,

490 4297 604 4367 30).
638 4317 657 4350 ι
699 4296 835 4353 Nota
881 4301 1022 4370 quod
1058 4300 1189 4355 dicit
1218 4319 1230 4355 :
1265 4319 1284 4351 ι
1320 4302 1466 4367 Quos
1515 4302 1934 4373 praedestinavit,
1972 4304 2073 4358 hos

492 4398 550 4444 et
594 4390 835 4455 vocavit;
875 4409 893 4442 ι
926 4407 1033 4446 non
1079 4406 1216 4461 quos
1245 4380 1668 4461 prmdestinavit,
1697 4392 1817 4447 illos
1842 4400 1898 4447 et
1922 4393 2074 4447 dam-

2163 3232 2334 3288 stinat
2361 3246 2486 3287 eum
2515 3229 2583 3284 ad
2610 3236 2863 3314 mortem.
2896 3249 2914 3281 ι
2951 3229 3221 3297 Quantum
3248 3230 3525 3300 pusillitas
3569 3240 3757 3287 nostra

2163 3324 2359 3395 potuit,
2377 3321 2493 3392 jam
2516 3322 2763 3392 superius
2791 3330 2875 3377 est
2902 3330 3195 3378 tractatum
3217 3340 3232 3389 ;
3255 3331 3313 3379 et
3336 3330 3486 3379 nunc
3514 3324 3759 3380 breviter

2166 3413 2396 3469 dicimus
2448 3432 2462 3467 :
2495 3413 2620 3483 quia
2662 3411 2791 3468 illud
2839 3428 2947 3469 non
2985 3414 3103 3468 vult
3144 3433 3162 3466 ι
3199 3414 3443 3470 bonitate
3497 3414 3754 3478 Condito-

2167 3506 2266 3571 ris,
2304 3525 2324 3559 ι
2358 3505 2501 3562 istud
2553 3513 2733 3560 autem
2781 3504 2911 3561 facit
2939 3504 3183 3574 «.judicis
3224 3507 3521 3576 aequitate,
3558 3526 3578 3558 ι
3608 3514 3670 3559 ut
3702 3514 3755 3561 et

2167 3597 2375 3653 salvare
2401 3595 2532 3651 velit
2555 3595 2698 3665 quod
2725 3596 2952 3662 creavit,
2979 3607 3035 3651 et
3060 3604 3240 3651 tamen
3262 3605 3536 3651 creaturae
3563 3597 3753 3651 vitium

2167 3703 2276 3744 non
2323 3687 2597 3757 relinquat
2637 3687 2983 3757 impunitum.
3015 3688 3168 3755 Quod
3208 3702 3340 3743 vem
3376 3687 3663 3757 subiungit
3702 3699 3755 3743 et

2168 3778 2301 3835 dicit
2331 3795 2345 3833 :
2379 3797 2399 3830 ς
2431 3776 2617 3847 Itaque
2640 3777 3049 3848 praedestinatio
3074 3778 3127 3832 in
3148 3777 3291 3833 bono
3316 3777 3540 3849 legitur,
3569 3793 3676 3833 non
3702 3779 3755 3833 in

2169 3867 2352 3934 malo;
2384 3887 2404 3921 ι
2453 3868 2595 3924 unde
2623 3867 2755 3923 dicit
2791 3867 3116 3939 Apostolus:
3150 3889 3169 3921 ‹
3198 3868 3348 3936 Quos
3375 3871 3678 3940 prmscivit,
3702 3881 3756 3926 et

2170 3958 2576 4026 przedestinavit
2613 3958 2920 4013 conformes
2966 3958 3082 4013 ﬁeri
3132 3958 3385 4028 imaginis
3427 3957 3553 4013 Filii
3596 3960 3702 4013 sui.
3731 3978 3751 4008 ι

2170 4046 2490 4102 Consideret
2519 4045 2806 4116 diligenter
2828 4027 2993 4117 (sicut
3015 4045 3129 4115 jam
3174 4027 3339 4117 supra
3385 4047 3759 4119 multipliciter

2171 4137 2328 4193 nobis
2348 4136 2610 4193 oﬁensum
2632 4138 2759 4210 est),
2784 4137 2911 4208 quia
2932 4138 2988 4193 in
3012 4138 3207 4196 divini:-
3228 4138 3526 4209 Scripturis
3549 4154 3653 4193 non
3674 4147 3757 4193 est

2172 4227 2491 4297 exigendum
2531 4235 2590 4281 ut
2614 4226 2923 4297 ubicunque
2967 4241 3056 4283 res
3097 4226 3593 4297 pmdestinationis
3627 4227 3757 4282 dici-

2173 4326 2283 4386 tur,
2309 4320 2474 4375 etiam
2505 4320 2684 4390 ipsum
2714 4335 2913 4376 nomen
2937 4320 3430 4391 prmdestinationis
3458 4322 3683 4391 proprie
3705 4328 3760 4375 et

2174 4423 2431 4480 expresse
2474 4410 2711 4480 positum
2754 4411 2992 4482 legatur;
3026 4411 3119 4467 sed
3163 4412 3472 4481 ubicunque
3509 4427 3601 4467 res
3644 4413 3759 4482 ipsa

492 4479 676 4573 “3"?”
701 4481 904 4573 “Nam
931 4481 1076 4573 {enim
1119 4481 1293 4573 1’0"!“
1321 4481 1494 4573 tam?”
1539 4491 1844 4536 “mmmam
1878 4496 2031 4536 suam
2052 4523 2067 4549 ν
2096 4484 2149 4545 Ῑ)
2174 4479 2660 4573 certissimeposita
2682 4479 2974 4570 invenitur,
2996 4503 3318 4573 regulariter
3334 4479 3755 4569 observandum,

493 4584 594 4626 nec
616 4571 884 4626 immerito
903 4572 1136 4641 aliquam
1159 4562 1397 4626 damnat.
1426 4572 1503 4627 De
1521 4588 1628 4643 quo
1656 4573 1782 4629 alibi
1807 4574 2070 4644 scriptum

491 4668 614 4717 est:
653 4680 672 4713 ι
706 4661 978 4717 Misereris
1007 4663 1289 4729 omniuln',
1332 4663 1558 4720 Domine
1580 4704 1596 4731 ,
1642 4673 1696 4719 et
1732 4664 1866 4718 nihil
1909 4665 2071 4721 odisti

493 4766 680 4807 eorum
734 4768 856 4822 qua:
906 4752 1101 4815 fecisti,
1144 4752 1491 4809 dissimulans
1531 4762 1752 4824 peccata
1793 4755 2069 4810 hominum

493 4850 714 4911 propter
762 4842 1170 4913 paenitentiam,
1212 4853 1269 4897 et
1307 4860 1536 4914 parcens
1574 4845 1690 4911 eis,
1740 4846 1865 4915 quia
1921 4856 1977 4901 tu
2010 4861 2071 4902 es

491 4932 636 4990 Deus
659 4935 1031 4992 universorum
1053 4935 1204 5007 (Sap.
1231 4952 1309 5003 xi,
1331 4935 1426 5002 24,
1453 4936 1567 5008 25).
1600 4954 1620 4989 ι

1124 5064 1428 5104 BESPONSIO.

565 5154 644 5212 De
690 5156 777 5213 his
812 5160 1094 5225 omnibus,
1132 5160 1259 5230 quia
1303 5160 1473 5216 multa
1502 5176 1615 5232 tam
1647 5162 1896 5233 superius
1928 5163 2073 5219 dicta

493 5251 643 5312 sunt,
677 5261 783 5301 non
810 5256 893 5304 est
921 5249 1121 5304 diutius
1150 5248 1526 5315 laborandum,
1547 5250 1640 5305 sed
1667 5259 1877 5307 tantum
1902 5268 2075 5323 pauca

494 5349 565 5392 ex
612 5336 694 5392 eis
739 5352 858 5408 quae
887 5339 1320 5396 consideratione
1364 5340 1606 5412 indigent
1654 5342 1890 5398 breviter
1937 5343 2078 5398 desi—

496 5427 728 5499 gnauda.
757 5427 943 5500 Itaque
987 5430 1042 5484 in
1096 5445 1162 5485 eo
1203 5431 1345 5500 quod
1376 5430 1452 5485 ait
1483 5450 1501 5482 ι
1534 5431 1851 5502 vaniloquos
1902 5432 2080 5488 dicere

496 5519 640 5589 quod
663 5519 798 5575 nihil
826 5519 999 5591 prosit
1026 5521 1229 5575 homini
1273 5530 1421 5577 recta
1456 5520 1587 5577 ﬁdes
1621 5530 1676 5577 et
1711 5520 1851 5577 bona
1892 5536 2081 5593 opera—

498 5610 605 5677 tio;
635 5610 911 5681 quoniam,
937 5609 1041 5665 nisi
1074 5611 1485 5680 praedestinatus
1511 5612 1579 5667 sit
1608 5612 1751 5683 quis,
1768 5629 1873 5667 non
1902 5612 2084 5667 veniat

503 5699 572 5755 ad
587 5701 775 5768 vitam,
790 5720 808 5753 ι
837 5714 1024 5756 verum
1047 5708 1132 5756 est
1151 5696 1370 5755 omnino
1387 5702 1525 5772 quod
1550 5703 1646 5757 soli
1672 5704 1743 5757 illi
1768 5704 1987 5758 veniunt
2015 5703 2082 5759 ad

2175 4590 2319 4659 quod
2365 4590 2529 4645 etiam
2562 4592 2728 4649 tacito
2766 4593 3257 4662 pratdestinationis
3299 4594 3520 4648 nomine
3568 4595 3757 4649 rectis-

2176 4681 2311 4736 sime
2335 4681 2737 4752 praedestinatio
2759 4682 3107 4755 intelligatur.
3147 4682 3280 4739 Nam
3321 4684 3366 4739 si
3407 4684 3588 4753 ipsum
3623 4699 3761 4756 prb

2177 4772 2552 4828 destinationis
2580 4789 2777 4830 nomen
2804 4775 3023 4846 proprie
3056 4775 3291 4844 positum
3320 4774 3626 4845 exigimus,
3658 4789 3756 4829 nec

2177 4863 2232 4919 in
2254 4863 2360 4919 illis
2380 4864 2702 4921 testimoniis
2724 4865 3080 4937 propheticis,
3123 4881 3189 4921 ex
3231 4864 3429 4936 quibus
3468 4865 3757 4936 Apostolus

2174 4945 2704 5023 praedestinationem
2750 4954 3009 5019 divinam,
3033 4966 3089 5009 et
3127 4968 3257 5024 erga
3298 4953 3505 5009 electos
3539 4963 3601 5009 et
3634 4968 3756 5025 erga

2175 5043 2434 5112 reprobos
2466 5043 2766 5112 approbat,
2814 5043 2957 5099 istud
2996 5059 3191 5100 nomen
3230 5044 3501 5099 ullatenus
3548 5043 3755 5099 inveni-

2177 5151 2332 5200 mus;
2377 5134 2437 5189 et’
2474 5143 2653 5189 tamen
2694 5136 2836 5205 quod
2875 5135 3179 5203 clarissima
3222 5150 3405 5189 rerum
3434 5133 3758 5191 certitudine

2180 5226 2460 5296 approbat,
2492 5224 2722 5282 ﬁdeliter
2750 5226 2971 5281 credere
3006 5241 3115 5280 non
3151 5224 3484 5281 dubitamus.

2744 5336 2971 5393 CAPUT
3002 5332 3209 5391 XLVII:

2567 5429 2776 5500 Septem
2810 5427 3016 5482 Rabani
3045 5428 3376 5498 objections.

2256 5517 2516 5588 Sequitur
2538 5526 2660 5588 post
2683 5518 2797 5573 hmc
2822 5518 3006 5573 omnia
3036 5518 3091 5572 in
3119 5517 3226 5574 ﬁne
3256 5516 3501 5588 epistolas
3526 5533 3543 5573 :

2845 5622 3102 5663 BABANUS.

2263 5721 2281 5754 ι
2312 5699 2586 5771 Multiplici
2615 5714 2740 5771 ergo
2764 5708 2913 5754 reatu
2943 5700 3045 5755 iste
3071 5699 3481 5772 constringitur,
3508 5700 3599 5769 qui
3626 5713 3755 5761 olm-
