3966 6334
225 339 364 397 1066

1335 336 1539 393 LIBER
1574 333 1662 391 DE
1699 333 1950 392 TRlBUS
1982 332 2355 393 EPISTOLIS.

3332 335 3473 395 ιαθθ

226 450 602 508 destinationis
639 449 838 506 bonum
877 449 929 505 in
965 463 1193 520 pravum
1234 464 1452 506 sensum
1480 457 1802 506 convertens
1826 451 1880 512 Λ
1903 461 2004 504 nec
2029 447 2231 503 frustra
2257 454 2313 502 et
2336 446 2453 502 sine
2477 460 2639 501 causa
2667 445 2757 500 ille
2782 459 2916 516 opus
2944 461 3099 501 suum
3128 446 3368 503 decernit
3392 449 3475 504 in-

225 543 470 599 nefandis
497 541 836 598 sermonibus
865 541 1242 614 blasphemare
1264 542 1560 614 praesumit.

299 653 316 686 c
353 632 566 699 Primo,
607 632 749 704 quod
788 631 1100 690 Creatorem
1145 649 1333 700 suum,
1361 633 1455 704 qui
1481 641 1568 689 est
1593 649 1805 690 summe

225 724 433 790 bonus,
475 721 786 779 malivolum
829 737 992 778 ausus
1037 731 1120 780 est
1156 722 1371 789 dicere,
1406 737 1472 779 eo
1498 724 1640 793 quod
1669 739 1806 796 opus

226 829 381 870 suum
406 814 610 870 frustra
636 823 691 870 et
718 813 835 870 sine
865 829 1030 870 causa
1064 813 1321 871 decernat
1343 815 1590 872 interire.

300 926 320 959 ι
353 907 624 974 Secundo,
655 907 798 978 quod
827 906 997 978 ipsam
1024 907 1307 964 veritatem
1339 906 1585 964 fallacem
1615 909 1807 965 nititur

227 1013 489 1066 asserere,
521 1013 642 1070 qua:
673 1014 772 1070 per
803 996 1112 1071 Scripturas
1149 1015 1332 1056 sacras
1361 1009 1510 1056 recte
1538 1001 1807 1058 credenti-

223 1092 326 1149 bus
349 1100 405 1148 et
433 1093 570 1148 bene
593 1091 944 1161 operantibus
984 1101 1201 1148 :eternte
1240 1093 1363 1148 vitae
1392 1094 1622 1163 spondet
1664 1109 1806 1164 prae-

224 1184 367 1249 mia;
407 1191 460 1240 et
486 1182 836 1254 peccantibus
871 1193 1034 1254 atque
1064 1199 1172 1240 non
1200 1184 1589 1256 paenitentibus
1617 1180 1808 1242 mortis

220 1279 468 1349 praedicit
494 1293 706 1348 poenas.

300 1389 320 1424 ‹
362 1371 547 1427 Tertio
571 1411 587 1438 ,
625 1371 769 1442 quod
805 1371 1009 1442 justum
1049 1368 1286 1440 judicem
1321 1369 1416 1442 qui
1458 1369 1511 1424 in
1554 1368 1808 1440 aequitate

215 1461 562 1534 iudicaturus
588 1471 674 1519 est
693 1461 847 1519 vivos
875 1479 940 1518 ac
964 1470 1210 1518 mortuos
1237 1461 1497 1534 praedicat
1524 1460 1807 1530 injustum,

223 1556 443 1628 quando
475 1555 612 1612 bene
656 1555 941 1627 agentibus
976 1555 1196 1626 praemia
1247 1563 1303 1612 et
1345 1555 1487 1612 male
1526 1555 1810 1627 agentibus

224 1656 497 1704 tormenta
523 1664 647 1704 eum
675 1663 780 1704 non
806 1648 1035 1704 reddere
1063 1647 1322 1704 afﬁrmat.

303 1760 320 1792 ι
353 1741 576 1808 Quarto,
601 1740 743 1810 quod
774 1739 1190 1811 Redemptorem
1230 1738 1416 1795 mundi
1451 1740 1653 1796 frustra
1685 1757 1810 1796 san-

1907 540 2095 605 terire,
2133 538 2228 594 sed
2261 553 2397 609 quos
2427 536 2709 597 verissime
2736 539 3005 608 praescivit
3049 538 3246 611 impios
3279 549 3335 596 et
3372 541 3478 597 ini-

1905 647 2043 705 quos
2069 631 2303 698 futuros,
2333 640 2386 687 et
2419 631 2475 688 in
2512 646 2607 688 sua
2651 631 2926 704 impietate
2960 640 3014 689 et
3052 632 3333 704 iniquitate
3361 649 3482 706 per-

1906 740 2191 783 mansuros
2233 723 2398 795 justis
2442 735 2497 782 et
2548 726 2866 782 rectissimis
2919 727 3095 782 causis
3141 728 3380 784 decrevit
3427 739 3485 786 et

1907 819 2118 886 statuit,
2149 825 2204 873 et
2248 818 2649 889 praedestinavit
2693 821 2979 891 perituros.
3026 818 3178 876 Sicut
3213 821 3328 891 ipse
3364 823 3481 877 ait:

1915 927 1935 962 ι
1982 909 2082 978 Qui
2126 910 2435 982 peccaverit
2467 912 2598 968 mihi
2625 953 2640 979 ,
2679 911 2870 969 delebo
2905 928 3028 970 eum
3072 913 3139 970 de
3179 913 3316 971 libro
3365 932 3489 974 meo

1910 999 2109 1071 (Exod.
2136 1016 2312 1068 χχχιι,
2336 1000 2449 1072 '55).
2483 1022 2502 1056 ι

1982 1092 2063 1146 Ad
2092 1093 2398 1149 secundam.
2425 1125 2494 1140 -ν-
2518 1094 2630 1154 Nec
2669 1112 2761 1170 qui
2794 1091 3323 1172 praedestinationem
3354 1104 3492 1160 divi—

1911 1199 2037 1240 nam
2071 1184 2127 1240 in
2155 1193 2439 1256 utramque
2465 1197 2694 1258 partem,
2726 1191 2778 1246 id
2808 1201 2892 1248 est
2923 1201 2976 1248 et
2998 1194 3292 1250 electorum
3323 1205 3377 1250 et
3407 1210 3490 1252 re-

1909 1275 2224 1346 proborum,
2256 1275 2486 1334 fideliter
2513 1279 2684 1335 credit
2723 1290 2780 1337 et
2815 1282 3125 1351 conﬁtetur,
3152 1285 3324 1356 ipsam
3353 1288 3493 1342 veri-

1912 1373 2079 1422 tatem
2109 1366 2352 1423 tallacem
2383 1369 2576 1425 nititur
2597 1374 2882 1430 ostendere
2917 1393 2930 1428 :
2962 1377 3058 1432 sed
3089 1379 3309 1434 omnino
3332 1396 3492 1436 vera-

1912 1471 2030 1512 cem
2060 1468 2116 1513 et
2144 1458 2356 1516 ﬁdelem
2396 1461 2453 1516 in
2495 1464 2751 1520 omnibus
2790 1467 2969 1523 verbis
2998 1470 3142 1536 suis,
3174 1480 3229 1526 et
3251 1482 3494 1528 sanctam.

1913 1549 1969 1605 in
1998 1551 2246 1607 omnibus
2267 1553 2518 1623 operibus
2543 1555 2686 1622 suis;
2719 1556 2842 1627 quia
2868 1558 3078 1626 electis,
3116 1561 3256 1618 sicut
3281 1564 3493 1632 praede-

1914 1641 2155 1709 stinavit,
2181 1651 2397 1699 aeternae
2419 1644 2544 1701 vitae
2563 1648 2786 1716 praemia
2814 1650 3039 1720 spondet
3065 1661 3120 1707 et
3143 1653 3338 1708 reddit.
3370 1654 3436 1708 Et
3464 1669 3497 1710 e

1915 1734 2191 1788 contrario
2236 1736 2480 1804 reprobis
2520 1740 2899 1807 peccantibus,
2945 1757 3044 1798 nec
3085 1745 3498 1814 paenitentibus,

222 1831 442 1902 guinem
478 1846 637 1887 suum
668 1829 871 1887 fudisse
915 1847 1020 1888 non
1059 1831 1214 1886 timet
1250 1847 1347 1902 per
1383 1846 1623 1888 errorem
1653 1849 1811 1889 suum
1842 1816 1893 1880 Β
1918 1823 2059 1880 sicut
2083 1824 2504 1896 przedestinavit,
2529 1828 2678 1900 justo
2705 1845 2803 1886 suo
2839 1829 3043 1900 judicio
3085 1844 3314 1892 aeternas
3343 1837 3499 1892 retri-

222 1923 468 1995 ﬁngere,
522 1923 738 1994 quando
786 1924 840 1979 in
894 1939 953 1981 se
1001 1925 1346 1982 credentibus
1379 1934 1434 1982 et
1470 1927 1812 1998 sperantibus

220 2023 449 2087 propter
498 2013 992 2086 praedestinationis
1039 2015 1422 2072 necessitate
1485 2031 1594 2074 non
1645 2019 1817 2089 possit

222 2106 539 2178 subvenire.

305 2218 323 2251 ‹
355 2197 575 2268 Quinto,
607 2200 747 2269 quod
771 2199 974 2256 invidet
999 2200 1156 2258 bonis
1185 2201 1390 2274 angelis
1413 2217 1601 2258 eorum
1630 2220 1814 2262 nume-

226 2308 374 2356 rum,
399 2306 560 2360 quem
587 2291 837 2348 diabolus
864 2308 960 2363 per
983 2293 1290 2366 superbiam
1315 2310 1575 2352 corruens
1601 2297 1813 2364 minuit,

222 2386 567 2442 Salvatorem
633 2397 880 2444 nostrum
937 2403 1037 2458 per
1116 2389 1395 2445 hominum
1453 2390 1817 2448 conditionem

223 2479 548 2550 adimplere.

308 2598 325 2631 ι
369 2578 552 2644 Sexto,
591 2580 734 2649 quod
778 2578 950 2651 magis
996 2577 1142 2634 favet
1189 2594 1281 2635 sua
1318 2578 1572 2650 opinione
1602 2579 1818 2636 diabolo
1897 2639 1900 2641 λ

223 2689 394 2746 quam
418 2673 550 2741 Deo,
575 2690 698 2729 cum
724 2674 792 2729 ad
821 2673 937 2743 ejus
961 2674 1283 2746 perditionis
1307 2683 1509 2730 sortem
1531 2675 1695 2731 tradit
1722 2692 1817 2733 eos

223 2766 508 2837 pertinere
536 2807 550 2832 ,
580 2782 716 2836 quos
749 2765 931 2821 divina
968 2767 1142 2837 gratia
1191 2766 1430 2823 decrevit
1476 2768 1544 2825 ad
1588 2767 1816 2826 salutem

222 2870 492 2918 aeternam
520 2860 849 2932 pertingere.

313 2974 331 3008 ι
376 2954 617 3024 Septimo
645 2995 660 3021 ,
707 2953 850 3025 quod
880 2953 1047 3010 totius
1078 2953 1300 3009 humani
1327 2953 1543 3025 generis
1569 2954 1818 3014 inimicus

223 3049 308 3105 sit
336 3047 672 3112 manifestus,
719 3064 842 3104 cum
887 3048 1020 3104 illud
1067 3047 1196 3104 dicit
1223 3064 1320 3120 per
1346 3047 1545 3105 Christi
1577 3049 1736 3107 ﬁdem
1765 3059 1820 3107 et

225 3138 489 3210 baptismi
526 3146 926 3194 sacramentum
952 3154 982 3193 a
1011 3139 1170 3208 primi
1201 3138 1445 3208 parentis
1485 3139 1664 3211 lapsu,
1694 3157 1822 3211 pro-

197 3233 586 3305 .priorumque
616 3231 879 3289 scelerum
911 3239 1085 3298 reatu,
1123 3245 1224 3287 nec
1265 3247 1372 3286 non
1403 3239 1460 3287 et
1489 3232 1556 3288 ab
1584 3233 1820 3290 hostium

225 3330 507 3393 potestate
549 3338 654 3378 non
691 3335 850 3394 posse
877 3321 1014 3387 erui,
1045 3323 1139 3378 sed
1183 3321 1478 3394 obligatum
1508 3324 1670 3380 noxia
1704 3327 1822 3397 opi-

230 3414 356 3471 ﬁcis
377 3414 461 3472 sui
485 3414 955 3486 praedestinatione
979 3413 1034 3470 in
1067 3422 1334 3470 tartarum
1364 3415 1625 3489 demergi.
1657 3437 1676 3470 ›

367 3551 370 3554 ~
879 3522 1184 3564 RESPONSIO.

311 3601 529 3671 Septem
581 3600 668 3655 his
718 3598 901 3654 verbis
943 3597 1280 3668 objectiones
1330 3597 1444 3652 sive
1481 3596 1825 3658 definitiones

231 3691 416 3764 ponit,
455 3689 653 3759 quibus
681 3703 822 3754 non,
853 3696 913 3741 ut
955 3687 1072 3756 ipse
1108 3687 1266 3750 dicit,
1306 3686 1744 3759 blaSphemantes
1771 3692 1827 3747 in

235 3783 413 3836 Deum
436 3820 452 3846 ,
502 3780 594 3836 sed
625 3777 855 3835 ﬁdeliter
879 3778 1163 3834 credentes
1188 3779 1298 3834 Deo
1323 3818 1338 3844 ,
1385 3787 1440 3834 et
1462 3781 1730 3836 veraciter
1773 3783 1826 3839 in

236 3875 536 3933 electorum
595 3875 913 3932 liberatione
965 3885 1020 3930 et
1073 3875 1429 3946 reproborum
1483 3877 1829 3933 damnatione

235 3968 674 4025 misericordiam
717 3966 834 4037 ejus
878 3975 934 4023 et
980 3967 1245 4039 judicium
1292 3968 1614 4025 conﬁtentes
1665 3980 1828 4042 atque

235 4061 548 4128 laudantes,
580 4059 835 4116 falsitatis
862 4067 917 4115 et
945 4060 1150 4116 erroris
1178 4067 1390 4130 arguat.
1432 4060 1500 4115 Et
1537 4069 1717 4116 tamen
1742 4061 1827 4116 ni-

237 4153 320 4211 hil
345 4153 538 4209 exhis
581 4167 702 4223 quae
746 4151 802 4208 in
849 4151 979 4222 ipsis
1025 4161 1230 4222 septem
1273 4151 1679 4208 deﬁnitionibus
1717 4153 1830 4209 suis

237 4242 432 4314 objicit
457 4259 669 4310 verum,
705 4251 800 4299 aut
825 4243 1145 4299 rationabile
1171 4242 1316 4299 valet
1343 4244 1651 4300 ostendere.

318 4337 398 4392 Ad
424 4339 650 4408 primam
671 4321 1118 4406 objectionem.-—-
1144 4337 1316 4392 Nemo
1343 4337 1489 4392 enim
1517 4337 1829 4395 Creatorem

240 4446 405 4486 suum
432 4445 642 4485 summe
670 4429 868 4484 bonum
916 4428 1226 4484 malivolum
1259 4429 1426 4495 dicit,
1474 4430 1617 4499 quod
1667 4430 1827 4497 absit,

239 4521 400 4591 quasi
433 4521 589 4576 mala:
613 4519 904 4589 voluntatis
929 4521 999 4575 sit
1024 4535 1152 4591 erga
1178 4529 1486 4576 creaturam
1507 4537 1679 4588 suam,
1705 4522 1831 4593 quia

1914 1915 2031 1971 buit
2055 1931 2266 1986 pwnas.

1986 2009 2067 2063 Ad
2114 2012 2342 2066 tertiam.
2371 2013 2578 2070 —Nec
2618 2015 2823 2086 justum
2867 2016 3105 2087 judicem
3153 2016 3259 2072 ista
3305 2017 3502 2072 divinae

1915 2103 2406 2175 praedestinationis
2447 2109 2650 2164 veritas
2692 2109 2838 2164 velut
2893 2110 3150 2181 injustum
3202 2111 3497 2182 przedicat:

1917 2199 2044 2268 quia
2092 2200 2387 2254 secundum
2429 2215 2549 2256 eam
2584 2211 2641 2257 et
2685 2201 2823 2258 bene
2871 2203 3186 2274 agentibus,
3236 2211 3398 2274 atque
3445 2202 3507 2258 in

1877 2292 1880 2295 ’
1916 2288 2059 2344 bono
2085 2289 2558 2358 perseverantibus
2594 2292 2816 2362 praemia
2853 2292 3241 2359 restituuntur;
3271 2303 3326 2348 et
3361 2292 3503 2348 male

1918 2380 2202 2450 agentibus
2233 2389 2396 2450 atque
2434 2381 2491 2436 in
2529 2381 2672 2437 malo
2718 2383 3164 2454 permanentibus
3205 2383 3353 2455 juste
3394 2394 3504 2441 tor-

1918 2479 2098 2527 menta
2122 2461 2451 2529 inferunlur.

1987 2563 2071 2618 Ad
2099 2573 2365 2635 quartam.
2395 2594 2468 2605 —
2491 2563 2602 2622 Nec
2633 2566 3049 2639 Redemptorem
3092 2571 3279 2626 mundi
3323 2569 3505 2642 aliqua

1918 2656 2408 2730 przedestinationis
2452 2676 2564 2716 suae
2613 2662 2910 2718 necessitas
2961 2663 3262 2734 compellit',
3306 2671 3365 2718 ut
3407 2678 3505 2734 per

1918 2750 2210 2822 gloriosum
2239 2753 2518 2825 sanguinis
2538 2755 2620 2810 sui
2647 2756 2880 2826 pretium
2911 2757 2966 2811 in
2997 2772 3055 2813 se
3078 2757 3422 2814 credentibus
3451 2767 3504 2814 et

1920 2842 2266 2913 Sperantibus
2304 2845 2592 2902 subvenire
2626 2862 2734 2902 non
2760 2846 2972 2917 possit:
3016 2848 3140 2918 quia
3180 2857 3234 2904 et
3257 2850 3511 2905 omnibus

1921 2933 2108 2990 electis
2139 2936 2251 2992 suis
2276 2937 2367 2993 illo
2396 2937 2572 3007 pretio
2595 2938 2650 2994 in
2675 2948 2938 2994 aeternum
2969 2939 3242 2995 subvenit.
3273 2939 3342 2995 Et
3364 2943 3509 3009 quod

1924 3027 2169 3099 reprobis
2189 3043 2296 3090 non
2320 3030 2590 3098 subvenit,
2613 3030 2715 3101 ipsi
2735 3046 2836 3102 per
2855 3029 3210 3103 impietatem,
3235 3040 3291 3088 et
3312 3031 3512 3103 iniqui—

1924 3125 2090 3173 tatem
2121 3134 2276 3175 suam
2305 3119 2541 3192 pretium
2574 3121 2694 3193 ejus
2721 3121 2990 3192 repellunt
3023 3139 3035 3176 :
3068 3138 3206 3194 quos
3241 3131 3295 3179 et
3333 3124 3379 3179 si
3408 3139 3510 3194 po-

1929 3216 2032 3264 test
2056 3208 2147 3265 ille
2169 3209 2396 3277 salvare,
2425 3210 2539 3266 vult
2564 3219 2746 3269 tamen
2773 3210 2984 3283 aliquos
3021 3213 3090 3268 ad
3116 3213 3512 3270 ostendendum

1927 3305 2193 3354 terrorem
2226 3300 2531 3356 severitatis
2562 3317 2694 3367 sum,
2718 3300 2866 3371 justa
2887 3302 3091 3358 ultione
3120 3305 3400 3359 damnare.

1998 3387 2082 3443 Ad
2103 3390 2360 3460 quintam.
2383 3421 2455 3431 —
2476 3389 2588 3447 Nec
2621 3391 2828 3447 invidet
2859 3392 3049 3447 eadem
3077 3393 3270 3449 divina:
3301 3394 3513 3464 praede-

1927 3480 2237 3536 stinationis
2266 3481 2528 3538 severitas
2549 3481 2706 3538 bonis
2732 3483 2955 3552 angelis,
2987 3500 3057 3540 ne
3083 3495 3306 3556 propter
3330 3487 3514 3541 multi-

1929 3568 2172 3624 tudinem
2200 3571 2553 3642 reproborum
2575 3571 2818 3643 quotidie
2838 3575 3181 3644 pereuntium
3209 3591 3316 3630 non
3345 3577 3518 3646 possit

1931 3660 2238 3732 adimpleri,
2283 3670 2339 3718 et
2380 3663 2673 3719 instaurari
2715 3679 2904 3720 eorum
2953 3681 3232 3733 numerus,
3282 3668 3373 3738 qui
3418 3683 3518 3737 per

1915 3749 2145 3820 pruinam
2191 3751 2388 3807 diaboli
2413 3761 2468 3808 et
2496 3754 2812 3827 angelorum
2855 3755 2972 3826 ejus
3014 3761 3101 3813 es!
3137 3759 3454 3814 imminutus
3501 3779 3516 3814 :

1931 3843 2059 3912 quia
2083 3844 2391 3899 certissime
2416 3846 2566 3902 novit
2595 3846 2730 3902 ﬁdes
2758 3847 2997 3903 ﬁdelium
3025 3856 3202 3905 tantos
3245 3849 3372 3905 illuc
3411 3849 3521 3905 ele-

1932 3943 2050 3989 ctos
2072 3949 2138 3989 ex
2167 3935 2405 3991 humano
2433 3951 2630 4004 genere
2657 3952 2976 3994 assensuros
2998 3951 3230 4009 quantos
3258 3939 3366 3996 illic
3391 3956 3521 3996 con-

1933 4033 2040 4079 stat
2068 4024 2270 4081 electos
2311 4026 2534 4098 angelos
2563 4028 2930 4084 remansisse:
2972 4037 3207 4086 testante
3239 4031 3519 4102 Scriptura

1932 4134 2052 4190 qua:
2081 4118 2212 4174 dicit
2241 4137 2253 4172 :
2291 4139 2310 4170 ‹
2348 4119 2549 4175 Statuit
2592 4121 2853 4176 terminos
2881 4123 3120 4194 gentium
3141 4120 3301 4192 juxta
3329 4140 3520 4181 nume-

1933 4225 2052 4265 rum
2083 4211 2398 4282 angelorum
2424 4212 2518 4268 Dei
2547 4212 2724 4283 (Deut.
2757 4229 2932 4280 xxx",
2959 4215 3037 4287 8).
3070 4235 3090 4268 ι

2006 4303 2084 4358 Ad
2110 4313 2331 4359 sextam.
2361 4335 2432 4345 --
2457 4305 2568 4362 Nec
2596 4306 2767 4378 magis
2807 4307 2950 4363 favet
2976 4308 3092 4365 ιιωο
3117 4311 3522 4380 praedestinatio

1933 4396 2146 4452 diabolo
2172 4412 2334 4467 quam
2364 4398 2493 4463 Deo,
2524 4399 2650 4467 quia
2678 4407 2732 4452 et
2771 4398 3042 4454 diabolum
3087 4401 3327 4470 quotidie
3368 4417 3518 4456 com-

1933 4491 2084 4562 pellit
2111 4493 2385 4556 amittere,
2410 4507 2547 4562 quos
2589 4493 2767 4546 divina
2807 4493 2979 4562 gratia
3021 4492 3210 4548 eadem
3239 4495 3522 4563 praedesti-

241 4583 465 4681 setnper
484 4611 600 4681 ejus
627 4583 884 4667 voluntas
899 4613 1039 4667 bona
1066 4583 1150 4667 est
1179 4613 1364 4678 bonis;
1396 4628 1515 4682 quae
1536 4621 1590 4668 et
1617 4583 1840 4667 Sivlllaltt
1863 4591 1913 4652 Ῑ)
1937 4583 2158 4682 “amne
2190 4583 2430 4682 “99'6"”
2457 4583 2796 4682 ad_$al_lmiu’_
2815 4594 3071 4682 “9WD”
3098 4586 3426 4682 Remmgerc'
3453 4588 3520 4643 E'

242 4704 463 4760 videtur
493 4705 669 4766 malis,
703 4719 916 4775 semper
939 4713 1117 4759 tamen
1137 4702 1282 4772 justa
1316 4713 1417 4769 est,
1449 4713 1505 4759 et
1541 4705 1660 4760 ideo
1689 4702 1831 4759 mala

241 4812 371 4854 esse
406 4812 521 4878 non.
542 4804 748 4866 potest;
795 4797 936 4851 unde
978 4805 1036 4851 et
1074 4795 1355 4866 Scriptura
1397 4797 1463 4852 ad
1499 4811 1622 4851 eum
1654 4794 1786 4852 dicit
1815 4813 1828 4849 :

252 4905 274 4939 ι
308 4887 444 4942 Cum
485 4896 674 4942 sancto
710 4895 932 4942 sanctus
957 4885 1089 4953 eris,
1126 4894 1332 4942 etcum
1363 4885 1650 4942 innocente
1680 4887 1834 4940 inno-

245 4993 384 5036 cens
411 4977 542 5033 eris.
592 4977 660 5032 Et
693 4991 818 5032 cum
853 4976 1025 5032 electo
1060 4975 1266 5032 electus
1299 4976 1428 5043 eris,
1459 4985 1522 5031 et
1554 4991 1676 5031 cum
1707 4992 1832 5047 per-

246 5083 414 5124 verso
459 5067 786 5140 perverteris
835 5065 1010 5139 (Psal.
1038 5083 1169 5135 xvu,
1193 5068 1284 5133 26,
1310 5067 1424 5139 27).
1461 5087 1480 5120 ›
1529 5067 1606 5122 De
1643 5067 1838 5138 quibus

223 5215 226 5218 .
247 5162 438 5219 verbis
458 5161 649 5218 beatus
661 5161 995 5233 Augustinus
1012 5169 1252 5218 tractans
1268 5162 1344 5233 (in
1365 5158 1500 5232 psal.
1523 5159 1653 5232 xvn)
1681 5177 1694 5214 :
1718 5159 1835 5225 Est,

1935 4677 2157 4732 omnino
2178 4678 2383 4733 nullum
2405 4693 2472 4733 ex
2497 4671 2684 4735 electis
2705 4678 2800 4734 Dei
2825 4680 2891 4734 ad
2915 4679 3082 4750 ipsius
3102 4679 3300 4738 diaboli
3319 4691 3522 4740 sortem

1935 4783 2096 4839 posse
2117 4769 2391 4839 pertinere
2416 4771 2726 4826 conﬁrmat.

2007 4861 2090 4914 Ad
2116 4862 2408 4932 septimam.
2425 4863 2618 4920 -—Nec
2645 4864 2919 4935 compellit
2943 4864 3176 4936 aliquem
3204 4865 3361 4936 hujus
3385 4884 3524 4939 pra:-

1938 4952 2314 5009 destinationis
2345 4953 2501 5022 ﬁdes,
2531 4955 2688 5026 quasi
2718 4971 2817 5027 per
2842 4956 3002 5012 ﬁdem
3030 4956 3227 5014 Christi
3259 4968 3313 5014 et
3339 4975 3524 5018 sacra-

1942 5055 2187 5102 mentum
2214 5048 2469 5118 baptismi
2499 5064 2529 5103 a
2556 5049 2714 5120 primi
2758 5050 2999 5121 parentis
3027 5050 3179 5121 lapsu
3199 5091 3214 5117 ,
3243 5061 3299 5108 et
3333 5069 3362 5108 a
3393 5068 3522 5109 suo-

1947 5157 2064 5196 rum
2105 5141 2371 5197 scelerum
2417 5150 2603 5209 reatu,
2651 5144 2766 5199 sive
2818 5145 3056 5200 hostium
3102 5153 3370 5216 potestate
3415 5163 3524 5204 non

251 5252 722 5324 inquit,goceulta
766 5250 1148 5323 profunditas,
1197 5267 1304 5322 qua
1352 5250 1672 5321 intelligeris
1714 5265 1824 5305 eum

1945 5252 2104 5307 posse
2133 5238 2251 5293 erui
2286 5255 2299 5291 :
2333 5237 2428 5294 sed
2451 5238 2738 5295 verissime
2766 5247 2990 5309 praestat
3026 5241 3276 5297 omnibus
3309 5242 3525 5312 electis,

250 5355 449 5402 sancto
477 5356 718 5413 sanctus,
749 5347 876 5418 quia
907 5356 962 5403 tu
992 5346 1335 5405 sanctificas:
1375 5353 1430 5402 et
1459 5361 1583 5402 eum
1608 5345 1726 5401 viro
1753 5345 1839 5401 in-

1953 5349 1972 5383 α
2012 5331 2083 5388 Ut
2109 5330 2219 5389 sint
2247 5339 2472 5402 agentes
2509 5345 2724 5402 semper
2751 5331 2953 5403 gratias
2981 5331 3113 5398 Deo,
3143 5344 3198 5389 et
3224 5332 3402 5399 Patri,
3433 5333 3529 5406 qui

227 5448 490 5512 _nocente
529 5441 790 5496 innocens
812 5479 828 5505 ,
875 5439 1002 5510 quia
1042 5439 1175 5494 nulli
1213 5453 1408 5504 noces,
1445 5437 1537 5494 sed
1566 5435 1824 5494 criniculi:

1945 5425 2136 5498 dignos
2172 5440 2264 5482 eos
2302 5424 2434 5480 fecit
2463 5425 2516 5479 in
2545 5432 2755 5494 partem
2796 5425 2960 5480 sortis
2997 5433 3310 5482 sanctorum
3350 5425 3406 5481 in
3441 5425 3528 5480 lu-

253 5540 607 5604 peccatorum
631 5546 849 5587 suorum
875 5531 1245 5602 unusquisque
1265 5528 1674 5600 constringitur,
1695 5535 1752 5583 et
1775 5527 1842 5584 ab

257 5639 331 5680 eo
352 5638 516 5695 quem
543 5621 695 5694 ehng
719 5621 956 5694 eligeris,
986 5629 1043 5677 et
1067 5638 1192 5679 cum
1218 5635 1475 5694 perverso
1499 5619 1699 5676 videris
1723 5633 1847 5689 per—

259 5732 485 5782 versus;
517 5715 770 5785 quoniam
802 5715 988 5770 dicunt
1020 5731 1033 5768 :
1067 5734 1083 5767 ι
1109 5713 1230 5770 Νοιι
1256 5723 1342 5770 est
1366 5723 1515 5770 recta
1548 5713 1634 5768 via
1659 5710 1845 5768 Domi-

262 5811 340 5878 ni,
367 5824 420 5866 et
448 5812 685 5882 ipsorum
717 5809 801 5862 via
829 5826 933 5864 non
959 5818 1042 5864 est
1069 5818 1217 5866 recta
1243 5808 1459 5883 (Esca/4.
1489 5823 1643 5873 xvm,
1665 5805 1790 5878 25);
1824 5825 1840 5858 ι

665 5893 936 5964 Pirum"
973 5903 1188 5968 CXXI.

1948 5520 2114 5576 mine.
2135 5548 2207 5559 —
2246 5517 2346 5584 Qui
2377 5516 2576 5586 eripuit
2610 5515 2730 5571 illos
2759 5517 2826 5571 de
2867 5523 3132 5586 potestate
3162 5516 3530 5582 tenebrarum,

1950 5625 2006 5670 et
2034 5610 2311 5670 transtulit
2343 5611 2399 5666 in
2426 5624 2652 5681 regnum
2682 5608 2804 5664 Filii
2833 5608 3138 5665 dilectionis
3166 5624 3277 5665 suae
3312 5604 3451 5674 (Col.
3491 5624 3528 5672 ι,

1955 5707 2041 5774 12,
2073 5706 2162 5778 15)
2193 5721 2206 5757 :
2238 5723 2257 5756 ι
2277 5701 2386 5760 Nec
2412 5701 2656 5773 reprobis
2685 5702 2845 5756 noxia
2871 5709 2957 5756 est
2982 5699 3192 5770 opiﬁcis
3220 5699 3334 5764 sui,
3367 5698 3417 5751 id
3449 5708 3532 5752 est

1957 5802 2049 5861 Dei
2095 5797 2528 5875 pmdestinatio,
2564 5811 2686 5869 qua:
2722 5804 3159 5867 perseverantem
3189 5802 3242 5849 et
3285 5784 3529 5848 indoma-

3022 5884 3096 5947 3'4
