3966 6334
587 367 727 428 δοστ

1610 372 1666 426 S.
1711 369 1967 426 ltEMlGll
2009 367 2498 429 LUGDUNENSIS
2539 359 2847 426 EPISCOPI

3643 369 3742 438 ne

583 483 752 541 bilem
799 485 1135 554 iniquitatem
1184 485 1422 554 ipsorum
1460 484 1761 555 justissime
1809 486 1988 556 punit,
2018 485 2170 554 cujus
2196 493 2248 550 Α
2345 484 2645 542 Conclusio.
2671 517 2741 527 -—
2766 487 2896 554 Quae
2937 501 3082 540 cum,
3113 487 3182 540 ita
3239 488 3372 553 sint,
3411 489 3612 558 deposita
3643 500 3743 555 omni

583 591 740 633 more
781 587 836 634 et
864 578 1186 650 gravissimo
1212 592 1379 632 onere
1406 578 1649 648 Oppressi
1689 579 2079 650 demerguntur
2115 580 2170 634 in

576 679 872 736 tartarum,
899 671 1288 726 descendentes
1313 671 1366 726 in
1393 671 1719 741 profundum
1747 672 1900 741 quasi
1927 672 2082 738 lapis,
2115 681 2170 727 et

585 765 851 819 submersi
904 765 1061 834 quasi
1103 763 1380 834 plumbum
1433 767 1484 818 in
1532 765 1686 834 aquis
1737 765 2164 819 vehementibus.

583 857 737 926 Quod
768 859 933 915 etiam
962 859 1100 914 liber
1123 858 1470 932 Apocalypsis
1492 860 1557 914 de
1597 869 1708 915 tota
1749 859 1966 916 civitate
2009 859 2168 927 hujus

582 952 785 1017 sarculi,
819 953 870 1008 id
899 962 982 1009 est
1005 955 1257 1008 universa
1287 954 1632 1010 multitudine
1654 956 2028 1010 damnatorum
2060 961 2166 1009 tot“-

584 1043 814 1100 ribiliter
835 1054 1080 1101 extremo
1096 1047 1300 1116 judicio
1321 1045 1560 1102 futurum
1588 1048 1855 1116 significat
1886 1059 1938 1103 et
1963 1049 2166 1102 tit-uua-

582 1136 701 1199 tiat,
724 1137 939 1193 dicens:
973 1156 992 1189 ι
1024 1139 1090 1193 Et
1111 1139 1326 1193 sustulit
1348 1155 1486 1194 unus
1507 1142 1728 1212 angelus
1758 1139 1911 1195 fortis
1936 1142 2164 1209 laridum

578 1226 733 1295 quasi
763 1227 1023 1282 molarem
1057 1243 1331 1299 magnum,
1359 1236 1414 1283 et
1446 1229 1594 1285 misit
1635 1229 1686 1284 in
1732 1245 1905 1295 mare,
1933 1230 2118 1284 dict-ns
2150 1251 2161 1285 :

579 1317 694 1374 Hoc
733 1320 937 1390 impetu
967 1322 1208 1376 mittetur
1235 1320 1472 1392 Babylon
1511 1338 1702 1394 magna
1743 1321 1830 1378 illa
1859 1323 2068 1387 civitas,
2113 1332 2167 1378 ct

577 1411 716 1468 ultra
740 1413 851 1484 jam
882 1430 989 1470 non
1017 1413 1313 1470 invenietur
1349 1413 1537 1486 (Apoc.
1568 1431 1726 1482 xviii,
1749 1414 1800 1470 ﬁ.
1824 1408 1844 1492 ξ
1898 1429 1915 1465 i

576 1594 3146 1621 Μ

2274 582 2636 638 contentionis
2666 581 3038 646 animositate,
3086 581 3320 651 deposita
3368 584 3618 640 novitatum
3649 605 3744 659 pra.

2273 675 2607 745 sumptione,
2639 689 2994 745 agnoscamus
3025 673 3250 729 fideliter
3271 676 3486 730 divinam
3519 679 3745 749 veritatem,

2274 781 2565 836 sequamur
2612 766 2926 821 obedienter
2978 775 3252 835 paternam
3302 770 3650 832 auctoritatem.
3684 791 3744 828 ra-

2275 874 2496 913 veamus
2526 857 2813 929 vigilanter
2843 859 3046 928 erroris
3073 866 3128 913 et
3157 859 3410 914 mendacii
3440 859 3746 921 fallacissima

2267 953 2597 1017 vanitatem;
2631 960 2910 1007 servantes
2951 951 3060 1006 Deo
3106 952 3388 1008 auxiliante
3426 953 3570 1008 semel
3595 973 3610 1006 t
3638 958 3748 1026 depo.

2272 1044 2434 1100 situm
2473 1059 2491 1096 ι
2536 1045 2690 1100 nobis
2718 1059 2860 1100 verte
2900 1043 3024 1099 fidei
3071 1043 3378 1100 inviolatum
3421 1045 3749 1110 thesaurutn;et

2278 1156 2297 1188 ι
2337 1136 2603 1208 fugientes
2635 1135 2891 1206 profanas
2916 1151 3110 1191 vocum
3149 1136 3408 1191 novitates
3442 1145 3582 1207 atque
3605 1142 3751 1208 opposi-

2254 1229 2448 1284 -tiones
2479 1228 2597 1284 falsi
2626 1229 2862 1284 nominis
2895 1228 3156 1294 scientia,
3185 1243 3342 1297 quam
3382 1229 3574 1298 quidam
3596 1233 3751 1300 promit-

2275 1331 2449 1379 tentes
2483 1322 2628 1379 circa
2660 1322 2820 1378 fidem
2859 1322 3180 1381 exciderunt
3202 1319 3251 1393 (Ι
3283 1319 3412 1376 Tim.
3436 1331 3513 1389 Vl,
3538 1322 3613 1389 20,
3633 1322 3748 1395 2i).t

3601 1591 3746 1611 --—-——

1472 1725 2150 1843 SANCTI
2227 1723 2982 1838 BEMIGII

1797 1935 2288 1996 LUGDUNENSIS
2326 1936 2638 1994 EPISCOPI

1192 2110 1386 2190 SUB
1465 2110 1872 2189 NOMINE
1930 2105 2432 2188 ECCLESUE
2494 2102 3238 2186 LUGDUNENSIS

1274 2261 1872 2502 insomnio
1933 2298 2448 2431 CUJUSDAM
2493 2298 3125 2440 omnium

707 2556 790 2598 DE
832 2553 1150 2599 GENEMLI
1197 2553 1315 2596 PER
1360 2553 1540 2596 ADAM
1587 2548 2004 2594 DAMNATIONE
2050 2547 2312 2592 OMNIUM
2358 2548 2438 2589 ET
2481 2547 2763 2590 SPECIALI
2809 2547 2928 2589 PER
2971 2544 3300 2590 CHRISTUM
3345 2544 3428 2587 EX
3469 2541 3647 2589 ΕΔΒΕἩ

1813 2628 2084 2672 EBEPTIO
2095 2631 2124 2670 Ν
2135 2631 2172 2671 Ε
2217 2627 2600 2671 ELECTORUM
2611 2657 2623 2670 .

2604 2661 2826 2716 γ-χ

559 2919 565 2924 ι
643 2891 824 2960 Nuper
853 2887 1081 2958 quaestio
1109 2885 1293 2941 habita
1315 2893 1399 2940 est
1425 2883 1696 2954 quomodo
1722 2889 1870 2938 recte
1898 2890 1952 2937 et
1989 2881 2133 2936 fideli
2189 2884 2238 2946 B
2269 2882 2389 2938 dam
2419 2881 2716 2936 bonitatem
2757 2879 2889 2934 Dei?
2918 2879 3071 2948 Quod
3113 2887 3298 2933 tamen
3328 2887 3590 2946 utrumque
3618 2869 3744 2932 simul.

563 2999 650 3043 ter
669 2985 843 3058 possit
872 2981 1095 3052 intelligi
1132 3001 1144 3034 :
1176 2979 1311 3034 Tota
1344 2977 1563 3033 humani
1597 2976 1811 3046 generis
1835 2990 2016 3031 massa
2045 2989 2156 3029 tne-

561 3081 672 3136 rito
712 3078 900 3148 primae
956 3072 1404 3145 transgressionis
1452 3071 1518 3125 ad
1564 3079 1826 3125 internum
1874 3069 2154 3123 interitum

565 3167 860 3225 damnata?
880 3181 1003 3220 cum
1036 3163 1223 3235 procul
1257 3162 1420 3217 dubio
1451 3161 1692 3216 omnium
1723 3161 2020 3216 electorum
2057 3175 2156 3212 nu-

561 3276 749 3318 merus
779 3275 847 3316 ex
873 3258 988 3330 ipsa
1015 3266 1162 3314 esset
1191 3255 1548 3312 assumendus
1591 3255 1770 3309 divina
1811 3254 2159 3324 praedestina-

564 3355 733 3419 tione,
784 3367 847 3408 ac
896 3349 1240 3422 prtescientia
1290 3347 1622 3404 aeternaliter
1668 3347 2050 3418 prmcognitus,
2103 3353 2158 3400 ct

559 3446 958 3518 pneordinatus
995 3445 1060 3499 ad
1093 3444 1260 3498 vitam
1291 3450 1552 3496 aeternam
1583 3458 1596 3498 ;
1633 3441 1675 3494 si
1705 3439 1848 3493 enim
1893 3437 1994 3494 iste
2024 3438 2156 3494 bea-

559 3547 763 3604 torum,
789 3547 842 3593 et
871 3543 1184 3592 sanctorum
1223 3548 1484 3588 numerus
1518 3533 1571 3588 in
1605 3531 1693 3588 illa
1727 3541 1843 3587 erat
1873 3530 1939 3585 ad
1971 3529 2159 3585 interi-

559 3640 674 3684 tum
697 3630 879 3685 divino
900 3628 1106 3697 judicio
1141 3626 1551 3689 condemnatus,
1581 3624 1854 3694 quomodo
1881 3621 1985 3676 erit
2012 3621 2159 3676 velut

560 3741 589 3778 e
619 3723 894 3777 contrario
925 3721 1118 3776 divina:
1161 3718 1548 3774 misericordia:
1594 3716 1858 3772 beneﬁcio
1889 3717 1955 3770 ad
1991 3717 2156 3769 vitam

561 3794 1012 3886 praedestinalus'i
1043 3813 1110 3868 Et
1139 3823 1430 3883 utrumque
1474 3811 1660 3882 utique
1703 3809 2050 3871 mternaliter,
2085 3815 2159 3862 at-

563 3926 668 3979 que
717 3909 1068 3965 immobiliter
1112 3908 1164 3962 in
1213 3906 1330 3976 ejus
1380 3916 1588 3960 aaterno
1623 3915 1677 3959 et
1727 3901 2156 3959 incommutabili

562 4001 807 4064 consilio,
825 4001 1078 4070 quijuxta
1099 3998 1418 4069 prophetam
1440 4014 1453 4051 :
1475 4014 1493 4048 ‹
1515 3995 1666 4052 Fecit
1692 4012 1812 4065 qua:
1831 3995 2007 4050 futura
2033 4004 2157 4049 sunt

560 4089 698 4162 (Isa.
730 4105 841 4151 xu,
876 4089 963 4152 li,
990 4104 1092 4142 sec.
1123 4085 1311 4156 LXX).
1360 4105 1378 4139 ι
1408 4085 1592 4156 Neque
1617 4086 1762 4140 enim
1787 4085 1939 4154 juxta
1970 4085 2158 4139 catho-

559 4180 680 4236 licm
707 4180 956 4234 veritatis
979 4178 1218 4249 regulam
1246 4177 1424 4231 dicere
1451 4190 1740 4245 possumus
1768 4191 1929 4230 omne
1960 4175 2154 4229 huma-

2263 2975 2338 3030 ita
2381 2989 2596 3044 semper
2624 2973 2677 3026 in
2707 2979 2915 3027 aeterno
2947 2971 3040 3025 Dei
3078 2970 3312 3025 consilio
3357 2969 3524 3025 fuerat
3559 2962 3750 3036 predesti'

2259 3075 2446 3132 natum
2479 3083 2492 3121 :
2523 3076 2582 3120 ut
2611 3067 2689 3121 sic
2721 3082 2885 3120 unum
2927 3067 3319 3121 decerneretur
3353 3063 3528 3136 judicii
3551 3060 3747 3129 equitate.

2259 3171 2314 3217 et
2333 3171 2596 3232 quantum
2627 3161 2692 3216 ad
2736 3162 2879 3216 illius
2913 3177 3104 3218 massa:
3139 3162 3416 3217 damnata:
3446 3160 3650 3215 meritum
3671 3169 3748 3226 per-

2261 3256 2394 3310 tinet
2429 3254 2690 3309 immobili
2722 3255 3010 3310 severitate
3037 3272 3050 3308 :
3083 3262 3358 3324 quatenus
3380 3260 3436 3308 et
3455 3251 3644 3305 alterum
3673 3244 3750 3316 εισι

2260 3348 2557 3404 riosissime
2605 3347 2920 3418 impleretur
2958 3348 3123 3402 divini
3175 3346 3396 3402 arbitrii
3443 3349 3685 3415 potestate,
3716 3346 3749 3392 et

2262 3440 2758 3497 misericordissimi
2787 3440 3097 3496 Conditoris
3131 3439 3371 3511 gratuita
3397 3436 3620 3492 bonitate.

2334 3534 2674 3605 Quapropter
2708 3532 2865 3602 juxta
2906 3531 3262 3603 pusillitatem
3309 3545 3492 3586 sensus
3529 3524 3660 3582 nostri
3683 3520 3751 3573 llill'

2261 3639 2472 3694 cunque
2510 3625 2757 3695 legimus,
2795 3624 2910 3678 sive
2959 3623 3014 3677 in
3049 3622 3254 3678 divinis
3298 3619 3590 3692 Scripturis,
3620 3611 3746 3670 siveiﬂ

2262 3715 2600 3786 dogmatibus
2632 3714 2856 3769 Patrum
2893 3723 3064 3768 totam
3106 3712 3336 3768 humani
3362 3710 3559 3782 generis
3593 3715 3746 3762 nassam

2263 3808 2315 3862 in
2347 3807 2543 3876 primo,
2579 3817 2634 3862 et
2659 3822 2758 3878 per
2793 3806 3029 3877 primum
3074 3806 3352 3862 hominem
3390 3805 3748 3876 peccantemesﬁ

2259 3901 2570 3956 damnatam
2595 3942 2608 3964 ,
2649 3901 2785 3956 nihil
2819 3901 2963 3955 aliud
2993 3901 3404 3973 intelligendum
3432 3894 3656 3957 occurrit,
3686 3886 3748 3944 nisi

2261 4010 2381 4050 eam
2416 3995 2568 4066 justo
2610 3995 2704 4051 Dei
2746 3996 2970 4066 judicio,
3022 3997 3220 4052 merito
3265 3995 3422 4068 primi
3457 3993 3582 4050 illius
3614 3981 3747 4058 peccati

2261 4096 2478 4142 aeterna:
2523 4086 2854 4141 damnationi
2899 4087 3153 4142 traditam
3190 4107 3206 4142 :
3240 4090 3318 4144 De
3361 4103 3463 4159 qua
3500 4077 3748 4140 damnatione

2262 4194 2358 4249 per
2397 4194 2564 4232 unttm
2606 4180 2880 4234 hominem
2919 4180 2972 4234 in
3001 4181 3265 4235 mundum
3297 4182 3524 4251 ingressa
3550 4169 3748 4229 manifeste

561 4287 691 4326 num
731 4286 904 4343 genus
937 4267 1082 4324 illius
1129 4267 1593 4339 praevaricationis
1637 4267 1832 4321 merito
1869 4267 1935 4320 ad
1967 4265 2154 4319 interi—
2181 4258 2227 4323 C
2259 4271 2389 4326 dicit
2412 4271 2702 4341 Apostolus
2729 4289 2742 4325 :
2778 4289 2798 4324 ι
2831 4271 2964 4327 Nam
2987 4272 3254 4343 judicium
3288 4288 3356 4328 ex
3383 4287 3484 4326 uno
3504 4272 3548 4323 itt
3575 4261 3741 4321 comitur

559 4374 672 4419 tttm
701 4361 868 4417 fuisse
893 4363 1230 4425 damnatum,
1260 4361 1352 4415 sed
1400 4374 1739 4430 nequaquam
1789 4359 1856 4413 ad
1901 4359 2150 4414 eumdem

561 4455 838 4510 interitum
886 4453 1330 4524 pmdestinatum
1382 4467 1394 4505 :
1453 4467 1575 4506 cum
1621 4452 2007 4522 omnipotentis
2054 4451 2150 4506 Dei

551 4546 700 4614 justo
731 4557 783 4600 et
813 4556 1015 4601 aeterno
1037 4546 1244 4616 judicio
1267 4544 1399 4600 nihil
1423 4543 1656 4614 potuerit
1685 4545 2012 4601 aeternaliter
2031 4560 2151 4600 esse

559 4640 893 4704 damnatum,
934 4639 1076 4709 quod
1103 4654 1210 4692 non
1251 4639 1323 4692 ita
1365 4639 1697 4707 praescitum,
1733 4646 1790 4692 et
1814 4638 2147 4707 przetiuitum

557 4734 628 4785 sit
674 4731 838 4785 fuisse
880 4730 1267 4784 damnandum.
1313 4729 1508 4784 Omnia
1554 4744 1788 4799 namque
1829 4746 1993 4800 opera
2030 4747 2145 4794 sua,

561 4835 814 4890 tauquam
845 4835 970 4876 vere
988 4821 1133 4892 justa
1175 4831 1233 4876 et
1279 4829 1427 4876 recta
1458 4833 1514 4878 et
1541 4823 1814 4892 praescivit
1861 4821 2062 4887 fultura,
2096 4832 2151 4878 et

557 4913 958 4982 praedestinavit
1008 4914 1128 4968 sine
1183 4912 1348 4970 dubio
1405 4913 1672 4969 facienda.
1731 4913 2150 4971 Praedestinavit

581 5016 744 5076 taque
774 5016 830 5062 et
877 5007 1016 5062 hanc
1065 5007 1286 5062 humani
1331 5009 1542 5079 generis
1577 5009 1778 5080 justam
1812 5025 1876 5063 ac
1907 5010 2147 5064 debitam

584 5096 986 5164 lamnationem,
1026 5101 1112 5155 cui
1159 5110 1214 5156 et
1259 5101 1584 5172 generaliter
1625 5118 1688 5156 ex
1743 5102 1886 5156 illitis
1933 5102 2146 5173 justitia

561 5207 748 5247 otnues
769 5197 1188 5250 essentobnoxii
1225 5215 1235 5248 :
1268 5205 1322 5251 et
1346 5212 1411 5251 ex
1436 5213 1539 5266 qua
1574 5198 1883 5267 specialiter
1910 5214 1976 5254 ex
2009 5199 2148 5255 illius

561 5287 933 5342 misericordia
965 5289 1420 5356 discernerentur,
1470 5301 1525 5346 et
1567 5293 1907 5348 saivarcntur
1946 5294 2101 5349 electi
2131 5336 2146 5361 ,

561 5391 814 5437 manente
841 5382 1042 5437 scilicet
1072 5383 1386 5438 inconvulsa
1415 5385 1777 5441 damnationis
1799 5388 2148 5457 pnedestina-

562 5472 710 5528 tione
749 5475 799 5528 in
842 5475 1120 5545 reprobis;
1157 5485 1210 5530 et
1247 5485 1498 5529 manente
1540 5479 1787 5532 similiter
1831 5479 2145 5534 inconvulsa

555 5566 852 5635 ereptionis
881 5568 1348 5636 przedestinatione
1378 5568 1430 5622 in
1457 5569 1672 5635 electis;
1700 5573 1824 5625 dum
1843 5574 2146 5642 justissimo

2257 4367 2530 4420 nationem
2585 4364 2758 4434 (liam.
2809 4382 2864 4431 v,
2919 4367 3028 4438 16).
3065 4385 3083 4419 ι
3111 4367 3245 4434 Quae
3279 4368 3481 4435 utique,
3534 4363 3642 4416 sicut
3676 4353 3746 4422 iam

2254 4457 2455 4510 dictum
2487 4467 2590 4521 est,
2648 4473 2754 4511 non
2805 4468 2985 4528 potest
3031 4468 3180 4513 recte
3212 4458 3436 4528 intelligi
3473 4454 3562 4509 nisi
3595 4455 3744 4504 atteri"-

2255 4546 2313 4602 Si
2340 4563 2470 4617 ergo
2497 4557 2643 4602 recte
2680 4548 3017 4619 intelligitur,
3079 4557 3190 4603 tota
3233 4550 3346 4616 ipsa
3381 4544 3576 4603 humani
3604 4531 3744 4610 generis

2257 4654 2432 4692 massa
2467 4639 2741 4704 damnata,
2775 4647 2990 4694 :eterna:
3017 4639 3306 4710 perditioni
3343 4637 3554 4698 tradita,
3581 4624 3676 4699 quid
3695 4625 3745 4674 est

2253 4732 2359 4787 hoc
2404 4732 2578 4796 aliud,
2610 4733 2715 4788 nisi
2760 4733 2936 4788 eidem
2968 4743 3185 4787 azternm
3221 4729 3500 4802 perditioni
3539 4721 3740 4779 destinati.

2252 4824 2368 4878 sive
2395 4824 2799 4892 prtedestinata,
2838 4836 2897 4880 ut
2926 4833 3188 4896 quantum
3233 4824 3463 4894 pertinet
3488 4820 3545 4874 ad
3567 4811 3743 4870 luerim"

2253 4914 2423 4985 ουΙΡω
2451 4930 2579 4978 suze,
2635 4916 2776 4972 illius
2822 4918 3075 4973 videlicet
3122 4917 3315 4988 prima:
3358 4900 3741 4987 pravaricatioais,

2252 5018 2398 5065 esset
2417 5010 2563 5078 justo
2582 5002 2804 5065 omnino
2825 5051 2838 5074 ,
2866 5019 2922 5066 et
2954 5019 3086 5076 tota,
3117 5019 3171 5065 et
3203 5010 3365 5065 simul
3394 5016 3574 5063 aeterna
3596 5002 3743 5054 seu"?

2254 5101 2326 5154 tia
2353 5103 2732 5157 condemnata.
2765 5102 3034 5171 Quantum
3071 5119 3201 5159 vero
3229 5105 3421 5158 attinet
3447 5101 3506 5154 ad
3529 5092 3742 5152 bonitatem

2249 5205 2305 5251 et
2340 5197 2768 5252 misericordiam
2797 5197 3104 5253 Conditoris
3131 5199 3244 5270 (qui
3283 5199 3386 5254 sibi
3413 5210 3505 5251 nec
3527 5182 3743 5246 necessita-

2252 5299 2360 5345 tem
2387 5292 2664 5361 imposuit,
2709 5308 2805 5347 nec
2837 5300 3162 5363 potestatem
3203 5293 3444 5358 abstulit)
3470 5297 3520 5343 ut
3555 5286 3609 5340 de
3639 5288 3742 5332 ενα·

2251 5392 2370 5436 tura
2396 5397 2514 5447 sua,
2537 5384 2684 5454 justa
2707 5385 2955 5453 exigente
2982 5385 3274 5440 severitate
3293 5379 3588 5454 judicando,
3614 5369 3741 5442 νοοῦσι

2250 5478 2376 5532 inde
2421 5478 2632 5532 salvare
2677 5486 2939 5547 quantum
2987 5478 3063 5532 illi
3114 5478 3351 5548 placeret
3396 5490 3485 5546 per
3524 5464 3739 5526 iniit-bitt“!l

2250 5571 2500 5638 gratiam,
2535 5570 2674 5638 quod
2700 5570 2846 5638 jttste
2882 5578 2938 5624 et
2963 5570 3294 5625 teternaliter
3318 5568 3484 5623 fuerat
3507 5560 3738 5616 (innataml

555 5667 613 5714 et
644 5660 944 5716 admirabili
973 5660 1163 5716 ordine
1195 5660 1390 5715 divina:
1435 5661 1708 5731 :equitatis
1745 5672 1798 5716 et
1838 5641 2146 5720 misericor.
2170 5651 2223 5711 D
2249 5676 2345 5730 per
2372 5660 2601 5733 culpam,
2639 5665 2893 5718 manente
2917 5661 3122 5718 scilicet
3152 5658 3502 5716 damnationis
3524 5641 3737 5733 sentenlit.

560 5753 683 5816 diar,
727 5766 780 5809 et
815 5755 941 5808 illud
993 5754 1232 5824 oportuit
1280 5754 1431 5822 prius
1483 5755 1598 5810 ﬁeri
1651 5757 1715 5810 ad
1758 5757 2141 5814 ostendendam

558 5851 901 5906 severitatem
949 5849 1070 5912 Dei,
1099 5858 1152 5904 et
1189 5847 1332 5903 istud
1367 5849 1708 5918 postmodum
1750 5847 1816 5906 ad
1857 5853 2141 5910 ostenden-

2254 5753 2306 5809 in
2338 5730 2533 5826 quibus
2563 5766 2844 5827 permanet
2887 5763 2942 5811 et
2989 5765 3187 5820 reatus,
3219 5764 3275 5808 et
3319 5752 3482 5807 soluta
3521 5746 3566 5801 in
3600 5730 3738 5827 liis,_in

2221 5823 2445 5933 quibus
2474 5823 2612 5904 idem
2647 5860 2826 5905 reatus
2854 5863 2950 5921 per
2972 5847 3174 5906 Christi
3207 5846 3510 5921 sanguinem
3545 5844 3609 5896 est
3639 5823 3736 5886 εδ*
