3966 6334
449 395 461 405 ο

196 381 348 445 λίθω

1130 365 1218 438 be
1246 376 1598 438 GENEBALI
1634 375 1772 433 PER
1816 348 2010 432 Anan
2048 363 2523 432 DAMNATIONE.

3321 380 3463 436 1070

365 502 527 565 atque
556 495 631 549 ita
649 494 1051 566 priedestinatio
1070 493 1312 551 omnium
1330 464 1629 549 electorum
1657 490 1775 555 Dei,
1805 502 1861 565 Α
1883 488 2174 560 Evangelio
2200 505 2216 545 :
2250 509 2269 541 ι
2300 489 2435 546 Cum
2480 489 2658 557 fortis,
2695 491 2891 562 inquit,
2943 500 3185 549 armatus
3228 496 3468 552 custodit

211 588 283 643 ita
310 585 427 665 ejus
444 594 647 642 aeterna
671 587 1021 668 dispositione
1046 595 1192 667 esset
1218 585 1600 668 praeordinata,
1633 592 1694 638 ut
1715 596 1782 639 ex

200 662 355 757 sorte
398 690 613 735 aeterna:
639 662 1002 735 damnationis
1032 662 1456 737 traitSferrentur
1498 679 1551 733 in
1581 686 1782 732 sortem

206 780 422 829 aeternae
447 769 636 826 salutis
661 781 718 827 et
744 771 1078 827 liberationis
1109 790 1121 824 :
1161 777 1222 826 ut
1247 778 1302 826 et
1328 768 1400 825 ibi
1431 768 1781 823 fueritetiam

192 846 335 937 {pars
372 862 475 918 ista
497 877 629 918 vere
660 863 930 919 communi
970 862 1237 917 sententia
1282 861 1638 917 condemnata
1665 898 1680 924 ,
1728 865 1785 913 et

204 955 297 1031 hic
334 971 464 1013 vere
510 955 628 1013 sola
678 955 770 1011 Dei
806 955 979 1030 gratia
1026 952 1282 1022 liberata;
1327 961 1585 1022 tantoque
1627 951 1783 1007 ﬁeret

198 1044 410 1121 gratior
462 1056 519 1104 et
567 1048 812 1106 devotior
857 1048 1147 1114 liberanti,
1194 1055 1398 1118 quanto
1438 1061 1497 1101 se
1540 1043 1785 1116 agnoscit

204 1139 387 1195 verius
424 1154 548 1196 vere
590 1139 878 1195 obnoxiam
910 1138 1077 1195 fuisse
1112 1147 1329 1195 aeternae
1355 1136 1707 1193 damnationi.

191 1214 203 1289 ,ί
271 1231 425 1287 Hanc
473 1246 707 1301 namque
752 1232 1046 1288 electorum
1100 1228 1510 1287 translationem
1558 1244 1588 1283 a
1637 1237 1783 1284 sorte

199 1323 345 1379 illius
372 1323 739 1378 damnationis
770 1322 822 1377 in
851 1333 1054 1379 sortem
1095 1321 1433 1399 liberationis
1481 1318 1784 1397 sublimiter

196 1424 253 1471 et
281 1414 638 1471 attentissime
663 1415 1007 1470 commendat
1032 1413 1322 1485 Apostolus
1348 1412 1595 1468 ﬁdelibus
1619 1426 1783 1483 agno-

195 1505 473 1572 scendam,
504 1513 561 1560 et
601 1521 724 1562 cum
758 1506 903 1561 omni
939 1505 1236 1577 gratiarum
1280 1505 1492 1558 actione
1538 1501 1781 1558 recolen-

194 1596 344 1662 dam,
378 1597 451 1652 ita
492 1597 675 1653 dicens
708 1616 721 1651 :
758 1617 777 1649 ι
805 1596 1021 1653 Gratias
1046 1605 1270 1669 agentes
1302 1594 1412 1652 Deo
1437 1606 1492 1650 et
1518 1594 1665 1649 Patri
1690 1592 1782 1663 qui

192 1687 388 1759 dignos
410 1704 508 1745 nos
536 1689 665 1745 fecit
694 1690 746 1744 in
774 1698 927 1763 parte
949 1691 1111 1745 sortis
1140 1697 1449 1744 sanctorum
1482 1688 1535 1742 in
1558 1686 1779 1740 lumine.

191 1777 299 1847 Qui
327 1780 524 1850 eripuit
547 1795 645 1835 nos
662 1780 728 1837 de
749 1788 1012 1851 potestate
1043 1781 1408 1844 tenebrarum,
1432 1787 1487 1834 et
1509 1778 1784 1833 transtulit

190 1870 245 1926 in
282 1887 502 1943 regnum
527 1870 647 1926 Filii
679 1872 981 1928 dilectionis
1009 1888 1117 1927 suce
1143 1869 1278 1943 (Col.
1313 1887 1350 1937 ι,
1384 1870 1472 1935 12,
1502 1871 1588 1940 15)

187 1963 335 2019 hanc
382 1964 519 2018 iram
571 1973 786 2020 aztcrna:
835 1965 1083 2021 vindictm
1129 1981 1193 2020 ac
1231 1964 1613 2029 damnationis,
1657 1980 1778 2033 qua:

186 2058 338 2112 omni
366 2056 439 2112 illi
470 2074 659 2113 massa:
682 2058 965 2130 aequaliter
996 2059 1315 2124 debebatur,
1346 2055 1531 2112 ﬁdeles
1557 2072 1653 2127 per
1682 2057 1780 2111 Do-

184 2152 327 2206 mini
355 2150 556 2207 Christi
589 2153 893 2223 passionem
942 2163 996 2208 et
1038 2162 1267 2207 mortem
1312 2152 1571 2206 evasisse.
1606 2150 1778 2217 Quam

184 2246 380 2315 utique
426 2262 531 2302 non
586 2246 855 2301 veraciter
891 2242 1132 2301 evasisse
1191 2246 1519 2308 dicerentur,
1581 2242 1685 2297 nisi
1728 2242 1779 2298 ei

183 2337 356 2392 etiam
395 2339 665 2393 veraciter
707 2338 929 2393 obnoxii
973 2332 1330 2402 exstitissent,
1371 2336 1443 2392 ita
1474 2334 1781 2408 gratulatur

180 2445 358 2505 atque
390 2435 732 2490 commendat
781 2435 1005 2490 dicens:
1046 2454 1063 2486 ι
1099 2432 1155 2489 Si
1186 2434 1352 2498 enim,
1403 2447 1525 2486 cum
1576 2428 1779 2485 inimici

180 2543 455 2594 essemus,
498 2527 831 2585 reconciliati
875 2542 1062 2583 sumus
1092 2527 1202 2581 Deo
1240 2542 1338 2597 per
1383 2532 1613 2579 mortem
1657 2519 1781 2576 Filii

181 2620 346 2693 ejus,
380 2620 551 2677 multo
601 2620 771 2692 magis
826 2636 973 2675 nunc
1022 2618 1351 2675 reconciliati
1405 2616 1459 2671 in
1513 2613 1779 2684 sanguine

181 2715 365 2786 ipsius
391 2712 526 2770 salvi
552 2714 754 2770 erimus
781 2713 849 2767 ab
875 2713 954 2767 ira
984 2726 1081 2782 per
1105 2710 1283 2781 ipsum
1308 2706 1479 2782 (Rom.
1519 2721 1572 2772 v,
1604 2703 1715 2774 10).
1755 2722 1774 2756 ι

180 2805 262 2861 Ει
284 2806 475 2863 iterum
506 2826 522 2862 :
553 2827 572 2859 ι
604 2805 867 2874 Quoniam
890 2819 994 2860 non
1038 2806 1219 2876 posuit
1246 2816 1344 2856 nos
1370 2800 1515 2856 Deus
1544 2800 1597 2854 in
1620 2798 1781 2865 iram,

178 2899 288 2955 sed
313 2900 367 2954 in
392 2900 804 2971 acquisitionem
845 2896 1035 2953 salutis
1066 2912 1163 2968 per
1200 2895 1486 2951 Dominum
1528 2899 1779 2947 nostrum

179 2990 505 3064 Iesum,qui
531 3004 775 3049 mortuus
802 3003 884 3048 est
908 3007 1007 3062 pro
1035 2991 1211 3058 nobis,
1245 2999 1304 3045 ut
1325 2989 1441 3046 sive
1470 2987 1775 3058 vigilemus,

1889 583 2085 637 atrium
2121 601 2294 647 suum,
2327 585 2380 639 in
2413 600 2546 656 pace
2596 595 2721 641 sunt
2762 602 2827 642 ea
2888 602 3008 657 qua:
3058 589 3327 659 possidet;
3376 590 3464 647 sin

1888 684 2066 730 autem
2089 674 2278 729 fortior
2298 674 2391 731 illo
2414 677 2800 747 superveniens
2827 678 3016 733 vicerit
3040 694 3182 743 cum,
3212 680 3463 738 universa

1888 762 2201 834 arma'ejus,
2247 766 2300 821 in
2346 768 2541 839 quibus
2584 767 2922 837 conﬁdebat,
2964 767 3154 831 aul‘ert,
3202 781 3258 828 et
3295 773 3467 845 spolia

1886 858 2003 929 ejus
2046 858 2324 921 distribuit
2364 858 2513 932 (Luc.
2558 878 2647 926 xi,
2692 862 2783 930 21,
2834 862 2946 936 2’2).
2985 882 3005 916 ι
3040 863 3108 918 Et
3152 864 3259 922 alio
3299 865 3417 923 loco
3450 886 3463 923 :

1892 970 1911 1002 ι
1945 950 2097 1006 Nunc
2135 951 2397 1024 judicium
2433 963 2519 1010 est
2560 956 2770 1023 mundi,
2817 971 2962 1014 nunc
3012 958 3264 1030 princeps
3307 960 3467 1031 hujus

1884 1044 2072 1099 mundi
2113 1044 2361 1115 ejicietur
2407 1045 2572 1102 foras.
2616 1046 2685 1104 Et
2730 1063 2832 1121 ego
2861 1048 2906 1105 si
2944 1049 3218 1106 exaltatus
3256 1048 3408 1106 fuero
3438 1066 3468 1104 ιι

1888 1141 2051 1199 terra,
2082 1126 2264 1189 omnia
2298 1137 2510 1192 traham
2537 1137 2605 1192 ad
2628 1153 2714 1193 me
2738 1137 2919 1208 (Joan.
2943 1155 3044 1204 xu,
3075 1140 3166 1205 51,
3190 1139 3301 1212 52).
3337 1160 3357 1193 ι

1958 1229 2112 1286 Unde
2155 1242 2417 1301 quantum
2446 1232 2557 1289 Deo
2584 1232 2879 1289 auxiliante
2901 1235 3272 1307 intelligimus,
3304 1236 3473 1292 nulla-

1886 1334 2046 1393 tenus
2072 1334 2285 1396 oportet
2317 1327 2456 1382 hanc
2494 1328 2792 1383 novitatem
2840 1328 3119 1385 divisionis
3162 1330 3364 1398 induci,
3414 1339 3474 1387 ut

1886 1415 1976 1471 illa
2017 1417 2181 1473 totius
2214 1418 2434 1473 humani
2480 1419 2696 1491 generis
2724 1434 2900 1476 massa
2946 1419 3109 1493 (sicut
3144 1424 3335 1479 omnes
3377 1423 3475 1479 do-

1887 1515 2066 1562 ctores
2100 1507 2355 1564 Ecclesia:
2383 1510 2643 1575 sentiunt,
2675 1519 2842 1566 totam
2870 1512 3027 1582 primi
3071 1520 3126 1567 et
3166 1528 3267 1585 per
3310 1513 3471 1585 primi

1887 1598 2122 1655 hominis
2150 1602 2635 1673 transgressionem
2669 1604 2936 1676 punitum)
2971 1620 3111 1662 nunc
3142 1622 3174 1662 a
3205 1608 3361 1664 nobis
3403 1623 3472 1665 ex

1884 1702 2039 1770 parte
2066 1694 2276 1750 dicatur
2301 1694 2552 1751 damnata
2583 1706 2640 1753 et
2675 1713 2744 1753 ex
2771 1710 2924 1768 parte
2949 1715 3055 1755 non
3084 1700 3372 1758 damnata:
3403 1717 3473 1760 ex

1884 1793 2041 1855 parte
2064 1796 2271 1843 aeterno
2305 1785 2543 1843 interitui
2571 1789 2858 1855 destinata,
2888 1798 2945 1844 et
2967 1805 3032 1846 ex
3066 1800 3216 1861 parte
3242 1808 3348 1847 non
3373 1793 3471 1851 de-

1627 1888 1641 1923 :
1675 1890 1695 1922 ι
1727 1878 1784 1925 ει
1813 1888 1859 1948 Β
1889 1879 2107 1933 stinata.
2143 1878 2257 1935 lloe
2283 1895 2516 1951 namque
2543 1882 2702 1936 modo
2730 1882 2782 1936 in
2818 1878 3006 1939 electis
3036 1882 3181 1938 illam
3211 1884 3471 1954 quodam-

1885 1970 2045 2025 modo
2074 1970 2311 2042 levigare
2330 2013 2345 2039 ,
2375 1983 2538 2044 atque
2567 1981 2861 2030 extenuare
2893 1975 3123 2046 primam
3151 1983 3207 2031 et
3246 1990 3469 2047 genera-

1883 2060 1988 2117 lem
2018 2063 2442 2131 damnationem,
2474 2066 2607 2121 nihil
2632 2076 2716 2122 est
2741 2066 2883 2122 aliud
2911 2084 3073 2137 quam
3096 2070 3289 2125 divinae
3311 2070 3473 2127 boni-

1886 2154 2014 2209 tatis
2036 2163 2091 2208 et
2115 2153 2504 2214 misericordiae
2541 2173 2668 2230 erga
2704 2173 2797 2212 eos
2823 2159 3247 2231 magnitudinem
3295 2161 3469 2217 mino-

1884 2260 2006 2301 rare
2049 2258 2103 2301 et
2157 2259 2513 2320 coangustare
2567 2267 2582 2304 :
2639 2266 2739 2305 nec
2791 2252 3083 2321 quidquam
3129 2252 3471 2324 omnipotens

1884 2349 2074 2396 contra
2132 2344 2659 2413 prmtlestinationetn
2718 2361 2893 2411 suam,
2949 2361 3055 2416 qua
3109 2355 3276 2401 totam
3323 2347 3471 2405 illam

1885 2448 2120 2493 massam
2147 2445 2292 2504 justa
2319 2437 2664 2491 damnatione
2688 2438 2865 2506 perire
2889 2438 3096 2502 statuit,
3120 2437 3322 2494 electos
3343 2455 3470 2497 suos

1885 2522 2010 2579 inde
2055 2524 2312 2581 salvando
2355 2523 2531 2582 fecit:
2577 2527 2700 2597 quia
2751 2527 2832 2582 sic
2879 2527 3008 2582 illud
3038 2528 3232 2583 statuit
3277 2530 3471 2586 merito

1885 2614 2084 2684 culpae,
2130 2624 2186 2672 et
2227 2617 2517 2674 severitate
2534 2616 2780 2688 justitiae,
2809 2630 2870 2674 ut
2893 2630 2950 2675 et
2978 2620 3081 2675 hoc
3110 2619 3214 2675 sibi
3242 2620 3471 2678 serviret

1884 2706 2127 2763 bonitate
2174 2709 2588 2775 misericordias;
2617 2721 2672 2766 et
2699 2730 2719 2763 ι
2758 2712 3008 2777 haberet,
3046 2712 3201 2783 juxta
3240 2713 3472 2785 Aposto-

1885 2796 2018 2865 lum,
2046 2808 2364 2868 potestatem
2388 2800 2582 2873 ﬁgulus
2604 2800 2701 2857 luti
2729 2818 2798 2858 ex
2826 2804 3014 2859 eadem
3044 2819 3224 2860 massa
3256 2825 3276 2860 ι
3307 2804 3468 2861 simul

1884 2900 1941 2947 et
1970 2899 2082 2947 tota
2116 2893 2367 2948 damnata
2403 2913 2423 2946 ι
2457 2892 2640 2950 facere
2670 2893 2813 2951 aliud
2839 2912 2937 2953 vas
2957 2897 3295 2954 in'honorem
3323 2917 3342 2949 ι
3367 2913 3465 2969 per

1884 2982 2312 3041 misericordiam
2344 3000 2515 3050 suam,
2538 3004 2558 3037 ι
2591 2993 2645 3042 et
2677 2985 2823 3042 aliud
2848 2987 2903 3043 in
2926 2988 3305 3045 contumeliam
3328 3009 3348 3043 ι
3369 3004 3469 3059 per

179 3088 309 3143 sive
339 3088 673 3143 dormiamus
693 3128 707 3152 ,
738 3087 900 3142 simul
931 3102 1053 3141 cum
1089 3085 1179 3141 illo
1205 3084 1453 3140 vivamus
1494 3080 1547 3153 (1
1593 3080 1774 3135 Thess.
1876 3074 2145 3146 justitiam
2188 3095 2341 3143 suam
2387 3079 2558 3152 (Rom.
2582 3079 2704 3152 1x);
2733 3092 2897 3153 atque
2936 3081 3009 3137 ita
3054 3080 3269 3149 ﬁerent,
3301 3092 3359 3138 ut
3390 3083 3469 3139 di.

180 3195 241 3248 v,
278 3180 332 3247 9,
376 3181 487 3252 10).
527 3202 548 3234 ι
588 3181 659 3236 Ει
686 3180 794 3237 alio
830 3180 950 3236 loco
984 3198 998 3236 :
1032 3198 1051 3231 ι
1088 3179 1156 3235 Et
1207 3179 1480 3250 quomodo
1528 3174 1814 3247 conversi,
1883 3178 2031 3225 ctum
2074 3182 2183 3237 est,
2214 3190 2235 3223 ι
2264 3171 2342 3226 Ex
2373 3186 2479 3227 una
2525 3181 2688 3243 atque
2731 3176 2918 3231 eadem
2964 3190 3143 3231 massa
3185 3175 3291 3230 alia
3337 3191 3467 3232 vasa

174 3273 326 3331 estis
353 3289 385 3327 a
416 3273 718 3330 sinmlacris
742 3273 949 3329 servire
971 3274 1083 3329 Deo
1105 3273 1228 3329 vivo
1254 3278 1310 3329 et
1336 3285 1485 3335 vero,
1510 3279 1563 3324 et
1585 3282 1778 3339 exspe-
1804 3253 1854 3321 ε
1884 3268 2003 3337 irm,
2029 3277 2085 3327 et
2105 3269 2212 3327 alia
2238 3287 2365 3329 vasa
2394 3271 2818 3331 misericordiae:
2856 3271 2943 3329 illa
2975 3271 3213 3343 perfecta
3240 3273 3294 3331 in
3325 3274 3466 3330 inte-

186 3372 345 3420 ctare
390 3363 584 3421 Filium
629 3365 747 3437 ejus
781 3367 847 3421 de
892 3365 1047 3423 cmlis
1071 3363 1282 3430 Jesum,
1312 3362 1403 3432 qui
1433 3361 1634 3430 eripuit
1681 3374 1783 3417 nos

185 3458 265 3514 ab
291 3458 371 3513 ira
405 3467 629 3515 ventura
664 3458 717 3530 (I
745 3458 924 3515 Thess.
955 3475 994 3525 ι,
1025 3459 1078 3525 9,
1109 3457 1219 3529 10).
1259 3475 1277 3508 ι
1304 3456 1419 3512 Hoc
1448 3456 1614 3511 etiam
1633 3451 1782 3508 Psal-

188 3553 357 3610 mista
384 3568 483 3623 per
508 3554 800 3608 adventum
834 3552 1048 3607 Domini
1080 3550 1382 3613 Salvatoris
1429 3548 1690 3611 futurum,
1724 3544 1780 3600 id

185 3653 280 3702 est
325 3645 602 3711 antiquam
652 3643 803 3697 illam
837 3642 973 3697 iram
1023 3641 1118 3696 Dei
1158 3639 1470 3695 omnimodo
1510 3639 1565 3692 in
1591 3634 1781 3691 electis

186 3734 546 3803 mitigandam
585 3743 748 3803 atque
796 3731 1181 3794 avertendam,
1230 3729 1381 3800 quasi
1418 3726 1531 3796 jam
1576 3725 1780 3781 factum

188 3826 345 3881 canit
371 3834 429 3880 et
454 3824 691 3880 exsultat
711 3823 929 3878 dicens:
954 3840 974 3872 ι
997 3820 1276 3876 Remisisti
1307 3818 1647 3890 iniquitatem
1671 3815 1779 3887 ple-

188 3918 282 3973 bis
320 3924 454 3983 tum,
484 3915 745 3987 aperuisti
774 3913 955 3969 omnia
1000 3920 1218 3983 peccata
1256 3926 1485 3976 eorum;
1519 3908 1778 3980 mitigasti

189 4024 413 4063 omnem
444 4008 579 4061 iram
602 4016 768 4072 tuam,
796 4004 1040 4060 avertisti
1066 4004 1134 4058 ab
1160 4003 1241 4057 ira
1268 4001 1653 4073 indignationis
1676 4008 1779 4054 tute

188 4099 371 4172 (Psal.
404 4116 627 4171 Lxxxw,
666 4099 721 4165 5,
762 4097 842 4171 4).
895 4118 912 4151 ι
959 4096 1016 4154 Si
1053 4097 1198 4152 enim
1244 4112 1372 4154 vere
1408 4111 1516 4152 non
1559 4095 1782 4150 fuerunt

186 4207 385 4249 omnes
426 4192 606 4258 electi,
635 4200 689 4247 et
714 4191 1079 4263 praedestinati
1124 4190 1190 4243 ad
1224 4190 1389 4245 vitam
1431 4189 1487 4244 in
1518 4204 1621 4242 una
1655 4202 1775 4242 cum

189 4282 409 4340 caeteris
429 4298 607 4339 massa
634 4281 998 4336 damnationis
1019 4289 1073 4336 et
1102 4280 1443 4352 perditionis,
1472 4279 1613 4335 unde
1648 4292 1778 4348 ergo

186 4384 324 4432 sunt
360 4375 517 4430 electi
556 4382 612 4430 et
640 4375 883 4439 discreti,
914 4374 1055 4430 unde
1097 4373 1382 4447 redempti,
1410 4373 1553 4428 unde
1583 4369 1775 4427 salvati

187 4480 251 4526 et
279 4468 529 4525 liberati?
552 4468 660 4525 Cur
691 4476 749 4523 et
776 4468 888 4537 ipsa
913 4466 1128 4522 Veritas
1154 4466 1221 4522 de
1248 4466 1329 4520 eis
1358 4465 1487 4520 dicit
1519 4483 1532 4519 :
1570 4484 1586 4516 ι
1624 4462 1779 4519 Venit

186 4560 338 4613 enim
364 4560 532 4615 Filius
557 4560 792 4616 hominis
814 4574 1076 4630 quaerere,
1106 4570 1160 4615 et
1188 4558 1394 4616 salvum
1424 4558 1607 4613 facere
1633 4557 1776 4628 quod

1884 3364 2068 3431 ritum,
2094 3363 2201 3421 ista
2232 3365 2285 3420 in
2314 3364 2540 3438 gloriam
2570 3374 2872 3437 praeparata
2903 3366 3103 3437 (ibid.),
3126 3386 3147 3418 ι
3173 3375 3232 3423 ιιι
3270 3367 3323 3422 in
3347 3370 3466 3440 ejus

1881 3459 2132 3517 laudibus
2174 3460 2337 3531 digne
2363 3468 2418 3519 et
2454 3463 2718 3517 veraciter
2760 3461 3077 3517 diceretur:
3113 3480 3132 3512 ι
3161 3460 3467 3517 Misericor-

1881 3554 2026 3611 diam
2051 3561 2105 3608 et
2119 3552 2381 3623 judicium
2402 3555 2638 3609 cantabo
2666 3554 2782 3619 tibi,
2806 3554 3032 3611 Domine
3050 3551 3294 3626 (Psal.c,
3320 3556 3376 3623 1)
3399 3574 3412 3610 :
3442 3574 3460 3608 ι

1879 3651 1937 3701 et
1980 3663 1998 3695 ι
2046 3643 2309 3700 universa:
2352 3644 2454 3700 vim
2500 3643 2714 3701 Domini
2743 3645 3114 3702 misericordia
3166 3655 3222 3702 et
3265 3646 3465 3703 veritas

1883 3731 2057 3804 (Psal.
2089 3749 2240 3800 xxiv,
2270 3734 2377 3807 10).
2420 3754 2440 3790 ι
2475 3735 2646 3803 Quam
2686 3751 2799 3793 rem
2828 3736 3236 3808 diligentissime
3256 3747 3312 3795 et
3338 3740 3465 3795 bre-

1880 3827 2022 3881 viter
2048 3826 2156 3881 alio
2180 3826 2299 3883 loco
2320 3828 2609 3898 Apostolus
2636 3829 2979 3885 commendat
3007 3829 3194 3886 dicens
3224 3847 3238 3884 :
3270 3847 3292 3882 ι
3328 3830 3464 3886 Era-

1882 3934 2000 3974 mus
2028 3929 2219 3975 natura
2250 3920 2346 3976 lilii
2371 3921 2481 3985 ine,
2525 3922 2666 3979 sicut
2693 3923 2876 3979 ueteri
2902 3941 2915 3976 :
2962 3922 3105 3979 Deus
3132 3931 3336 3990 autem,
3366 3927 3458 3995 qui

1880 4012 2033 4069 dives
2051 4014 2210 4070 estin
2239 4014 2613 4071 misericordia
2639 4024 2862 4086 propter
2882 4016 3104 4071 nimiam
3130 4017 3456 4073 charitatem

1881 4120 2060 4170 suam,
2089 4119 2197 4175 qua
2232 4105 2422 4161 dilexit
2448 4121 2565 4170 nos,
2595 4116 2650 4161 et
2677 4122 2801 4163 cum
2842 4121 3087 4163 essemus
3115 4108 3312 4163 mortui
3340 4122 3456 4179 pee«

1878 4196 2035 4262 catis,
2068 4196 2465 4251 convivillcavit
2500 4211 2599 4253 nos
2624 4196 2841 4253 Christo
2863 4195 3026 4267 (Eph.
3054 4211 3129 4264 ιι,
3153 4198 3210 4261 5,
3238 4197 3295 4265 ι,
3317 4199 3394 4270 5).
3432 4217 3451 4252 ι

1878 4287 2039 4345 Certe
2068 4288 2171 4343 hoc
2192 4304 2259 4343 ex
2288 4302 2519 4360 persona
2544 4304 2642 4345 sua
2665 4297 2722 4344 et
2746 4298 3068 4346 ceterorum
3098 4288 3337 4345 ﬁdelium
3370 4299 3456 4344 at-

1879 4396 1987 4451 que
2023 4381 2320 4437 electorum
2361 4382 2622 4453 loquitur,
2651 4391 2710 4438 et
2748 4391 2926 4439 tamen
2959 4391 3016 4439 et
3054 4398 3115 4438 se
3148 4393 3205 4438 et
3229 4392 3457 4439 cmteros

1878 4470 2012 4528 vitio
2037 4474 2302 4529 damnatae
2323 4488 2391 4529 ex
2418 4474 2589 4531 Adam
2615 4476 2981 4544 generationis
3008 4482 3240 4531 testatur
3267 4475 3452 4540 fuisse,

1880 4572 2168 4633 antequam
2210 4577 2307 4632 per
2333 4561 2536 4618 Christi
2567 4564 2798 4631 gratiam
2837 4564 3216 4628 liberarentur,
3245 4573 3457 4619 natura-

185 4650 602 4719 perierat(Luc.
635 4667 748 4715 xix,
780 4652 886 4721 10).
924 4672 940 4703 ι
977 4651 1110 4707 Cum
1139 4650 1253 4721 ipse
1280 4650 1568 4721 Apostolus
1592 4651 1771 4705 mani-
1802 4655 2000 4718 Dliter
2045 4657 2184 4713 lilios
2231 4658 2347 4714 ine.
2396 4658 2547 4725 Quod
2588 4660 2717 4729 quid
2757 4668 2844 4716 est
2887 4661 3054 4720 aliud.
3080 4676 3241 4731 quam
3274 4680 3293 4713 ι
3328 4677 3456 4717 vasa

184 4741 486 4799 festissime
513 4744 615 4798 hoc
639 4744 802 4799 etiam
846 4743 901 4797 in
942 4743 1169 4801 Actibus
1195 4743 1562 4815 apostolorum
1588 4759 1775 4801 coram

187 4848 342 4905 rege,
364 4833 422 4889 et
450 4835 781 4904 principibus
802 4834 968 4889 libere
993 4834 1192 4890 Christi
1223 4835 1534 4906 mysterium
1572 4834 1773 4907 przedi-

188 4940 328 4981 cans
365 4934 651 4982 attestetur
678 4935 733 4981 et
763 4924 1030 4991 declaret,
1079 4925 1324 4981 referens
1351 4926 1585 4996 qualiter
1611 4926 1714 4982 sibi
1742 4941 1774 4982 a

184 5013 424 5071 Domino
451 5015 653 5071 dictum
670 5015 746 5071 sit
774 5017 829 5069 in
856 5016 1027 5087 prima
1053 5016 1236 5073 statim
1265 5018 1548 5075 vocatione
1571 5026 1628 5073 et
1651 5033 1777 5073 con-

187 5107 447 5165 versione
469 5123 586 5165 sua.
620 5108 711 5163 Ait
738 5123 970 5178 namque
996 5108 1070 5164 ita
1107 5109 1207 5165 sibi
1240 5109 1454 5165 cmlitus
1484 5112 1552 5166 ab
1588 5126 1652 5167 eo
1694 5110 1774 5165 di-

188 5210 342 5267 ctum
368 5218 384 5253 :
418 5218 436 5251 ι
472 5200 553 5259 Ad
576 5200 678 5255 hoc
703 5199 846 5255 enim
867 5201 1090 5271 apparui
1117 5202 1235 5267 tibi,
1270 5210 1332 5257 ut
1361 5203 1686 5258 constituam
1722 5216 1774 5260 te

187 5293 529 5360 ministrum,
552 5304 607 5349 et
630 5302 820 5349 testem
843 5309 1032 5350 eorum
1058 5310 1179 5365 qua:
1200 5296 1400 5361 vidisti,
1417 5306 1469 5351 et
1500 5298 1553 5352 in
1575 5297 1774 5367 quibus

188 5388 469 5458 apparebo
498 5389 592 5444 tibi
616 5406 629 5443 :
661 5389 898 5459 eripiens
927 5400 977 5444 te
1015 5388 1082 5444 de
1111 5389 1306 5458 populo
1334 5399 1390 5444 et
1419 5389 1685 5460 gentibus,
1715 5390 1769 5445 in

187 5480 394 5550 quibus
418 5495 561 5534 nunc
582 5492 682 5550 ego
708 5480 865 5534 mitto
891 5490 964 5547 te,
998 5480 1213 5551 aperire
1240 5481 1427 5537 oculos
1471 5496 1684 5544 eorum.
1712 5490 1772 5536 ut

188 5579 580 5633 convertantur
621 5588 651 5625 a
691 5572 929 5628 tenebris
971 5572 1038 5627 ad
1084 5571 1283 5637 lucem,
1313 5583 1369 5627 et
1404 5573 1469 5628 de
1508 5584 1775 5642 potestate

192 5659 414 5719 Satanae
434 5661 499 5717 ad
529 5664 717 5728 Deum,
747 5672 805 5718 ut
830 5664 1094 5736 accipiant
1131 5666 1500 5722 remissionem
1530 5677 1776 5739 peccato-

190 5772 337 5823 tum,
366 5765 421 5813 et
444 5767 646 5814 sortem
690 5759 831 5813 inter
852 5771 1068 5814 sanctos
1089 5802 1101 5822 ,
1130 5776 1227 5829 per
1254 5761 1411 5816 lidem
1439 5776 1561 5830 qua:
1601 5770 1685 5817 est
1720 5761 1773 5815 in

189 5864 290 5911 me
328 5849 467 5922 (Act.
514 5865 666 5917 xxw,
715 5850 800 5916 16,
847 5852 933 5919 17,
985 5853 1088 5921 18).
1129 5873 1145 5905 ο
1177 5852 1242 5910 Et
1274 5853 1531 5915 Dominus
1574 5853 1689 5924 ipse
1716 5853 1771 5909 in

1879 4749 1992 4811 iraa,
2031 4766 2051 4800 ι
2085 4763 2213 4804 vasa
2241 4749 2513 4815 vindictae,
2539 4765 2668 4806 vasa
2707 4751 3071 4808 damnationis
3112 4756 3362 4808 aeternae?
3389 4755 3475 4809 Et.

1878 4839 1983 4897 hoc
2021 4856 2128 4897 non
2177 4842 2356 4907 aliter,
2385 4843 2478 4898 sed
2512 4862 2531 4896 ι
2571 4844 2712 4900 sicut
2733 4852 2788 4900 et
2816 4844 3033 4910 caeteri;
3053 4865 3073 4897 ι
3106 4846 3220 4915 pari
3248 4847 3455 4903 scilicet

1878 4943 2053 5001 reatu,
2079 4938 2196 5005 pari
2227 4936 2555 5004 conditione,
2594 4938 2712 5008 pari
2740 4941 3023 4995 sententia:
3069 4939 3410 5001 damnatione
3435 4982 3452 5009 ,

1876 5046 1998 5102 quae
2017 5032 2202 5103 procul
2224 5032 2387 5090 dubio
2413 5034 2494 5089 eis
2517 5049 2640 5091 cum
2660 5035 2872 5090 caeteris
2891 5036 3140 5091 omnibus
3163 5045 3280 5092 erat
3306 5049 3455 5091 com-

1879 5127 2077 5181 munis.
2118 5126 2196 5182 Ex
2241 5143 2347 5198 qua
2394 5145 2452 5184 se
2506 5139 2563 5185 et
2613 5130 2731 5184 illos
2766 5138 2952 5200 aperte
2997 5130 3153 5185 docet
3199 5128 3455 5186 liberatos

1885 5235 1904 5269 ι
1938 5232 2036 5287 per
2068 5217 2286 5275 divitias
2312 5219 2697 5275 misericordia
2724 5219 2854 5286 Dei,
2885 5229 2940 5274 et
2980 5219 3203 5274 nimiam
3225 5219 3434 5274 charita

1878 5316 1987 5365 tem
2023 5310 2177 5380 ejus»
2212 5324 2317 5381 qua
2355 5312 2525 5367 etiam
2564 5311 2759 5367 talibus
2783 5313 3050 5377 subvenit,
3084 5320 3138 5367 et
3164 5312 3299 5366 tales
3328 5311 3452 5365 dili-

1877 5414 2006 5469 gere
2039 5401 2288 5472 dignatus
2317 5411 2422 5467 est,
2464 5411 2525 5457 ut
2565 5412 2809 5458 mortuos
2848 5412 3072 5472 peccato
3116 5417 3223 5457 non
3279 5401 3455 5469 solum

1876 5491 2195 5559 viviﬁcaret,
2243 5493 2339 5548 sed
2382 5494 2548 5550 etiam
2597 5495 2998 5550 conviviﬁcaret
3042 5494 3277 5555 Christo,
3330 5507 3454 5547 cum

1877 5582 1994 5654 ipso
2022 5599 2115 5639 eos
2142 5586 2173 5639 a
2210 5584 2438 5640 mortuis
2484 5587 2913 5654 ressuscitando,
2964 5596 3020 5643 et
3065 5587 3133 5642 ad
3173 5586 3451 5641 dexteram

1876 5689 2028 5731 suam
2054 5674 2109 5731 in
2140 5674 2453 5733 caelestibus
2481 5677 2876 5733 constituendo.
3282 5728 3285 5731 .
3410 5726 3415 5729 _

1950 5765 2062 5823 Hoc
2091 5768 2255 5822 etiam
2285 5765 2391 5823 alio
2412 5766 2535 5824 loco
2561 5768 2884 5831 sublimiter,
2913 5775 2970 5823 et
2992 5765 3152 5821 nimis
3179 5764 3476 5839 granditer.

1875 5858 2219 5917 conmendat
2246 5858 2431 5915 dicens
2455 5858 2520 5914 de
2560 5859 2676 5929 ipso
2704 5859 2926 5916 Domino
2963 5868 3013 5913 et
3040 5855 3320 5917 Salvatore
3358 5872 3461 5915 nuo.
