3966 6334
581 389 712 444 1071

1541 345 1631 447 s.
1670 391 1930 450 uerrth
1968 392 2449 451 LUGDUNENSIS
2488 391 2794 451 EPISCOPI

3643 401 3737 459 illi!

575 517 721 570 stre;
752 522 769 555 ι
791 505 984 559 Delens
1005 504 1148 574 quod
1168 505 1450 559 adversum
1480 520 1576 560 nos
1606 513 1724 561 erat
1743 506 2158 578 chirographum
2186 513 2238 574 Α
2262 505 2378 574 ejus
2397 514 2453 561 et
2483 507 2617 560 iram
2645 521 2752 578 qua
2777 505 3064 563 adversum
3090 520 3186 560 vos
3213 505 3464 560 excitatus
3497 502 3642 562 delere
3671 525 3736 567 vos

575 599 799 662 decreti,
825 596 965 666 quod
995 605 1114 651 erat
1154 596 1483 652 contrarium
1523 597 1704 663 nobis,
1727 607 1783 654 et
1816 599 1992 670 ipsum
2040 598 2158 653 tulit
2258 598 2426 652 voluit
2455 597 2633 668 (Deut.
2666 613 2740 663 ix,
2772 597 2883 668 l9).
2921 616 2940 650 ι
2975 597 3042 652 Ει
3067 605 3188 668 post
3207 594 3380 664 aliqua
3406 610 3514 650 cum
3539 598 3734 668 supplica-

575 691 643 746 de
685 690 860 745 medio
885 688 1104 762 aﬂigeus
1152 689 1281 744 illud
1328 691 1476 745 cruci
1513 707 1524 742 :
1561 691 1868 762 exspolians
1909 707 1968 746 se
1993 705 2155 746 carne

571 781 908 852 principatus
926 789 981 837 et
1003 790 1302 852 potestates
1329 781 1567 837 traduxit
1593 782 1791 851 palam,
1816 782 2154 851 triumphans

569 873 790 948 illos'in
833 875 1122 944 semetipso
1173 873 1308 944 (Col.
1350 890 1423 940 ιι,
1472 874 1576 940 14,
1605 873 1714 946 15).
1767 893 1786 926 ›
1818 873 1977 929 Juxta
2011 875 2154 928 hunc

570 980 805 1036 namque
832 964 1195 1020 venerabilem
1225 973 1280 1020 et
1316 965 1612 1020 mirabilem
1649 965 1891 1036 Apostoli
1933 979 2149 1019 sensum

568 1055 686 1127 ipse
737 1055 994 1110 Dominus
1041 1065 1096 1110 et
1142 1055 1412 1116 Salvator,
1452 1055 1656 1124 antiqui
1707 1055 1930 1121 decreti,
1966 1055 2018 1109 id
2067 1061 2152 1109 est

568 1148 803 1218 antiqua:
831 1147 1193 1202 damnationis
1223 1155 1276 1200 et
1301 1146 1690 1216 praelinitionis,
1713 1161 1816 1214 qua
1844 1145 1898 1199 in
1921 1154 2149 1199 mortem

502 1287 504 1289 .
567 1247 828 1296 aeternam
854 1238 1070 1303 merito,
1092 1238 1316 1306 acjuste
1339 1237 1826 1309 praecipitabantur,
1854 1239 2151 1310 ehyrogra-

564 1333 757 1406 phum,
781 1333 924 1402 quod
956 1332 1157 1387 nostris
1183 1331 1437 1402 operibus
1480 1339 1733 1402 tanquam
1763 1333 1996 1402 propriis
2033 1348 2148 1386 ma-

567 1424 730 1479 nibus
749 1439 872 1478 cum
887 1424 1099 1479 diabolo
1135 1422 1457 1488 feceramus,
1478 1442 1494 1473 r
1518 1424 1721 1478 venditi
1736 1425 1834 1479 sub
1855 1435 2096 1494 peccato,
2125 1444 2144 1476 ι

567 1523 622 1568 et
650 1514 765 1584 ejus
799 1529 898 1570 nos
927 1514 1173 1570 servituti
1207 1514 1479 1568 tradentes
1507 1529 1604 1568 suo
1637 1514 1896 1585 sanguine
1932 1513 2146 1569 delevit.

567 1603 704 1671 Quia
737 1623 755 1655 ι
792 1605 904 1675 ipse
933 1613 1016 1659 est
1058 1621 1228 1676 agnus
1267 1603 1362 1658 Dei
1396 1605 1488 1675 qui
1533 1604 1668 1660 tollit
1706 1613 1930 1676 peccata
1961 1604 2149 1660 mundi

565 1697 749 1767 (Joan.
782 1717 821 1764 ι,
849 1699 972 1770 29);
1009 1718 1025 1751 ι
1058 1689 1323 1768 quatenus
1347 1713 1442 1769 per
1464 1699 1570 1753 tale
1596 1715 1660 1754 ac
1681 1708 1890 1753 tantum
1917 1699 2150 1769 pretium

566 1788 744 1846 soluto
786 1807 849 1847 ac
880 1790 1058 1846 deleto
1095 1792 1470 1863 chyrograplro
1500 1793 1740 1862 peccati,
1769 1792 2072 1847 solveretur
2098 1797 2152 1845 et

563 1880 836 1937 vinculum
867 1882 1089 1948 decreti,
1117 1884 1444 1952 quod'nobis
1471 1883 1546 1938 ita
1570 1893 1683 1940 erat
1709 1885 2057 1948 contrarium,
2093 1892 2147 1940 et
2176 1909 2224 1969 Β

563 1972 642 2027 ita
689 1986 786 2026 nos
832 1970 1035 2028 fecerat
1080 1973 1370 2038 obnoxios,
1403 1982 1458 2028 et
1505 1974 1750 2029 subditos
1779 1974 2059 2038 servituti,
2088 1980 2147 2027 ut

562 2076 723 2119 nemo
752 2071 994 2118 nostrum
1037 2072 1195 2134 caput
1236 2073 1420 2134 posset
1459 2066 1685 2136 erigere.
1717 2064 1783 2118 Et
1821 2065 1994 2134 ipsum
2029 2063 2148 2117 tulit

564 2157 633 2213 de
657 2157 854 2222 medio,
887 2172 955 2212 ne
991 2166 1135 2213 esset
1171 2156 1286 2225 jam
1335 2159 1676 2214 obstaculum
1697 2199 1712 2223 ,
1740 2167 1794 2212 et
1833 2157 2147 2212 interclusio

562 2245 706 2302 inter
735 2262 832 2303 nos
855 2255 909 2301 et
931 2245 1128 2311 Deum;
1152 2247 1307 2317 juxta
1329 2248 1470 2317 quod
1493 2249 1754 2316 propheta
1779 2247 1910 2302 dicit
1941 2264 1955 2299 :
1987 2265 2004 2297 ‹
2039 2245 2146 2301 Sed

561 2341 878 2411 iniquitates
909 2350 1101 2395 vestrae
1131 2341 1430 2395 diviserunt
1467 2340 1600 2395 inter
1636 2355 1730 2394 vos
1766 2349 1822 2394 et
1859 2340 2023 2393 Deum
2053 2353 2145 2392 ve-

559 2439 734 2486 strum
762 2429 895 2503 (Isa.
925 2446 1036 2495 th,
1062 2430 1144 2500 2),
1179 2450 1197 2482 ι
1225 2431 1318 2484 sed
1345 2439 1556 2502 pateret
1577 2430 1778 2485 homini
1808 2430 1944 2485 liber
1965 2429 2144 2485 aditus
2182 2431 2188 2435 ⁷

559 2534 617 2581 et
660 2539 936 2595 regressus
983 2524 1050 2577 ad
1098 2522 1441 2578 Conditorem
1491 2539 1666 2577 suum.
1698 2541 1716 2574 ι
1748 2520 1983 2593 Aﬂigens
2015 2518 2146 2575 illud

561 2618 730 2683 cruci,
771 2637 789 2670 ι
816 2617 942 2671 dum
974 2617 1216 2688 ejusdem
1249 2617 1457 2687 peccati
1485 2617 1676 2683 nostri,
1710 2632 1829 2687 qua:
1864 2616 2021 2672 nobis
2051 2616 2144 2670 de-

557 2706 808 2773 bebatur,
849 2720 1066 2778 paruam
1098 2725 1115 2757 ‹
1163 2707 1216 2761 in
1261 2723 1444 2771 carne,
1477 2725 1496 2758 ι
1542 2721 1705 2776 quam
1757 2707 1993 2775 suscepit
2044 2719 2144 2775 pro

559 2800 734 2865 nobis,
765 2815 836 2856 ex
865 2800 1020 2856 nobis
1047 2799 1162 2870 ipse
1193 2800 1469 2866 sustinuit,
1499 2808 1791 2855 attestante
1813 2800 1976 2854 etiam
2010 2813 2142 2869 pro-

558 2895 743 2966 pheta,
773 2893 865 2964 qui
892 2893 987 2948 ait:
1001 2892 1032 2946 ἰ
1057 2893 1197 2950 Vere
1222 2892 1510 2966 languores
1538 2901 1752 2948 nostros
1780 2893 1890 2962 ipse
1918 2891 2056 2957 tulit,
2089 2900 2144 2945 et

561 2986 774 3042 dolores
822 2995 1036 3042 nostros
1083 2985 1198 3056 ipse
1248 2986 1482 3056 portavit
1531 2985 1680 3057 (Isa.
1730 3001 1854 3047 Llll,
1898 2983 1989 3056 4).
2029 3003 2144 3037 »-

565 3097 583 3128 ‹
619 3076 934 3146 Exspolians
960 3092 1017 3132 se
1039 3091 1222 3142 carne,
1257 3095 1275 3128 ι
1296 3076 1348 3131 id
1375 3085 1458 3132 est
1477 3075 1848 3131 indumentum
1873 3075 2140 3146 corporis,

559 3171 776 3242 quando
807 3170 1004 3235 voluit,
1033 3186 1129 3226 sua
1165 3180 1380 3240 sponte,
1416 3186 1512 3226 sua
1538 3180 1806 3241 potestate
1845 3171 2138 3242 deponens.

2257 688 2420 743 tionis
2443 704 2574 753 suae,
2606 703 2768 758 quam
2818 703 2919 758 pro
2966 687 3109 743 illius
3153 685 3455 743 oll‘ensionis
3491 687 3735 759 indulgentia

2255 780 2394 850 apud
2430 779 2600 834 Deum
2633 777 2842 834 fuderat
2884 779 3244 835 humilitatem
3269 787 3320 834 et
3346 779 3614 834 instantiam
3636 796 3734 837 com-

2258 870 2590 936 mendasset,
2616 870 2896 942 subjunxit
2922 879 3084 941 atque
3113 870 3189 924 ait
3232 884 3248 922 :
3285 886 3304 920 ‹
3346 869 3410 924 Et
3446 871 3738 927 exaudivitme

2254 961 2513 1017 Dominus
2530 961 2694 1017 etiam
2717 963 2818 1016 hac
2842 962 2981 1028 vice,
3003 969 3061 1017 et
3080 971 3134 1016 te
3147 961 3369 1032 perdere
3392 960 3732 1035 noluit(ibid.).r

2252 1050 2391 1107 Ecce
2426 1053 2678 1124 populum
2720 1062 3097 1126 contumacem
3125 1062 3180 1109 et
3204 1053 3448 1109 rebellem
3488 1055 3738 1124 omnipotens

2254 1144 2396 1200 Deus
2441 1146 2587 1216 jnsta
2633 1147 3002 1219 indignatione
3061 1156 3363 1204 commotus
3405 1148 3561 1204 delere
3593 1150 3735 1205 voluit:

2254 1236 2398 1305 quod
2427 1237 2614 1306 utique
2641 1254 2765 1294 eum
2785 1239 3022 1295 voluisse
3048 1255 3177 1308 non,
3201 1241 3342 1310 quod
3369 1241 3526 1307 absit,
3555 1242 3738 1298 fallaciter

2255 1326 2350 1380 sed
2401 1327 2670 1383 veraciter
2723 1327 3003 1401 Scriptura
3047 1331 3178 1386 dicit
3219 1347 3234 1385 :
3270 1331 3337 1387 Et
3382 1343 3543 1388 tamen
3580 1334 3737 1404 idipsum

2253 1425 2442 1488 postea
2464 1418 2637 1476 fidelis
2668 1419 2853 1476 famuli
2887 1437 3048 1491 prece
3069 1429 3124 1477 et
3147 1422 3521 1493 supplicatione
3556 1424 3738 1492 placatus.

2254 1509 2419 1567 libera
2450 1511 2713 1579 bonitate,
2736 1522 2792 1568 et
2816 1514 3189 1569 misericordia
3211 1529 3308 1568 sua
3335 1514 3512 1568 noluit.
3537 1513 3628 1569 Non
3649 1516 3738 1584 quod

2255 1603 2310 1657 in
2348 1602 2464 1672 ejus
2492 1603 2768 1659 voluntate
2793 1604 2897 1659 ulla
2929 1605 3000 1660 sit
3038 1605 3331 1671 mobilitas,
3362 1624 3378 1656 ι
3411 1607 3538 1675 apud
3572 1621 3737 1675 quem,»

2256 1695 2414 1766 juxta
2439 1697 2763 1768 apostolum,
2807 1717 2825 1749 ι
2869 1714 2973 1753 non
3003 1706 3088 1753 est
3108 1697 3499 1760 transmutatio,
3526 1712 3606 1751 nec
3634 1696 3739 1752 vicis-

2255 1788 2508 1844 situdinis
2541 1789 2884 1845 obumbratio
2930 1788 3073 1861 (Jac.
3104 1805 3155 1857 ι,
3190 1790 3312 1860 l7);
3346 1810 3365 1842 ›
3394 1790 3481 1845 sed
3507 1789 3610 1858 quia
3631 1790 3683 1843 ita
3700 1789 3738 1843 il-

2257 1880 2346 1934 lurl
2372 1879 2521 1949 justa
2577 1882 2867 1937 severitate
2914 1881 3249 1947 decreverat,
3291 1891 3351 1936 ut
3393 1882 3444 1935 id
3469 1895 3621 1950 p05tca
3654 1881 3740 1934 mira

2252 1971 2453 2040 pietate
2494 1979 2550 2026 et
2571 1970 2720 2040 justa
2752 1973 3146 2028 interveniente
3176 1988 3340 2029 causa
3376 1971 3623 2027 relaxaret.
3658 1970 3739 2025 Tale

2252 2073 2336 2119 est
2358 2064 2488 2121 illud
2511 2067 2654 2136 quod
2683 2075 2736 2121 et
2767 2066 2821 2121 in
2848 2067 3034 2121 eodem
3070 2065 3367 2138 Scriptura:
3411 2065 3518 2119 loco
3541 2065 3595 2118 de
3620 2066 3738 2117 Aaron

2251 2159 2556 2224 sacerdote,
2582 2157 2673 2227 qui
2698 2157 2981 2229 sacrilegio
3001 2157 3207 2228 pepuli,
3227 2159 3283 2212 in
3315 2157 3462 2212 vituli
3486 2157 3741 2212 fabricatione

2258 2256 2315 2302 et
2341 2247 2654 2303 celebritate
2698 2248 2826 2305 licet
2867 2250 3068 2305 invitus
3095 2258 3368 2314 cesserat,
3397 2249 3604 2303 dicitur:
3634 2267 3647 2298 r
3677 2247 3740 2300 Ad-

2262 2353 2455 2393 versus
2482 2337 2664 2394 Aaron
2693 2355 2908 2411 quoque
2934 2341 3288 2396 vehementer
3324 2340 3486 2396 iratus
3513 2339 3647 2393 voluit
3665 2353 3740 2393 eum

2259 2439 2566 2485 conterere.
2618 2431 2686 2485 Et
2730 2446 2830 2502 pro
2894 2430 2984 2486 illo
3045 2431 3299 2486 similiter
3353 2431 3628 2502 deprecatus
3669 2443 3740 2483 sum

2251 2520 2431 2590 (Deut.
2461 2537 2536 2588 rx,
2565 2520 2679 2592 20).
2712 2541 2731 2575 ι
2765 2521 2919 2578 Sicut
2947 2537 3076 2594 ergo
3102 2523 3156 2578 in
3183 2523 3273 2578 his
3297 2522 3602 2578 evidentibus
3619 2521 3738 2580 rebus.

2249 2624 2306 2671 et
2328 2617 2471 2671 aliud
2491 2616 2704 2686 justitia
2734 2620 2994 2686 decrevit,
3019 2628 3074 2675 et
3106 2620 3255 2675 aliud
3283 2621 3508 2676 bonitate
3537 2619 3659 2682 fecit,
3680 2633 3740 2671 nec

2250 2708 2354 2763 sibi
2370 2708 2548 2778 justus
2567 2719 2621 2765 et
2643 2712 2952 2768 misericors
2974 2712 3176 2782 aliquid
3204 2714 3525 2769 contrarium
3544 2713 3644 2782 egit,
3663 2711 3740 2768 dum

2250 2811 2304 2856 et
2331 2801 2402 2856 ibi
2424 2800 2718 2870 justitiam,
2745 2813 2798 2860 et
2846 2804 2935 2860 hic
2978 2805 3413 2860 misericordiam
3451 2801 3739 2859 conservarit:

2250 2893 2326 2947 ita
2377 2893 2623 2965 profecto
2669 2905 2724 2950 et
2782 2896 2836 2950 in
2884 2895 2973 2951 illa
3026 2896 3392 2953 destinatione
3442 2897 3584 2952 totius
3617 2907 3741 2950 ruam

2251 2986 2516 3040 damnata:
2546 2985 2615 3041 ad
2641 2987 2936 3053 interitum,
2968 2986 3278 3058 quodjusta
3306 2988 3571 3044 severitate
3592 3000 3742 3058 genera.

2250 3075 2374 3131 liter
2396 3077 2586 3131 statuit
2622 3077 2929 3148 specialiter
2957 3079 3079 3134 inde
3118 3095 3260 3150 quos
3289 3078 3451 3135 voluit
3471 3077 3665 3150 eligendo
3683 3074 3741 3128 mi-

2250 3169 2598 3224 sericorditer
2613 3169 2951 3240 temperavit.
2970 3170 3083 3226 Non
3098 3170 3419 3243 cujusquam
3433 3170 3741 3242 supplicatione.

566 3280 585 3313 ‹
618 3261 753 3317 Cum
783 3261 927 3314 enim
959 3261 1256 3330 accepisset
1301 3269 1533 3329 acetum,
1565 3281 1584 3314 ι
1619 3261 1761 3318 sicut
1806 3262 1884 3318 ait
1912 3278 2143 3333 evange-
2171 3274 2218 3338 ρ
2251 3260 2346 3316 sed
2373 3259 2519 3331 quod
2547 3268 2630 3316 est
2665 3260 3014 3318 ineﬂ‘abiliter
3039 3264 3254 3335 gratius
3291 3275 3346 3320 et
3386 3258 3740 3333 magnificentius,

558 3354 707 3419 lista,
739 3374 758 3405 ι
785 3354 919 3409 dixit
945 3372 957 3409 :
993 3353 1438 3412 Consummatum
1469 3366 1574 3424 est,
1605 3366 1659 3414 et
1683 3359 1938 3414 inclinato
1968 3360 2145 3429 capite

558 3445 782 3502 tradidit
818 3447 1068 3518 spiritum
1118 3448 1299 3520 (Joan.
1329 3466 1422 3506 xtx
1444 3491 1459 3517 ,
1483 3449 1606 3524 50),
1640 3470 1658 3503 ι
1691 3451 1972 3522 quietiam
2020 3460 2145 3507 ante

557 3537 805 3595 dixerat:
829 3558 849 3592 ι
879 3542 1210 3598 Potestatem
1231 3544 1404 3599 habeo
1427 3545 1662 3615 ponendi
1682 3547 1919 3601 animam
1944 3561 2142 3612 meam,

558 3640 615 3688 et
660 3642 983 3704 potestatem
1033 3636 1204 3692 habeo
1249 3637 1446 3693 iterum
1493 3639 1740 3694 sumendi
1777 3653 1943 3693 eam:
1984 3653 2145 3694 nemo

564 3723 702 3782 tollit
736 3742 856 3783 eam
884 3743 914 3782 a
941 3742 1048 3794 me,
1081 3729 1176 3784 sed
1205 3744 1306 3798 ego
1333 3745 1474 3800 pono
1514 3746 1635 3786 eam
1663 3747 1694 3786 a
1719 3732 1924 3803 meipso
1955 3740 2015 3786 ut
2044 3731 2146 3786 ite-

557 3832 680 3871 rum
708 3834 919 3874 sumam
947 3833 1066 3874 eam
1095 3817 1279 3892 (Joan.
1304 3835 1358 3887 x,
1387 3819 1498 3890 17).
1533 3841 1552 3874 ι
1577 3852 1649 3864 -
1675 3840 1694 3873 ‹
1721 3821 2064 3892 Principatus
2087 3830 2144 3875 et

553 3916 854 3979 potestates
883 3910 1116 3964 traduxit
1157 3910 1352 3980 palam.
1391 3931 1409 3964 ι
1446 3912 1787 3983 Principatus
1813 3913 2066 3969 videlicet
2091 3919 2145 3966 et

552 4007 850 4070 potestates
879 4001 1163 4070 spirituum
1201 4003 1561 4073 malignorum
1599 4003 1797 4060 diaboli
1837 4013 1892 4060 et
1927 4004 2144 4074 angelo-

555 4106 678 4146 rum
708 4091 844 4162 ejus,
874 4094 963 4162 qui
991 4104 1116 4149 ante
1142 4095 1194 4148 in
1215 4111 1412 4166 genere
1439 4097 1673 4151 humano
1694 4113 1724 4151 a
1753 4113 1811 4153 se
1837 4098 2063 4168 decepto
2087 4106 2143 4153 et

556 4183 829 4253 captivato
873 4185 1015 4240 velut
1060 4186 1227 4243 libere
1273 4187 1708 4256 dominabantur,
1736 4191 2138 4258 dehonestavit,

557 4273 884 4330 contumelia
928 4286 983 4331 et
1031 4277 1321 4348 ignominia
1363 4279 1668 4346 denotavit,
1703 4289 1865 4352 atque
1900 4282 2141 4338 omnium

555 4366 912 4429 credentium.
935 4378 991 4423 et
1014 4368 1427 4440 intelligentium
1448 4372 1620 4428 oculis
1647 4373 1992 4428 manifestum
2020 4389 2140 4430 esse

553 4457 703 4513 fecit.
741 4478 758 4509 ‹
791 4459 1150 4530 Triumplrans
1195 4461 1310 4518 illos
1349 4463 1403 4518 in
1452 4466 1776 4536 semetipso,
1817 4485 1836 4518 ι
1873 4466 1998 4520 dum
2041 4481 2140 4522 suo

552 4551 794 4621 pretioso
823 4555 1082 4624 sanguine
1111 4565 1334 4624 peccata
1383 4558 1569 4612 mundi
1602 4559 1817 4614 delevit.
1847 4558 2025 4630 Atque
2068 4560 2140 4614 ita

2250 3350 2363 3407 sola
2391 3351 2651 3409 bonitatis
2684 3367 2794 3408 suae
2823 3353 3132 3425 dignatione
3161 3365 3220 3410 et
3257 3355 3580 3411 miseratione
3602 3361 3740 3406 utrum-

2248 3462 2352 3518 que
2403 3455 2584 3503 tamen
2637 3448 2797 3503 simul
2850 3449 2905 3504 in
2942 3458 3144 3506 aeterno
3206 3451 3306 3506 Dei
3353 3448 3560 3506 consilio
3602 3455 3741 3514 semper

2246 3538 2415 3595 fuisse
2445 3539 2578 3594 nulli
2632 3539 2870 3596 fidelium
2920 3541 3168 3596 dubitare
3213 3542 3362 3598 licet.
3411 3541 3534 3609 Quia
3575 3534 3742 3608 quamvis

2241 3633 2396 3704 juxta
2422 3633 2668 3690 ordinem
2711 3649 2894 3690 rerum
2942 3636 3322 3710 temporalium
3363 3635 3600 3706 praecedat
3621 3630 3660 3682 in
3687 3641 3741 3697 ge-

2246 3745 2376 3785 nere
2402 3730 2640 3785 humano
2659 3728 2804 3799 justa
2832 3729 2922 3784 illa
2955 3730 3258 3798 damnatio,
3284 3738 3337 3786 et
3361 3731 3667 3797 subsequatur
3689 3719 3739 3772 illa

2249 3821 2564 3878 misericors
2608 3822 2807 3877 exinde
2852 3822 3124 3888 liberatio,
3173 3822 3321 3893 apud
3365 3830 3593 3877 aeternam
3624 3824 3739 3868 tamen

2247 3924 2412 3985 atque
2441 3916 2942 3973 incommutabilem
2968 3916 3279 3980 veritatem,
3305 3916 3394 3972 ubi
3418 3912 3537 3970 nihil
3562 3918 3627 3966 est
3647 3915 3738 3960 ante,

2246 4008 2383 4063 nihil
2439 4017 2628 4079 postea
2656 4049 2671 4076 ,
2718 4008 2812 4064 sed
2861 4009 3040 4064 omnia
3093 4017 3146 4064 et
3202 4007 3476 4080 aequaliter
3514 4013 3560 4060 et
3604 3997 3738 4056 simul.

2246 4111 2357 4156 tam
2381 4101 2746 4172 praecedentia
2789 4101 2997 4157 scilicet
3025 4118 3188 4172 quam
3223 4099 3601 4172 subsequentia,
3626 4096 3662 4148 in
3691 4107 3740 4143 rc-

2241 4197 2344 4251 bus
2382 4194 2733 4251 mutabilibus
2772 4210 2881 4251 uno
2911 4205 3218 4252 cernuntur
3269 4195 3479 4257 intuitu,
3507 4204 3597 4247 uno
3622 4186 3739 4252 (ἥψο-

2241 4294 2446 4341 nuntur
2467 4295 2601 4341 nutu
2629 4303 2644 4353 ;
2700 4296 2994 4358 utrumque
3037 4286 3120 4355 (ut
3153 4286 3361 4341 dictum
3407 4283 3503 4355 est)
3537 4289 3582 4337 et
3606 4272 3738 4342 sempi-

2244 4386 2395 4434 terna
2413 4379 2749 4449 pmscientia
2764 4377 3179 4451 praecognitum,
3197 4385 3254 4432 et
3267 4377 3569 4448 sempiterna
3589 4363 3739 4437 disposi-

2250 4471 2397 4526 tione
2419 4480 2631 4526 constat
2657 4486 2776 4527 esse
2797 4470 3077 4542 prmlixum
3109 4486 3174 4526 ac
3204 4470 3537 4540 prazlinitum.

2314 4562 2390 4618 De
2418 4561 2840 4632 hacjustissima
2870 4570 2924 4616 et
2953 4561 3190 4631 generali
3229 4561 3392 4616 totius
3427 4553 3612 4613 humani
3636 4563 3738 4620 genu“

555 4658 749 4700 causas
792 4646 872 4700 eis
903 4647 1138 4717 antiquae
1182 4649 1543 4706 damnationis
1591 4660 1646 4706 et
1679 4653 2012 4723 principatus
2043 4654 2138 4708 ab-
2166 4641 2217 4701 D
2245 4654 2319 4709 ris
2347 4670 2446 4725 per
2480 4655 2651 4709 Adam
2697 4655 3065 4720 damnatione,
3095 4664 3150 4710 et
3183 4670 3282 4725 per
3308 4653 3513 4709 unicum
3559 4641 3733 4702 mediam

553 4735 729 4802 stulit,
758 4745 812 4790 et
840 4753 936 4807 per
965 4738 1214 4809 sirnplam
1246 4751 1474 4798 mortem
1507 4745 1689 4799 carnis
1715 4762 1845 4809 suae,
1871 4745 2136 4815 duplicem

554 4838 787 4886 mortem
819 4831 1058 4886 omnium
1087 4833 1382 4889 electorum
1423 4852 1643 4892 suorum
1675 4838 1974 4904 destruxit,
2003 4838 2135 4894 libe-

555 4935 687 4975 rans
718 4935 812 4977 eos
834 4930 889 4976 et
913 4937 943 4976 a
975 4933 1148 4979 morte
1178 4926 1374 4981 animae
1401 4942 1498 4997 per
1520 4927 1908 4997 indulgentiam
1940 4944 2136 4998 pecca-

556 5021 771 5078 torum,
798 5023 853 5069 et
883 5030 913 5068 a
962 5025 1136 5072 morte
1181 5019 1456 5089 corporis,
1489 5035 1586 5089 per
1619 5023 2038 5078 resurrectionis
2064 5031 2138 5093 __et

558 5103 980 5164 immortalitatis
1009 5117 1292 5180 tropaeum.

631 5194 688 5249 Si
715 5205 894 5251 autem
916 5208 970 5252 et
1005 5201 1108 5256 hoc
1137 5202 1394 5274 exigitur,
1416 5212 1475 5258 ut
1500 5206 1566 5261 de
1592 5205 1891 5278 Scripturis
1917 5208 2135 5279 aliquod

536 5285 925 5374 ’testimonium
953 5290 1308 5360 proferamus,
1332 5293 1422 5349 ubi
1444 5295 1619 5352 simile
1639 5298 1842 5368 aliquid
1864 5300 1917 5353 in
1942 5300 2136 5356 divinis

553 5381 810 5454 operibus
831 5389 1036 5452 gestum
1076 5385 1292 5455 legitur,
1329 5387 1536 5444 scilicet
1572 5399 1631 5444 ut
1669 5391 1813 5462 quod
1833 5391 2022 5461 judieii
2051 5393 2138 5448 sui

551 5475 806 5547 equitate
826 5484 880 5532 et
902 5477 1188 5534 severitate
1210 5480 1469 5548 decrevit,
1487 5482 1743 5540 bonitatis
1763 5495 1818 5540 et
1839 5486 2140 5542 misericor-

552 5567 655 5624 dia:
673 5583 784 5624 sua:
806 5576 1075 5640 potestate
1096 5568 1394 5637 indulserit,
1422 5575 1660 5644 atquein
1689 5577 1888 5633 bonum
1915 5594 2141 5634 conver-

550 5660 714 5727 terit,
742 5659 870 5717 illud
901 5660 953 5717 in
985 5663 1233 5733 praesenti
1263 5668 1500 5721 occurrit
1524 5669 1666 5738 quod
1696 5671 1889 5728 beatus
1929 5672 2137 5744 Moyses

549 5750 769 5824 populo,
791 5753 874 5810 cui
903 5755 1137 5826 regendo
1161 5763 1216 5810 et
1243 5755 1554 5813 deducendo
1574 5771 1823 5828 praeerat,
1856 5764 1921 5818 de
1947 5765 2136 5820 eodem

547 5845 917 5913 anipotente
939 5845 1051 5905 Deo
1074 5848 1203 5906 dicit
1234 5865 1247 5903 :
1287 5866 1305 5901 ‹
1343 5847 1521 5907 Timui
1547 5853 1688 5908 enim
1715 5854 2136 5924 indignationem

2245 4762 2360 4801 rem
2391 4761 2456 4801 ac
2507 4746 2976 4802 reconciliatorem
3021 4745 3116 4802 Dei
3153 4755 3206 4801 et
3242 4744 3510 4800 hominum
3535 4733 3735 4792 Dominum

2241 4844 2486 4891 nostrum
2501 4834 2530 4891 J
2534 4851 2684 4891 esum
2700 4836 2976 4893 Christum
2991 4835 3484 4892 misericordissima
3497 4820 3737 4893 etbeniguis-

2243 4935 2378 4990 sima
2414 4935 2686 4990 ablatione
2709 4935 2867 5006 plena
2893 4941 2977 4989 est
3007 4933 3284 5004 Scriptura
3315 4940 3510 4995 sancta,
3547 4918 3735 5013 sicut-let}

2243 5043 2404 5099 supra
2429 5029 2667 5085 breviter
2696 5039 2977 5084 ostensum
3015 5035 3129 5094 est;
3161 5026 3307 5099 pleni
3353 5034 3472 5082 sunt
3498 5021 3632 5078 etiam
3659 5009 3734 5065 libri

2242 5119 2524 5175 beatorum
2553 5117 2803 5184 Patrum,
2832 5135 2898 5174 ex
2946 5134 3178 5190 quorum
3207 5119 3366 5174 dictis
3411 5115 3474 5170 ad
3509 5100 3734 5168 adiﬁcalio-

2241 5226 2366 5266 nem
2390 5220 2446 5266 et
2471 5211 2938 5267 confirmationem
2965 5209 3259 5283 legentium
3293 5209 3379 5265 hic
3400 5206 3558 5276 aliqua
3583 5192 3734 5264 subl”

2243 5319 2370 5376 gere
2390 5313 2444 5358 et
2470 5313 2682 5376 gratum
2714 5315 2770 5360 et
2798 5303 3172 5359 necessarium
3197 5301 3415 5359 omnino
3442 5296 3660 5355 duximuS-
3695 5372 3716 5381 Π

2315 5372 2512 5453 Beatus
2543 5398 2726 5468 itaque
2767 5396 3006 5453 Hilarius
3033 5409 3308 5468 exponens
3352 5391 3506 5448 verba
3542 5372 3732 5478 Ᾱροδίίξξίν

2246 5505 2366 5560 quae
2396 5489 2642 5559 superius
2659 5489 2960 5560 posuimus,
2988 5488 3042 5544 id
3071 5498 3154 5544 est
3181 5530 3195 5553 ,
3224 5487 3312 5542 ubi
3343 5487 3404 5542 de
3437 5480 3626 5538 Domino
3656 5475 3731 5560 at“

2252 5557 2280 5634 ί
2311 5557 2504 5638 Deleris
2531 5557 2681 5653 quod
2703 5583 2992 5639 adversum
3016 5599 3114 5638 nos
3137 5590 3253 5638 erat
3278 5572 3644 5649 chirographum
3673 5557 3734 5614 ἅθ’

2247 5674 2378 5730 creti
2410 5671 2544 5745 (Col.
2571 5691 2632 5740 ιι,
2657 5676 2766 5746 14),
2793 5695 2810 5728 ι
2846 5684 2898 5732 et
2928 5685 3125 5732 uetera
3151 5676 3214 5731 de
3237 5675 3338 5730 hac
3361 5688 3414 5728 re
3443 5671 3505 5725 ita
3531 5659 3730 5732 loquitur:

2247 5765 2506 5837 [Carnem
2548 5748 2692 5821 enim
2729 5767 2935 5837 peccati
2966 5768 3207 5839 recepit,
3255 5774 3313 5820 ut
3346 5765 3395 5819 in
3445 5747 3730 5820 assumptum"

2245 5859 2428 5914 carnis
2461 5865 2657 5914 nostra:
2690 5858 2880 5914 delicta
2909 5859 3152 5926 donaret,
3178 5858 3296 5914 dum
3322 5854 3429 5923 ejus
3457 5851 3504 5905 ﬁt
3530 5839 3730 5918 partim“
