3966 6334
254 411 391 467 1075

1169 409 1256 466 DE
1291 407 1642 466 GENERALI
1680 407 1817 466 PER
1857 406 2051 464 ADAM
2093 407 2560 471 DAMNATIONE.

3363 406 3498 464 1074

252 522 613 594 assumptione
633 538 737 577 non
759 522 999 587 crimine,
1030 522 1215 578 delens
1241 538 1337 594 per
1358 532 1583 580 mortem
1604 532 1818 579 senten-
1843 522 1894 584 Α
1920 527 2214 581 resurrexit
2247 542 2279 582 a
2314 527 2725 618 mortuisujam
2783 525 2913 585 non‘
2936 524 3197 583 morietur
3220 521 3397 597 (Rom.
3422 540 3497 591 ιιι,

253 618 381 673 tiam
410 618 619 682 mortis,
644 626 704 671 ut
730 632 868 673 nova
895 618 949 672 in
972 631 1030 672 se
1070 616 1241 672 nostri
1294 618 1507 688 generis
1554 618 1828 673 creatione

249 707 689 764 constitutionem
720 706 922 763 decreti
963 707 1251 762 anterioris
1289 708 1565 773 aboleret,
1592 707 1737 763 cruci
1769 720 1829 762 se

252 799 575 873 permittens
603 799 716 871 ﬁgi,
743 806 805 855 ut
828 799 1113 855 maledicto
1138 801 1315 856 crucis
1337 801 1619 856 obliterata
1652 809 1825 857 terre-

250 906 333 948 nae
362 891 720 947 damnationis
762 892 1044 947 maledicta
1072 892 1365 964 conﬁgeret
1401 893 1616 959 omnia;
1662 893 1826 968 et‘ad
1874 900 1877 905 ’

249 980 497 1037 ultimum
546 981 599 1036 in
630 980 845 1035 homine
873 996 1086 1052 passus,
1132 991 1192 1035 ut
1244 992 1537 1053 potestates
1589 983 1824 1038 dehone-

247 1084 439 1141 staret,
471 1075 597 1129 dum
639 1073 783 1128 Deus
824 1074 1117 1129 secundum
1170 1073 1481 1144 Scripturas
1509 1075 1826 1141 moriturus,

246 1169 379 1223 etin
408 1167 494 1223 his
532 1168 797 1225 vincentis
826 1169 878 1222 in
926 1185 984 1224 se
1037 1169 1227 1224 ﬁducia
1284 1170 1659 1240 triumpharet,
1698 1172 1824 1224 dum

248 1261 572 1318 immortalis
595 1261 730 1332 ipse,
760 1275 933 1331 neque
963 1270 1134 1315 morte
1161 1261 1455 1316 vincendus
1475 1274 1573 1330 pro
1594 1261 1827 1315 morien-

248 1353 383 1409 tium
407 1353 710 1410 aeternitate
732 1351 1077 1425 moreretur.]

316 1468 449 1525 Item
472 1484 594 1524 cum
614 1478 907 1539 exponeret
938 1468 1101 1523 verba
1125 1467 1315 1538 psalmi
1343 1466 1535 1537 quibus
1561 1466 1629 1523 ad
1660 1466 1828 1522 Deum

248 1562 447 1618 dicitur
475 1575 491 1615 :
528 1579 546 1612 ι
588 1559 723 1627 Quia
746 1558 885 1629 apud
914 1567 966 1615 te
996 1559 1308 1631 propitiatio
1337 1569 1421 1614 est
1447 1558 1618 1631 (Psal.
1642 1575 1824 1627 cxxtx,

245 1654 343 1726 4):
378 1673 396 1707 ι
432 1650 553 1726 [Est
579 1652 750 1719 enim,
778 1652 973 1722 inquit,
999 1652 1304 1723 unigenitus
1340 1652 1434 1707 Dei
1471 1652 1658 1717 Filius,
1687 1652 1830 1710 Deus

248 1742 508 1810 Verbum,
535 1744 831 1814 redemptio
858 1750 1069 1811 nostra,
1095 1745 1148 1799 in
1173 1744 1327 1815 cujus
1351 1744 1613 1816 sanguine
1638 1760 1830 1801 recon-

244 1838 412 1894 ciliati
446 1838 557 1893 Deo
586 1852 802 1904 sumus;
832 1837 920 1892 hic
961 1845 1047 1892 est
1072 1836 1165 1908 qui
1194 1837 1347 1891 venit
1379 1836 1571 1892 tollere
1606 1845 1828 1908 peccata

244 1927 453 1993 mundi,
480 1927 572 1999 qui
603 1926 751 1982 cruci
798 1942 908 1982 suae
944 1927 1359 1998 chirographum
1405 1925 1538 1998 legis
1581 1924 1822 1997 aﬁigens,
1852 1893 1904 1958 Β

241 2018 447 2073 editum
473 2017 836 2075 damnationis
860 2018 1063 2074 veteris
1089 2016 1332 2091 delevit.]

319 2129 426 2186 Sed
456 2138 512 2185 et
536 2130 731 2186 beatus
762 2128 1098 2195 Ambrosius,
1128 2130 1184 2185 in
1213 2131 1552 2202 expositione
1572 2131 1827 2202 Epistola:

243 2220 315 2277 ad
344 2218 623 2291 Ephesios,
657 2222 724 2276 de
753 2220 944 2277 eadem
990 2234 1051 2276 re
1075 2221 1154 2276 sic
1179 2220 1311 2276 dicit
1336 2239 1349 2275 :
1391 2220 1597 2292 [Simus
1644 2223 1828 2292 itaque

243 2326 346 2369 nos
384 2313 654 2383 possessio
682 2312 795 2379 Dei,
837 2320 891 2367 et
932 2311 1021 2368 ille
1049 2312 1206 2368 nobis
1255 2314 1431 2384 portio
1467 2313 1520 2368 in
1547 2329 1653 2384 quo
1702 2320 1829 2370 sunt

242 2404 445 2460 divitia:
466 2403 649 2476 gloria:
684 2403 1018 2461 haereditatis
1045 2403 1193 2473 ejus.
1219 2405 1353 2472 Quis
1378 2406 1524 2461 enim
1545 2406 1698 2462 dives
1723 2407 1827 2462 nisi

242 2500 394 2555 solus
422 2498 571 2554 dives
595 2499 689 2571 qui
716 2500 898 2556 omnia
939 2500 1186 2556 creavit?
1222 2503 1316 2555 sed
1339 2500 1511 2556 multo
1530 2502 1704 2573 magis
1750 2502 1830 2558 di-

242 2605 340 2646 ves
374 2589 746 2647 misericdrdia
790 2591 881 2660 qui
904 2605 1093 2646 omnes
1118 2590 1385 2658 redemit;
1431 2598 1486 2646 et
1512 2607 1611 2647 nos
1641 2605 1830 2646 secun-

247 2682 373 2737 dum
401 2681 585 2737 carnis
628 2690 880 2737 naturam
928 2682 1024 2737 ira:
1073 2680 1235 2747 ﬁlios,
1289 2690 1345 2736 et
1392 2681 1831 2738 eondemnationi

246 2772 509 2830 obnoxios
557 2773 806 2841 mutavit,
839 2773 996 2844 quasi
1050 2781 1239 2829 auctor
1276 2783 1335 2828 ut
1365 2773 1533 2829 simus
1560 2773 1654 2828 lilii
1680 2775 1832 2846 pacis

248 2875 303 2923 et
331 2866 631 2923 eharitatis.
666 2865 799 2935 Quis
822 2867 967 2922 enim
994 2874 1207 2922 mutare
1226 2875 1474 2922 naturam
1502 2874 1703 2938 potest,
1729 2868 1834 2924 nisi

247 2958 339 3029 qui
368 2958 573 3014 creavit
614 2959 913 3015 naturam?
941 2958 1124 3029 itaque
1160 2960 1443 3016 suscitavit
1469 2968 1748 3031 mortuos:
1779 2968 1836 3016 et

250 3050 549 3106 vivilicatos
592 3050 646 3105 in
675 3050 895 3107 Christo
944 3051 1137 3107 sedere
1182 3049 1313 3107 fecit
1352 3052 1408 3107 in
1435 3050 1745 3108 caelestibus
1777 3052 1837 3108 in
1918 3088 1921 3089 ν

249 3143 366 3215 ipso
392 3143 621 3199 Domino
654 3141 827 3216 Jesu.]

320 3276 517 3332 Beatus
548 3292 763 3349 quoque
792 3275 1083 3344 Paclanus,
1134 3278 1273 3336 sicut
1298 3280 1365 3336 de
1397 3294 1464 3336 eo
1497 3281 1553 3336 in
1579 3280 1718 3337 libro
1762 3282 1832 3340 de
1855 3268 1902 3335 C

249 3370 397 3427 Viris
416 3370 748 3439 illustribus,
780 3371 972 3427 beatus
1020 3379 1250 3428 testatur
1291 3372 1671 3445 Hieronymus,
1719 3381 1829 3430 tam

248 3462 361 3518 vita
388 3477 551 3534 quam
577 3476 829 3519 sermone
876 3462 1057 3518 clarus
1078 3463 1152 3518 ita
1179 3471 1364 3535 aperte
1395 3465 1627 3535 itlipsum
1655 3465 1830 3520 incul-

246 3562 355 3619 cat,
393 3552 615 3608 dicens:
671 3550 897 3625 [Omnes
935 3553 1222 3622 aliquando
1268 3561 1453 3625 gentes
1501 3556 1833 3626 principibus

246 3644 618 3710 tenebrarum,
658 3651 713 3698 et
740 3643 1100 3713 potestatibus
1121 3643 1370 3709 traditas,
1401 3661 1546 3700 nunc
1584 3661 1680 3716 per
1700 3644 1830 3701 Jesu

176 3726 181 3731 ’
244 3733 448 3792 Christi
469 3733 678 3788 Domini
702 3733 869 3788 nostri
896 3733 1180 3788 victoriam
1205 3733 1479 3791 liberatas.
1504 3736 1595 3791 llle
1617 3745 1720 3802 est,
1745 3735 1832 3791 ille

249 3825 341 3897 qui
392 3824 640 3892 redemit,
675 3845 695 3876 ‹
730 3826 939 3881 donans
964 3825 1118 3881 nobis
1144 3827 1326 3881 omnia
1366 3835 1608 3897 peccata,
1643 3848 1661 3879 ι
1693 3829 1834 3886 sicut

247 3916 534 3988 Apostolus
562 3918 713 3985 dicit,
741 3937 760 3971 ι
789 3926 845 3974 et
888 3918 1071 3975 delens
1102 3921 1243 3991 quod
1286 3922 1568 3978 adversum
1597 3940 1695 3979 nos
1718 3934 1836 3979 erat

249 4008 667 4078 chirographum
688 4008 1145 4076 inobauditionis;
1182 4012 1308 4081 quia
1336 4019 1391 4067 et
1420 4012 1594 4083 ipsum
1627 4013 1748 4069 tulit
1771 4016 1837 4070 de

249 4100 427 4157 medio
442 4098 661 4172 alligens
682 4100 813 4157 illud
826 4101 1005 4169 cruci;
1031 4116 1236 4158 exuens
1257 4118 1317 4159 se
1336 4118 1576 4169 camem,
1596 4106 1839 4161 traduxit

247 4199 544 4262 potestates
574 4192 740 4248 libere
784 4192 1126 4265 triumphans
1170 4210 1263 4251 eas
1289 4196 1344 4250 in
1370 4196 1662 4269 semetipso
1692 4197 1830 4271 (Col.

250 4297 311 4347 ll,
344 4280 433 4350 15,
464 4281 552 4349 14,
585 4281 694 4354 15).
723 4302 743 4336 ι
774 4280 946 4340 Solvit
975 4286 1306 4357 compeditos
1328 4296 1386 4342 et
1406 4288 1620 4343 vincula
1652 4298 1837 4345 nostra

260 4373 508 4444 disrupit,
567 4375 709 4431 sicut
772 4376 941 4432 David
1010 4376 1264 4433 dixerat:
1325 4379 1637 4436 «Dominus
1681 4381 1843 4453 erigit

250 4465 432 4532 elisos,
490 4467 752 4524 Dominus
776 4469 938 4526 solvit
975 4473 1328 4542 compeditos,
1352 4472 1615 4529 Dominus
1643 4474 1842 4529 illumi-

250 4566 346 4611 nat
365 4571 540 4613 caecos
570 4554 742 4628 (Psal.
775 4575 929 4627 θην,
961 4561 1039 4633 8).
1074 4580 1095 4615 ι
1146 4562 1211 4617 Et
1250 4562 1488 4620 iterum:
1522 4584 1540 4616 ι
1579 4565 1837 4635 Dirupisti

1925 614 2005 685 .9),
2039 633 2058 667 ι
2090 615 2363 690 amplius]

1997 748 2194 804 Beatus
2221 751 2388 805 etiam
2422 750 2534 807 Leo
2576 751 2852 825 granditer
2900 750 3008 811 hcc
3045 759 3104 809 et
3133 749 3506 823 multipliciter

1929 841 2331 908 commendans,
2371 842 2451 899 sic
2477 843 2641 899 dicit:
2672 843 2973 917 [Exaltatus
2997 843 3156 901 Iesus
3179 842 3426 901 Christus
3448 843 3503 898 in

1928 932 2071 1003 ligno
2100 935 2319 990 retorsit
2343 944 2571 992 mortem
2604 937 2658 992 in
2706 935 2897 993 mortis
2945 944 3263 1000 auctorem;
3304 944 3357 989 et
3381 950 3503 991 om-

1929 1040 2025 1079 nes
2053 1026 2384 1096 principatus
2428 1028 2788 1099 adversasque
2841 1026 3066 1083 virtutes
3116 1042 3212 1097 per
3245 1025 3504 1095 objectio-

1928 1131 2050 1171 nem
2082 1117 2364 1187 palpabilis
2382 1119 2563 1174 carnis
2590 1118 2752 1175 elisit.
2789 1119 3116 1174 Evacuatum
3143 1126 3226 1173 est
3253 1117 3503 1187 generale

1928 1205 2056 1260 illud
2082 1208 2407 1263 venditionis
2436 1220 2651 1275 nostrze,
2682 1220 2736 1265 et
2758 1210 2954 1266 lethale
2979 1202 3417 1281 chirographum,
3448 1216 3507 1265 et

1926 1307 2142 1369 pactum
2174 1301 2500 1368 captivitatis
2526 1303 2579 1359 in
2597 1302 2686 1372 jus
2708 1303 2902 1358 transit
2924 1302 3323 1373 Redemptoris.
3352 1300 3505 1356 Clavi

1927 1393 2002 1449 illi
2031 1394 2119 1463 qui
2152 1410 2342 1449 manus
2368 1395 2580 1451 Domini
2628 1397 2899 1468 pedesque
2936 1394 3334 1452 transfoderant
3380 1409 3507 1466 pera

1927 1483 2103 1554 petuis
2157 1484 2428 1540 diabolum
2479 1485 2644 1541 ﬁxere
2676 1485 3029 1553 vulneribus,
3081 1492 3137 1540 et
3191 1493 3504 1541 sanctorum

1928 1592 2087 1650 paena
2123 1580 2491 1636 membrorum
2521 1580 2862 1636 inimicarum
2892 1578 2992 1634 fuit
3017 1578 3323 1635 interfectio
3351 1585 3506 1650 pote-

1929 1679 2147 1727 statum.
2191 1670 2284 1727 Sic
2306 1686 2460 1727 suam
2507 1670 2725 1728 Christo
2761 1678 3175 1727 consummante
3200 1670 3506 1734 victoriam,

1928 1761 2069 1815 utin
2099 1761 2216 1833 ipso
2261 1770 2317 1818 et
2355 1778 2482 1819 cum
2521 1762 2638 1832 ipso
2668 1777 2858 1818 omnes
2894 1761 2987 1832 qui
3033 1762 3086 1817 in
3116 1775 3240 1816 eum
3276 1759 3509 1815 creduut

1931 1851 2370 1928 triumpharent.]
2400 1853 2465 1908 Et
2494 1853 2692 1908 iterum
2717 1869 2730 1906 :
2765 1851 3014 1926 [Tenuit,
3057 1851 3252 1923 inquit,
3282 1847 3511 1919 disposi-

1929 1955 2040 1999 tam
2076 1944 2431 2001 mansuetudo
2478 1943 2818 2016 patientiam,
2865 1951 2922 1998 et
2969 1942 3207 1998 cohibita
3237 1938 3508 1995 famulan-

1929 2039 2063 2093 tium
2089 2038 2189 2094 sibi
2214 2037 2579 2109 angelicarum
2616 2037 2817 2091 virtute
2862 2034 3167 2105 legionum,
3204 2031 3384 2087 hausit
3421 2043 3511 2084 ca-

1927 2131 2084 2187 licem
2119 2131 2320 2188 doloris
2358 2138 2413 2185 et
2463 2129 2656 2185 mortis
2679 2136 2958 2197 totumque
2981 2124 3305 2197 supplicium
3357 2130 3508 2177 tran-

1927 2223 2079 2278 stulit
2122 2223 2176 2278 in
2218 2221 2586 2293 triumphum:
2640 2219 2768 2276 victi
2821 2227 2946 2275 sunt
2982 2231 3219 2281 errores,
3273 2214 3511 2271 subactae

1929 2323 2053 2372 sunt
2082 2323 2398 2387 potestates,
2450 2312 2658 2385 accepit
2680 2327 2877 2368 novum
2922 2309 3157 2367 mundus
3203 2307 3512 2373 exordium,

1928 2417 1989 2463 ut
2015 2409 2266 2463 damnata
2288 2406 2566 2479 generatio
2596 2420 2705 2460 non
2744 2404 2959 2459 obesset
3003 2400 3200 2471 quibus
3236 2398 3510 2455 salvandis

1931 2493 2270 2573 re'generatio
2297 2499 2653 2572 subveniret.]
2700 2497 2835 2554 Item
2870 2496 2976 2553 alio
3002 2496 3125 2552 loco
3150 2513 3164 2548 :
3189 2493 3510 2566 [Continuit,

1933 2594 2131 2665 inquit,
2169 2608 2228 2648 se
2254 2593 2322 2648 ab
2356 2592 2536 2663 imp'iis
2563 2598 2817 2662 potestas,
2855 2597 2911 2645 et
2935 2596 2995 2643 ut
3018 2587 3367 2658 dispositione
3393 2594 3515 2640 ute-
3548 2636 3554 2644 .

1933 2690 2085 2739 retur
2111 2682 2343 2749 occulta,
2375 2683 2453 2737 uti
2479 2681 2648 2738 noluit
2674 2680 2875 2735 virtute
2904 2679 3211 2735 manifesta.
3257 2675 3393 2731 Nam
3420 2673 3510 2746 qui

1934 2784 2163 2832 mortem
2185 2783 2240 2831 et
2263 2776 2453 2831 mortis
2480 2782 2756 2831 auctorem
2787 2788 2883 2829 sua
2906 2780 3130 2828 venerat
3151 2771 3401 2841 passione
3427 2768 3518 2823 de-

1936 2878 2167 2934 struere,
2200 2871 2469 2942 quomodo
2491 2878 2807 2941 peccatores
2849 2866 3025 2924 salvos
3057 2866 3283 2932 faceret,
3310 2867 3356 2923 si
3389 2879 3515 2939 per-

1937 2962 2274 3020 secutoribus
2303 2958 2689 3035 repugnaret?]

2009 3098 2144 3155 Nam
2169 3099 2332 3155 etiam
2359 3099 2404 3155 si
2442 3097 2789 3155 descenderet
2811 3095 3056 3152 Christus
3092 3093 3158 3150 de
3186 3108 3367 3159 cruce,
3419 3107 3520 3149 vos

1936 3200 2120 3249 tamen
2150 3190 2426 3247 hatrerctis
2451 3189 2507 3245 in
2540 3188 2788 3245 crimine.
2818 3187 3007 3257 Spreta
3037 3199 3167 3257 ergo
3192 3193 3318 3240 sunt
3364 3196 3521 3239 vana;

1934 3282 2300 3342 insultationis
2354 3281 2642 3353 opprobria
2668 3322 2683 3347 ,
2731 3289 2787 3335 et
2830 3278 3255 3336 misericordiam
3305 3274 3522 3331 Domini

1932 3376 2144 3449 perdita
2180 3383 2236 3432 et
2258 3374 2494 3445 collapsa
2541 3381 2882 3445 reparantem
2939 3371 3099 3426 nulla:
3156 3367 3520 3433 contumeliae,

1933 3467 2080 3523 nulla
2111 3466 2352 3522 convicia
2382 3479 2413 3518 a
2461 3464 2724 3535 propositi
2755 3464 2835 3518 sui
2864 3462 2952 3517 via
2981 3468 3347 3516 removerunt.
3378 3456 3524 3514 011⁵8-

1934 3561 2155 3616 rebatur
2180 3559 2325 3612 enim
2350 3556 2577 3613 Domino
2620 3571 2722 3628 pro
2762 3554 2934 3610 salute
2975 3552 3161 3608 mundi
3193 3552 3368 3607 hostia
3413 3551 3524 3606 sin-

1936 3650 2172 3723 gnlaris,
2211 3658 2268 3705 et
2315 3649 2517 3705 occisio
2564 3648 2704 3718 Agni
2731 3661 2831 3717 per
2875 3654 2955 3702 tot
2991 3644 3187 3702 stccula
3233 3642 3525 3715 praedicata

1935 3743 2314 3817 promissionis
2347 3741 2487 3799 ﬁlios
2510 3742 2565 3797 in
2614 3742 2920 3798 libertatem
2946 3739 3069 3794 ﬁdei
3122 3737 3523 3805 transferebat;

1937 3834 2361 3892 conﬁrmabatur
2416 3849 2630 3904 quoque
2684 3833 3098 3889 Testamentum
3154 3831 3362 3887 Novum
3388 3871 3403 3896 ,
3471 3838 3528 3887 et

1937 3926 2139 3983 Christi
2168 3926 2429 3997 sanguine
2457 3926 2645 3982 aeterni
2677 3926 2790 3996 regi
2837 3924 3216 3981 scribebantur
3242 3923 3522 3993 haeredes;

1939 4018 2341 4088 ingrediehatnr
2389 4031 2634 4073 summus
2670 4014 2913 4088 pontifex
2960 4014 3160 4071 Sancta
3192 4026 3524 4082 sanctorum,

1940 4122 1994 4168 et
2022 4111 2357 4168 exorandum
2395 4110 2564 4165 Deum
2596 4109 2973 4165 immaculatus
3001 4110 3254 4166 sacerdos
3289 4125 3391 4183 per
3431 4125 3525 4167 ve-

1939 4207 2049 4261 lum
2079 4221 2190 4261 sua:
2218 4203 2400 4261 carnis
2441 4204 2698 4259 intrabat.
2737 4203 2881 4260 Alibi
2906 4218 3121 4274 quoque
3150 4204 3217 4260 de
3243 4204 3329 4260 his
3353 4204 3531 4259 omni-

1938 4299 2041 4354 bus
2067 4297 2305 4353 breviter
2324 4304 2381 4352 et
2408 4295 2694 4366 diligenter
2715 4295 3000 4363 deﬁniens,
3028 4297 3102 4352 ita
3119 4292 3282 4352 dicit:
3313 4290 3529 4369 [Sciens

1941 4389 2186 4446 diabolus
2214 4387 2356 4459 quod
2392 4389 2683 4442 humanam
2711 4396 2962 4443 naturam
3000 4386 3278 4444 infecisset
3296 4403 3529 4456 veneno,

1892 4494 2285 4550 ,nequaquam
2347 4479 2579 4535 credidit
2643 4478 2931 4535 Dominum
2996 4478 3272 4534 Christum
3339 4478 3530 4550 prima:

1946 4570 2389 4643 transgressionis
2416 4578 2710 4636 exsortem,
2738 4582 2901 4640 quem
2929 4576 3011 4625 tot
3036 4569 3372 4625 documentis
3394 4570 3532 4625 didi-

249 4649 465 4706 vincula
500 4666 644 4718 mea,
676 4651 771 4706 tibi
801 4652 1120 4709 sacriﬁcabo
1170 4654 1400 4710 hostiam
1451 4655 1626 4712 laudis
1657 4655 1833 4729 (Psal.
1863 4638 1918 4699 Ῑ)
1943 4664 2019 4721 cit
2063 4638 2184 4720 esse
2235 4662 2538 4718 mortalem.
2590 4638 2834 4717 Perstitit
2868 4677 2998 4735 ergo
3036 4663 3315 4733 improbus
3351 4663 3533 4735 praedo

251 4742 498 4810 cxv,46,
532 4743 643 4814 17).
684 4763 703 4797 ι
760 4743 933 4800 Soluti
983 4745 1166 4817 itaque
1212 4746 1280 4802 de
1326 4747 1574 4817 vinculis,
1622 4749 1713 4806 ubi
1743 4764 1841 4820 per

252 4837 509 4909 baptismi
537 4846 938 4894 sacramentum
983 4839 1051 4895 ad
1088 4839 1300 4911 signum
1345 4840 1554 4897 Domini
1585 4843 1840 4900 conveni-

253 4943 396 4995 mus,
434 4927 648 4985 diabolo
680 4937 735 4985 et
761 4930 1013 4986 omnibus
1051 4930 1257 5003 angelis
1293 4930 1413 5001 ejus
1441 4934 1839 5002 renuntiamus,

191 5042 195 5051 -
252 5019 451 5091 quibus
476 5027 603 5077 ante
626 5021 981 5089 servivimus,
1013 5020 1209 5091 nejam
1240 5021 1346 5078 illis
1372 5022 1596 5081 ulterius
1630 5025 1870 5081 servia-'

255 5124 380 5166 mus
418 5111 682 5183 sanguine
723 5111 928 5168 Christi
956 5120 1014 5167 et
1058 5113 1279 5169 nomine
1321 5113 1554 5170 liberati.
1600 5116 1755 5184 Quod
1797 5117 1845 5173 si

254 5201 380 5274 quis
413 5203 645 5274 posthac
687 5203 771 5259 sui
816 5203 1017 5261 oblitus
1070 5213 1127 5259 et
1174 5205 1561 5278 redemptionis
1605 5208 1849 5279 ignarus,

257 5309 452 5352 rursus
476 5294 547 5352 ad
589 5295 907 5369 angelorum
950 5296 1293 5364 servitutem,
1345 5316 1367 5351 ι
1392 5297 1461 5355 Et
1483 5299 1697 5356 inﬁrma
1737 5300 1850 5370 illa,

257 5398 316 5448 et
335 5404 505 5462 egena
550 5390 736 5447 mundi
781 5390 1046 5447 elementa
1078 5391 1359 5446 transierit
1409 5389 1552 5463 (Gal.
1606 5408 1683 5459 tv,
1710 5393 1791 5465 9),
1826 5413 1844 5449 ι

259 5484 500 5555 antiquis
528 5483 635 5541 illis
677 5484 1030 5556 compedibus
1067 5493 1122 5541 et
1171 5484 1399 5551 catenis,
1440 5486 1493 5541 id
1522 5494 1607 5542 est
1633 5487 1844 5557 peccati

260 5575 488 5634 vinculis
532 5576 855 5651 alligabitur,
904 5596 924 5631 ‹
956 5586 1013 5634 et
1065 5577 1196 5632 ﬁent
1246 5578 1538 5633 novissima
1588 5578 1706 5648 ejus
1745 5580 1837 5636 de-

264 5664 469 5724 teriora
494 5667 763 5738 prioribus
785 5666 871 5741 (II
894 5666 1039 5723 Petr.
1080 5682 1141 5734 ιι,
1167 5666 1282 5737 ΞΟ),
1309 5686 1328 5719 ι
1363 5668 1487 5738 quia
1515 5678 1570 5723 et
1597 5668 1844 5726 diabolus

265 5774 391 5818 cum
435 5761 588 5833 quasi
614 5777 713 5834 per
740 5761 919 5836 fugam
965 5762 1166 5818 victum
1196 5763 1569 5820 vehementius
1592 5764 1846 5837 illigabit,

266 5852 591 5913 «Christus
612 5869 713 5927 pro
762 5870 828 5912 eo
869 5856 982 5927 jam
1012 5855 1122 5926 pati
1156 5871 1260 5911 non
1288 5857 1505 5926 poterit.
1528 5857 1665 5925 Quia
1700 5879 1720 5912 ι
1745 5860 1840 5932 qui

1945 4766 2000 4814 et
2027 4771 2225 4811 avarus
2269 4763 2488 4811 exactor
2533 4755 2588 4810 in
2613 4770 2736 4811 eum
2792 4754 2884 4827 qui
2921 4754 3056 4810 nihil
3085 4754 3254 4825 ipsius
3299 4755 3536 4812 habebat

1947 4850 2270 4921 insurgere;
2313 4856 2370 4904 et
2398 4848 2526 4904 dum
2554 4849 2759 4906 vitiatae
2780 4848 3007 4921 originis
3030 4848 3403 4921 praeiudicium
3439 4853 3535 4924 ge-

1947 4941 2130 4998 nerale
2157 4941 2524 5012 persequitur,
2550 4941 2968 5012 chirographum
3006 4956 3115 5012 quo
3142 4942 3418 4999 nitebatur
3440 4956 3537 4999 ex-

1948 5034 2128 5099 cedit,
2173 5032 2243 5087 ab
2287 5032 2381 5087 illo
2410 5032 2713 5103 iniquitatis
2758 5032 2982 5104 exigens
3032 5047 3271 5103 poenam,
3324 5033 3381 5090 in
3427 5047 3538 5104 quo

1953 5121 2156 5178 nullam
2201 5122 2407 5194 reperit
2455 5122 2689 5194 culpam.
2744 5121 2985 5180 Solvitur
3036 5123 3219 5195 itaque
3268 5125 3538 5197 pactionis

1953 5215 2187 5284 antiquze
2215 5214 2523 5271 malesuada
2565 5215 2918 5285 conscriptio,
2944 5223 2999 5271 et
3039 5234 3059 5269 ι
3093 5230 3192 5286 per
3217 5215 3537 5287 iniustitiam

1950 5305 2073 5376 plus
2106 5305 2347 5376 petendi,
2380 5324 2399 5358 ι
2428 5306 2596 5361 totius
2625 5305 2791 5361 debiti
2812 5321 3022 5362 summa
3043 5315 3324 5363 vacuatur.
3354 5306 3538 5364 Fortis

1954 5398 2043 5455 ille
2073 5400 2308 5454 nectitur
2336 5399 2568 5454 vinculis
2592 5399 2705 5455 suis
2747 5408 2804 5455 et
2839 5416 3001 5458 omne
3029 5409 3395 5458 commentum
3420 5415 3537 5455 ma-

1953 5490 2087 5564 ligni
2142 5493 2197 5547 in
2250 5501 2410 5563 caput
2464 5491 2634 5563 ipsius
2680 5479 3047 5563 retorquetur.
3114 5493 3303 5563 Ligato
3353 5490 3540 5547 mundi

1956 5583 2200 5655 principe
2228 5584 2559 5655 captivitatis
2590 5599 2719 5641 vasa
2767 5586 3070 5658 rapiuntur.
3103 5584 3265 5641 Redit
3289 5585 3342 5639 in
3371 5585 3540 5640 hono-

1957 5688 2072 5730 rem
2109 5689 2266 5730 suum
2324 5674 2393 5731 ab
2443 5675 2682 5747 antiquis
2732 5676 2999 5749 contagiis
3043 5685 3267 5749 purgata
3321 5684 3540 5731 natura.

1957 5764 2101 5822 Mors
2124 5773 2301 5821 morte
2319 5766 2632 5836 destruitur,
2659 5768 2913 5825 nativitas
2932 5767 3212 5823 nativitate
3236 5772 3539 5838 reparatur,

1959 5858 2216 5930 quoniam
2249 5858 2410 5915 simul
2448 5867 2504 5916 et
2554 5860 2856 5932 redemptio
2884 5860 3063 5916 aufert
3104 5859 3443 5926 servitutem,
3484 5863 3546 5911 ct
