3966 6334
561 408 698 464 £075

1555 402 1610 458 S.
1651 402 1908 476 BEMICII
1949 402 2435 462 LUGDI‘NEN‘SIS
2477 404 2782 464 EPISCOPI

3617 420 3709 480 me

550 528 891 599 regeneratio
920 533 1093 581 mutat
1138 524 1420 594 originem,
1476 531 1530 577 et
1562 521 1693 585 ﬁdes
1706 504 1977 594 'justiﬁcat
2004 537 2131 595 pee—
2161 525 2209 587 Α
2239 525 2620 583 misericordia:
2649 524 2883 597 pertinet
2910 524 2976 579 ad
3024 524 3312 582 indebitam
3340 528 3556 600 gratiam.
3581 533 3711 594 Oslcn.

554 620 839 693 calorem]

623 714 729 772 Sed
783 723 838 770 et
872 714 1062 771 beatus
1113 711 1437 771 Coslestinus
1481 712 1726 767 eamdem
1779 725 1893 766 rem
1937 708 2130 765 eodem

551 822 713 864 sensu
741 814 797 862 et
816 805 1019 861 eisdem
1047 818 1185 873 pene
1206 802 1387 859 verbis
1406 803 1713 872 plenissime
1741 812 1796 857 et
1816 801 2130 857 brevissime
2166 862 2169 865 _

549 898 886 967 exsequitur,
928 896 1148 952 dicens:
1199 893 1353 968 [Illud
1406 897 1569 951 etiam
1597 897 1738 965 quod
1768 897 1909 951 circa
1956 895 2130 964 bapti-

552 989 753 1044 sandos
774 988 827 1043 in
867 987 1121 1043 universo
1152 986 1354 1043 mundo
1377 997 1562 1043 sancta
1586 986 1823 1042 Ecclesia
1850 985 2131 1039 uniformi-

550 1092 638 1139 ter
670 1082 798 1153 agit,
854 1098 959 1137 non
1011 1081 1184 1136 otioso
1231 1080 1661 1150 contemplamur
1712 1080 1927 1143 intuitu,
1985 1092 2126 1142 cum,

550 1175 667 1230 sive
694 1173 921 1244 parvuli,
955 1172 1068 1228 sive
1090 1173 1315 1243 juvenes
1343 1173 1409 1226 ad
1438 1171 1866 1241 regenerationis
1908 1169 2130 1223 veniunt

549 1274 971 1330 sacramentum,
1011 1280 1117 1319 non
1142 1264 1294 1334 prius
1324 1262 1523 1318 fontem
1552 1262 1674 1316 vitae
1720 1262 1916 1316 adeunt
1968 1274 2127 1329 quam

548 1358 869 1415 exorcismis
902 1366 958 1413 et
981 1354 1441 1412 exsulﬁationibus
1465 1354 1785 1411 clericorum
1814 1351 2034 1422 spiritus
2064 1349 2130 1407 ab

548 1453 633 1509 eis
668 1449 977 1508 immundus
1009 1448 1294 1517 abigatnr:
1353 1456 1483 1503 tunc
1508 1460 1636 1501 vere
1689 1452 1945 1515 appareat
1993 1459 2130 1512 quo-

554 1544 714 1598 modo
751 1561 771 1595 r
806 1540 1064 1611 Princeps
1097 1532 1278 1596 mundi
1319 1537 1479 1609 hujus
1502 1539 1745 1594 mittatur
1774 1536 1918 1591 foras
1948 1534 2128 1605 (Joan.

551 1650 651 1700 ιη,
677 1634 788 1707 5t),
823 1654 840 1686 ι
869 1643 925 1689 et
947 1634 1217 1704 quomodo
1243 1652 1262 1685 σ
1295 1633 1446 1704 prius
1470 1632 1720 1702 alligetur
1738 1630 1892 1685 fortis
1916 1627 2129 1698 (Matth.

549 1742 650 1793 xu,
672 1728 784 1799 29),
813 1749 833 1781 ι
864 1737 919 1784 et
944 1729 1196 1797 deinceps
1214 1742 1341 1781 vasa
1362 1724 1480 1795 ejus
1497 1724 1820 1794 diripiantur
1842 1723 1895 1777 in
1918 1735 2131 1791 posses-

550 1821 760 1876 sionem
801 1820 1059 1876 translata
1107 1819 1349 1884 victoris,
1392 1835 1412 1869 ι
1454 1816 1546 1888 qui
1572 1816 1837 1888 captivam
1864 1812 2015 1869 ducit
2037 1829 2132 1869 ca-

2233 615 2309 670 dit
2334 632 2461 689 ergo
2494 617 2629 672 Deus
2664 635 2683 668 ι
2719 617 2857 673 iram
2887 632 3037 671 suam
3056 660 3071 685 ,
3108 637 3127 669 ι
3155 633 3256 673 non
3287 620 3456 691 utique
3478 625 3607 680 animi
3629 644 3710 699 per-

2233 708 2618 771 turbationem,
2667 708 2804 762 sicut
2834 715 2916 762 est
2944 724 3064 778 qua:
3095 709 3235 765 circa
3266 710 3493 767 homines
3516 730 3713 793 nuneupa.

2234 808 2341 861 tur,
2371 800 2462 855 sed
2490 801 2692 871 justam
2718 799 2988 871 ﬁxamque
3020 801 3331 857 vindictam.
3364 802 3499 872 Quod
3524 808 3576 861 de
3600 814 3713 883 stirpe

2232 890 2608 945 inobedientite
2656 892 2872 946 ducitur
2902 908 3138 964 propago
3188 896 3425 962 peccati,
3471 908 3605 968 atque
3633 918 3715 974 sup-

2231 981 2397 1051 plicii.
2449 1003 2466 1033 ‹
2508 983 2571 1037 Et
2598 983 2759 1039 homo
2810 994 2965 1038 natus
2994 1002 3060 1038 ex
3089 986 3331 1051 muliere,
3366 1008 3381 1041 ι
3415 988 3537 1045 sicut
3558 991 3599 1046 in
3623 993 3715 1051 liltro

2229 1073 2330 1129 Job
2389 1076 2647 1146 scriptum
2704 1086 2806 1142 est,
2871 1098 2888 1129 ι
2922 1077 3101 1134 brevis
3160 1089 3241 1135 est
3295 1081 3447 1149 vine,
3501 1092 3548 1136 et
3587 1086 3716 1157 plenus

2231 1168 2520 1222 iracundiae
2570 1168 2692 1233 (Job
2736 1185 2845 1231 xw,
2898 1169 2949 1231 Ι,
2976 1169 3052 1239 2),
3090 1190 3106 1221 ι
3157 1171 3269 1241 ejus
3297 1172 3430 1225 enim
3476 1174 3541 1229 rei
3566 1192 3638 1231 vas
3664 1189 3716 1235 est

2230 1275 2334 1328 qua
2376 1259 2562 1330 plenus
2584 1269 2683 1314 est.
2720 1260 2873 1316 Unde
2902 1281 2919 1311 ‹
2942 1261 3036 1315 inc
3062 1278 3185 1315 vasa
3224 1282 3242 1314 ι
3280 1263 3527 1317 dicuntur.
3557 1265 3717 1324 t05leu-

2233 1352 2307 1406 dit
2331 1354 2690 1421 etpotentiam
2718 1369 2887 1413 suam,
2917 1373 2935 1406 ι
2964 1368 3067 1422 qua
3091 1356 3228 1408 bene
3260 1356 3424 1409 utitur
3442 1357 3579 1410 etiam
3599 1360 3715 1425 malis,

2232 1445 2398 1500 multa
2432 1447 2482 1499 in
2512 1446 2616 1501 illis
2650 1446 2915 1500 naturalia
2939 1456 2993 1502 et
3024 1448 3335 1517 temporalia
3363 1448 3490 1502 bona
3530 1448 3715 1513 largiens,

2231 1554 2524 1609 eorumque
2564 1539 2816 1593 malitiam
2846 1541 2911 1593 ad
2962 1541 3293 1595 exercendas
3318 1548 3366 1595 et
3408 1543 3719 1609 comparatione

2233 1631 2598 1685 admonemlos
2630 1630 2797 1685 bonos
2842 1633 3275 1696 accommodans,
3306 1641 3364 1686 ut
3408 1632 3457 1686 in
3484 1632 3552 1685 eis
3576 1634 3720 1687 discant

2235 1738 2392 1796 agere
2419 1722 2622 1795 gratias
2653 1725 2778 1785 Deo,
2810 1725 2951 1794 quod
2981 1725 3049 1779 ab
3074 1726 3152 1779 eis
3176 1741 3281 1778 non
3309 1725 3415 1779 suis
3435 1725 3721 1796 meritis,qu

2224 1815 2289 1869 in
2313 1820 2498 1869 eadem
2521 1830 2695 1870 massa
2727 1816 2875 1887 paria
2906 1815 3144 1884 fuerunt,
3175 1818 3426 1874 sedillius
3463 1819 3722 1873 miseratione

545 1910 870 1981 ptivitatem,
917 1920 973 1965 et
1025 1911 1115 1965 dat
1163 1910 1302 1965 dona
1361 1885 1672 1965 hominibus
1729 1904 1902 1977 (Psal.
1956 1920 2126 1971 um,
2158 1885 2449 1963 Bdiscreti
2479 1916 2620 1963 sunt.
2665 1885 2816 1977 Quod
2845 1911 3081 1967 maxime
3111 1920 3332 1982 apparet
3372 1913 3420 1967 in
3461 1914 3723 1983 parvulis,de

544 2003 660 2067 is).
694 2001 743 2075 ι]

617 2093 739 2148 lam
780 2108 910 2149 vero
950 2094 1140 2148 beatus
1190 2093 1522 2164 Augustinus
1552 2100 1702 2147 tanto
1750 2090 1879 2146 hinc
1908 2088 2130 2145 uberius

538 2194 604 2243 et
630 2186 982 2257 multiplicius
1015 2195 1101 2241 est
1126 2186 1357 2249 locutus,
1397 2193 1600 2254 quanto
1644 2193 1704 2241 ‘et
1751 2182 1926 2251 major
1966 2180 2018 2236 ei
2068 2194 2133 2235 ac

536 2280 925 2335 .vehementior
976 2278 1322 2334 incumbebat
1365 2278 1661 2333 necessitas
1708 2284 1897 2332 contra
1949 2274 2129 2330 insur-v

547 2379 736 2444 gentes
761 2381 889 2426 tunc
918 2370 1201 2426 haereticos
1226 2368 1563 2440 Pelagianos,
1606 2368 1743 2423 tanti
1769 2364 1925 2434 huius
1950 2380 2134 2421 sacra-

538 2462 740 2529 menti,
771 2463 824 2518 id
874 2471 957 2518 est
1004 2461 1367 2518 damnationis
1407 2462 1658 2516 humanae
1701 2474 1800 2531 per
1839 2459 2008 2513 Adam
2046 2457 2126 2513 in-

545 2570 764 2628 gressae,
792 2563 851 2612 et
873 2556 1206 2612 liberationis
1227 2570 1291 2610 ac
1320 2554 1707 2625 redemptionis
1730 2568 1829 2624 per
1844 2551 2131 2607 Dominum

546 2647 730 2705 Iesum
754 2647 1028 2705 Christum
1079 2649 1297 2704 indultae
1326 2650 1542 2719 penitus
1570 2649 1803 2721 ignaros,
1842 2647 2010 2718 ipsius
2036 2647 2132 2700 lm-

548 2758 722 2799 mana:
768 2743 1128 2801 damnationis
1157 2758 1368 2809 causas,
1415 2752 1472 2799 et
1497 2744 1591 2811 Dei
1614 2743 1841 2814 gratiam
1884 2757 1990 2813 qua
2019 2739 2132 2796 sola

532 2848 649 2905 per
684 2834 959 2891 Christum
987 2835 1272 2891 Dominum
1316 2835 1627 2897 liberamur.
1663 2844 1719 2891 et
1758 2835 1954 2890 divinis
1983 2832 2133 2889 testi-

548 2926 745 2981 moniis
771 2935 826 2981 et
859 2928 1181 2983 certissimis
1217 2928 1517 2983 rationibus
1558 2926 1856 2983 asserendi.
1902 2924 1958 2980 ln
2001 2939 2133 2995 qua-

534 3016 670 3085 ,dam
693 3019 874 3088 itaque
897 3021 1121 3089 epistOla
1152 3020 1218 3075 ad
1241 3019 1495 3091 Optatum
1519 3020 1828 3092 episcopum
1858 3018 1930 3072 ita
1962 3016 2134 3088 loqui-

529 3097 643 3168 'tur
668 3114 835 3185 (epist.
880 3113 1038 3185 157):
1080 3112 1236 3187 [Cum
1260 3130 1448 3170 omnes
1480 3112 1630 3184 justi,
1678 3113 1779 3168 hoc
1805 3120 1888 3167 est
1912 3123 2132 3165 veraces

532 3194 645 3261 Dei
693 3204 947 3270 cultores,
1012 3207 1126 3261 sive
1175 3216 1299 3262 ante
1354 3206 1808 3270 incarnationem,
1862 3205 1978 3261 sive
2010 3211 2132 3277 post

546 3296 973 3359 incarnationem
1008 3296 1207 3353 Christi
1238 3312 1335 3352 nec
1363 3294 1617 3362 vixerint,
1649 3310 1750 3352 nec
1789 3296 1993 3361 vivant,
2025 3294 2129 3349 nisi

524 3405 615 3461 lex
647 3393 750 3447 ﬁde
778 3391 1161 3448 incarnationis
1190 3390 1413 3453 Christi,
1448 3390 1501 3445 in
1534 3406 1639 3463 quo
1677 3400 1760 3446 est
1792 3388 1980 3460 gratire
2011 3387 2127 3459 ple-

544 3483 748 3547 nitudo,
810 3484 1051 3555 profecto
1102 3483 1244 3554 quod
1290 3483 1551 3557 scriptum
1593 3489 1715 3538 est:
1766 3500 1784 3533 ι
1843 3479 1958 3536 Non
2008 3492 2129 3533 esse

546 3575 691 3631 aliud
737 3592 934 3633 nomen
975 3575 1075 3631 sub
1129 3576 1265 3635 coelo
1311 3575 1365 3631 in
1402 3591 1515 3645 ,quo
1542 3583 1755 3646 oportet
1811 3573 1988 3628 salvos
2012 3570 2127 3625 ﬁeri

543 3683 643 3723 nos
672 3667 809 3739 (Act.
852 3683 927 3732 1v,
954 3666 1065 3736 l2),
1104 3685 1121 3718 ι
1157 3683 1237 3750 ex.
1268 3666 1359 3722 illo
1386 3678 1626 3739 tempore
1655 3665 1798 3721 valet
1833 3664 1898 3719 ad
1925 3662 2129 3719 salvan-

542 3759 669 3813 dum
693 3774 861 3828 genus
889 3759 1203 3825 humamnn,
1250 3773 1313 3812 ex
1342 3775 1450 3829 quo
1478 3758 1531 3814 in
1564 3759 1730 3814 Adam
1776 3756 2021 3811 vitiatum
2042 3763 2128 3808 est

545 3867 714 3921 genus
737 3851 1033 3905 humanum
1058 3869 1071 3904 :
1126 3869 1145 3901 ‹
1182 3848 1335 3904 Sicut
1359 3849 1503 3904 enim
1526 3850 1580 3905 in
1609 3848 1777 3903 Adam
1804 3862 1993 3901 omnes
2013 3861 2127 3900 mo-

546 3945 779 4006 riuutur,
809 3943 880 3996 ita
904 3950 959 3995 et
980 3940 1032 3994 in
1054 3941 1270 3997 Christo
1292 3956 1479 3996 omnes
1500 3939 1913 3995 viviﬁcabuntur
1933 3938 1982 4012 (1
2000 3936 2121 3995 Cor.

546 4032 777 4099 xv,22l.
809 4052 827 4084 ι
877 4032 1012 4100 Quia
1060 4032 1200 4086 sicut
1249 4031 1303 4085 in
1352 4047 1519 4104 regno
1568 4033 1757 4088 mortis
1802 4046 1961 4085 nemo
2009 4032 2126 4087 sine

542 4126 748 4191 Adam,
797 4122 872 4179 ita
898 4125 950 4178 in
982 4140 1146 4195 regno
1189 4124 1314 4179 vitm
1350 4141 1508 4179 nemo
1547 4126 1662 4178 sine
1690 4123 1923 4178 Christo.
1975 4122 2127 4177 Sicut

539 4233 638 4289 per
665 4216 834 4272 Adam
873 4230 1061 4271 omnes
1092 4224 1428 4286 peccatores,
1474 4215 1546 4269 ita
1571 4230 1670 4285 per
1708 4214 1983 4268 Christum
2015 4230 2125 4268 om-
2154 4218 2155 4221 “

541 4326 639 4367 nes
664 4310 798 4383 justi
852 4307 1117 4365 homines.
1154 4307 1306 4363 Sicut
1333 4322 1430 4377 per
1455 4306 1623 4362 Adam
1650 4322 1840 4363 omnes
1871 4306 2123 4362 mortales

540 4406 595 4460 in
621 4420 779 4476 poma
822 4403 946 4458 facti
974 4396 1099 4458 sunt
1124 4401 1215 4456 ﬁlii
1245 4399 1458 4463 smculi,
1512 4401 1585 4456 ita
1612 4410 1666 4456 et
1711 4417 1807 4471 per
1847 4399 2120 4456 Christum

536 4513 726 4552 omnes
750 4494 1084 4551 immortales
1106 4495 1157 4549 in
1180 4494 1349 4566 gratia
1384 4494 1515 4548 ﬁunt
1542 4493 1630 4547 ﬁlii
1660 4493 1775 4548 Dei.
1808 4491 1917 4547 Cur
1940 4502 2120 4546 autem

538 4596 850 4658 quzerantur
878 4587 1041 4641 etiam
1071 4584 1144 4640 illi
1194 4600 1329 4655 quos
1358 4583 1586 4640 Creator
1609 4583 1777 4638 voluit
1804 4582 1868 4636 ad
1901 4583 2120 4636 damna-

521 4680 760 4744 ,tionem,
792 4696 896 4734 non
928 4678 994 4732 ad
1020 4677 1249 4750 gratiam
1275 4675 1548 4746 pertinere
1571 4716 1585 4741 ,
1615 4675 1803 4730 beatus
1833 4673 2119 4745 Apostolus

538 4780 689 4825 tanto
727 4770 1083 4825 succinctiore
1120 4769 1413 4833 brevitate,
1461 4776 1664 4839 quanto
1710 4767 1911 4837 majore
1937 4776 2119 4820 aucto-

536 4861 698 4916 ritate
730 4868 1120 4919 commemorat
1151 4880 1163 4914 :
1194 4880 1211 4913 t
1247 4859 1437 4924 Deum,
1465 4858 1608 4913 enim
1659 4857 1808 4921 dicit,
1852 4857 2116 4911 volentem

537 4954 818 5009 ostendere
880 4953 1013 5007 iram
1071 4960 1126 5007 et
1183 4951 1555 5005 demonstrare
1616 4948 1913 5018 potentiam
1965 4962 2116 5001 suam

540 5044 786 5100 attulisse
823 5046 985 5099 multa
1015 5046 1067 5098 in
1098 5043 1355 5113 patientia
1402 5058 1529 5096 vasa
1574 5040 1687 5106 ine,
1713 5056 1831 5110 qttzu
1879 5037 2116 5109 perfecta

537 5145 664 5195 sunt
702 5137 753 5190 in
789 5137 1183 5208 perditionem;
1240 5143 1295 5189 et
1339 5144 1399 5190 ut
1454 5146 1609 5189 notas
1668 5131 1866 5189 faceret
1907 5132 2121 5187 divitias

535 5231 721 5305 gloria:
768 5247 878 5286 sua:
927 5231 1133 5287 invasa
1166 5231 1568 5296 misericordia,
1607 5254 1626 5285 ι
1687 5246 1844 5301 quem
1872 5229 2121 5300 superius

514 5325 746 5401 dixerat
804 5340 822 5373 ι
857 5332 1108 5393 tanquam
1136 5324 1352 5395 ﬁgulum
1379 5325 1475 5378 luti
1505 5339 1571 5380 ex
1619 5325 1808 5380 eadem
1837 5339 2016 5378 massa
2050 5325 2120 5375 l'a-

535 5429 661 5470 cere
682 5412 825 5469 aliud
854 5428 949 5466 vas
976 5413 1025 5466 in
1050 5413 1331 5481 honorem,
1362 5416 1508 5470 aliud
1537 5432 1629 5471 vas
1652 5417 1703 5471 in
1736 5416 2115 5473 contumeliam

536 5505 708 5580 (Rom.
758 5521 830 5568 lx,
873 5503 962 5569 22,
1011 5504 1104 5570 25,
1148 5504 1259 5575 2i).
1305 5526 1323 5557 ι
1377 5507 1565 5563 Merito
1605 5516 1783 5563 autem
1844 5507 2118 5564 videretur

533 5598 791 5670 injustum
839 5598 982 5669 quod
1037 5596 1172 5651 ﬁunt
1224 5613 1346 5653 vasa
1391 5599 1484 5655 irae
1534 5602 1600 5656 ad
1641 5602 2015 5673 perditionem,
2073 5603 2117 5659 si

534 5707 637 5746 non
668 5701 812 5749 esset
860 5694 971 5764 ipsa
1008 5695 1260 5750 universa
1286 5711 1354 5751 ex
1398 5696 1568 5753 Adam
1615 5715 1791 5755 massa
1844 5697 2131 5755 damnata.’

534 5787 685 5851 Quod
712 5802 842 5860 ergo
869 5787 1002 5844 ﬁunt
1035 5788 1159 5845 inde
1190 5790 1461 5845 nascendo
1488 5804 1613 5845 vasa
1645 5792 1759 5855 ine,
1792 5792 2022 5861 pertinet
2050 5792 2115 5846 ad

535 5878 768 5933 debitam
793 5895 1009 5953 ptenam
1036 5900 1049 5943 ;
1090 5884 1233 5944 quod
1256 5892 1436 5938 autem
1466 5880 1598 5936 ﬁunt
1635 5885 1965 5940 renaseendo
1988 5900 2115 5939 vasa

2234 1998 2427 2069 quibus
2449 2016 2571 2054 cmn
2594 2015 2688 2071 per
2708 2000 2905 2055 Christi
2924 2003 3151 2073 gratiam
3177 2013 3537 2067 renascuntur,
3555 2013 3597 2059 et
3618 2005 3723 2058 istam

2231 2089 2401 2143 vitam
2433 2090 2486 2145 in
2514 2090 2606 2144 illa
2630 2100 2814 2145 tenera
2859 2102 3019 2147 aetate
3050 2093 3320 2159 ﬁnientes,
3353 2096 3403 2149 in
3446 2105 3660 2149 mternam
3692 2106 3724 2149 et

2231 2184 2446 2239 beatam
2472 2193 2774 2250 transeunt,
2801 2185 2905 2240 dici
2928 2203 3033 2241 non
3058 2198 3238 2258 potest
3259 2191 3398 2260 quod
3420 2189 3722 2245 liberodiseer-

2234 2285 2439 2330 nuntur
2460 2276 2687 2332 arbitrio
2709 2277 2778 2331 ab
2798 2276 2919 2333 aliis
2949 2279 3276 2343 infantibus,
3294 2281 3381 2352 qui
3406 2279 3512 2336 sine
3535 2282 3617 2335 hac
3650 2295 3725 2350 gra-

2234 2368 2308 2422 tia
2339 2368 2391 2421 in
2421 2368 2590 2438 ipsius
2616 2384 2811 2426 massa
2835 2370 3178 2426 damnatione
3207 2375 3517 2429 moriuntur.
3539 2374 3587 2429 Si
3605 2383 3723 2428 autem

2236 2459 2289 2514 hi
2320 2459 2420 2514 soli
2447 2469 2765 2515 crearentur
2787 2476 2853 2516 ex
2896 2462 3102 2528 Adam,
3131 2465 3223 2534 qui
3254 2475 3434 2521 essent
3456 2479 3543 2536 per
3562 2466 3724 2535 gratia-

2237 2553 2536 2616 recreandi,
2561 2561 2613 2608 et
2640 2564 2836 2624 praeter
2874 2555 3026 2621 illos,
3058 2557 3148 2627 qui
3178 2557 3236 2612 in
3262 2555 3355 2612 Dei
3388 2558 3515 2612 ﬁlios
3538 2558 3723 2626 adoptan-

2236 2656 2345 2712 tur,
2372 2646 2500 2702 nulli
2552 2647 2641 2702 alii
2674 2649 2917 2704 homines
2951 2662 3329 2716 nascerentnr,
3373 2650 3548 2706 lateret
3584 2650 3724 2703 beneﬁ-

2234 2738 2401 2805 cium,
2423 2739 2566 2809 quod
2591 2740 2883 2795 donaretur
2902 2741 3156 2815 indignis.
3181 2743 3319 2811 Quia
3345 2744 3495 2798 nullis
3517 2758 3572 2797 ex
3596 2742 3723 2797 eadem

2220 2832 2530 2887 damnabili
2545 2832 2714 2903 stirpe
2725 2834 3065 2891 venientibus
3078 2835 3320 2891 debitum
3346 2836 3626 2908 supplicium
3648 2833 3725 2887 red»

2236 2923 2482 2989 deretur,
2534 2939 2659 2979 cum
2685 2939 2814 2981 vero
2859 2941 2880 2977 ι
2916 2926 3092 2982 attulit
3122 2928 3175 2982 in
3202 2928 3372 2982 multa
3402 2927 3619 2999 patientia
3642 2940 3724 2979 vasa

2236 3018 2351 3085 iras,
2378 3035 2500 3091 quae
2525 3020 2767 3091 perfecta
2800 3030 2928 3077 sunt
2970 3023 3025 3077 in
3069 3024 3404 3094 perditione,
3434 3044 3452 3076 ι
3484 3036 3572 3077 non
3610 3017 3725 3073 solum

2236 3113 2473 3170 ostendit
2552 3116 2690 3170 iram
2759 3125 2815 3171 et
2881 3117 3274 3173 demonstravit
3320 3116 3586 3188 potentiam
3624 3125 3724 3167 suam

2240 3204 2573 3263 redbibendo
2623 3208 2917 3267 vindictam
2976 3218 3032 3264 et
3075 3211 3214 3265 bene
3272 3210 3466 3267 utendo
3506 3204 3725 3265 malis.sed

2234 3298 2399 3355 etiam
2434 3318 2451 3351 ι
2491 3309 2648 3356 notas
2698 3298 2827 3356 fecit
2855 3301 3069 3357 divitias
3095 3302 3282 3375 gloria:
3306 3320 3414 3360 sua:
3458 3303 3506 3367 in
3531 3318 3633 3363 vasa
3659 3298 3723 3355 nti-

2232 3394 2555 3450 sericordiae.
2594 3413 2612 3446 »
2648 3392 2726 3450 Ita
2752 3396 2895 3451 enim
2920 3396 3048 3467 quid
3074 3396 3177 3452 sibi
3206 3406 3483 3467 prmstetur
3502 3395 3626 3451 discit
3644 3406 3723 3465 gra-

2234 3484 2301 3539 tis
2323 3481 2687 3552 justiﬁcatus,
2714 3485 2841 3541 dum
2870 3501 2975 3541 non
2998 3502 3095 3541 suo
3139 3488 3368 3551 merito,
3399 3486 3483 3542 sed
3509 3483 3642 3558 gloria
3662 3480 3726 3535 lat-

2231 3578 2449 3648 gissime
2476 3577 2570 3633 Dei
2598 3578 2982 3635 misericordia:
3001 3580 3331 3639 discernitur
3365 3597 3394 3637 a
3416 3581 3630 3635 damnato
3645 3587 3724 3628 cum

2230 3685 2337 3740 quo
2363 3671 2554 3757 eadem
2592 3671 2800 3743 justitia
2830 3670 3007 3731 fuerat
3041 3680 3094 3727 et
3124 3672 3243 3742 ipso
3273 3672 3595 3727 damnandus.
3638 3665 3724 3721 Tm

2230 3762 2429 3816 multos
2474 3772 2654 3818 autem
2686 3764 2947 3819 creandos
2982 3764 3130 3819 nasci
3166 3765 3335 3819 voluit
3379 3780 3504 3835 quos
3529 3760 3585 3816 ad
3623 3771 3724 3813 suam

2230 3854 2460 3925 gratiam
2503 3870 2607 3908 non
2640 3854 2913 3924 pertinuere
2948 3856 3239 3924 pra'scivit,
3275 3864 3331 3910 ut
3362 3852 3651 3911 multitudine
3674 3848 3725 3901 in-

2231 3948 2576 4017 comparabili
2636 3946 2816 4017 plures
2867 3949 2997 4013 sint,
3051 3966 3216 4019 quam
3259 3966 3395 4021 quos
3431 3950 3480 4017 in
3519 3946 3586 4002 sui
3625 3939 3723 4009 regni

2229 4039 2455 4111 gloriam
2516 4040 2652 4095 ﬁlios
2699 4041 3074 4110 promissionis
3124 4043 3504 4115 prxdestinare
3546 4037 3725 4109 dignatus

2229 4139 2311 4185 cst
2343 4149 2355 4185 :
2388 4140 2444 4185 ut
2472 4133 2635 4188 etiam
2664 4133 2778 4203 ipsa
2811 4133 3135 4205 rejectorttm
3182 4134 3511 4190 multitudine
3546 4126 3723 4186 Ostende-

2228 4236 2401 4292 retur,
2429 4242 2589 4296 quam
2625 4225 2822 4281 nullius
2852 4228 3107 4283 momenti
3136 4228 3210 4283 sit
3236 4228 3373 4299 apud
3405 4228 3553 4283 Deum
3580 4221 3721 4291 jusmtl

2228 4317 2561 4389 quantalibet
2579 4317 3255 4395 numerositasjustissime
3282 4320 3632 4374 damnatorum.
3656 4311 3718 4362 At-

2226 4426 2332 4481 que
2370 4418 2429 4465 ut
2447 4410 2570 4464 hinc
2595 4425 2809 4481 quoque
2851 4410 3181 4481 intelligant,
3212 4411 3306 4483 qui
3335 4427 3397 4466 ex
3439 4411 3538 4481 ipsa
3569 4406 3722 4459 damna-

2228 4503 2371 4557 tione
2432 4503 2792 4566 redimuntur,
2839 4503 2941 4557 hoc
2988 4503 3155 4557 luisse
3199 4503 3439 4559 debitum
3489 4513 3642 4565 massa:
3674 4491 3721 4545 mi

2229 4595 2519 4659 universze,
2548 4594 2688 4664 quod
2717 4604 2824 4649 tam
2852 4610 3061 4667 magna:
3088 4596 3227 4666 parti
3262 4595 3376 4665 ejus
3399 4593 3626 4663 redditum
3644 4600 3721 4639 ατί

2226 4693 2435 4750 nereut,
2460 4704 2566 4740 non
2589 4686 2762 4747 solum
2798 4689 2849 4743 in
2873 4689 2978 4754 eis,
3009 4690 3101 4759 qui
3121 4689 3368 4761 originali
3397 4696 3589 4759 peccato
3608 4680 3721 4735 ηιυιιλ

2226 4779 2450 4844 addunt,
2505 4781 2659 4835 malm
2707 4782 2993 4837 voluntatis
3021 4782 3272 4850 arbitrio,
3301 4798 3476 4845 verum
3522 4778 3649 4835 etiam
3685 4771 3720 4825 il

2228 4884 2336 4928 tam
2366 4874 2547 4929 multis
2572 4876 2837 4944 parvulis,
2869 4876 2959 4947 qui
2989 4878 3361 4945 tantummodo
3391 4872 3576 4939 tinctth
3600 4864 3719 4934 ρτίκί·

2227 4966 2363 5020 italis
2387 4967 2593 5036 peccati
2624 4967 2867 5023 obstricti
2907 4968 3023 5022 sine
3061 4970 3233 5040 gratia
3266 4966 3555 5025 mediatoris
3575 4977 3626 5014 ex
3652 4959 3720 5011 Ιικ

2228 5055 2345 5113 luce
2379 5058 2682 5127 rapiuntur.
2714 5056 2845 5111 Tota
2881 5074 3077 5130 quippe
3114 5058 3211 5126 ista
3242 5074 3411 5119 massa
3444 5058 3583 5129 justiti
3617 5049 3717 5107 ἀπ’

2228 5151 2461 5206 nationis
2496 5151 2759 5220 reciperet
2807 5151 3043 5207 debitum
3066 5191 3080 5217 ,
3111 5152 3211 5208 nisi
3248 5169 3312 5207 ex
3339 5166 3400 5207 ea
3440 5149 3611 5211 facere!
3647 5149 3718 5193 ηω

2226 5242 2395 5297 solum
2415 5240 2613 5310 justus,
2639 5243 2730 5298 sed
2754 5243 2917 5297 etiam
2945 5244 3251 5301 misericors
3280 5262 3298 5299 ς
3339 5240 3515 5313 ﬁgulus
3531 5235 3718 5301 allata“

2226 5336 2278 5389 in
2304 5336 2616 5399 honorem,»
2638 5335 2933 5391 secundum
2950 5338 3203 5407 gratiam,
3219 5352 3322 5405 non
3335 5320 3720 5403 secundumtk‘bi-

2227 5437 2358 5492 tum,
2390 5428 2515 5482 dmn
2538 5437 2587 5482 et
2620 5427 2854 5497 parvulis
2880 5429 3145 5492 subvenit,
3177 5443 3395 5498 quorum
3424 5422 3549 5480 nulla
3578 5412 3718 5473 milia

2225 5520 2327 5575 dici
2360 5530 2619 5589 possunt,
2644 5530 2697 5579 et
2728 5520 2962 5589 majores
2986 5522 3243 5590 prtevenit
3267 5561 3280 5585 ,
3306 5528 3360 5575 nt
3387 5519 3564 5577 habere
3588 5508 3719 5577 διίιιιιι

2212 5614 2415 5669 merita
2444 5612 2697 5687 possint.]

2292 5706 2448 5770 Item,
2473 5707 2525 5761 in
2579 5706 2732 5761 libris
2774 5708 2841 5762 de
2882 5707 3113 5764 Civitate
3158 5709 3268 5773 Dei,
3297 5705 3474 5763 volens
3498 5693 3717 5758 οειεηάεπο

2219 5807 2480 5868 quantum
2531 5796 2680 5852 nefas
2727 5798 2775 5851 in
2832 5798 2918 5852 illa
2970 5801 3140 5869 prima
3171 5796 3573 5870 prmvarit‘atione
3608 5795 3715 5845 ους·

2222 5889 2442 5941 missum
2474 5889 2565 5953 sit,
2596 5896 2648 5943 et
2674 5888 2907 5957 qualiter
2933 5889 3050 5958 ejus
3075 5890 3263 5945 merito
3288 5887 3426 5944 credi
3455 5883 3613 5939 debeat
3633 5881 3711 5927 ιου
