  <div class='ocr_page' id='page_1' title='image "/cluster/home/n/w/nwhite01/storage/ocr_20150623/121/hvd.32044015471642/544.png"; bbox 0 0 3966 6334; ppageno 0'>
   <div class='ocr_carea' id='block_1_1' title="bbox 292 316 443 376">
    <p class='ocr_par' dir='ltr' id='par_1_1' title="bbox 292 316 443 376">
     <span class='ocr_line' id='line_1_1' title="bbox 292 316 443 376; baseline -0.007 0"><span class='ocrx_word' id='word_1_1' title='bbox 292 316 443 376; x_wconf 76' lang='lat' dir='ltr'><strong>i077</strong></span> 
     </span>
    </p>
   </div>
   <div class='ocr_carea' id='block_1_2' title="bbox 1229 266 2604 377">
    <p class='ocr_par' dir='ltr' id='par_1_2' title="bbox 1229 266 2604 377">
     <span class='ocr_line' id='line_1_2' title="bbox 1229 266 2604 377; baseline 0.001 -3"><span class='ocrx_word' id='word_1_2' title='bbox 1229 318 1317 374; x_wconf 94' lang='lat' dir='ltr'><strong>DE</strong></span> <span class='ocrx_word' id='word_1_3' title='bbox 1356 314 1705 377; x_wconf 77' lang='lat' dir='ltr'><strong>GENERALI</strong></span> <span class='ocrx_word' id='word_1_4' title='bbox 1743 315 1879 375; x_wconf 77' lang='lat' dir='ltr'><strong>PER</strong></span> <span class='ocrx_word' id='word_1_5' title='bbox 1906 314 2100 375; x_wconf 74' lang='lat' dir='ltr'><strong>ADAM</strong></span> <span class='ocrx_word' id='word_1_6' title='bbox 2134 266 2604 377; x_wconf 52' lang='lat' dir='ltr'><strong>DAhiNATIONE.</strong></span> 
     </span>
    </p>
   </div>
   <div class='ocr_carea' id='block_1_3' title="bbox 3430 325 3568 417">
    <p class='ocr_par' dir='ltr' id='par_1_3' title="bbox 3430 325 3568 417">
     <span class='ocr_line' id='line_1_3' title="bbox 3430 325 3568 417; baseline 0.036 -36"><span class='ocrx_word' id='word_1_7' title='bbox 3430 325 3568 417; x_wconf 63' lang='lat' dir='ltr'><strong>iove</strong></span> 
     </span>
    </p>
   </div>
   <div class='ocr_carea' id='block_1_4' title="bbox 284 433 3568 513">
    <p class='ocr_par' dir='ltr' id='par_1_4' title="bbox 284 433 3568 513">
     <span class='ocr_line' id='line_1_4' title="bbox 284 433 3568 513; baseline 0.004 -20"><span class='ocrx_word' id='word_1_8' title='bbox 284 433 521 494; x_wconf 80' lang='lat' dir='ltr'><strong>humani</strong></span> <span class='ocrx_word' id='word_1_9' title='bbox 556 433 770 507; x_wconf 78' lang='lat' dir='ltr'><strong>generis</strong></span> <span class='ocrx_word' id='word_1_10' title='bbox 809 448 983 491; x_wconf 85' lang='lat' dir='ltr'><strong>massa</strong></span> <span class='ocrx_word' id='word_1_11' title='bbox 1012 434 1265 497; x_wconf 84' lang='lat' dir='ltr'><strong>damnata</strong></span> <span class='ocrx_word' id='word_1_12' title='bbox 1285 477 1299 502; x_wconf 93' lang='lat'><strong>,</strong></span> <span class='ocrx_word' id='word_1_13' title='bbox 1328 436 1400 493; x_wconf 86' lang='lat' dir='ltr'><strong>ita</strong></span> <span class='ocrx_word' id='word_1_14' title='bbox 1451 436 1618 497; x_wconf 83' lang='lat' dir='ltr'><strong>dicit:</strong></span> <span class='ocrx_word' id='word_1_15' title='bbox 1649 436 1884 510; x_wconf 87' lang='lat' dir='ltr'><strong>[Quanto</strong></span> <span class='ocrx_word' id='word_1_16' title='bbox 1912 436 1959 511; x_wconf 64' lang='grc' dir='ltr'>,Α</span> <span class='ocrx_word' id='word_1_17' title='bbox 1994 453 2013 491; x_wconf 74' lang='grc' dir='ltr'>σ</span> <span class='ocrx_word' id='word_1_18' title='bbox 2046 450 2112 491; x_wconf 78' lang='lat' dir='ltr'><strong>ex</strong></span> <span class='ocrx_word' id='word_1_19' title='bbox 2140 437 2328 495; x_wconf 85' lang='lat' dir='ltr'><strong>eadem</strong></span> <span class='ocrx_word' id='word_1_20' title='bbox 2353 455 2530 499; x_wconf 73' lang='lat' dir='ltr'><strong>mssa</strong></span> <span class='ocrx_word' id='word_1_21' title='bbox 2561 440 2688 499; x_wconf 80' lang='lat' dir='ltr'><strong>fecit</strong></span> <span class='ocrx_word' id='word_1_22' title='bbox 2714 442 2861 501; x_wconf 83' lang='lat' dir='ltr'><strong>aliud</strong></span> <span class='ocrx_word' id='word_1_23' title='bbox 2890 457 2987 501; x_wconf 82' lang='lat' dir='ltr'><strong>vas</strong></span> <span class='ocrx_word' id='word_1_24' title='bbox 3011 445 3065 503; x_wconf 92' lang='lat' dir='ltr'><strong>in</strong></span> <span class='ocrx_word' id='word_1_25' title='bbox 3102 445 3386 513; x_wconf 88' lang='lat' dir='ltr'><strong>honorem,</strong></span> <span class='ocrx_word' id='word_1_26' title='bbox 3424 446 3568 507; x_wconf 80' lang='lat' dir='ltr'><strong>aliud</strong></span> 
     </span>
    </p>
   </div>
   <div class='ocr_carea' id='block_1_5' title="bbox 288 529 1885 603">
    <p class='ocr_par' dir='ltr' id='par_1_5' title="bbox 288 529 1885 603">
     <span class='ocr_line' id='line_1_5' title="bbox 288 529 1885 603; baseline -0.002 -15"><span class='ocrx_word' id='word_1_27' title='bbox 288 532 445 588; x_wconf 85' lang='lat' dir='ltr'><strong>enim</strong></span> <span class='ocrx_word' id='word_1_28' title='bbox 474 529 645 601; x_wconf 83' lang='lat' dir='ltr'><strong>magis</strong></span> <span class='ocrx_word' id='word_1_29' title='bbox 675 530 836 586; x_wconf 90' lang='lat' dir='ltr'><strong>homo</strong></span> <span class='ocrx_word' id='word_1_30' title='bbox 881 529 1162 589; x_wconf 71' lang='lat' dir='ltr'><strong>fruebatur</strong></span> <span class='ocrx_word' id='word_1_31' title='bbox 1186 529 1326 594; x_wconf 88' lang='lat' dir='ltr'><strong>Deo,</strong></span> <span class='ocrx_word' id='word_1_32' title='bbox 1358 538 1507 587; x_wconf 89' lang='lat' dir='ltr'><strong>tanto</strong></span> <span class='ocrx_word' id='word_1_33' title='bbox 1537 531 1741 603; x_wconf 83' lang='lat' dir='ltr'><strong>majore</strong></span> <span class='ocrx_word' id='word_1_34' title='bbox 1784 530 1885 586; x_wconf 89' lang='lat' dir='ltr'><strong>im-</strong></span> 
     </span>
    </p>
   </div>
   <div class='ocr_carea' id='block_1_6' title="bbox 287 620 1886 696">
    <p class='ocr_par' dir='ltr' id='par_1_6' title="bbox 287 620 1886 696">
     <span class='ocr_line' id='line_1_6' title="bbox 287 620 1886 696; baseline 0.003 -20"><span class='ocrx_word' id='word_1_35' title='bbox 287 622 503 693; x_wconf 85' lang='lat' dir='ltr'><strong>pietate</strong></span> <span class='ocrx_word' id='word_1_36' title='bbox 528 620 817 692; x_wconf 77' lang='lat' dir='ltr'><strong>dereliquit</strong></span> <span class='ocrx_word' id='word_1_37' title='bbox 851 620 1053 688; x_wconf 89' lang='lat' dir='ltr'><strong>Deum;</strong></span> <span class='ocrx_word' id='word_1_38' title='bbox 1087 630 1144 679; x_wconf 90' lang='lat' dir='ltr'><strong>et</strong></span> <span class='ocrx_word' id='word_1_39' title='bbox 1162 622 1335 681; x_wconf 80' lang='lat' dir='ltr'><strong>iactus</strong></span> <span class='ocrx_word' id='word_1_40' title='bbox 1380 631 1464 681; x_wconf 85' lang='lat' dir='ltr'><strong>est</strong></span> <span class='ocrx_word' id='word_1_41' title='bbox 1508 624 1652 679; x_wconf 90' lang='lat' dir='ltr'><strong>malo</strong></span> <span class='ocrx_word' id='word_1_42' title='bbox 1693 624 1886 696; x_wconf 87' lang='lat' dir='ltr'><strong>dignus</strong></span> 
     </span>
    </p>
   </div>
   <div class='ocr_carea' id='block_1_7' title="bbox 284 713 1886 787">
    <p class='ocr_par' dir='ltr' id='par_1_7' title="bbox 284 713 1886 787">
     <span class='ocr_line' id='line_1_7' title="bbox 284 713 1886 787; baseline 0.001 -17"><span class='ocrx_word' id='word_1_43' title='bbox 284 723 526 780; x_wconf 66' lang='lat' dir='ltr'><strong>aeterno,</strong></span> <span class='ocrx_word' id='word_1_44' title='bbox 556 713 648 786; x_wconf 87' lang='lat' dir='ltr'><strong>qui</strong></span> <span class='ocrx_word' id='word_1_45' title='bbox 670 715 774 772; x_wconf 89' lang='lat' dir='ltr'><strong>hoc</strong></span> <span class='ocrx_word' id='word_1_46' title='bbox 796 715 850 771; x_wconf 91' lang='lat' dir='ltr'><strong>in</strong></span> <span class='ocrx_word' id='word_1_47' title='bbox 870 729 931 771; x_wconf 88' lang='lat' dir='ltr'><strong>se</strong></span> <span class='ocrx_word' id='word_1_48' title='bbox 951 713 1181 786; x_wconf 83' lang='lat' dir='ltr'><strong>peremit</strong></span> <span class='ocrx_word' id='word_1_49' title='bbox 1201 715 1426 783; x_wconf 87' lang='lat' dir='ltr'><strong>bonum,</strong></span> <span class='ocrx_word' id='word_1_50' title='bbox 1456 716 1599 787; x_wconf 90' lang='lat' dir='ltr'><strong>quod</strong></span> <span class='ocrx_word' id='word_1_51' title='bbox 1621 731 1740 773; x_wconf 87' lang='lat' dir='ltr'><strong>esse</strong></span> <span class='ocrx_word' id='word_1_52' title='bbox 1760 731 1886 786; x_wconf 82' lang='lat' dir='ltr'><strong>pos-</strong></span> 
     </span>
    </p>
   </div>
   <div class='ocr_carea' id='block_1_8' title="bbox 287 805 1882 878">
    <p class='ocr_par' dir='ltr' id='par_1_8' title="bbox 287 805 1882 878">
     <span class='ocr_line' id='line_1_8' title="bbox 287 805 1882 878; baseline 0 -14"><span class='ocrx_word' id='word_1_53' title='bbox 287 814 382 864; x_wconf 76' lang='lat' dir='ltr'><strong>set</strong></span> <span class='ocrx_word' id='word_1_54' title='bbox 402 814 689 863; x_wconf 77' lang='lat' dir='ltr'><strong>:eternum.</strong></span> <span class='ocrx_word' id='word_1_55' title='bbox 711 805 850 863; x_wconf 84' lang='lat' dir='ltr'><strong>Hinc</strong></span> <span class='ocrx_word' id='word_1_56' title='bbox 868 806 1213 864; x_wconf 85' lang='lat' dir='ltr'><strong>estuniversa</strong></span> <span class='ocrx_word' id='word_1_57' title='bbox 1234 807 1448 878; x_wconf 85' lang='lat' dir='ltr'><strong>generis</strong></span> <span class='ocrx_word' id='word_1_58' title='bbox 1469 807 1690 863; x_wconf 84' lang='lat' dir='ltr'><strong>humani</strong></span> <span class='ocrx_word' id='word_1_59' title='bbox 1705 822 1882 864; x_wconf 87' lang='lat' dir='ltr'><strong>massa</strong></span> 
     </span>
    </p>
   </div>
   <div class='ocr_carea' id='block_1_9' title="bbox 285 899 1880 971">
    <p class='ocr_par' dir='ltr' id='par_1_9' title="bbox 285 899 1880 971">
     <span class='ocr_line' id='line_1_9' title="bbox 285 899 1880 971; baseline 0 -16"><span class='ocrx_word' id='word_1_60' title='bbox 285 900 551 956; x_wconf 83' lang='lat' dir='ltr'><strong>damnata</strong></span> <span class='ocrx_word' id='word_1_61' title='bbox 578 913 595 956; x_wconf 90' lang='lat'><strong>:</strong></span> <span class='ocrx_word' id='word_1_62' title='bbox 623 900 879 971; x_wconf 88' lang='lat' dir='ltr'><strong>quoniam</strong></span> <span class='ocrx_word' id='word_1_63' title='bbox 913 899 1006 969; x_wconf 91' lang='lat' dir='ltr'><strong>qui</strong></span> <span class='ocrx_word' id='word_1_64' title='bbox 1038 899 1142 967; x_wconf 87' lang='lat' dir='ltr'><strong>hoc</strong></span> <span class='ocrx_word' id='word_1_65' title='bbox 1165 900 1373 970; x_wconf 86' lang='lat' dir='ltr'><strong>primus</strong></span> <span class='ocrx_word' id='word_1_66' title='bbox 1394 899 1612 963; x_wconf 80' lang='lat' dir='ltr'><strong>admisit</strong></span> <span class='ocrx_word' id='word_1_67' title='bbox 1635 916 1756 956; x_wconf 90' lang='lat' dir='ltr'><strong>cum</strong></span> <span class='ocrx_word' id='word_1_68' title='bbox 1792 914 1880 968; x_wconf 88' lang='lat' dir='ltr'><strong>ea,</strong></span> 
     </span>
    </p>
   </div>
   <div class='ocr_carea' id='block_1_10' title="bbox 282 990 1879 1062">
    <p class='ocr_par' dir='ltr' id='par_1_10' title="bbox 282 990 1879 1062">
     <span class='ocr_line' id='line_1_10' title="bbox 282 990 1879 1062; baseline 0.001 -18"><span class='ocrx_word' id='word_1_69' title='bbox 282 1005 417 1061; x_wconf 77' lang='lat' dir='ltr'><strong>qua:</strong></span> <span class='ocrx_word' id='word_1_70' title='bbox 440 991 496 1045; x_wconf 92' lang='lat' dir='ltr'><strong>in</strong></span> <span class='ocrx_word' id='word_1_71' title='bbox 527 990 618 1045; x_wconf 90' lang='lat' dir='ltr'><strong>illo</strong></span> <span class='ocrx_word' id='word_1_72' title='bbox 645 990 823 1046; x_wconf 80' lang='lat' dir='ltr'><strong>fuerat</strong></span> <span class='ocrx_word' id='word_1_73' title='bbox 853 991 1088 1047; x_wconf 89' lang='lat' dir='ltr'><strong>radicata</strong></span> <span class='ocrx_word' id='word_1_74' title='bbox 1108 1032 1123 1057; x_wconf 93' lang='lat'><strong>,</strong></span> <span class='ocrx_word' id='word_1_75' title='bbox 1152 1006 1251 1046; x_wconf 90' lang='lat' dir='ltr'><strong>sua</strong></span> <span class='ocrx_word' id='word_1_76' title='bbox 1279 992 1444 1061; x_wconf 87' lang='lat' dir='ltr'><strong>stirpe</strong></span> <span class='ocrx_word' id='word_1_77' title='bbox 1490 991 1709 1062; x_wconf 89' lang='lat' dir='ltr'><strong>punitus</strong></span> <span class='ocrx_word' id='word_1_78' title='bbox 1752 1000 1835 1047; x_wconf 89' lang='lat' dir='ltr'><strong>est</strong></span> <span class='ocrx_word' id='word_1_79' title='bbox 1864 1009 1879 1046; x_wconf 89' lang='lat'><strong>:</strong></span> 
     </span>
    </p>
   </div>
   <div class='ocr_carea' id='block_1_11' title="bbox 280 1083 1883 1155">
    <p class='ocr_par' dir='ltr' id='par_1_11' title="bbox 280 1083 1883 1155">
     <span class='ocr_line' id='line_1_11' title="bbox 280 1083 1883 1155; baseline 0.002 -17"><span class='ocrx_word' id='word_1_80' title='bbox 280 1094 356 1139; x_wconf 77' lang='lat' dir='ltr'><strong>ut</strong></span> <span class='ocrx_word' id='word_1_81' title='bbox 387 1084 568 1139; x_wconf 87' lang='lat' dir='ltr'><strong>nullus</strong></span> <span class='ocrx_word' id='word_1_82' title='bbox 591 1085 659 1139; x_wconf 91' lang='lat' dir='ltr'><strong>ab</strong></span> <span class='ocrx_word' id='word_1_83' title='bbox 686 1085 790 1140; x_wconf 88' lang='lat' dir='ltr'><strong>hoc</strong></span> <span class='ocrx_word' id='word_1_84' title='bbox 806 1084 957 1155; x_wconf 79' lang='lat' dir='ltr'><strong>justo</strong></span> <span class='ocrx_word' id='word_1_85' title='bbox 983 1084 1271 1154; x_wconf 87' lang='lat' dir='ltr'><strong>debitoque</strong></span> <span class='ocrx_word' id='word_1_86' title='bbox 1294 1083 1556 1154; x_wconf 89' lang='lat' dir='ltr'><strong>supplicio</strong></span> <span class='ocrx_word' id='word_1_87' title='bbox 1590 1084 1693 1139; x_wconf 89' lang='lat' dir='ltr'><strong>nisi</strong></span> <span class='ocrx_word' id='word_1_88' title='bbox 1721 1084 1883 1143; x_wconf 84' lang='lat' dir='ltr'><strong>mise-</strong></span> 
     </span>
    </p>
   </div>
   <div class='ocr_carea' id='block_1_12' title="bbox 279 1177 1883 1251">
    <p class='ocr_par' dir='ltr' id='par_1_12' title="bbox 279 1177 1883 1251">
     <span class='ocr_line' id='line_1_12' title="bbox 279 1177 1883 1251; baseline 0.001 -18"><span class='ocrx_word' id='word_1_89' title='bbox 279 1178 530 1233; x_wconf 78' lang='lat' dir='ltr'><strong>ricordia</strong></span> <span class='ocrx_word' id='word_1_90' title='bbox 559 1185 613 1232; x_wconf 90' lang='lat' dir='ltr'><strong>et</strong></span> <span class='ocrx_word' id='word_1_91' title='bbox 642 1178 882 1234; x_wconf 88' lang='lat' dir='ltr'><strong>indebita</strong></span> <span class='ocrx_word' id='word_1_92' title='bbox 928 1179 1102 1251; x_wconf 88' lang='lat' dir='ltr'><strong>gratia</strong></span> <span class='ocrx_word' id='word_1_93' title='bbox 1148 1177 1441 1244; x_wconf 89' lang='lat' dir='ltr'><strong>liberetur,</strong></span> <span class='ocrx_word' id='word_1_94' title='bbox 1477 1186 1640 1248; x_wconf 91' lang='lat' dir='ltr'><strong>atque</strong></span> <span class='ocrx_word' id='word_1_95' title='bbox 1688 1178 1762 1233; x_wconf 90' lang='lat' dir='ltr'><strong>ita</strong></span> <span class='ocrx_word' id='word_1_96' title='bbox 1805 1177 1883 1235; x_wconf 86' lang='lat' dir='ltr'><strong>di-</strong></span> 
     </span>
    </p>
   </div>
   <div class='ocr_carea' id='block_1_13' title="bbox 278 1270 1882 1343">
    <p class='ocr_par' dir='ltr' id='par_1_13' title="bbox 278 1270 1882 1343">
     <span class='ocr_line' id='line_1_13' title="bbox 278 1270 1882 1343; baseline 0 -17"><span class='ocrx_word' id='word_1_97' title='bbox 278 1273 588 1341; x_wconf 76' lang='lat' dir='ltr'><strong>spertiatur</strong></span> <span class='ocrx_word' id='word_1_98' title='bbox 631 1286 805 1343; x_wconf 83' lang='lat' dir='ltr'><strong>genus</strong></span> <span class='ocrx_word' id='word_1_99' title='bbox 851 1271 1149 1328; x_wconf 89' lang='lat' dir='ltr'><strong>humanum</strong></span> <span class='ocrx_word' id='word_1_100' title='bbox 1176 1311 1193 1337; x_wconf 89' lang='lat'><strong>,</strong></span> <span class='ocrx_word' id='word_1_101' title='bbox 1222 1282 1281 1327; x_wconf 84' lang='lat' dir='ltr'><strong>ut</strong></span> <span class='ocrx_word' id='word_1_102' title='bbox 1313 1274 1366 1327; x_wconf 90' lang='lat' dir='ltr'><strong>in</strong></span> <span class='ocrx_word' id='word_1_103' title='bbox 1421 1271 1742 1340; x_wconf 86' lang='lat' dir='ltr'><strong>quibusdam</strong></span> <span class='ocrx_word' id='word_1_104' title='bbox 1789 1270 1882 1326; x_wconf 89' lang='lat' dir='ltr'><strong>de-</strong></span> 
     </span>
    </p>
   </div>
   <div class='ocr_carea' id='block_1_14' title="bbox 277 1363 1881 1447">
    <p class='ocr_par' dir='ltr' id='par_1_14' title="bbox 277 1363 1881 1447">
     <span class='ocr_line' id='line_1_14' title="bbox 277 1363 1881 1447; baseline 0.001 -29"><span class='ocrx_word' id='word_1_105' title='bbox 277 1375 627 1419; x_wconf 82' lang='lat' dir='ltr'><strong>monstretur</strong></span> <span class='ocrx_word' id='word_1_106' title='bbox 651 1364 781 1433; x_wconf 89' lang='lat' dir='ltr'><strong>quid</strong></span> <span class='ocrx_word' id='word_1_107' title='bbox 811 1363 990 1420; x_wconf 88' lang='lat' dir='ltr'><strong>valeat</strong></span> <span class='ocrx_word' id='word_1_108' title='bbox 1020 1364 1329 1421; x_wconf 87' lang='lat' dir='ltr'><strong>misericors</strong></span> <span class='ocrx_word' id='word_1_109' title='bbox 1356 1364 1529 1447; x_wconf 72' lang='lat' dir='ltr'><strong>gratia</strong></span> <span class='ocrx_word' id='word_1_110' title='bbox 1564 1364 1618 1419; x_wconf 94' lang='lat' dir='ltr'><strong>in</strong></span> <span class='ocrx_word' id='word_1_111' title='bbox 1668 1365 1881 1421; x_wconf 73' lang='lat' dir='ltr'><strong>czcteris</strong></span> 
     </span>
    </p>
   </div>
   <div class='ocr_carea' id='block_1_15' title="bbox 275 1452 1877 1526">
    <p class='ocr_par' dir='ltr' id='par_1_15' title="bbox 275 1452 1877 1526">
     <span class='ocr_line' id='line_1_15' title="bbox 275 1452 1877 1526; baseline 0.002 -18"><span class='ocrx_word' id='word_1_112' title='bbox 275 1456 417 1525; x_wconf 83' lang='lat' dir='ltr'><strong>quid</strong></span> <span class='ocrx_word' id='word_1_113' title='bbox 437 1455 583 1525; x_wconf 83' lang='lat' dir='ltr'><strong>josta</strong></span> <span class='ocrx_word' id='word_1_114' title='bbox 623 1455 883 1510; x_wconf 78' lang='lat' dir='ltr'><strong>vindicta.</strong></span> <span class='ocrx_word' id='word_1_115' title='bbox 915 1454 1099 1526; x_wconf 87' lang='lat' dir='ltr'><strong>Neque</strong></span> <span class='ocrx_word' id='word_1_116' title='bbox 1125 1455 1269 1511; x_wconf 90' lang='lat' dir='ltr'><strong>enim</strong></span> <span class='ocrx_word' id='word_1_117' title='bbox 1317 1452 1605 1525; x_wconf 87' lang='lat' dir='ltr'><strong>utrumque</strong></span> <span class='ocrx_word' id='word_1_118' title='bbox 1651 1456 1877 1511; x_wconf 78' lang='lat' dir='ltr'><strong>demon-</strong></span> 
     </span>
    </p>
   </div>
   <div class='ocr_carea' id='block_1_16' title="bbox 275 1547 1876 1615">
    <p class='ocr_par' dir='ltr' id='par_1_16' title="bbox 275 1547 1876 1615">
     <span class='ocr_line' id='line_1_16' title="bbox 275 1547 1876 1615; baseline 0.004 -13"><span class='ocrx_word' id='word_1_119' title='bbox 275 1557 530 1602; x_wconf 79' lang='lat' dir='ltr'><strong>staretur</strong></span> <span class='ocrx_word' id='word_1_120' title='bbox 559 1549 613 1602; x_wconf 93' lang='lat' dir='ltr'><strong>in</strong></span> <span class='ocrx_word' id='word_1_121' title='bbox 646 1547 921 1604; x_wconf 89' lang='lat' dir='ltr'><strong>omnibus.</strong></span> <span class='ocrx_word' id='word_1_122' title='bbox 963 1547 1099 1615; x_wconf 86' lang='lat' dir='ltr'><strong>Quia</strong></span> <span class='ocrx_word' id='word_1_123' title='bbox 1123 1549 1168 1604; x_wconf 88' lang='lat' dir='ltr'><strong>si</strong></span> <span class='ocrx_word' id='word_1_124' title='bbox 1198 1564 1389 1606; x_wconf 89' lang='lat' dir='ltr'><strong>oumes</strong></span> <span class='ocrx_word' id='word_1_125' title='bbox 1434 1559 1775 1605; x_wconf 87' lang='lat' dir='ltr'><strong>remanerent</strong></span> <span class='ocrx_word' id='word_1_126' title='bbox 1823 1549 1876 1609; x_wconf 88' lang='lat' dir='ltr'><strong>in</strong></span> 
     </span>
    </p>
   </div>
   <div class='ocr_carea' id='block_1_17' title="bbox 271 1632 1878 1717">
    <p class='ocr_par' dir='ltr' id='par_1_17' title="bbox 271 1632 1878 1717">
     <span class='ocr_line' id='line_1_17' title="bbox 271 1632 1878 1717; baseline 0.001 -21"><span class='ocrx_word' id='word_1_127' title='bbox 271 1641 465 1710; x_wconf 69' lang='lat' dir='ltr'><strong>pmnis</strong></span> <span class='ocrx_word' id='word_1_128' title='bbox 482 1640 645 1711; x_wconf 75' lang='lat' dir='ltr'><strong>justze</strong></span> <span class='ocrx_word' id='word_1_129' title='bbox 681 1632 1068 1717; x_wconf 74' lang='lat' dir='ltr'><strong>damnationis,</strong></span> <span class='ocrx_word' id='word_1_130' title='bbox 1096 1642 1150 1697; x_wconf 95' lang='lat' dir='ltr'><strong>in</strong></span> <span class='ocrx_word' id='word_1_131' title='bbox 1175 1642 1318 1697; x_wconf 88' lang='lat' dir='ltr'><strong>nullo</strong></span> <span class='ocrx_word' id='word_1_132' title='bbox 1352 1651 1640 1715; x_wconf 88' lang='lat' dir='ltr'><strong>appareret</strong></span> <span class='ocrx_word' id='word_1_133' title='bbox 1668 1643 1878 1698; x_wconf 86' lang='lat' dir='ltr'><strong>miseri-</strong></span> 
     </span>
    </p>
   </div>
   <div class='ocr_carea' id='block_1_18' title="bbox 273 1734 1874 1804">
    <p class='ocr_par' dir='ltr' id='par_1_18' title="bbox 273 1734 1874 1804">
     <span class='ocr_line' id='line_1_18' title="bbox 273 1734 1874 1804; baseline 0.001 -15"><span class='ocrx_word' id='word_1_134' title='bbox 273 1749 415 1789; x_wconf 85' lang='lat' dir='ltr'><strong>cors</strong></span> <span class='ocrx_word' id='word_1_135' title='bbox 453 1736 647 1804; x_wconf 89' lang='lat' dir='ltr'><strong>gratia.</strong></span> <span class='ocrx_word' id='word_1_136' title='bbox 680 1734 913 1801; x_wconf 84' lang='lat' dir='ltr'><strong>Rursus,</strong></span> <span class='ocrx_word' id='word_1_137' title='bbox 936 1735 980 1790; x_wconf 89' lang='lat' dir='ltr'><strong>si</strong></span> <span class='ocrx_word' id='word_1_138' title='bbox 1010 1750 1200 1793; x_wconf 85' lang='lat' dir='ltr'><strong>omnes</strong></span> <span class='ocrx_word' id='word_1_139' title='bbox 1223 1735 1646 1793; x_wconf 79' lang='lat' dir='ltr'><strong>transferrentur</strong></span> <span class='ocrx_word' id='word_1_140' title='bbox 1671 1751 1702 1790; x_wconf 90' lang='lat' dir='ltr'><strong>a</strong></span> <span class='ocrx_word' id='word_1_141' title='bbox 1725 1743 1874 1792; x_wconf 87' lang='lat' dir='ltr'><strong>teno-</strong></span> 
     </span>
    </p>
   </div>
   <div class='ocr_carea' id='block_1_19' title="bbox 1989 528 3566 607">
    <p class='ocr_par' dir='ltr' id='par_1_19' title="bbox 1989 528 3566 607">
     <span class='ocr_line' id='line_1_19' title="bbox 1989 528 3566 607; baseline 0.011 -24"><span class='ocrx_word' id='word_1_142' title='bbox 1989 528 2042 584; x_wconf 92' lang='lat' dir='ltr'><strong>in</strong></span> <span class='ocrx_word' id='word_1_143' title='bbox 2073 532 2454 588; x_wconf 85' lang='lat' dir='ltr'><strong>contumeliam</strong></span> <span class='ocrx_word' id='word_1_144' title='bbox 2498 532 2670 605; x_wconf 85' lang='lat' dir='ltr'><strong>(Rom.</strong></span> <span class='ocrx_word' id='word_1_145' title='bbox 2699 540 2776 607; x_wconf 82' lang='lat' dir='ltr'><strong>Ix)</strong></span> <span class='ocrx_word' id='word_1_146' title='bbox 2803 554 2816 591; x_wconf 90' lang='lat'><strong>:</strong></span> <span class='ocrx_word' id='word_1_147' title='bbox 2846 555 2869 591; x_wconf 73' lang='grc' dir='ltr'><strong>ι</strong></span> <span class='ocrx_word' id='word_1_148' title='bbox 2922 538 3076 607; x_wconf 81' lang='lat' dir='ltr'><strong>prius</strong></span> <span class='ocrx_word' id='word_1_149' title='bbox 3130 548 3309 597; x_wconf 87' lang='lat' dir='ltr'><strong>autem</strong></span> <span class='ocrx_word' id='word_1_150' title='bbox 3362 538 3566 601; x_wconf 79' lang='lat' dir='ltr'><strong>factum</strong></span> 
     </span>
    </p>
   </div>
   <div class='ocr_carea' id='block_1_20' title="bbox 1986 623 3569 703">
    <p class='ocr_par' dir='ltr' id='par_1_20' title="bbox 1986 623 3569 703">
     <span class='ocr_line' id='line_1_20' title="bbox 1986 623 3569 703; baseline 0.009 -24"><span class='ocrx_word' id='word_1_151' title='bbox 1986 630 2070 679; x_wconf 86' lang='lat' dir='ltr'><strong>est</strong></span> <span class='ocrx_word' id='word_1_152' title='bbox 2088 637 2185 678; x_wconf 90' lang='lat' dir='ltr'><strong>vas</strong></span> <span class='ocrx_word' id='word_1_153' title='bbox 2213 623 2266 678; x_wconf 92' lang='lat' dir='ltr'><strong>in</strong></span> <span class='ocrx_word' id='word_1_154' title='bbox 2289 626 2692 695; x_wconf 85' lang='lat' dir='ltr'><strong>contumeliam,</strong></span> <span class='ocrx_word' id='word_1_155' title='bbox 2740 636 2863 700; x_wconf 88' lang='lat' dir='ltr'><strong>post</strong></span> <span class='ocrx_word' id='word_1_156' title='bbox 2910 645 3041 687; x_wconf 89' lang='lat' dir='ltr'><strong>vero</strong></span> <span class='ocrx_word' id='word_1_157' title='bbox 3063 631 3291 697; x_wconf 83' lang='lat' dir='ltr'><strong>alterum</strong></span> <span class='ocrx_word' id='word_1_158' title='bbox 3315 632 3368 691; x_wconf 94' lang='lat' dir='ltr'><strong>in</strong></span> <span class='ocrx_word' id='word_1_159' title='bbox 3398 635 3569 703; x_wconf 77' lang='lat' dir='ltr'><strong>hono-</strong></span> 
     </span>
    </p>
   </div>
   <div class='ocr_carea' id='block_1_21' title="bbox 1985 714 3564 794">
    <p class='ocr_par' dir='ltr' id='par_1_21' title="bbox 1985 714 3564 794">
     <span class='ocr_line' id='line_1_21' title="bbox 1985 714 3564 794; baseline 0.009 -25"><span class='ocrx_word' id='word_1_160' title='bbox 1985 714 2149 787; x_wconf 79' lang='lat' dir='ltr'><strong>rem.]</strong></span> <span class='ocrx_word' id='word_1_161' title='bbox 2175 714 2294 771; x_wconf 83' lang='lat' dir='ltr'><strong>Jam</strong></span> <span class='ocrx_word' id='word_1_162' title='bbox 2326 732 2477 783; x_wconf 87' lang='lat' dir='ltr'><strong>vero,</strong></span> <span class='ocrx_word' id='word_1_163' title='bbox 2509 718 2562 775; x_wconf 94' lang='lat' dir='ltr'><strong>in</strong></span> <span class='ocrx_word' id='word_1_164' title='bbox 2595 718 2748 777; x_wconf 87' lang='lat' dir='ltr'><strong>libris</strong></span> <span class='ocrx_word' id='word_1_165' title='bbox 2775 720 2842 776; x_wconf 89' lang='lat' dir='ltr'><strong>de</strong></span> <span class='ocrx_word' id='word_1_166' title='bbox 2871 719 3148 792; x_wconf 85' lang='lat' dir='ltr'><strong>Baptismo</strong></span> <span class='ocrx_word' id='word_1_167' title='bbox 3192 725 3564 794; x_wconf 85' lang='lat' dir='ltr'><strong>parvulorum,</strong></span> 
     </span>
    </p>
   </div>
   <div class='ocr_carea' id='block_1_22' title="bbox 1988 808 3568 890">
    <p class='ocr_par' dir='ltr' id='par_1_22' title="bbox 1988 808 3568 890">
     <span class='ocr_line' id='line_1_22' title="bbox 1988 808 3568 890; baseline 0.013 -31"><span class='ocrx_word' id='word_1_168' title='bbox 1988 813 2136 861; x_wconf 88' lang='lat' dir='ltr'><strong>tanto</strong></span> <span class='ocrx_word' id='word_1_169' title='bbox 2180 808 2334 877; x_wconf 89' lang='lat' dir='ltr'><strong>plura</strong></span> <span class='ocrx_word' id='word_1_170' title='bbox 2393 810 2462 864; x_wconf 92' lang='lat' dir='ltr'><strong>de</strong></span> <span class='ocrx_word' id='word_1_171' title='bbox 2519 811 2622 867; x_wconf 90' lang='lat' dir='ltr'><strong>hac</strong></span> <span class='ocrx_word' id='word_1_172' title='bbox 2675 827 2734 873; x_wconf 88' lang='lat' dir='ltr'><strong>re</strong></span> <span class='ocrx_word' id='word_1_173' title='bbox 2783 812 3043 885; x_wconf 87' lang='lat' dir='ltr'><strong>loquitur,</strong></span> <span class='ocrx_word' id='word_1_174' title='bbox 3100 825 3305 889; x_wconf 76' lang='lat' dir='ltr'><strong>quanto</strong></span> <span class='ocrx_word' id='word_1_175' title='bbox 3362 818 3568 890; x_wconf 78' lang='lat' dir='ltr'><strong>majore</strong></span> 
     </span>
    </p>
   </div>
   <div class='ocr_carea' id='block_1_23' title="bbox 1985 896 3568 977">
    <p class='ocr_par' dir='ltr' id='par_1_23' title="bbox 1985 896 3568 977">
     <span class='ocr_line' id='line_1_23' title="bbox 1985 896 3568 977; baseline 0.01 -27"><span class='ocrx_word' id='word_1_176' title='bbox 1985 896 2286 955; x_wconf 86' lang='lat' dir='ltr'><strong>intentione</strong></span> <span class='ocrx_word' id='word_1_177' title='bbox 2312 916 2449 972; x_wconf 82' lang='lat' dir='ltr'><strong>opus</strong></span> <span class='ocrx_word' id='word_1_178' title='bbox 2469 911 2608 968; x_wconf 87' lang='lat' dir='ltr'><strong>erat,</strong></span> <span class='ocrx_word' id='word_1_179' title='bbox 2634 912 2695 963; x_wconf 90' lang='lat' dir='ltr'><strong>ut</strong></span> <span class='ocrx_word' id='word_1_180' title='bbox 2720 905 2982 961; x_wconf 87' lang='lat' dir='ltr'><strong>adversus</strong></span> <span class='ocrx_word' id='word_1_181' title='bbox 3008 907 3261 977; x_wconf 76' lang='lat' dir='ltr'><strong>praefatos</strong></span> <span class='ocrx_word' id='word_1_182' title='bbox 3282 910 3568 969; x_wconf 70' lang='lat' dir='ltr'><strong>haereticos</strong></span> 
     </span>
    </p>
   </div>
   <div class='ocr_carea' id='block_1_24' title="bbox 1984 988 3570 1075">
    <p class='ocr_par' dir='ltr' id='par_1_24' title="bbox 1984 988 3570 1075">
     <span class='ocr_line' id='line_1_24' title="bbox 1984 988 3570 1075; baseline 0.009 -26"><span class='ocrx_word' id='word_1_183' title='bbox 1984 988 2340 1063; x_wconf 82' lang='lat' dir='ltr'><strong>Pelagianos,</strong></span> <span class='ocrx_word' id='word_1_184' title='bbox 2395 1005 2452 1053; x_wconf 88' lang='lat' dir='ltr'><strong>et</strong></span> <span class='ocrx_word' id='word_1_185' title='bbox 2505 1011 2721 1068; x_wconf 69' lang='lat' dir='ltr'><strong>pmnam</strong></span> <span class='ocrx_word' id='word_1_186' title='bbox 2781 1000 3143 1058; x_wconf 88' lang='lat' dir='ltr'><strong>damnationis</strong></span> <span class='ocrx_word' id='word_1_187' title='bbox 3188 1003 3424 1073; x_wconf 80' lang='lat' dir='ltr'><strong>antiquae</strong></span> <span class='ocrx_word' id='word_1_188' title='bbox 3475 1019 3570 1075; x_wconf 87' lang='lat' dir='ltr'><strong>per</strong></span> 
     </span>
    </p>
   </div>
   <div class='ocr_carea' id='block_1_25' title="bbox 1982 1080 3569 1167">
    <p class='ocr_par' dir='ltr' id='par_1_25' title="bbox 1982 1080 3569 1167">
     <span class='ocr_line' id='line_1_25' title="bbox 1982 1080 3569 1167; baseline 0.011 -30"><span class='ocrx_word' id='word_1_189' title='bbox 1982 1080 2155 1143; x_wconf 80' lang='lat' dir='ltr'><strong>Adam</strong></span> <span class='ocrx_word' id='word_1_190' title='bbox 2181 1094 2236 1141; x_wconf 88' lang='lat' dir='ltr'><strong>et</strong></span> <span class='ocrx_word' id='word_1_191' title='bbox 2285 1086 2681 1158; x_wconf 87' lang='lat' dir='ltr'><strong>indulgentiam</strong></span> <span class='ocrx_word' id='word_1_192' title='bbox 2727 1094 2889 1149; x_wconf 67' lang='lat' dir='ltr'><strong>novae</strong></span> <span class='ocrx_word' id='word_1_193' title='bbox 2930 1094 3317 1164; x_wconf 78' lang='lat' dir='ltr'><strong>redemptionis</strong></span> <span class='ocrx_word' id='word_1_194' title='bbox 3344 1112 3441 1167; x_wconf 91' lang='lat' dir='ltr'><strong>per</strong></span> <span class='ocrx_word' id='word_1_195' title='bbox 3466 1098 3569 1153; x_wconf 91' lang='lat' dir='ltr'><strong>Do-</strong></span> 
     </span>
    </p>
   </div>
   <div class='ocr_carea' id='block_1_26' title="bbox 1982 1175 3563 1255">
    <p class='ocr_par' dir='ltr' id='par_1_26' title="bbox 1982 1175 3563 1255">
     <span class='ocr_line' id='line_1_26' title="bbox 1982 1175 3563 1255; baseline 0.011 -28"><span class='ocrx_word' id='word_1_196' title='bbox 1982 1175 2188 1233; x_wconf 89' lang='lat' dir='ltr'><strong>minum</strong></span> <span class='ocrx_word' id='word_1_197' title='bbox 2237 1176 2418 1235; x_wconf 86' lang='lat' dir='ltr'><strong>Jesnm</strong></span> <span class='ocrx_word' id='word_1_198' title='bbox 2473 1180 2747 1241; x_wconf 81' lang='lat' dir='ltr'><strong>Christum</strong></span> <span class='ocrx_word' id='word_1_199' title='bbox 2792 1185 3098 1247; x_wconf 82' lang='lat' dir='ltr'><strong>evidentius</strong></span> <span class='ocrx_word' id='word_1_200' title='bbox 3146 1187 3563 1255; x_wconf 75' lang='lat' dir='ltr'><strong>demonstraret,</strong></span> 
     </span>
    </p>
   </div>
   <div class='ocr_carea' id='block_1_27' title="bbox 1981 1266 3558 1347">
    <p class='ocr_par' dir='ltr' id='par_1_27' title="bbox 1981 1266 3558 1347">
     <span class='ocr_line' id='line_1_27' title="bbox 1981 1266 3558 1347; baseline 0.012 -28"><span class='ocrx_word' id='word_1_201' title='bbox 1981 1266 2255 1335; x_wconf 79' lang='lat' dir='ltr'><strong>probaret,</strong></span> <span class='ocrx_word' id='word_1_202' title='bbox 2284 1278 2445 1339; x_wconf 89' lang='lat' dir='ltr'><strong>atque</strong></span> <span class='ocrx_word' id='word_1_203' title='bbox 2473 1275 2895 1333; x_wconf 85' lang='lat' dir='ltr'><strong>commendaret.</strong></span> <span class='ocrx_word' id='word_1_204' title='bbox 3554 1343 3558 1347; x_wconf 9' lang='grc'><strong>1</strong></span> 
     </span>
    </p>
   </div>
   <div class='ocr_carea' id='block_1_28' title="bbox 2050 1357 3568 1440">
    <p class='ocr_par' dir='ltr' id='par_1_28' title="bbox 2050 1357 3568 1440">
     <span class='ocr_line' id='line_1_28' title="bbox 2050 1357 3568 1440; baseline 0.01 -25"><span class='ocrx_word' id='word_1_205' title='bbox 2050 1357 2129 1415; x_wconf 80' lang='lat' dir='ltr'><strong>Ex</strong></span> <span class='ocrx_word' id='word_1_206' title='bbox 2163 1359 2246 1415; x_wconf 91' lang='lat' dir='ltr'><strong>his</strong></span> <span class='ocrx_word' id='word_1_207' title='bbox 2274 1360 2455 1432; x_wconf 89' lang='lat' dir='ltr'><strong>itaque</strong></span> <span class='ocrx_word' id='word_1_208' title='bbox 2493 1363 2645 1420; x_wconf 84' lang='lat' dir='ltr'><strong>libris</strong></span> <span class='ocrx_word' id='word_1_209' title='bbox 2684 1366 2799 1422; x_wconf 75' lang='lat' dir='ltr'><strong>haec</strong></span> <span class='ocrx_word' id='word_1_210' title='bbox 2822 1378 2949 1425; x_wconf 85' lang='lat' dir='ltr'><strong>sunt</strong></span> <span class='ocrx_word' id='word_1_211' title='bbox 2980 1384 3102 1440; x_wconf 63' lang='lat' dir='ltr'><strong>quae</strong></span> <span class='ocrx_word' id='word_1_212' title='bbox 3132 1370 3200 1431; x_wconf 87' lang='lat' dir='ltr'><strong>ad</strong></span> <span class='ocrx_word' id='word_1_213' title='bbox 3244 1379 3485 1428; x_wconf 85' lang='lat' dir='ltr'><strong>nostram</strong></span> <span class='ocrx_word' id='word_1_214' title='bbox 3512 1382 3568 1431; x_wconf 87' lang='lat' dir='ltr'><strong>et</strong></span> 
     </span>
    </p>
   </div>
   <div class='ocr_carea' id='block_1_29' title="bbox 1980 1453 3566 1527">
    <p class='ocr_par' dir='ltr' id='par_1_29' title="bbox 1980 1453 3566 1527">
     <span class='ocr_line' id='line_1_29' title="bbox 1980 1453 3566 1527; baseline 0.01 -24"><span class='ocrx_word' id='word_1_215' title='bbox 1980 1462 2165 1503; x_wconf 86' lang='lat' dir='ltr'><strong>eorum</strong></span> <span class='ocrx_word' id='word_1_216' title='bbox 2191 1453 2281 1522; x_wconf 89' lang='lat' dir='ltr'><strong>qui</strong></span> <span class='ocrx_word' id='word_1_217' title='bbox 2312 1453 2486 1525; x_wconf 81' lang='lat' dir='ltr'><strong>legere</strong></span> <span class='ocrx_word' id='word_1_218' title='bbox 2510 1456 2777 1512; x_wconf 89' lang='lat' dir='ltr'><strong>voluerint</strong></span> <span class='ocrx_word' id='word_1_219' title='bbox 2807 1458 3240 1527; x_wconf 77' lang='lat' dir='ltr'><strong>instructionem,</strong></span> <span class='ocrx_word' id='word_1_220' title='bbox 3274 1472 3331 1519; x_wconf 90' lang='lat' dir='ltr'><strong>et</strong></span> <span class='ocrx_word' id='word_1_221' title='bbox 3365 1463 3566 1521; x_wconf 82' lang='lat' dir='ltr'><strong>conﬁr—</strong></span> 
     </span>
    </p>
   </div>
   <div class='ocr_carea' id='block_1_30' title="bbox 1979 1543 3567 1621">
    <p class='ocr_par' dir='ltr' id='par_1_30' title="bbox 1979 1543 3567 1621">
     <span class='ocr_line' id='line_1_30' title="bbox 1979 1543 3567 1621; baseline 0.009 -24"><span class='ocrx_word' id='word_1_222' title='bbox 1979 1543 2271 1599; x_wconf 88' lang='lat' dir='ltr'><strong>mationem</strong></span> <span class='ocrx_word' id='word_1_223' title='bbox 2293 1549 2620 1615; x_wconf 85' lang='lat' dir='ltr'><strong>adnotanda,</strong></span> <span class='ocrx_word' id='word_1_224' title='bbox 2645 1557 2694 1604; x_wconf 94' lang='lat' dir='ltr'><strong>et</strong></span> <span class='ocrx_word' id='word_1_225' title='bbox 2718 1552 3065 1621; x_wconf 77' lang='lat' dir='ltr'><strong>proponenda</strong></span> <span class='ocrx_word' id='word_1_226' title='bbox 3090 1554 3438 1611; x_wconf 85' lang='lat' dir='ltr'><strong>credidimus.</strong></span> <span class='ocrx_word' id='word_1_227' title='bbox 3471 1555 3567 1613; x_wconf 80' lang='lat' dir='ltr'><strong>Ait</strong></span> 
     </span>
    </p>
   </div>
   <div class='ocr_carea' id='block_1_31' title="bbox 1977 1633 3566 1715">
    <p class='ocr_par' dir='ltr' id='par_1_31' title="bbox 1977 1633 3566 1715">
     <span class='ocr_line' id='line_1_31' title="bbox 1977 1633 3566 1715; baseline 0.009 -28"><span class='ocrx_word' id='word_1_228' title='bbox 1977 1646 2106 1703; x_wconf 85' lang='lat' dir='ltr'><strong>ergo</strong></span> <span class='ocrx_word' id='word_1_229' title='bbox 2151 1633 2207 1689; x_wconf 92' lang='lat' dir='ltr'><strong>in</strong></span> <span class='ocrx_word' id='word_1_230' title='bbox 2253 1635 2426 1705; x_wconf 90' lang='lat' dir='ltr'><strong>primo</strong></span> <span class='ocrx_word' id='word_1_231' title='bbox 2455 1636 2595 1693; x_wconf 92' lang='lat' dir='ltr'><strong>libro</strong></span> <span class='ocrx_word' id='word_1_232' title='bbox 2621 1641 2895 1712; x_wconf 70' lang='lat' dir='ltr'><strong>(cale),</strong></span> <span class='ocrx_word' id='word_1_233' title='bbox 2925 1642 2993 1707; x_wconf 85' lang='lat' dir='ltr'><strong>de</strong></span> <span class='ocrx_word' id='word_1_234' title='bbox 3029 1643 3132 1699; x_wconf 86' lang='lat' dir='ltr'><strong>hac</strong></span> <span class='ocrx_word' id='word_1_235' title='bbox 3177 1659 3237 1707; x_wconf 83' lang='lat' dir='ltr'><strong>re</strong></span> <span class='ocrx_word' id='word_1_236' title='bbox 3283 1645 3566 1715; x_wconf 76' lang='lat' dir='ltr'><strong>disputans</strong></span> 
     </span>
    </p>
   </div>
   <div class='ocr_carea' id='block_1_32' title="bbox 1978 1728 3562 1808">
    <p class='ocr_par' dir='ltr' id='par_1_32' title="bbox 1978 1728 3562 1808">
     <span class='ocr_line' id='line_1_32' title="bbox 1978 1728 3562 1808; baseline 0.007 -25"><span class='ocrx_word' id='word_1_237' title='bbox 1978 1728 2081 1783; x_wconf 91' lang='lat' dir='ltr'><strong>hoc</strong></span> <span class='ocrx_word' id='word_1_238' title='bbox 2134 1731 2332 1787; x_wconf 89' lang='lat' dir='ltr'><strong>modo:</strong></span> <span class='ocrx_word' id='word_1_239' title='bbox 2381 1728 2511 1802; x_wconf 75' lang='lat' dir='ltr'><strong>[Sed</strong></span> <span class='ocrx_word' id='word_1_240' title='bbox 2566 1749 2586 1783; x_wconf 75' lang='grc' dir='ltr'><strong>ι</strong></span> <span class='ocrx_word' id='word_1_241' title='bbox 2640 1734 2961 1804; x_wconf 62' lang='lat' dir='ltr'><strong>regnavit,»</strong></span> <span class='ocrx_word' id='word_1_242' title='bbox 3010 1735 3185 1808; x_wconf 89' lang='lat' dir='ltr'><strong>inquit</strong></span> <span class='ocrx_word' id='word_1_243' title='bbox 3238 1736 3562 1807; x_wconf 79' lang='lat' dir='ltr'><strong>Apostolus,</strong></span> 
     </span>
    </p>
   </div>
   <div class='ocr_carea' id='block_1_33' title="bbox 272 1804 3565 1901">
    <p class='ocr_par' dir='ltr' id='par_1_33' title="bbox 272 1804 3565 1901">
     <span class='ocr_line' id='line_1_33' title="bbox 272 1804 3565 1901; baseline 0.002 -23"><span class='ocrx_word' id='word_1_244' title='bbox 272 1826 401 1879; x_wconf 85' lang='lat' dir='ltr'><strong>bris</strong></span> <span class='ocrx_word' id='word_1_245' title='bbox 428 1842 480 1880; x_wconf 92' lang='lat' dir='ltr'><strong>m</strong></span> <span class='ocrx_word' id='word_1_246' title='bbox 508 1826 700 1890; x_wconf 87' lang='lat' dir='ltr'><strong>lucem,</strong></span> <span class='ocrx_word' id='word_1_247' title='bbox 738 1827 793 1883; x_wconf 92' lang='lat' dir='ltr'><strong>in</strong></span> <span class='ocrx_word' id='word_1_248' title='bbox 814 1826 960 1883; x_wconf 92' lang='lat' dir='ltr'><strong>nullo</strong></span> <span class='ocrx_word' id='word_1_249' title='bbox 985 1835 1269 1898; x_wconf 88' lang='lat' dir='ltr'><strong>appareret</strong></span> <span class='ocrx_word' id='word_1_250' title='bbox 1312 1827 1512 1887; x_wconf 85' lang='lat' dir='ltr'><strong>veritas</strong></span> <span class='ocrx_word' id='word_1_251' title='bbox 1537 1827 1757 1885; x_wconf 90' lang='lat' dir='ltr'><strong>ultionis</strong></span> <span class='ocrx_word' id='word_1_252' title='bbox 1780 1868 1796 1895; x_wconf 94' lang='lat'><strong>,</strong></span> <span class='ocrx_word' id='word_1_253' title='bbox 1822 1828 1875 1889; x_wconf 92' lang='lat' dir='ltr'><strong>in</strong></span> <span class='ocrx_word' id='word_1_254' title='bbox 1903 1804 1953 1873; x_wconf 70' lang='grc' dir='ltr'><strong>Β</strong></span> <span class='ocrx_word' id='word_1_255' title='bbox 1987 1839 2005 1873; x_wconf 72' lang='grc' dir='ltr'><strong>ε</strong></span> <span class='ocrx_word' id='word_1_256' title='bbox 2032 1834 2178 1875; x_wconf 79' lang='lat' dir='ltr'><strong>mOI‘S</strong></span> <span class='ocrx_word' id='word_1_257' title='bbox 2206 1822 2274 1879; x_wconf 77' lang='lat' dir='ltr'><strong>ab</strong></span> <span class='ocrx_word' id='word_1_258' title='bbox 2303 1821 2477 1877; x_wconf 84' lang='lat' dir='ltr'><strong>Adam</strong></span> <span class='ocrx_word' id='word_1_259' title='bbox 2504 1837 2676 1894; x_wconf 90' lang='lat' dir='ltr'><strong>usque</strong></span> <span class='ocrx_word' id='word_1_260' title='bbox 2703 1825 2769 1879; x_wconf 86' lang='lat' dir='ltr'><strong>ad</strong></span> <span class='ocrx_word' id='word_1_261' title='bbox 2799 1825 3020 1898; x_wconf 80' lang='lat' dir='ltr'><strong>Moysen</strong></span> <span class='ocrx_word' id='word_1_262' title='bbox 3044 1804 3216 1900; x_wconf 61' lang='lat' dir='ltr'><strong>(liam.</strong></span> <span class='ocrx_word' id='word_1_263' title='bbox 3241 1804 3303 1895; x_wconf 65' lang='grc' dir='ltr'>ν,</span> <span class='ocrx_word' id='word_1_264' title='bbox 3321 1829 3432 1901; x_wconf 70' lang='lat' dir='ltr'><strong>it),</strong></span> <span class='ocrx_word' id='word_1_265' title='bbox 3457 1848 3476 1882; x_wconf 75' lang='grc' dir='ltr'><strong>ι</strong></span> <span class='ocrx_word' id='word_1_266' title='bbox 3509 1828 3565 1884; x_wconf 90' lang='lat' dir='ltr'><strong>id</strong></span> 
     </span>
    </p>
   </div>
   <div class='ocr_carea' id='block_1_34' title="bbox 272 1919 1877 1991">
    <p class='ocr_par' dir='ltr' id='par_1_34' title="bbox 272 1919 1877 1991">
     <span class='ocr_line' id='line_1_34' title="bbox 272 1919 1877 1991; baseline 0.004 -21"><span class='ocrx_word' id='word_1_267' title='bbox 272 1931 393 1987; x_wconf 86' lang='lat' dir='ltr'><strong>qua</strong></span> <span class='ocrx_word' id='word_1_268' title='bbox 416 1928 699 1990; x_wconf 78' lang='lat' dir='ltr'><strong>propterea</strong></span> <span class='ocrx_word' id='word_1_269' title='bbox 730 1919 899 1975; x_wconf 88' lang='lat' dir='ltr'><strong>multo</strong></span> <span class='ocrx_word' id='word_1_270' title='bbox 920 1919 1101 1991; x_wconf 81' lang='lat' dir='ltr'><strong>plures</strong></span> <span class='ocrx_word' id='word_1_271' title='bbox 1128 1935 1290 1989; x_wconf 88' lang='lat' dir='ltr'><strong>quam</strong></span> <span class='ocrx_word' id='word_1_272' title='bbox 1316 1919 1370 1975; x_wconf 86' lang='lat' dir='ltr'><strong>in</strong></span> <span class='ocrx_word' id='word_1_273' title='bbox 1409 1919 1496 1976; x_wconf 89' lang='lat' dir='ltr'><strong>illa</strong></span> <span class='ocrx_word' id='word_1_274' title='bbox 1526 1929 1651 1977; x_wconf 86' lang='lat' dir='ltr'><strong>sunt</strong></span> <span class='ocrx_word' id='word_1_275' title='bbox 1672 1961 1687 1985; x_wconf 91' lang='lat'><strong>,</strong></span> <span class='ocrx_word' id='word_1_276' title='bbox 1714 1930 1774 1976; x_wconf 92' lang='lat' dir='ltr'><strong>ut</strong></span> <span class='ocrx_word' id='word_1_277' title='bbox 1796 1921 1877 1977; x_wconf 87' lang='lat' dir='ltr'><strong>sic</strong></span> 
     </span>
    </p>
   </div>
   <div class='ocr_carea' id='block_1_35' title="bbox 270 1988 1880 2081">
    <p class='ocr_par' dir='ltr' id='par_1_35' title="bbox 270 1988 1880 2081">
     <span class='ocr_line' id='line_1_35' title="bbox 270 1988 1880 2081; baseline 0.003 -20"><span class='ocrx_word' id='word_1_278' title='bbox 270 1988 609 2064; x_wconf 82' lang='lat' dir='ltr'><strong>ostendatur</strong></span> <span class='ocrx_word' id='word_1_279' title='bbox 647 2010 775 2081; x_wconf 86' lang='lat' dir='ltr'><strong>quid</strong></span> <span class='ocrx_word' id='word_1_280' title='bbox 800 1988 1089 2064; x_wconf 19' lang='lat' dir='ltr'><strong>omniibus’</strong></span> <span class='ocrx_word' id='word_1_281' title='bbox 1079 1988 1388 2065; x_wconf 85' lang='lat' dir='ltr'><strong>deberetur.</strong></span> <span class='ocrx_word' id='word_1_282' title='bbox 1424 2008 1576 2078; x_wconf 84' lang='lat' dir='ltr'><strong>Quod</strong></span> <span class='ocrx_word' id='word_1_283' title='bbox 1620 2011 1664 2065; x_wconf 90' lang='lat' dir='ltr'><strong>si</strong></span> <span class='ocrx_word' id='word_1_284' title='bbox 1703 2010 1880 2069; x_wconf 85' lang='lat' dir='ltr'><strong>omni-</strong></span> 
     </span>
    </p>
   </div>
   <div class='ocr_carea' id='block_1_36' title="bbox 270 2100 1877 2171">
    <p class='ocr_par' dir='ltr' id='par_1_36' title="bbox 270 2100 1877 2171">
     <span class='ocr_line' id='line_1_36' title="bbox 270 2100 1877 2171; baseline 0.003 -17"><span class='ocrx_word' id='word_1_285' title='bbox 270 2100 389 2156; x_wconf 83' lang='lat' dir='ltr'><strong>bus</strong></span> <span class='ocrx_word' id='word_1_286' title='bbox 418 2101 755 2167; x_wconf 81' lang='lat' dir='ltr'><strong>redderetur,</strong></span> <span class='ocrx_word' id='word_1_287' title='bbox 773 2101 1039 2171; x_wconf 81' lang='lat' dir='ltr'><strong>justitiam</strong></span> <span class='ocrx_word' id='word_1_288' title='bbox 1077 2102 1401 2159; x_wconf 85' lang='lat' dir='ltr'><strong>vindicantis</strong></span> <span class='ocrx_word' id='word_1_289' title='bbox 1424 2102 1572 2171; x_wconf 86' lang='lat' dir='ltr'><strong>jnste</strong></span> <span class='ocrx_word' id='word_1_290' title='bbox 1602 2118 1763 2159; x_wconf 90' lang='lat' dir='ltr'><strong>nemo</strong></span> <span class='ocrx_word' id='word_1_291' title='bbox 1791 2118 1877 2159; x_wconf 89' lang='lat' dir='ltr'><strong>re-</strong></span> 
     </span>
    </p>
   </div>
   <div class='ocr_carea' id='block_1_37' title="bbox 268 2194 1874 2265">
    <p class='ocr_par' dir='ltr' id='par_1_37' title="bbox 268 2194 1874 2265">
     <span class='ocr_line' id='line_1_37' title="bbox 268 2194 1874 2265; baseline 0.002 -16"><span class='ocrx_word' id='word_1_292' title='bbox 268 2195 665 2265; x_wconf 85' lang='lat' dir='ltr'><strong>prehenderet,</strong></span> <span class='ocrx_word' id='word_1_293' title='bbox 687 2195 813 2265; x_wconf 87' lang='lat' dir='ltr'><strong>quia</strong></span> <span class='ocrx_word' id='word_1_294' title='bbox 834 2209 964 2250; x_wconf 87' lang='lat' dir='ltr'><strong>vero</strong></span> <span class='ocrx_word' id='word_1_295' title='bbox 993 2204 1100 2250; x_wconf 86' lang='lat' dir='ltr'><strong>tam</strong></span> <span class='ocrx_word' id='word_1_296' title='bbox 1123 2194 1305 2250; x_wconf 90' lang='lat' dir='ltr'><strong>multis</strong></span> <span class='ocrx_word' id='word_1_297' title='bbox 1323 2194 1517 2250; x_wconf 79' lang='lat' dir='ltr'><strong>exinde</strong></span> <span class='ocrx_word' id='word_1_298' title='bbox 1545 2194 1874 2263; x_wconf 84' lang='lat' dir='ltr'><strong>liberantur,</strong></span> 
     </span>
    </p>
   </div>
   <div class='ocr_carea' id='block_1_38' title="bbox 271 2286 1877 2359">
    <p class='ocr_par' dir='ltr' id='par_1_38' title="bbox 271 2286 1877 2359">
     <span class='ocr_line' id='line_1_38' title="bbox 271 2286 1877 2359; baseline 0.003 -18"><span class='ocrx_word' id='word_1_299' title='bbox 271 2293 371 2341; x_wconf 86' lang='lat' dir='ltr'><strong>est</strong></span> <span class='ocrx_word' id='word_1_300' title='bbox 391 2287 531 2341; x_wconf 89' lang='lat' dir='ltr'><strong>unde</strong></span> <span class='ocrx_word' id='word_1_301' title='bbox 560 2295 792 2359; x_wconf 85' lang='lat' dir='ltr'><strong>agantur</strong></span> <span class='ocrx_word' id='word_1_302' title='bbox 819 2287 1070 2342; x_wconf 81' lang='lat' dir='ltr'><strong>maximae</strong></span> <span class='ocrx_word' id='word_1_303' title='bbox 1092 2286 1280 2358; x_wconf 69' lang='lat' dir='ltr'><strong>gratiae</strong></span> <span class='ocrx_word' id='word_1_304' title='bbox 1310 2288 1545 2359; x_wconf 86' lang='lat' dir='ltr'><strong>gratuito</strong></span> <span class='ocrx_word' id='word_1_305' title='bbox 1571 2289 1785 2345; x_wconf 89' lang='lat' dir='ltr'><strong>muneri</strong></span> <span class='ocrx_word' id='word_1_306' title='bbox 1813 2288 1877 2346; x_wconf 86' lang='lat' dir='ltr'><strong>li-</strong></span> 
     </span>
    </p>
   </div>
   <div class='ocr_carea' id='block_1_39' title="bbox 270 2377 574 2453">
    <p class='ocr_par' dir='ltr' id='par_1_39' title="bbox 270 2377 574 2453">
     <span class='ocr_line' id='line_1_39' title="bbox 270 2377 574 2453; baseline -0.003 -19"><span class='ocrx_word' id='word_1_307' title='bbox 270 2377 574 2453; x_wconf 76' lang='lat' dir='ltr'><strong>berantis.]</strong></span> 
     </span>
    </p>
   </div>
   <div class='ocr_carea' id='block_1_40' title="bbox 354 2473 1874 2548">
    <p class='ocr_par' dir='ltr' id='par_1_40' title="bbox 354 2473 1874 2548">
     <span class='ocr_line' id='line_1_40' title="bbox 354 2473 1874 2548; baseline 0.005 -21"><span class='ocrx_word' id='word_1_308' title='bbox 354 2474 490 2528; x_wconf 89' lang='lat' dir='ltr'><strong>Item</strong></span> <span class='ocrx_word' id='word_1_309' title='bbox 529 2474 599 2531; x_wconf 84' lang='lat' dir='ltr'><strong>ibi</strong></span> <span class='ocrx_word' id='word_1_310' title='bbox 649 2489 664 2528; x_wconf 90' lang='lat'><strong>:</strong></span> <span class='ocrx_word' id='word_1_311' title='bbox 718 2473 876 2548; x_wconf 83' lang='lat' dir='ltr'><strong>[Cum</strong></span> <span class='ocrx_word' id='word_1_312' title='bbox 924 2489 1054 2547; x_wconf 86' lang='lat' dir='ltr'><strong>ergo</strong></span> <span class='ocrx_word' id='word_1_313' title='bbox 1091 2475 1419 2546; x_wconf 87' lang='lat' dir='ltr'><strong>requiritur,</strong></span> <span class='ocrx_word' id='word_1_314' title='bbox 1469 2476 1664 2547; x_wconf 88' lang='lat' dir='ltr'><strong>inquit,</strong></span> <span class='ocrx_word' id='word_1_315' title='bbox 1710 2493 1874 2547; x_wconf 88' lang='lat' dir='ltr'><strong>quam</strong></span> 
     </span>
    </p>
   </div>
   <div class='ocr_carea' id='block_1_41' title="bbox 273 2569 1872 2641">
    <p class='ocr_par' dir='ltr' id='par_1_41' title="bbox 273 2569 1872 2641">
     <span class='ocr_line' id='line_1_41' title="bbox 273 2569 1872 2641; baseline 0.003 -18"><span class='ocrx_word' id='word_1_316' title='bbox 273 2576 516 2623; x_wconf 84' lang='lat' dir='ltr'><strong>mortem</strong></span> <span class='ocrx_word' id='word_1_317' title='bbox 545 2569 687 2625; x_wconf 84' lang='lat' dir='ltr'><strong>Deus</strong></span> <span class='ocrx_word' id='word_1_318' title='bbox 718 2570 910 2641; x_wconf 85' lang='lat' dir='ltr'><strong>primis</strong></span> <span class='ocrx_word' id='word_1_319' title='bbox 952 2570 1263 2626; x_wconf 87' lang='lat' dir='ltr'><strong>hominibus</strong></span> <span class='ocrx_word' id='word_1_320' title='bbox 1291 2569 1453 2626; x_wconf 80' lang='lat' dir='ltr'><strong>fuerit</strong></span> <span class='ocrx_word' id='word_1_321' title='bbox 1490 2572 1872 2639; x_wconf 84' lang='lat' dir='ltr'><strong>comminatus,</strong></span> 
     </span>
    </p>
   </div>
   <div class='ocr_carea' id='block_1_42' title="bbox 273 2661 1874 2735">
    <p class='ocr_par' dir='ltr' id='par_1_42' title="bbox 273 2661 1874 2735">
     <span class='ocr_line' id='line_1_42' title="bbox 273 2661 1874 2735; baseline 0.001 -17"><span class='ocrx_word' id='word_1_322' title='bbox 273 2661 326 2718; x_wconf 83' lang='lat' dir='ltr'><strong>si</strong></span> <span class='ocrx_word' id='word_1_323' title='bbox 360 2662 430 2716; x_wconf 88' lang='lat' dir='ltr'><strong>ab</strong></span> <span class='ocrx_word' id='word_1_324' title='bbox 464 2677 529 2717; x_wconf 87' lang='lat' dir='ltr'><strong>eo</strong></span> <span class='ocrx_word' id='word_1_325' title='bbox 550 2662 863 2719; x_wconf 87' lang='lat' dir='ltr'><strong>mandatum</strong></span> <span class='ocrx_word' id='word_1_326' title='bbox 891 2663 1405 2735; x_wconf 72' lang='lat' dir='ltr'><strong>transgrederentur</strong></span> <span class='ocrx_word' id='word_1_327' title='bbox 1430 2673 1707 2734; x_wconf 82' lang='lat' dir='ltr'><strong>acceptum</strong></span> <span class='ocrx_word' id='word_1_328' title='bbox 1727 2704 1741 2723; x_wconf 87' lang='lat'><strong>.</strong></span> <span class='ocrx_word' id='word_1_329' title='bbox 1775 2678 1874 2719; x_wconf 88' lang='lat' dir='ltr'><strong>nec</strong></span> 
     </span>
    </p>
   </div>
   <div class='ocr_carea' id='block_1_43' title="bbox 272 2753 1870 2826">
    <p class='ocr_par' dir='ltr' id='par_1_43' title="bbox 272 2753 1870 2826">
     <span class='ocr_line' id='line_1_43' title="bbox 272 2753 1870 2826; baseline 0.003 -19"><span class='ocrx_word' id='word_1_330' title='bbox 272 2753 649 2808; x_wconf 85' lang='lat' dir='ltr'><strong>obedientiam</strong></span> <span class='ocrx_word' id='word_1_331' title='bbox 673 2755 1031 2821; x_wconf 83' lang='lat' dir='ltr'><strong>custodirent,</strong></span> <span class='ocrx_word' id='word_1_332' title='bbox 1056 2764 1237 2812; x_wconf 91' lang='lat' dir='ltr'><strong>utrum</strong></span> <span class='ocrx_word' id='word_1_333' title='bbox 1260 2756 1475 2823; x_wconf 79' lang='lat' dir='ltr'><strong>animm,</strong></span> <span class='ocrx_word' id='word_1_334' title='bbox 1507 2770 1572 2810; x_wconf 90' lang='lat' dir='ltr'><strong>an</strong></span> <span class='ocrx_word' id='word_1_335' title='bbox 1603 2757 1870 2826; x_wconf 89' lang='lat' dir='ltr'><strong>corporis,</strong></span> 
     </span>
    </p>
   </div>
   <div class='ocr_carea' id='block_1_44' title="bbox 274 2845 1872 2919">
    <p class='ocr_par' dir='ltr' id='par_1_44' title="bbox 274 2845 1872 2919">
     <span class='ocr_line' id='line_1_44' title="bbox 274 2845 1872 2919; baseline 0.003 -21"><span class='ocrx_word' id='word_1_336' title='bbox 274 2858 352 2899; x_wconf 85' lang='lat' dir='ltr'><strong>an</strong></span> <span class='ocrx_word' id='word_1_337' title='bbox 386 2845 551 2901; x_wconf 90' lang='lat' dir='ltr'><strong>totius</strong></span> <span class='ocrx_word' id='word_1_338' title='bbox 575 2846 811 2902; x_wconf 79' lang='lat' dir='ltr'><strong>hominis</strong></span> <span class='ocrx_word' id='word_1_339' title='bbox 834 2863 902 2902; x_wconf 88' lang='lat' dir='ltr'><strong>an</strong></span> <span class='ocrx_word' id='word_1_340' title='bbox 928 2847 1073 2901; x_wconf 87' lang='lat' dir='ltr'><strong>illam</strong></span> <span class='ocrx_word' id='word_1_341' title='bbox 1125 2862 1246 2918; x_wconf 66' lang='lat' dir='ltr'><strong>qum</strong></span> <span class='ocrx_word' id='word_1_342' title='bbox 1280 2847 1581 2919; x_wconf 83' lang='lat' dir='ltr'><strong>appellatur</strong></span> <span class='ocrx_word' id='word_1_343' title='bbox 1605 2848 1872 2904; x_wconf 82' lang='lat' dir='ltr'><strong>secunda?</strong></span> 
     </span>
    </p>
   </div>
   <div class='ocr_carea' id='block_1_45' title="bbox 275 2934 1875 3006">
    <p class='ocr_par' dir='ltr' id='par_1_45' title="bbox 275 2934 1875 3006">
     <span class='ocr_line' id='line_1_45' title="bbox 275 2934 1875 3006; baseline 0.006 -17"><span class='ocrx_word' id='word_1_344' title='bbox 275 2934 741 3006; x_wconf 78' lang='lat' dir='ltr'><strong>Bespondendum</strong></span> <span class='ocrx_word' id='word_1_345' title='bbox 787 2946 873 2993; x_wconf 88' lang='lat' dir='ltr'><strong>est</strong></span> <span class='ocrx_word' id='word_1_346' title='bbox 914 2959 931 2995; x_wconf 89' lang='lat'><strong><em>:</em></strong></span> <span class='ocrx_word' id='word_1_347' title='bbox 975 2953 1184 2996; x_wconf 90' lang='lat' dir='ltr'><strong>omnes.</strong></span> <span class='ocrx_word' id='word_1_348' title='bbox 1234 2937 1413 2995; x_wconf 86' lang='lat' dir='ltr'><strong>Prima</strong></span> <span class='ocrx_word' id='word_1_349' title='bbox 1454 2940 1599 2995; x_wconf 90' lang='lat' dir='ltr'><strong>enim</strong></span> <span class='ocrx_word' id='word_1_350' title='bbox 1658 2948 1875 2998; x_wconf 83' lang='lat' dir='ltr'><strong>constat</strong></span> 
     </span>
    </p>
   </div>
   <div class='ocr_carea' id='block_1_46' title="bbox 276 3030 1869 3099">
    <p class='ocr_par' dir='ltr' id='par_1_46' title="bbox 276 3030 1869 3099">
     <span class='ocr_line' id='line_1_46' title="bbox 276 3030 1869 3099; baseline 0.003 -14"><span class='ocrx_word' id='word_1_351' title='bbox 276 3044 357 3085; x_wconf 80' lang='lat' dir='ltr'><strong>ex</strong></span> <span class='ocrx_word' id='word_1_352' title='bbox 381 3030 609 3099; x_wconf 88' lang='lat' dir='ltr'><strong>duabus,</strong></span> <span class='ocrx_word' id='word_1_353' title='bbox 638 3046 705 3087; x_wconf 85' lang='lat' dir='ltr'><strong>ex</strong></span> <span class='ocrx_word' id='word_1_354' title='bbox 752 3032 1007 3089; x_wconf 84' lang='lat' dir='ltr'><strong>omnibus</strong></span> <span class='ocrx_word' id='word_1_355' title='bbox 1052 3041 1181 3089; x_wconf 86' lang='lat' dir='ltr'><strong>tota.</strong></span> <span class='ocrx_word' id='word_1_356' title='bbox 1234 3031 1391 3090; x_wconf 85' lang='lat' dir='ltr'><strong>Sicut</strong></span> <span class='ocrx_word' id='word_1_357' title='bbox 1422 3034 1565 3090; x_wconf 88' lang='lat' dir='ltr'><strong>enim</strong></span> <span class='ocrx_word' id='word_1_358' title='bbox 1618 3035 1869 3091; x_wconf 82' lang='lat' dir='ltr'><strong>universa</strong></span> 
     </span>
    </p>
   </div>
   <div class='ocr_carea' id='block_1_47' title="bbox 276 3122 1872 3183">
    <p class='ocr_par' dir='ltr' id='par_1_47' title="bbox 276 3122 1872 3183">
     <span class='ocr_line' id='line_1_47' title="bbox 276 3122 1872 3183; baseline 0.004 -8"><span class='ocrx_word' id='word_1_359' title='bbox 276 3130 430 3177; x_wconf 89' lang='lat' dir='ltr'><strong>terra</strong></span> <span class='ocrx_word' id='word_1_360' title='bbox 460 3137 528 3177; x_wconf 83' lang='lat' dir='ltr'><strong>ex</strong></span> <span class='ocrx_word' id='word_1_361' title='bbox 560 3122 743 3179; x_wconf 90' lang='lat' dir='ltr'><strong>multis</strong></span> <span class='ocrx_word' id='word_1_362' title='bbox 772 3124 933 3181; x_wconf 89' lang='lat' dir='ltr'><strong>terris</strong></span> <span class='ocrx_word' id='word_1_363' title='bbox 974 3131 1030 3181; x_wconf 90' lang='lat' dir='ltr'><strong>et</strong></span> <span class='ocrx_word' id='word_1_364' title='bbox 1058 3124 1310 3181; x_wconf 86' lang='lat' dir='ltr'><strong>universa</strong></span> <span class='ocrx_word' id='word_1_365' title='bbox 1350 3124 1593 3181; x_wconf 88' lang='lat' dir='ltr'><strong>Ecclesia</strong></span> <span class='ocrx_word' id='word_1_366' title='bbox 1629 3142 1695 3181; x_wconf 84' lang='lat' dir='ltr'><strong>ex</strong></span> <span class='ocrx_word' id='word_1_367' title='bbox 1740 3126 1872 3183; x_wconf 82' lang='lat' dir='ltr'><strong>mul-</strong></span> 
     </span>
    </p>
   </div>
   <div class='ocr_carea' id='block_1_48' title="bbox 277 3214 1863 3287">
    <p class='ocr_par' dir='ltr' id='par_1_48' title="bbox 277 3214 1863 3287">
     <span class='ocr_line' id='line_1_48' title="bbox 277 3214 1863 3287; baseline 0.004 -18"><span class='ocrx_word' id='word_1_368' title='bbox 277 3215 355 3269; x_wconf 86' lang='lat' dir='ltr'><strong>tis</strong></span> <span class='ocrx_word' id='word_1_369' title='bbox 382 3214 641 3272; x_wconf 87' lang='lat' dir='ltr'><strong>Ecclesiis</strong></span> <span class='ocrx_word' id='word_1_370' title='bbox 662 3223 892 3283; x_wconf 85' lang='lat' dir='ltr'><strong>constat,</strong></span> <span class='ocrx_word' id='word_1_371' title='bbox 925 3217 1005 3274; x_wconf 86' lang='lat' dir='ltr'><strong>sic</strong></span> <span class='ocrx_word' id='word_1_372' title='bbox 1032 3218 1282 3274; x_wconf 77' lang='lat' dir='ltr'><strong>universa</strong></span> <span class='ocrx_word' id='word_1_373' title='bbox 1311 3231 1460 3274; x_wconf 89' lang='lat' dir='ltr'><strong>mors</strong></span> <span class='ocrx_word' id='word_1_374' title='bbox 1487 3233 1555 3274; x_wconf 79' lang='lat' dir='ltr'><strong>ex</strong></span> <span class='ocrx_word' id='word_1_375' title='bbox 1583 3219 1863 3287; x_wconf 89' lang='lat' dir='ltr'><strong>omnibus;</strong></span> 
     </span>
    </p>
   </div>
   <div class='ocr_carea' id='block_1_49' title="bbox 274 3307 1869 3379">
    <p class='ocr_par' dir='ltr' id='par_1_49' title="bbox 274 3307 1869 3379">
     <span class='ocr_line' id='line_1_49' title="bbox 274 3307 1869 3379; baseline 0.004 -18"><span class='ocrx_word' id='word_1_376' title='bbox 274 3307 541 3378; x_wconf 83' lang='lat' dir='ltr'><strong>quoniam</strong></span> <span class='ocrx_word' id='word_1_377' title='bbox 596 3308 768 3379; x_wconf 89' lang='lat' dir='ltr'><strong>prima</strong></span> <span class='ocrx_word' id='word_1_378' title='bbox 817 3316 1033 3367; x_wconf 72' lang='lat' dir='ltr'><strong>constat</strong></span> <span class='ocrx_word' id='word_1_379' title='bbox 1080 3310 1319 3375; x_wconf 85' lang='lat' dir='ltr'><strong>duabus,</strong></span> <span class='ocrx_word' id='word_1_380' title='bbox 1368 3324 1474 3367; x_wconf 85' lang='lat' dir='ltr'><strong>una</strong></span> <span class='ocrx_word' id='word_1_381' title='bbox 1522 3311 1747 3378; x_wconf 64' lang='lat' dir='ltr'><strong>animae,</strong></span> <span class='ocrx_word' id='word_1_382' title='bbox 1791 3312 1869 3367; x_wconf 84' lang='lat' dir='ltr'><strong>al-</strong></span> 
     </span>
    </p>
   </div>
   <div class='ocr_carea' id='block_1_50' title="bbox 280 3399 1866 3472">
    <p class='ocr_par' dir='ltr' id='par_1_50' title="bbox 280 3399 1866 3472">
     <span class='ocr_line' id='line_1_50' title="bbox 280 3399 1866 3472; baseline 0.004 -19"><span class='ocrx_word' id='word_1_383' title='bbox 280 3404 401 3453; x_wconf 84' lang='lat' dir='ltr'><strong>tera</strong></span> <span class='ocrx_word' id='word_1_384' title='bbox 446 3399 690 3469; x_wconf 88' lang='lat' dir='ltr'><strong>corporis</strong></span> <span class='ocrx_word' id='word_1_385' title='bbox 737 3418 750 3453; x_wconf 90' lang='lat'><strong>:</strong></span> <span class='ocrx_word' id='word_1_386' title='bbox 806 3409 867 3458; x_wconf 88' lang='lat' dir='ltr'><strong>ut</strong></span> <span class='ocrx_word' id='word_1_387' title='bbox 904 3401 977 3456; x_wconf 89' lang='lat' dir='ltr'><strong>sit</strong></span> <span class='ocrx_word' id='word_1_388' title='bbox 1036 3402 1210 3472; x_wconf 86' lang='lat' dir='ltr'><strong>prima</strong></span> <span class='ocrx_word' id='word_1_389' title='bbox 1240 3402 1405 3459; x_wconf 90' lang='lat' dir='ltr'><strong>totius</strong></span> <span class='ocrx_word' id='word_1_390' title='bbox 1440 3403 1674 3459; x_wconf 84' lang='lat' dir='ltr'><strong>hominis</strong></span> <span class='ocrx_word' id='word_1_391' title='bbox 1699 3447 1712 3469; x_wconf 93' lang='lat'><strong>,</strong></span> <span class='ocrx_word' id='word_1_392' title='bbox 1744 3418 1866 3461; x_wconf 87' lang='lat' dir='ltr'><strong>cum</strong></span> 
     </span>
    </p>
   </div>
   <div class='ocr_carea' id='block_1_51' title="bbox 280 3487 1869 3565">
    <p class='ocr_par' dir='ltr' id='par_1_51' title="bbox 280 3487 1869 3565">
     <span class='ocr_line' id='line_1_51' title="bbox 280 3487 1869 3565; baseline 0.006 -23"><span class='ocrx_word' id='word_1_393' title='bbox 280 3487 465 3544; x_wconf 83' lang='lat' dir='ltr'><strong>anima</strong></span> <span class='ocrx_word' id='word_1_394' title='bbox 517 3490 636 3546; x_wconf 88' lang='lat' dir='ltr'><strong>sine</strong></span> <span class='ocrx_word' id='word_1_395' title='bbox 660 3489 793 3558; x_wconf 90' lang='lat' dir='ltr'><strong>Deo,</strong></span> <span class='ocrx_word' id='word_1_396' title='bbox 822 3498 879 3546; x_wconf 89' lang='lat' dir='ltr'><strong>et</strong></span> <span class='ocrx_word' id='word_1_397' title='bbox 906 3493 1023 3548; x_wconf 88' lang='lat' dir='ltr'><strong>sine</strong></span> <span class='ocrx_word' id='word_1_398' title='bbox 1047 3496 1281 3562; x_wconf 84' lang='lat' dir='ltr'><strong>corpore</strong></span> <span class='ocrx_word' id='word_1_399' title='bbox 1310 3494 1375 3547; x_wconf 90' lang='lat' dir='ltr'><strong>ad</strong></span> <span class='ocrx_word' id='word_1_400' title='bbox 1425 3502 1635 3564; x_wconf 89' lang='lat' dir='ltr'><strong>tempus</strong></span> <span class='ocrx_word' id='word_1_401' title='bbox 1678 3510 1869 3565; x_wconf 69' lang='lat' dir='ltr'><strong>poenas</strong></span> 
     </span>
    </p>
   </div>
   <div class='ocr_carea' id='block_1_52' title="bbox 276 3578 1869 3656">
    <p class='ocr_par' dir='ltr' id='par_1_52' title="bbox 276 3578 1869 3656">
     <span class='ocr_line' id='line_1_52' title="bbox 276 3578 1869 3656; baseline 0.004 -22"><span class='ocrx_word' id='word_1_402' title='bbox 276 3579 401 3634; x_wconf 83' lang='lat' dir='ltr'><strong>luit.</strong></span> <span class='ocrx_word' id='word_1_403' title='bbox 437 3578 685 3636; x_wconf 88' lang='lat' dir='ltr'><strong>Secunda</strong></span> <span class='ocrx_word' id='word_1_404' title='bbox 716 3595 846 3637; x_wconf 84' lang='lat' dir='ltr'><strong>vero</strong></span> <span class='ocrx_word' id='word_1_405' title='bbox 873 3581 965 3637; x_wconf 88' lang='lat' dir='ltr'><strong>ubi</strong></span> <span class='ocrx_word' id='word_1_406' title='bbox 1004 3582 1183 3636; x_wconf 85' lang='lat' dir='ltr'><strong>anima</strong></span> <span class='ocrx_word' id='word_1_407' title='bbox 1213 3583 1333 3637; x_wconf 87' lang='lat' dir='ltr'><strong>sine</strong></span> <span class='ocrx_word' id='word_1_408' title='bbox 1361 3583 1469 3639; x_wconf 87' lang='lat' dir='ltr'><strong>Deo</strong></span> <span class='ocrx_word' id='word_1_409' title='bbox 1491 3600 1613 3639; x_wconf 88' lang='lat' dir='ltr'><strong>cum</strong></span> <span class='ocrx_word' id='word_1_410' title='bbox 1641 3600 1869 3656; x_wconf 90' lang='lat' dir='ltr'><strong>corpore</strong></span> 
     </span>
    </p>
   </div>
   <div class='ocr_carea' id='block_1_53' title="bbox 280 3672 1867 3749">
    <p class='ocr_par' dir='ltr' id='par_1_53' title="bbox 280 3672 1867 3749">
     <span class='ocr_line' id='line_1_53' title="bbox 280 3672 1867 3749; baseline 0.006 -25"><span class='ocrx_word' id='word_1_411' title='bbox 280 3684 477 3740; x_wconf 73' lang='lat' dir='ltr'><strong>pmnas</strong></span> <span class='ocrx_word' id='word_1_412' title='bbox 503 3682 736 3729; x_wconf 62' lang='lat' dir='ltr'><strong>aeternas</strong></span> <span class='ocrx_word' id='word_1_413' title='bbox 763 3672 882 3730; x_wconf 90' lang='lat' dir='ltr'><strong>luit.</strong></span> <span class='ocrx_word' id='word_1_414' title='bbox 940 3673 1169 3742; x_wconf 82' lang='lat' dir='ltr'><strong>Quando</strong></span> <span class='ocrx_word' id='word_1_415' title='bbox 1195 3689 1326 3746; x_wconf 87' lang='lat' dir='ltr'><strong>ergo</strong></span> <span class='ocrx_word' id='word_1_416' title='bbox 1354 3676 1491 3731; x_wconf 82' lang='lat' dir='ltr'><strong>dixit</strong></span> <span class='ocrx_word' id='word_1_417' title='bbox 1521 3678 1662 3733; x_wconf 88' lang='lat' dir='ltr'><strong>Deus</strong></span> <span class='ocrx_word' id='word_1_418' title='bbox 1691 3680 1867 3749; x_wconf 90' lang='lat' dir='ltr'><strong>primo</strong></span> 
     </span>
    </p>
   </div>
   <div class='ocr_carea' id='block_1_54' title="bbox 278 3762 1867 3839">
    <p class='ocr_par' dir='ltr' id='par_1_54' title="bbox 278 3762 1867 3839">
     <span class='ocr_line' id='line_1_54' title="bbox 278 3762 1867 3839; baseline 0.006 -21"><span class='ocrx_word' id='word_1_419' title='bbox 278 3762 359 3818; x_wconf 92' lang='lat' dir='ltr'><strong>illi</strong></span> <span class='ocrx_word' id='word_1_420' title='bbox 384 3764 608 3831; x_wconf 84' lang='lat' dir='ltr'><strong>homini,</strong></span> <span class='ocrx_word' id='word_1_421' title='bbox 642 3781 803 3836; x_wconf 87' lang='lat' dir='ltr'><strong>quem</strong></span> <span class='ocrx_word' id='word_1_422' title='bbox 842 3767 895 3822; x_wconf 91' lang='lat' dir='ltr'><strong>in</strong></span> <span class='ocrx_word' id='word_1_423' title='bbox 942 3768 1195 3839; x_wconf 88' lang='lat' dir='ltr'><strong>paradiso</strong></span> <span class='ocrx_word' id='word_1_424' title='bbox 1226 3770 1584 3827; x_wconf 86' lang='lat' dir='ltr'><strong>constituerat</strong></span> <span class='ocrx_word' id='word_1_425' title='bbox 1630 3772 1695 3827; x_wconf 87' lang='lat' dir='ltr'><strong>de</strong></span> <span class='ocrx_word' id='word_1_426' title='bbox 1745 3773 1867 3828; x_wconf 89' lang='lat' dir='ltr'><strong>cibo</strong></span> 
     </span>
    </p>
   </div>
   <div class='ocr_carea' id='block_1_55' title="bbox 276 3856 1867 3932">
    <p class='ocr_par' dir='ltr' id='par_1_55' title="bbox 276 3856 1867 3932">
     <span class='ocr_line' id='line_1_55' title="bbox 276 3856 1867 3932; baseline 0.006 -21"><span class='ocrx_word' id='word_1_427' title='bbox 276 3856 489 3914; x_wconf 55' lang='lat' dir='ltr'><strong>iretito:</strong></span> <span class='ocrx_word' id='word_1_428' title='bbox 518 3877 539 3911; x_wconf 68' lang='grc' dir='ltr'><strong>ι</strong></span> <span class='ocrx_word' id='word_1_429' title='bbox 573 3859 905 3932; x_wconf 85' lang='lat' dir='ltr'><strong>Quacunque</strong></span> <span class='ocrx_word' id='word_1_430' title='bbox 945 3860 1035 3917; x_wconf 89' lang='lat' dir='ltr'><strong>die</strong></span> <span class='ocrx_word' id='word_1_431' title='bbox 1058 3862 1283 3918; x_wconf 81' lang='lat' dir='ltr'><strong>oderitis</strong></span> <span class='ocrx_word' id='word_1_432' title='bbox 1321 3878 1389 3919; x_wconf 83' lang='lat' dir='ltr'><strong>ex</strong></span> <span class='ocrx_word' id='word_1_433' title='bbox 1414 3863 1525 3929; x_wconf 91' lang='lat' dir='ltr'><strong>illo,</strong></span> <span class='ocrx_word' id='word_1_434' title='bbox 1551 3874 1723 3919; x_wconf 88' lang='lat' dir='ltr'><strong>morte</strong></span> <span class='ocrx_word' id='word_1_435' title='bbox 1750 3880 1867 3919; x_wconf 53' lang='lat' dir='ltr'><strong>mo.</strong></span> 
     </span>
    </p>
   </div>
   <div class='ocr_carea' id='block_1_56' title="bbox 269 3945 1868 4025">
    <p class='ocr_par' dir='ltr' id='par_1_56' title="bbox 269 3945 1868 4025">
     <span class='ocr_line' id='line_1_56' title="bbox 269 3945 1868 4025; baseline 0.004 -21"><span class='ocrx_word' id='word_1_436' title='bbox 269 3945 497 4006; x_wconf 64' lang='lat' dir='ltr'><strong>ﬂamini</strong></span> <span class='ocrx_word' id='word_1_437' title='bbox 551 3950 982 4024; x_wconf 70' lang='lat' dir='ltr'><strong>(Gen.u,i7),i</strong></span> <span class='ocrx_word' id='word_1_438' title='bbox 1040 3968 1146 4008; x_wconf 87' lang='lat' dir='ltr'><strong>non</strong></span> <span class='ocrx_word' id='word_1_439' title='bbox 1197 3961 1406 4011; x_wconf 85' lang='lat' dir='ltr'><strong>tantum</strong></span> <span class='ocrx_word' id='word_1_440' title='bbox 1462 3955 1650 4025; x_wconf 69' lang='lat' dir='ltr'><strong>prima:</strong></span> <span class='ocrx_word' id='word_1_441' title='bbox 1677 3956 1868 4011; x_wconf 90' lang='lat' dir='ltr'><strong>mortis</strong></span> 
     </span>
    </p>
   </div>
   <div class='ocr_carea' id='block_1_57' title="bbox 270 4042 1868 4115">
    <p class='ocr_par' dir='ltr' id='par_1_57' title="bbox 270 4042 1868 4115">
     <span class='ocr_line' id='line_1_57' title="bbox 270 4042 1868 4115; baseline 0.005 -21"><span class='ocrx_word' id='word_1_442' title='bbox 270 4044 494 4113; x_wconf 62' lang='lat' dir='ltr'><strong>partem</strong></span> <span class='ocrx_word' id='word_1_443' title='bbox 520 4043 759 4113; x_wconf 84' lang='lat' dir='ltr'><strong>priorem</strong></span> <span class='ocrx_word' id='word_1_444' title='bbox 792 4042 882 4098; x_wconf 88' lang='lat' dir='ltr'><strong>ubi</strong></span> <span class='ocrx_word' id='word_1_445' title='bbox 914 4043 1099 4099; x_wconf 86' lang='lat' dir='ltr'><strong>anima</strong></span> <span class='ocrx_word' id='word_1_446' title='bbox 1147 4045 1392 4115; x_wconf 87' lang='lat' dir='ltr'><strong>privatur</strong></span> <span class='ocrx_word' id='word_1_447' title='bbox 1437 4046 1569 4111; x_wconf 90' lang='lat' dir='ltr'><strong>Deo,</strong></span> <span class='ocrx_word' id='word_1_448' title='bbox 1600 4063 1701 4104; x_wconf 88' lang='lat' dir='ltr'><strong>nec</strong></span> <span class='ocrx_word' id='word_1_449' title='bbox 1750 4059 1868 4102; x_wconf 88' lang='lat' dir='ltr'><strong>tan-</strong></span> 
     </span>
    </p>
   </div>
   <div class='ocr_carea' id='block_1_58' title="bbox 276 4134 1865 4210">
    <p class='ocr_par' dir='ltr' id='par_1_58' title="bbox 276 4134 1865 4210">
     <span class='ocr_line' id='line_1_58' title="bbox 276 4134 1865 4210; baseline 0.005 -23"><span class='ocrx_word' id='word_1_450' title='bbox 276 4140 397 4188; x_wconf 88' lang='lat' dir='ltr'><strong>tum</strong></span> <span class='ocrx_word' id='word_1_451' title='bbox 428 4135 782 4204; x_wconf 88' lang='lat' dir='ltr'><strong>posteriorem</strong></span> <span class='ocrx_word' id='word_1_452' title='bbox 834 4134 925 4191; x_wconf 92' lang='lat' dir='ltr'><strong>ubi</strong></span> <span class='ocrx_word' id='word_1_453' title='bbox 972 4150 1170 4206; x_wconf 76' lang='lat' dir='ltr'><strong>corpus</strong></span> <span class='ocrx_word' id='word_1_454' title='bbox 1216 4137 1464 4210; x_wconf 85' lang='lat' dir='ltr'><strong>privatur</strong></span> <span class='ocrx_word' id='word_1_455' title='bbox 1509 4140 1712 4205; x_wconf 87' lang='lat' dir='ltr'><strong>anima,</strong></span> <span class='ocrx_word' id='word_1_456' title='bbox 1763 4155 1865 4196; x_wconf 84' lang='lat' dir='ltr'><strong>nec</strong></span> 
     </span>
    </p>
   </div>
   <div class='ocr_carea' id='block_1_59' title="bbox 270 4226 1866 4303">
    <p class='ocr_par' dir='ltr' id='par_1_59' title="bbox 270 4226 1866 4303">
     <span class='ocr_line' id='line_1_59' title="bbox 270 4226 1866 4303; baseline 0.005 -21"><span class='ocrx_word' id='word_1_457' title='bbox 270 4226 452 4283; x_wconf 74' lang='lat' dir='ltr'><strong>solam</strong></span> <span class='ocrx_word' id='word_1_458' title='bbox 484 4229 656 4300; x_wconf 88' lang='lat' dir='ltr'><strong>ipsam</strong></span> <span class='ocrx_word' id='word_1_459' title='bbox 678 4236 849 4287; x_wconf 86' lang='lat' dir='ltr'><strong>totam</strong></span> <span class='ocrx_word' id='word_1_460' title='bbox 892 4231 1150 4302; x_wconf 88' lang='lat' dir='ltr'><strong>primam,</strong></span> <span class='ocrx_word' id='word_1_461' title='bbox 1174 4230 1265 4287; x_wconf 90' lang='lat' dir='ltr'><strong>ubi</strong></span> <span class='ocrx_word' id='word_1_462' title='bbox 1297 4231 1482 4288; x_wconf 87' lang='lat' dir='ltr'><strong>anima</strong></span> <span class='ocrx_word' id='word_1_463' title='bbox 1506 4242 1562 4289; x_wconf 89' lang='lat' dir='ltr'><strong>et</strong></span> <span class='ocrx_word' id='word_1_464' title='bbox 1584 4249 1612 4288; x_wconf 90' lang='lat' dir='ltr'><strong>a</strong></span> <span class='ocrx_word' id='word_1_465' title='bbox 1638 4248 1866 4303; x_wconf 88' lang='lat' dir='ltr'><strong>corpore</strong></span> 
     </span>
    </p>
   </div>
   <div class='ocr_carea' id='block_1_60' title="bbox 274 4320 1867 4394">
    <p class='ocr_par' dir='ltr' id='par_1_60' title="bbox 274 4320 1867 4394">
     <span class='ocr_line' id='line_1_60' title="bbox 274 4320 1867 4394; baseline 0.003 -19"><span class='ocrx_word' id='word_1_466' title='bbox 274 4328 336 4375; x_wconf 84' lang='lat' dir='ltr'><strong>et</strong></span> <span class='ocrx_word' id='word_1_467' title='bbox 359 4334 390 4374; x_wconf 89' lang='lat' dir='ltr'><strong>a</strong></span> <span class='ocrx_word' id='word_1_468' title='bbox 418 4320 529 4375; x_wconf 86' lang='lat' dir='ltr'><strong>Deo</strong></span> <span class='ocrx_word' id='word_1_469' title='bbox 548 4329 798 4391; x_wconf 81' lang='lat' dir='ltr'><strong>separata</strong></span> <span class='ocrx_word' id='word_1_470' title='bbox 850 4322 1092 4393; x_wconf 89' lang='lat' dir='ltr'><strong>punitur,</strong></span> <span class='ocrx_word' id='word_1_471' title='bbox 1123 4323 1217 4378; x_wconf 85' lang='lat' dir='ltr'><strong>sed</strong></span> <span class='ocrx_word' id='word_1_472' title='bbox 1260 4322 1523 4394; x_wconf 87' lang='lat' dir='ltr'><strong>quidquid</strong></span> <span class='ocrx_word' id='word_1_473' title='bbox 1572 4326 1762 4379; x_wconf 88' lang='lat' dir='ltr'><strong>mortis</strong></span> <span class='ocrx_word' id='word_1_474' title='bbox 1782 4333 1867 4380; x_wconf 88' lang='lat' dir='ltr'><strong>est</strong></span> 
     </span>
    </p>
   </div>
   <div class='ocr_carea' id='block_1_61' title="bbox 274 4410 1863 4485">
    <p class='ocr_par' dir='ltr' id='par_1_61' title="bbox 274 4410 1863 4485">
     <span class='ocr_line' id='line_1_61' title="bbox 274 4410 1863 4485; baseline 0.004 -20"><span class='ocrx_word' id='word_1_475' title='bbox 274 4424 453 4481; x_wconf 88' lang='lat' dir='ltr'><strong>usque</strong></span> <span class='ocrx_word' id='word_1_476' title='bbox 477 4410 545 4466; x_wconf 85' lang='lat' dir='ltr'><strong>ad</strong></span> <span class='ocrx_word' id='word_1_477' title='bbox 566 4411 913 4469; x_wconf 82' lang='lat' dir='ltr'><strong>novissimam</strong></span> <span class='ocrx_word' id='word_1_478' title='bbox 953 4427 1076 4483; x_wconf 67' lang='lat' dir='ltr'><strong>qum</strong></span> <span class='ocrx_word' id='word_1_479' title='bbox 1118 4414 1355 4469; x_wconf 89' lang='lat' dir='ltr'><strong>secunda</strong></span> <span class='ocrx_word' id='word_1_480' title='bbox 1405 4414 1621 4480; x_wconf 90' lang='lat' dir='ltr'><strong>dicitur,</strong></span> <span class='ocrx_word' id='word_1_481' title='bbox 1648 4430 1755 4485; x_wconf 86' lang='lat' dir='ltr'><strong>qua</strong></span> <span class='ocrx_word' id='word_1_482' title='bbox 1779 4425 1863 4472; x_wconf 88' lang='lat' dir='ltr'><strong>est</strong></span> 
     </span>
    </p>
   </div>
   <div class='ocr_carea' id='block_1_62' title="bbox 276 4500 1721 4579">
    <p class='ocr_par' dir='ltr' id='par_1_62' title="bbox 276 4500 1721 4579">
     <span class='ocr_line' id='line_1_62' title="bbox 276 4500 1721 4579; baseline 0.003 -23"><span class='ocrx_word' id='word_1_483' title='bbox 276 4500 426 4556; x_wconf 89' lang='lat' dir='ltr'><strong>nulla</strong></span> <span class='ocrx_word' id='word_1_484' title='bbox 454 4503 741 4572; x_wconf 90' lang='lat' dir='ltr'><strong>posterior,</strong></span> <span class='ocrx_word' id='word_1_485' title='bbox 774 4504 1124 4560; x_wconf 87' lang='lat' dir='ltr'><strong>comminatio</strong></span> <span class='ocrx_word' id='word_1_486' title='bbox 1166 4504 1252 4559; x_wconf 89' lang='lat' dir='ltr'><strong>illa</strong></span> <span class='ocrx_word' id='word_1_487' title='bbox 1281 4505 1560 4575; x_wconf 79' lang='lat' dir='ltr'><strong>complexa</strong></span> <span class='ocrx_word' id='word_1_488' title='bbox 1590 4506 1721 4579; x_wconf 87' lang='lat' dir='ltr'><strong>est.]</strong></span> 
     </span>
    </p>
   </div>
   <div class='ocr_carea' id='block_1_63' title="bbox 350 4596 1859 4669">
    <p class='ocr_par' dir='ltr' id='par_1_63' title="bbox 350 4596 1859 4669">
     <span class='ocr_line' id='line_1_63' title="bbox 350 4596 1859 4669; baseline 0.003 -17"><span class='ocrx_word' id='word_1_489' title='bbox 350 4596 503 4663; x_wconf 79' lang='lat' dir='ltr'><strong>Item,</strong></span> <span class='ocrx_word' id='word_1_490' title='bbox 536 4610 658 4653; x_wconf 89' lang='lat' dir='ltr'><strong>cum</strong></span> <span class='ocrx_word' id='word_1_491' title='bbox 699 4598 768 4653; x_wconf 84' lang='lat' dir='ltr'><strong>de</strong></span> <span class='ocrx_word' id='word_1_492' title='bbox 805 4598 1029 4654; x_wconf 80' lang='lat' dir='ltr'><strong>exordio</strong></span> <span class='ocrx_word' id='word_1_493' title='bbox 1074 4597 1303 4652; x_wconf 84' lang='lat' dir='ltr'><strong>duarum</strong></span> <span class='ocrx_word' id='word_1_494' title='bbox 1345 4600 1624 4655; x_wconf 86' lang='lat' dir='ltr'><strong>civitatum</strong></span> <span class='ocrx_word' id='word_1_495' title='bbox 1652 4608 1859 4669; x_wconf 74' lang='lat' dir='ltr'><strong>ageret,</strong></span> 
     </span>
    </p>
   </div>
   <div class='ocr_carea' id='block_1_64' title="bbox 274 4688 1860 4764">
    <p class='ocr_par' dir='ltr' id='par_1_64' title="bbox 274 4688 1860 4764">
     <span class='ocr_line' id='line_1_64' title="bbox 274 4688 1860 4764; baseline 0.003 -23"><span class='ocrx_word' id='word_1_496' title='bbox 274 4701 513 4759; x_wconf 81' lang='lat' dir='ltr'><strong>quarum</strong></span> <span class='ocrx_word' id='word_1_497' title='bbox 542 4703 648 4744; x_wconf 85' lang='lat' dir='ltr'><strong>una</strong></span> <span class='ocrx_word' id='word_1_498' title='bbox 676 4698 761 4743; x_wconf 87' lang='lat' dir='ltr'><strong>est</strong></span> <span class='ocrx_word' id='word_1_499' title='bbox 807 4688 924 4754; x_wconf 88' lang='lat' dir='ltr'><strong>Dei,</strong></span> <span class='ocrx_word' id='word_1_500' title='bbox 956 4688 1126 4747; x_wconf 74' lang='lat' dir='ltr'><strong>altera</strong></span> <span class='ocrx_word' id='word_1_501' title='bbox 1156 4688 1375 4754; x_wconf 88' lang='lat' dir='ltr'><strong>diaboli,</strong></span> <span class='ocrx_word' id='word_1_502' title='bbox 1406 4689 1495 4746; x_wconf 84' lang='lat' dir='ltr'><strong>illa</strong></span> <span class='ocrx_word' id='word_1_503' title='bbox 1549 4690 1644 4746; x_wconf 89' lang='lat' dir='ltr'><strong>Dei</strong></span> <span class='ocrx_word' id='word_1_504' title='bbox 1688 4692 1860 4764; x_wconf 86' lang='lat' dir='ltr'><strong>gratia</strong></span> 
     </span>
    </p>
   </div>
   <div class='ocr_carea' id='block_1_65' title="bbox 276 4778 1860 4851">
    <p class='ocr_par' dir='ltr' id='par_1_65' title="bbox 276 4778 1860 4851">
     <span class='ocr_line' id='line_1_65' title="bbox 276 4778 1860 4851; baseline 0.004 -18"><span class='ocrx_word' id='word_1_505' title='bbox 276 4778 534 4845; x_wconf 88' lang='lat' dir='ltr'><strong>liberata,</strong></span> <span class='ocrx_word' id='word_1_506' title='bbox 560 4779 660 4833; x_wconf 89' lang='lat' dir='ltr'><strong>ista</strong></span> <span class='ocrx_word' id='word_1_507' title='bbox 685 4779 832 4850; x_wconf 84' lang='lat' dir='ltr'><strong>justa</strong></span> <span class='ocrx_word' id='word_1_508' title='bbox 860 4779 1065 4834; x_wconf 88' lang='lat' dir='ltr'><strong>ultione</strong></span> <span class='ocrx_word' id='word_1_509' title='bbox 1093 4780 1369 4842; x_wconf 87' lang='lat' dir='ltr'><strong>damnata,</strong></span> <span class='ocrx_word' id='word_1_510' title='bbox 1422 4780 1476 4835; x_wconf 92' lang='lat' dir='ltr'><strong>in</strong></span> <span class='ocrx_word' id='word_1_511' title='bbox 1512 4780 1630 4851; x_wconf 87' lang='lat' dir='ltr'><strong>ipso</strong></span> <span class='ocrx_word' id='word_1_512' title='bbox 1676 4781 1860 4839; x_wconf 84' lang='lat' dir='ltr'><strong>statim</strong></span> 
     </span>
    </p>
   </div>
   <div class='ocr_carea' id='block_1_66' title="bbox 276 4872 1861 4942">
    <p class='ocr_par' dir='ltr' id='par_1_66' title="bbox 276 4872 1861 4942">
     <span class='ocr_line' id='line_1_66' title="bbox 276 4872 1861 4942; baseline 0.003 -16"><span class='ocrx_word' id='word_1_513' title='bbox 276 4872 593 4928; x_wconf 87' lang='lat' dir='ltr'><strong>earumdem</strong></span> <span class='ocrx_word' id='word_1_514' title='bbox 642 4881 835 4929; x_wconf 80' lang='lat' dir='ltr'><strong>exortu</strong></span> <span class='ocrx_word' id='word_1_515' title='bbox 887 4881 1179 4942; x_wconf 88' lang='lat' dir='ltr'><strong>utrumque</strong></span> <span class='ocrx_word' id='word_1_516' title='bbox 1209 4873 1533 4929; x_wconf 87' lang='lat' dir='ltr'><strong>mirabiliter</strong></span> <span class='ocrx_word' id='word_1_517' title='bbox 1583 4882 1861 4930; x_wconf 87' lang='lat' dir='ltr'><strong>ostensum</strong></span> 
     </span>
    </p>
   </div>
   <div class='ocr_carea' id='block_1_67' title="bbox 277 4962 1863 5036">
    <p class='ocr_par' dir='ltr' id='par_1_67' title="bbox 277 4962 1863 5036">
     <span class='ocr_line' id='line_1_67' title="bbox 277 4962 1863 5036; baseline -0.001 -16"><span class='ocrx_word' id='word_1_518' title='bbox 277 4965 353 5020; x_wconf 84' lang='lat' dir='ltr'><strong>ita</strong></span> <span class='ocrx_word' id='word_1_519' title='bbox 382 4966 744 5030; x_wconf 89' lang='lat' dir='ltr'><strong>commendat,</strong></span> <span class='ocrx_word' id='word_1_520' title='bbox 803 4965 1025 5020; x_wconf 89' lang='lat' dir='ltr'><strong>dicens:</strong></span> <span class='ocrx_word' id='word_1_521' title='bbox 1078 4962 1233 5036; x_wconf 88' lang='lat' dir='ltr'><strong>[Cum</strong></span> <span class='ocrx_word' id='word_1_522' title='bbox 1289 4965 1525 5034; x_wconf 87' lang='lat' dir='ltr'><strong>primum</strong></span> <span class='ocrx_word' id='word_1_523' title='bbox 1568 4965 1686 5020; x_wconf 67' lang='lat' dir='ltr'><strong>illum</strong></span> <span class='ocrx_word' id='word_1_524' title='bbox 1744 4966 1863 5019; x_wconf 63' lang='lat' dir='ltr'><strong>ista:</strong></span> 
     </span>
    </p>
   </div>
   <div class='ocr_carea' id='block_1_68' title="bbox 272 5057 1864 5128">
    <p class='ocr_par' dir='ltr' id='par_1_68' title="bbox 272 5057 1864 5128">
     <span class='ocr_line' id='line_1_68' title="bbox 272 5057 1864 5128; baseline -0.001 -15"><span class='ocrx_word' id='word_1_525' title='bbox 272 5066 562 5128; x_wconf 67' lang='lat' dir='ltr'><strong>coeperunt</strong></span> <span class='ocrx_word' id='word_1_526' title='bbox 607 5059 903 5124; x_wconf 85' lang='lat' dir='ltr'><strong>nascendo,</strong></span> <span class='ocrx_word' id='word_1_527' title='bbox 926 5066 1091 5128; x_wconf 89' lang='lat' dir='ltr'><strong>atque</strong></span> <span class='ocrx_word' id='word_1_528' title='bbox 1120 5057 1401 5117; x_wconf 86' lang='lat' dir='ltr'><strong>moriendo</strong></span> <span class='ocrx_word' id='word_1_529' title='bbox 1427 5071 1749 5127; x_wconf 85' lang='lat' dir='ltr'><strong>procurrere</strong></span> <span class='ocrx_word' id='word_1_530' title='bbox 1782 5058 1864 5111; x_wconf 90' lang='lat' dir='ltr'><strong>ci-</strong></span> 
     </span>
    </p>
   </div>
   <div class='ocr_carea' id='block_1_69' title="bbox 275 5148 1864 5220">
    <p class='ocr_par' dir='ltr' id='par_1_69' title="bbox 275 5148 1864 5220">
     <span class='ocr_line' id='line_1_69' title="bbox 275 5148 1864 5220; baseline -0.001 -16"><span class='ocrx_word' id='word_1_531' title='bbox 275 5153 499 5215; x_wconf 80' lang='lat' dir='ltr'><strong>vitates,</strong></span> <span class='ocrx_word' id='word_1_532' title='bbox 526 5150 678 5219; x_wconf 91' lang='lat' dir='ltr'><strong>prior</strong></span> <span class='ocrx_word' id='word_1_533' title='bbox 701 5158 784 5205; x_wconf 89' lang='lat' dir='ltr'><strong>est</strong></span> <span class='ocrx_word' id='word_1_534' title='bbox 812 5158 973 5205; x_wconf 90' lang='lat' dir='ltr'><strong>natus</strong></span> <span class='ocrx_word' id='word_1_535' title='bbox 996 5149 1132 5204; x_wconf 85' lang='lat' dir='ltr'><strong>civis</strong></span> <span class='ocrx_word' id='word_1_536' title='bbox 1161 5149 1320 5220; x_wconf 85' lang='lat' dir='ltr'><strong>hujus</strong></span> <span class='ocrx_word' id='word_1_537' title='bbox 1349 5148 1554 5214; x_wconf 69' lang='lat' dir='ltr'><strong>saeculi,</strong></span> <span class='ocrx_word' id='word_1_538' title='bbox 1593 5150 1864 5218; x_wconf 87' lang='lat' dir='ltr'><strong>posterius</strong></span> 
     </span>
    </p>
   </div>
   <div class='ocr_carea' id='block_1_70' title="bbox 274 5241 1862 5314">
    <p class='ocr_par' dir='ltr' id='par_1_70' title="bbox 274 5241 1862 5314">
     <span class='ocr_line' id='line_1_70' title="bbox 274 5241 1862 5314; baseline 0.002 -18"><span class='ocrx_word' id='word_1_539' title='bbox 274 5251 460 5297; x_wconf 85' lang='lat' dir='ltr'><strong>autem</strong></span> <span class='ocrx_word' id='word_1_540' title='bbox 487 5242 591 5297; x_wconf 86' lang='lat' dir='ltr'><strong>isto</strong></span> <span class='ocrx_word' id='word_1_541' title='bbox 614 5244 937 5314; x_wconf 80' lang='lat' dir='ltr'><strong>peregrinus</strong></span> <span class='ocrx_word' id='word_1_542' title='bbox 958 5242 1010 5297; x_wconf 93' lang='lat' dir='ltr'><strong>in</strong></span> <span class='ocrx_word' id='word_1_543' title='bbox 1035 5241 1253 5305; x_wconf 64' lang='lat' dir='ltr'><strong>saeculo,</strong></span> <span class='ocrx_word' id='word_1_544' title='bbox 1298 5250 1355 5296; x_wconf 87' lang='lat' dir='ltr'><strong>et</strong></span> <span class='ocrx_word' id='word_1_545' title='bbox 1374 5242 1653 5313; x_wconf 83' lang='lat' dir='ltr'><strong>pertinens</strong></span> <span class='ocrx_word' id='word_1_546' title='bbox 1681 5243 1750 5297; x_wconf 91' lang='lat' dir='ltr'><strong>ad</strong></span> <span class='ocrx_word' id='word_1_547' title='bbox 1778 5243 1862 5299; x_wconf 90' lang='lat' dir='ltr'><strong>ci-</strong></span> 
     </span>
    </p>
   </div>
   <div class='ocr_carea' id='block_1_71' title="bbox 282 5332 1859 5403">
    <p class='ocr_par' dir='ltr' id='par_1_71' title="bbox 282 5332 1859 5403">
     <span class='ocr_line' id='line_1_71' title="bbox 282 5332 1859 5403; baseline 0.002 -16"><span class='ocrx_word' id='word_1_548' title='bbox 282 5334 502 5387; x_wconf 84' lang='lat' dir='ltr'><strong>vitatem</strong></span> <span class='ocrx_word' id='word_1_549' title='bbox 557 5332 650 5387; x_wconf 89' lang='lat' dir='ltr'><strong>Dei</strong></span> <span class='ocrx_word' id='word_1_550' title='bbox 705 5333 881 5403; x_wconf 87' lang='lat' dir='ltr'><strong>gratia</strong></span> <span class='ocrx_word' id='word_1_551' title='bbox 936 5332 1373 5402; x_wconf 65' lang='lat' dir='ltr'><strong>prmdestinatus,</strong></span> <span class='ocrx_word' id='word_1_552' title='bbox 1423 5333 1599 5402; x_wconf 81' lang='lat' dir='ltr'><strong>gratia</strong></span> <span class='ocrx_word' id='word_1_553' title='bbox 1630 5333 1859 5400; x_wconf 87' lang='lat' dir='ltr'><strong>electus,</strong></span> 
     </span>
    </p>
   </div>
   <div class='ocr_carea' id='block_1_72' title="bbox 270 5424 1863 5499">
    <p class='ocr_par' dir='ltr' id='par_1_72' title="bbox 270 5424 1863 5499">
     <span class='ocr_line' id='line_1_72' title="bbox 270 5424 1863 5499; baseline 0.001 -19"><span class='ocrx_word' id='word_1_554' title='bbox 270 5425 454 5499; x_wconf 75' lang='lat' dir='ltr'><strong>gratia</strong></span> <span class='ocrx_word' id='word_1_555' title='bbox 478 5425 796 5497; x_wconf 76' lang='lat' dir='ltr'><strong>peregrinus</strong></span> <span class='ocrx_word' id='word_1_556' title='bbox 815 5425 1092 5491; x_wconf 84' lang='lat' dir='ltr'><strong>deorsum,</strong></span> <span class='ocrx_word' id='word_1_557' title='bbox 1108 5424 1282 5496; x_wconf 89' lang='lat' dir='ltr'><strong>gratia</strong></span> <span class='ocrx_word' id='word_1_558' title='bbox 1303 5424 1438 5480; x_wconf 82' lang='lat' dir='ltr'><strong>civis</strong></span> <span class='ocrx_word' id='word_1_559' title='bbox 1462 5440 1700 5480; x_wconf 90' lang='lat' dir='ltr'><strong>sursum.</strong></span> <span class='ocrx_word' id='word_1_560' title='bbox 1726 5424 1863 5481; x_wconf 88' lang='lat' dir='ltr'><strong>Nam</strong></span> 
     </span>
    </p>
   </div>
   <div class='ocr_carea' id='block_1_73' title="bbox 265 5518 1866 5590">
    <p class='ocr_par' dir='ltr' id='par_1_73' title="bbox 265 5518 1866 5590">
     <span class='ocr_line' id='line_1_73' title="bbox 265 5518 1866 5590; baseline 0 -17"><span class='ocrx_word' id='word_1_561' title='bbox 265 5530 543 5590; x_wconf 69' lang='lat' dir='ltr'><strong>quantum</strong></span> <span class='ocrx_word' id='word_1_562' title='bbox 571 5521 639 5573; x_wconf 87' lang='lat' dir='ltr'><strong>ad</strong></span> <span class='ocrx_word' id='word_1_563' title='bbox 670 5521 843 5590; x_wconf 83' lang='lat' dir='ltr'><strong>ipsum</strong></span> <span class='ocrx_word' id='word_1_564' title='bbox 870 5518 1066 5574; x_wconf 87' lang='lat' dir='ltr'><strong>attinet</strong></span> <span class='ocrx_word' id='word_1_565' title='bbox 1091 5535 1111 5569; x_wconf 72' lang='grc' dir='ltr'><strong>ι</strong></span> <span class='ocrx_word' id='word_1_566' title='bbox 1144 5532 1211 5573; x_wconf 77' lang='lat' dir='ltr'><strong>ex</strong></span> <span class='ocrx_word' id='word_1_567' title='bbox 1254 5518 1443 5573; x_wconf 85' lang='lat' dir='ltr'><strong>eadem</strong></span> <span class='ocrx_word' id='word_1_568' title='bbox 1492 5532 1670 5577; x_wconf 84' lang='lat' dir='ltr'><strong>massa</strong></span> <span class='ocrx_word' id='word_1_569' title='bbox 1701 5538 1720 5572; x_wconf 72' lang='grc' dir='ltr'><strong>ι</strong></span> <span class='ocrx_word' id='word_1_570' title='bbox 1750 5518 1866 5574; x_wconf 87' lang='lat' dir='ltr'><strong>ori-</strong></span> 
     </span>
    </p>
   </div>
   <div class='ocr_carea' id='block_1_74' title="bbox 264 5611 1867 5685">
    <p class='ocr_par' dir='ltr' id='par_1_74' title="bbox 264 5611 1867 5685">
     <span class='ocr_line' id='line_1_74' title="bbox 264 5611 1867 5685; baseline -0.002 -15"><span class='ocrx_word' id='word_1_571' title='bbox 264 5623 392 5680; x_wconf 87' lang='lat' dir='ltr'><strong>-tur,</strong></span> <span class='ocrx_word' id='word_1_572' title='bbox 421 5629 540 5683; x_wconf 65' lang='lat' dir='ltr'><strong>quas</strong></span> <span class='ocrx_word' id='word_1_573' title='bbox 564 5613 905 5685; x_wconf 86' lang='lat' dir='ltr'><strong>originaliter</strong></span> <span class='ocrx_word' id='word_1_574' title='bbox 936 5620 1021 5668; x_wconf 86' lang='lat' dir='ltr'><strong>est</strong></span> <span class='ocrx_word' id='word_1_575' title='bbox 1075 5619 1186 5667; x_wconf 90' lang='lat' dir='ltr'><strong>tota</strong></span> <span class='ocrx_word' id='word_1_576' title='bbox 1217 5611 1509 5666; x_wconf 86' lang='lat' dir='ltr'><strong>damnata:</strong></span> <span class='ocrx_word' id='word_1_577' title='bbox 1562 5612 1654 5667; x_wconf 86' lang='lat' dir='ltr'><strong>sed</strong></span> <span class='ocrx_word' id='word_1_578' title='bbox 1689 5629 1708 5663; x_wconf 73' lang='grc' dir='ltr'><strong>ι</strong></span> <span class='ocrx_word' id='word_1_579' title='bbox 1749 5619 1867 5666; x_wconf 88' lang='lat' dir='ltr'><strong>tan-</strong></span> 
     </span>
    </p>
   </div>
   <div class='ocr_carea' id='block_1_75' title="bbox 279 5703 1864 5777">
    <p class='ocr_par' dir='ltr' id='par_1_75' title="bbox 279 5703 1864 5777">
     <span class='ocr_line' id='line_1_75' title="bbox 279 5703 1864 5777; baseline 0.001 -17"><span class='ocrx_word' id='word_1_580' title='bbox 279 5722 441 5777; x_wconf 84' lang='lat' dir='ltr'><strong>quam</strong></span> <span class='ocrx_word' id='word_1_581' title='bbox 466 5704 660 5777; x_wconf 81' lang='lat' dir='ltr'><strong>iigulus</strong></span> <span class='ocrx_word' id='word_1_582' title='bbox 687 5705 830 5760; x_wconf 87' lang='lat' dir='ltr'><strong>Deus</strong></span> <span class='ocrx_word' id='word_1_583' title='bbox 865 5724 887 5758; x_wconf 78' lang='grc' dir='ltr'><strong>ι</strong></span> <span class='ocrx_word' id='word_1_584' title='bbox 930 5705 1093 5775; x_wconf 86' lang='lat' dir='ltr'><strong>(hanc</strong></span> <span class='ocrx_word' id='word_1_585' title='bbox 1130 5703 1275 5759; x_wconf 89' lang='lat' dir='ltr'><strong>enim</strong></span> <span class='ocrx_word' id='word_1_586' title='bbox 1325 5703 1730 5759; x_wconf 88' lang='lat' dir='ltr'><strong>similitudinem</strong></span> <span class='ocrx_word' id='word_1_587' title='bbox 1756 5717 1864 5761; x_wconf 84' lang='lat' dir='ltr'><strong>non</strong></span> 
     </span>
    </p>
   </div>
   <div class='ocr_carea' id='block_1_76' title="bbox 262 5795 1866 5879">
    <p class='ocr_par' dir='ltr' id='par_1_76' title="bbox 262 5795 1866 5879">
     <span class='ocr_line' id='line_1_76' title="bbox 262 5795 1866 5879; baseline -0.003 -22"><span class='ocrx_word' id='word_1_588' title='bbox 262 5801 667 5879; x_wconf 69' lang='lat' dir='ltr'><strong>impudenter,</strong></span> <span class='ocrx_word' id='word_1_589' title='bbox 722 5799 818 5856; x_wconf 81' lang='lat' dir='ltr'><strong>sed</strong></span> <span class='ocrx_word' id='word_1_590' title='bbox 864 5798 1164 5871; x_wconf 77' lang='lat' dir='ltr'><strong>prudenter</strong></span> <span class='ocrx_word' id='word_1_591' title='bbox 1213 5797 1512 5857; x_wconf 79' lang='lat' dir='ltr'><strong>introducit</strong></span> <span class='ocrx_word' id='word_1_592' title='bbox 1554 5795 1866 5867; x_wconf 77' lang='lat' dir='ltr'><strong>Apostolus)</strong></span> 
     </span>
    </p>
   </div>
   <div class='ocr_carea' id='block_1_77' title="bbox 1979 1914 3563 1991">
    <p class='ocr_par' dir='ltr' id='par_1_77' title="bbox 1979 1914 3563 1991">
     <span class='ocr_line' id='line_1_77' title="bbox 1979 1914 3563 1991; baseline 0.006 -24"><span class='ocrx_word' id='word_1_593' title='bbox 1979 1921 2093 1979; x_wconf 85' lang='lat' dir='ltr'><strong>est,</strong></span> <span class='ocrx_word' id='word_1_594' title='bbox 2130 1928 2158 1967; x_wconf 92' lang='lat' dir='ltr'><strong>a</strong></span> <span class='ocrx_word' id='word_1_595' title='bbox 2183 1914 2359 1983; x_wconf 89' lang='lat' dir='ltr'><strong>primo</strong></span> <span class='ocrx_word' id='word_1_596' title='bbox 2396 1915 2612 1971; x_wconf 90' lang='lat' dir='ltr'><strong>homine</strong></span> <span class='ocrx_word' id='word_1_597' title='bbox 2642 1932 2813 1989; x_wconf 86' lang='lat' dir='ltr'><strong>usque</strong></span> <span class='ocrx_word' id='word_1_598' title='bbox 2836 1920 2906 1975; x_wconf 90' lang='lat' dir='ltr'><strong>ad</strong></span> <span class='ocrx_word' id='word_1_599' title='bbox 2956 1919 3126 1990; x_wconf 89' lang='lat' dir='ltr'><strong>ipsam</strong></span> <span class='ocrx_word' id='word_1_600' title='bbox 3177 1920 3341 1975; x_wconf 84' lang='lat' dir='ltr'><strong>etiam</strong></span> <span class='ocrx_word' id='word_1_601' title='bbox 3368 1921 3563 1991; x_wconf 85' lang='lat' dir='ltr'><strong>legem,</strong></span> 
     </span>
    </p>
   </div>
   <div class='ocr_carea' id='block_1_78' title="bbox 1978 2005 3559 2083">
    <p class='ocr_par' dir='ltr' id='par_1_78' title="bbox 1978 2005 3559 2083">
     <span class='ocr_line' id='line_1_78' title="bbox 1978 2005 3559 2083; baseline 0.005 -24"><span class='ocrx_word' id='word_1_602' title='bbox 1978 2018 2100 2074; x_wconf 74' lang='lat' dir='ltr'><strong>qua:</strong></span> <span class='ocrx_word' id='word_1_603' title='bbox 2125 2005 2384 2062; x_wconf 84' lang='lat' dir='ltr'><strong>divinitus</strong></span> <span class='ocrx_word' id='word_1_604' title='bbox 2408 2008 2747 2078; x_wconf 76' lang='lat' dir='ltr'><strong>promulgata</strong></span> <span class='ocrx_word' id='word_1_605' title='bbox 2778 2019 2901 2077; x_wconf 88' lang='lat' dir='ltr'><strong>est;</strong></span> <span class='ocrx_word' id='word_1_606' title='bbox 2932 2010 3058 2081; x_wconf 88' lang='lat' dir='ltr'><strong>quia</strong></span> <span class='ocrx_word' id='word_1_607' title='bbox 3092 2025 3190 2067; x_wconf 92' lang='lat' dir='ltr'><strong>nec</strong></span> <span class='ocrx_word' id='word_1_608' title='bbox 3238 2012 3355 2081; x_wconf 90' lang='lat' dir='ltr'><strong>ipsa</strong></span> <span class='ocrx_word' id='word_1_609' title='bbox 3380 2012 3559 2083; x_wconf 89' lang='lat' dir='ltr'><strong>potuit</strong></span> 
     </span>
    </p>
   </div>
   <div class='ocr_carea' id='block_1_79' title="bbox 1984 2098 3566 2173">
    <p class='ocr_par' dir='ltr' id='par_1_79' title="bbox 1984 2098 3566 2173">
     <span class='ocr_line' id='line_1_79' title="bbox 1984 2098 3566 2173; baseline 0.009 -24"><span class='ocrx_word' id='word_1_610' title='bbox 1984 2112 2005 2148; x_wconf 72' lang='grc' dir='ltr'><strong>ι</strong></span> <span class='ocrx_word' id='word_1_611' title='bbox 2045 2111 2266 2173; x_wconf 80' lang='lat' dir='ltr'><strong>regnum</strong></span> <span class='ocrx_word' id='word_1_612' title='bbox 2289 2098 2530 2159; x_wconf 60' lang='lat' dir='ltr'><strong>mortis;</strong></span> <span class='ocrx_word' id='word_1_613' title='bbox 2580 2099 2812 2154; x_wconf 81' lang='lat' dir='ltr'><strong>auferre.</strong></span> <span class='ocrx_word' id='word_1_614' title='bbox 2864 2098 3109 2172; x_wconf 79' lang='lat' dir='ltr'><strong>Regnum</strong></span> <span class='ocrx_word' id='word_1_615' title='bbox 3166 2102 3314 2159; x_wconf 90' lang='lat' dir='ltr'><strong>enim</strong></span> <span class='ocrx_word' id='word_1_616' title='bbox 3373 2104 3566 2163; x_wconf 65' lang='lat' dir='ltr'><strong>mortis</strong></span> 
     </span>
    </p>
   </div>
   <div class='ocr_carea' id='block_1_80' title="bbox 1975 2188 3564 2263">
    <p class='ocr_par' dir='ltr' id='par_1_80' title="bbox 1975 2188 3564 2263">
     <span class='ocr_line' id='line_1_80' title="bbox 1975 2188 3564 2263; baseline 0.006 -19"><span class='ocrx_word' id='word_1_617' title='bbox 1975 2188 2092 2244; x_wconf 84' lang='lat' dir='ltr'><strong>vult</strong></span> <span class='ocrx_word' id='word_1_618' title='bbox 2139 2189 2387 2263; x_wconf 79' lang='lat' dir='ltr'><strong>intelligi,</strong></span> <span class='ocrx_word' id='word_1_619' title='bbox 2432 2191 2650 2261; x_wconf 86' lang='lat' dir='ltr'><strong>quando</strong></span> <span class='ocrx_word' id='word_1_620' title='bbox 2679 2192 2752 2248; x_wconf 79' lang='lat' dir='ltr'><strong>ita</strong></span> <span class='ocrx_word' id='word_1_621' title='bbox 2800 2192 3109 2249; x_wconf 88' lang='lat' dir='ltr'><strong>dominatur</strong></span> <span class='ocrx_word' id='word_1_622' title='bbox 3152 2194 3208 2253; x_wconf 91' lang='lat' dir='ltr'><strong>in</strong></span> <span class='ocrx_word' id='word_1_623' title='bbox 3254 2195 3564 2255; x_wconf 72' lang='lat' dir='ltr'><strong>hominibus</strong></span> 
     </span>
    </p>
   </div>
   <div class='ocr_carea' id='block_1_81' title="bbox 1978 2284 3561 2359">
    <p class='ocr_par' dir='ltr' id='par_1_81' title="bbox 1978 2284 3561 2359">
     <span class='ocr_line' id='line_1_81' title="bbox 1978 2284 3561 2359; baseline 0.004 -21"><span class='ocrx_word' id='word_1_624' title='bbox 1978 2294 2161 2340; x_wconf 90' lang='lat' dir='ltr'><strong>reatus</strong></span> <span class='ocrx_word' id='word_1_625' title='bbox 2187 2284 2415 2354; x_wconf 86' lang='lat' dir='ltr'><strong>peccati,</strong></span> <span class='ocrx_word' id='word_1_626' title='bbox 2448 2292 2509 2339; x_wconf 92' lang='lat' dir='ltr'><strong>ut</strong></span> <span class='ocrx_word' id='word_1_627' title='bbox 2546 2299 2640 2342; x_wconf 90' lang='lat' dir='ltr'><strong>eos</strong></span> <span class='ocrx_word' id='word_1_628' title='bbox 2663 2285 2730 2340; x_wconf 90' lang='lat' dir='ltr'><strong>ad</strong></span> <span class='ocrx_word' id='word_1_629' title='bbox 2767 2284 2933 2343; x_wconf 88' lang='lat' dir='ltr'><strong>vitam</strong></span> <span class='ocrx_word' id='word_1_630' title='bbox 2958 2295 3237 2354; x_wconf 62' lang='lat' dir='ltr'><strong>mternam,</strong></span> <span class='ocrx_word' id='word_1_631' title='bbox 3267 2302 3387 2359; x_wconf 63' lang='lat' dir='ltr'><strong>quae</strong></span> <span class='ocrx_word' id='word_1_632' title='bbox 3435 2302 3561 2344; x_wconf 84' lang='lat' dir='ltr'><strong>vera</strong></span> 
     </span>
    </p>
   </div>
   <div class='ocr_carea' id='block_1_82' title="bbox 1976 2374 3562 2447">
    <p class='ocr_par' dir='ltr' id='par_1_82' title="bbox 1976 2374 3562 2447">
     <span class='ocr_line' id='line_1_82' title="bbox 1976 2374 3562 2447; baseline 0.003 -18"><span class='ocrx_word' id='word_1_633' title='bbox 1976 2376 2089 2432; x_wconf 79' lang='lat' dir='ltr'><strong>vita</strong></span> <span class='ocrx_word' id='word_1_634' title='bbox 2118 2384 2222 2440; x_wconf 90' lang='lat' dir='ltr'><strong>est,</strong></span> <span class='ocrx_word' id='word_1_635' title='bbox 2253 2376 2440 2432; x_wconf 89' lang='lat' dir='ltr'><strong>venire</strong></span> <span class='ocrx_word' id='word_1_636' title='bbox 2465 2391 2573 2435; x_wconf 83' lang='lat' dir='ltr'><strong>non</strong></span> <span class='ocrx_word' id='word_1_637' title='bbox 2606 2377 2787 2445; x_wconf 85' lang='lat' dir='ltr'><strong>sinat;</strong></span> <span class='ocrx_word' id='word_1_638' title='bbox 2818 2378 2913 2435; x_wconf 91' lang='lat' dir='ltr'><strong>sed</strong></span> <span class='ocrx_word' id='word_1_639' title='bbox 2943 2379 3012 2433; x_wconf 91' lang='lat' dir='ltr'><strong>ad</strong></span> <span class='ocrx_word' id='word_1_640' title='bbox 3053 2374 3347 2436; x_wconf 80' lang='lat' dir='ltr'><strong>secundam</strong></span> <span class='ocrx_word' id='word_1_641' title='bbox 3375 2381 3562 2447; x_wconf 87' lang='lat' dir='ltr'><strong>etiam,</strong></span> 
     </span>
    </p>
   </div>
   <div class='ocr_carea' id='block_1_83' title="bbox 1975 2466 3563 2536">
    <p class='ocr_par' dir='ltr' id='par_1_83' title="bbox 1975 2466 3563 2536">
     <span class='ocr_line' id='line_1_83' title="bbox 1975 2466 3563 2536; baseline 0.004 -16"><span class='ocrx_word' id='word_1_642' title='bbox 1975 2482 2096 2536; x_wconf 74' lang='lat' dir='ltr'><strong>qua:</strong></span> <span class='ocrx_word' id='word_1_643' title='bbox 2125 2466 2411 2536; x_wconf 69' lang='lat' dir='ltr'><strong>poenaliter</strong></span> <span class='ocrx_word' id='word_1_644' title='bbox 2454 2475 2654 2527; x_wconf 62' lang='lat' dir='ltr'><strong>aeterna</strong></span> <span class='ocrx_word' id='word_1_645' title='bbox 2681 2476 2785 2534; x_wconf 88' lang='lat' dir='ltr'><strong>est,</strong></span> <span class='ocrx_word' id='word_1_646' title='bbox 2817 2477 3043 2524; x_wconf 88' lang='lat' dir='ltr'><strong>mortem</strong></span> <span class='ocrx_word' id='word_1_647' title='bbox 3084 2470 3299 2527; x_wconf 89' lang='lat' dir='ltr'><strong>trahat:</strong></span> <span class='ocrx_word' id='word_1_648' title='bbox 3349 2472 3452 2527; x_wconf 86' lang='lat' dir='ltr'><strong>hoc</strong></span> <span class='ocrx_word' id='word_1_649' title='bbox 3475 2484 3563 2526; x_wconf 85' lang='lat' dir='ltr'><strong>re-</strong></span> 
     </span>
    </p>
   </div>
   <div class='ocr_carea' id='block_1_84' title="bbox 1976 2559 3565 2633">
    <p class='ocr_par' dir='ltr' id='par_1_84' title="bbox 1976 2559 3565 2633">
     <span class='ocr_line' id='line_1_84' title="bbox 1976 2559 3565 2633; baseline 0.003 -21"><span class='ocrx_word' id='word_1_650' title='bbox 1976 2574 2138 2629; x_wconf 88' lang='lat' dir='ltr'><strong>gnum</strong></span> <span class='ocrx_word' id='word_1_651' title='bbox 2168 2559 2360 2615; x_wconf 89' lang='lat' dir='ltr'><strong>mortis</strong></span> <span class='ocrx_word' id='word_1_652' title='bbox 2397 2559 2510 2617; x_wconf 90' lang='lat' dir='ltr'><strong>sola</strong></span> <span class='ocrx_word' id='word_1_653' title='bbox 2536 2559 2590 2615; x_wconf 91' lang='lat' dir='ltr'><strong>in</strong></span> <span class='ocrx_word' id='word_1_654' title='bbox 2611 2559 2852 2629; x_wconf 88' lang='lat' dir='ltr'><strong>quolibet</strong></span> <span class='ocrx_word' id='word_1_655' title='bbox 2881 2561 3103 2617; x_wconf 89' lang='lat' dir='ltr'><strong>homine</strong></span> <span class='ocrx_word' id='word_1_656' title='bbox 3127 2562 3301 2633; x_wconf 88' lang='lat' dir='ltr'><strong>gratia</strong></span> <span class='ocrx_word' id='word_1_657' title='bbox 3331 2562 3565 2617; x_wconf 87' lang='lat' dir='ltr'><strong>destruit</strong></span> 
     </span>
    </p>
   </div>
   <div class='ocr_carea' id='block_1_85' title="bbox 1974 2647 3559 2723">
    <p class='ocr_par' dir='ltr' id='par_1_85' title="bbox 1974 2647 3559 2723">
     <span class='ocr_line' id='line_1_85' title="bbox 1974 2647 3559 2723; baseline 0.001 -16"><span class='ocrx_word' id='word_1_658' title='bbox 1974 2647 2278 2707; x_wconf 83' lang='lat' dir='ltr'><strong>Salvatoris</strong></span> <span class='ocrx_word' id='word_1_659' title='bbox 2310 2666 2430 2719; x_wconf 73' lang='lat' dir='ltr'><strong>qua:</strong></span> <span class='ocrx_word' id='word_1_660' title='bbox 2454 2658 2678 2721; x_wconf 86' lang='lat' dir='ltr'><strong>operata</strong></span> <span class='ocrx_word' id='word_1_661' title='bbox 2704 2660 2787 2707; x_wconf 88' lang='lat' dir='ltr'><strong>est</strong></span> <span class='ocrx_word' id='word_1_662' title='bbox 2809 2652 2970 2707; x_wconf 87' lang='lat' dir='ltr'><strong>etiam</strong></span> <span class='ocrx_word' id='word_1_663' title='bbox 2993 2652 3047 2706; x_wconf 89' lang='lat' dir='ltr'><strong>in</strong></span> <span class='ocrx_word' id='word_1_664' title='bbox 3072 2654 3312 2723; x_wconf 89' lang='lat' dir='ltr'><strong>antiquis</strong></span> <span class='ocrx_word' id='word_1_665' title='bbox 3334 2652 3559 2710; x_wconf 88' lang='lat' dir='ltr'><strong>sanctis.</strong></span> 
     </span>
    </p>
   </div>
   <div class='ocr_carea' id='block_1_86' title="bbox 1973 2740 3562 2815">
    <p class='ocr_par' dir='ltr' id='par_1_86' title="bbox 1973 2740 3562 2815">
     <span class='ocr_line' id='line_1_86' title="bbox 1973 2740 3562 2815; baseline 0.001 -18"><span class='ocrx_word' id='word_1_666' title='bbox 1973 2740 2118 2811; x_wconf 87' lang='lat' dir='ltr'><strong>Ergo</strong></span> <span class='ocrx_word' id='word_1_667' title='bbox 2143 2741 2196 2795; x_wconf 88' lang='lat' dir='ltr'><strong>in</strong></span> <span class='ocrx_word' id='word_1_668' title='bbox 2226 2740 2477 2796; x_wconf 89' lang='lat' dir='ltr'><strong>omnibus</strong></span> <span class='ocrx_word' id='word_1_669' title='bbox 2504 2759 2523 2793; x_wconf 75' lang='grc' dir='ltr'>ί</span> <span class='ocrx_word' id='word_1_670' title='bbox 2583 2742 2849 2811; x_wconf 82' lang='lat' dir='ltr'><strong>regnavit,</strong></span> <span class='ocrx_word' id='word_1_671' title='bbox 2898 2756 3047 2798; x_wconf 90' lang='lat' dir='ltr'><strong>mors</strong></span> <span class='ocrx_word' id='word_1_672' title='bbox 3082 2742 3151 2797; x_wconf 87' lang='lat' dir='ltr'><strong>ab</strong></span> <span class='ocrx_word' id='word_1_673' title='bbox 3186 2743 3358 2799; x_wconf 82' lang='lat' dir='ltr'><strong>Adam</strong></span> <span class='ocrx_word' id='word_1_674' title='bbox 3389 2757 3562 2815; x_wconf 83' lang='lat' dir='ltr'><strong>usque</strong></span> 
     </span>
    </p>
   </div>
   <div class='ocr_carea' id='block_1_87' title="bbox 1975 2829 3564 2909">
    <p class='ocr_par' dir='ltr' id='par_1_87' title="bbox 1975 2829 3564 2909">
     <span class='ocr_line' id='line_1_87' title="bbox 1975 2829 3564 2909; baseline 0.001 -21"><span class='ocrx_word' id='word_1_675' title='bbox 1975 2831 2044 2891; x_wconf 87' lang='lat' dir='ltr'><strong>ad</strong></span> <span class='ocrx_word' id='word_1_676' title='bbox 2072 2830 2312 2903; x_wconf 83' lang='lat' dir='ltr'><strong>Moysen,</strong></span> <span class='ocrx_word' id='word_1_677' title='bbox 2340 2850 2361 2884; x_wconf 76' lang='grc' dir='ltr'><strong>ι</strong></span> <span class='ocrx_word' id='word_1_678' title='bbox 2394 2831 2487 2903; x_wconf 89' lang='lat' dir='ltr'><strong>qui</strong></span> <span class='ocrx_word' id='word_1_679' title='bbox 2528 2829 2728 2888; x_wconf 87' lang='lat' dir='ltr'><strong>Christi</strong></span> <span class='ocrx_word' id='word_1_680' title='bbox 2759 2832 2930 2905; x_wconf 84' lang='lat' dir='ltr'><strong>gratia</strong></span> <span class='ocrx_word' id='word_1_681' title='bbox 2960 2848 3070 2909; x_wconf 74' lang='lat' dir='ltr'><strong>non</strong></span> <span class='ocrx_word' id='word_1_682' title='bbox 3096 2831 3261 2901; x_wconf 87' lang='lat' dir='ltr'><strong>adjuti</strong></span> <span class='ocrx_word' id='word_1_683' title='bbox 3306 2844 3452 2903; x_wconf 84' lang='lat' dir='ltr'><strong>sunt,</strong></span> <span class='ocrx_word' id='word_1_684' title='bbox 3504 2841 3564 2889; x_wconf 92' lang='lat' dir='ltr'><strong>ut</strong></span> 
     </span>
    </p>
   </div>
   <div class='ocr_carea' id='block_1_88' title="bbox 1975 2923 3557 2994">
    <p class='ocr_par' dir='ltr' id='par_1_88' title="bbox 1975 2923 3557 2994">
     <span class='ocr_line' id='line_1_88' title="bbox 1975 2923 3557 2994; baseline 0.003 -16"><span class='ocrx_word' id='word_1_685' title='bbox 1975 2938 2200 2994; x_wconf 78' lang='lat' dir='ltr'><strong>regnum</strong></span> <span class='ocrx_word' id='word_1_686' title='bbox 2224 2923 2418 2980; x_wconf 88' lang='lat' dir='ltr'><strong>mortis</strong></span> <span class='ocrx_word' id='word_1_687' title='bbox 2442 2924 2497 2979; x_wconf 92' lang='lat' dir='ltr'><strong>in</strong></span> <span class='ocrx_word' id='word_1_688' title='bbox 2531 2924 2611 2981; x_wconf 90' lang='lat' dir='ltr'><strong>eis</strong></span> <span class='ocrx_word' id='word_1_689' title='bbox 2660 2925 3054 2992; x_wconf 89' lang='lat' dir='ltr'><strong>destrueretur,</strong></span> <span class='ocrx_word' id='word_1_690' title='bbox 3105 2926 3268 2987; x_wconf 85' lang='lat' dir='ltr'><strong>etiam</strong></span> <span class='ocrx_word' id='word_1_691' title='bbox 3325 2944 3344 2979; x_wconf 72' lang='grc' dir='ltr'><strong>ι</strong></span> <span class='ocrx_word' id='word_1_692' title='bbox 3373 2926 3429 2983; x_wconf 91' lang='lat' dir='ltr'><strong>in</strong></span> <span class='ocrx_word' id='word_1_693' title='bbox 3456 2926 3557 2992; x_wconf 85' lang='lat' dir='ltr'><strong>eis,</strong></span> 
     </span>
    </p>
   </div>
   <div class='ocr_carea' id='block_1_89' title="bbox 1974 3016 3562 3090">
    <p class='ocr_par' dir='ltr' id='par_1_89' title="bbox 1974 3016 3562 3090">
     <span class='ocr_line' id='line_1_89' title="bbox 1974 3016 3562 3090; baseline 0.003 -20"><span class='ocrx_word' id='word_1_694' title='bbox 1974 3016 2064 3087; x_wconf 77' lang='lat' dir='ltr'><strong>qui</strong></span> <span class='ocrx_word' id='word_1_695' title='bbox 2093 3031 2200 3073; x_wconf 90' lang='lat' dir='ltr'><strong>non</strong></span> <span class='ocrx_word' id='word_1_696' title='bbox 2226 3026 2588 3089; x_wconf 86' lang='lat' dir='ltr'><strong>peccaverunt</strong></span> <span class='ocrx_word' id='word_1_697' title='bbox 2614 3017 2669 3072; x_wconf 93' lang='lat' dir='ltr'><strong>in</strong></span> <span class='ocrx_word' id='word_1_698' title='bbox 2693 3016 3107 3079; x_wconf 90' lang='lat' dir='ltr'><strong>similitudinem</strong></span> <span class='ocrx_word' id='word_1_699' title='bbox 3159 3018 3562 3090; x_wconf 70' lang='lat' dir='ltr'><strong>praevaricatio-</strong></span> 
     </span>
    </p>
   </div>
   <div class='ocr_carea' id='block_1_90' title="bbox 1974 3107 3557 3184">
    <p class='ocr_par' dir='ltr' id='par_1_90' title="bbox 1974 3107 3557 3184">
     <span class='ocr_line' id='line_1_90' title="bbox 1974 3107 3557 3184; baseline 0.003 -21"><span class='ocrx_word' id='word_1_700' title='bbox 1974 3109 2061 3167; x_wconf 89' lang='lat' dir='ltr'><strong>nis</strong></span> <span class='ocrx_word' id='word_1_701' title='bbox 2096 3108 2227 3164; x_wconf 83' lang='lat' dir='ltr'><strong>Adae</strong></span> <span class='ocrx_word' id='word_1_702' title='bbox 2254 3108 2450 3181; x_wconf 81' lang='lat' dir='ltr'><strong>(ibid.),</strong></span> <span class='ocrx_word' id='word_1_703' title='bbox 2484 3127 2501 3161; x_wconf 74' lang='grc' dir='ltr'><strong>ο</strong></span> <span class='ocrx_word' id='word_1_704' title='bbox 2538 3107 2591 3167; x_wconf 91' lang='lat' dir='ltr'><strong>id</strong></span> <span class='ocrx_word' id='word_1_705' title='bbox 2632 3117 2738 3176; x_wconf 89' lang='lat' dir='ltr'><strong>est,</strong></span> <span class='ocrx_word' id='word_1_706' title='bbox 2786 3124 2878 3181; x_wconf 79' lang='lat' dir='ltr'><strong>qui</strong></span> <span class='ocrx_word' id='word_1_707' title='bbox 2918 3110 3157 3167; x_wconf 92' lang='lat' dir='ltr'><strong>nondum</strong></span> <span class='ocrx_word' id='word_1_708' title='bbox 3204 3125 3302 3167; x_wconf 87' lang='lat' dir='ltr'><strong>sua</strong></span> <span class='ocrx_word' id='word_1_709' title='bbox 3336 3120 3392 3169; x_wconf 87' lang='lat' dir='ltr'><strong>et</strong></span> <span class='ocrx_word' id='word_1_710' title='bbox 3429 3126 3557 3184; x_wconf 84' lang='lat' dir='ltr'><strong>pro-</strong></span> 
     </span>
    </p>
   </div>
   <div class='ocr_carea' id='block_1_91' title="bbox 1896 3181 3561 3274">
    <p class='ocr_par' dir='ltr' id='par_1_91' title="bbox 1896 3181 3561 3274">
     <span class='ocr_line' id='line_1_91' title="bbox 1896 3181 3561 3274; baseline 0.008 -26"><span class='ocrx_word' id='word_1_711' title='bbox 1896 3181 1943 3248; x_wconf 83' lang='grc' dir='ltr'><strong>ε</strong></span> <span class='ocrx_word' id='word_1_712' title='bbox 1973 3200 2091 3271; x_wconf 85' lang='lat' dir='ltr'><strong>pria</strong></span> <span class='ocrx_word' id='word_1_713' title='bbox 2112 3199 2411 3269; x_wconf 90' lang='lat' dir='ltr'><strong>voluntate,</strong></span> <span class='ocrx_word' id='word_1_714' title='bbox 2462 3201 2602 3259; x_wconf 91' lang='lat' dir='ltr'><strong>sicut</strong></span> <span class='ocrx_word' id='word_1_715' title='bbox 2649 3200 2738 3256; x_wconf 91' lang='lat' dir='ltr'><strong>ille</strong></span> <span class='ocrx_word' id='word_1_716' title='bbox 2781 3212 3164 3274; x_wconf 83' lang='lat' dir='ltr'><strong>peccaverunt,</strong></span> <span class='ocrx_word' id='word_1_717' title='bbox 3212 3202 3308 3259; x_wconf 88' lang='lat' dir='ltr'><strong>sed</strong></span> <span class='ocrx_word' id='word_1_718' title='bbox 3354 3181 3561 3261; x_wconf 36' lang='lat' dir='ltr'><strong>ab-‘illo</strong></span> 
     </span>
    </p>
   </div>
   <div class='ocr_carea' id='block_1_92' title="bbox 1970 3293 3555 3366">
    <p class='ocr_par' dir='ltr' id='par_1_92' title="bbox 1970 3293 3555 3366">
     <span class='ocr_line' id='line_1_92' title="bbox 1970 3293 3555 3366; baseline 0.002 -18"><span class='ocrx_word' id='word_1_719' title='bbox 1970 3301 2254 3363; x_wconf 82' lang='lat' dir='ltr'><strong>peccatum</strong></span> <span class='ocrx_word' id='word_1_720' title='bbox 2276 3293 2541 3364; x_wconf 85' lang='lat' dir='ltr'><strong>originale</strong></span> <span class='ocrx_word' id='word_1_721' title='bbox 2567 3302 2875 3363; x_wconf 82' lang='lat' dir='ltr'><strong>traxerunt,</strong></span> <span class='ocrx_word' id='word_1_722' title='bbox 2912 3313 2931 3348; x_wconf 74' lang='grc' dir='ltr'><strong>ι</strong></span> <span class='ocrx_word' id='word_1_723' title='bbox 2960 3295 3053 3366; x_wconf 84' lang='lat' dir='ltr'><strong>qui</strong></span> <span class='ocrx_word' id='word_1_724' title='bbox 3078 3305 3163 3355; x_wconf 86' lang='lat' dir='ltr'><strong>est</strong></span> <span class='ocrx_word' id='word_1_725' title='bbox 3186 3296 3363 3351; x_wconf 78' lang='lat' dir='ltr'><strong>forma</strong></span> <span class='ocrx_word' id='word_1_726' title='bbox 3389 3298 3555 3353; x_wconf 71' lang='lat' dir='ltr'><strong>ﬁtturi</strong></span> 
     </span>
    </p>
   </div>
   <div class='ocr_carea' id='block_1_93' title="bbox 1973 3384 3559 3455">
    <p class='ocr_par' dir='ltr' id='par_1_93' title="bbox 1973 3384 3559 3455">
     <span class='ocr_line' id='line_1_93' title="bbox 1973 3384 3559 3455; baseline 0.003 -18"><span class='ocrx_word' id='word_1_727' title='bbox 1973 3384 2185 3455; x_wconf 57' lang='lat' dir='ltr'><strong>(ibid);</strong></span> <span class='ocrx_word' id='word_1_728' title='bbox 2217 3404 2236 3436; x_wconf 73' lang='grc' dir='ltr'><strong>ι</strong></span> <span class='ocrx_word' id='word_1_729' title='bbox 2273 3386 2398 3454; x_wconf 88' lang='lat' dir='ltr'><strong>quia</strong></span> <span class='ocrx_word' id='word_1_730' title='bbox 2424 3386 2478 3440; x_wconf 90' lang='lat' dir='ltr'><strong>in</strong></span> <span class='ocrx_word' id='word_1_731' title='bbox 2501 3385 2591 3441; x_wconf 90' lang='lat' dir='ltr'><strong>illo</strong></span> <span class='ocrx_word' id='word_1_732' title='bbox 2619 3386 2909 3442; x_wconf 90' lang='lat' dir='ltr'><strong>constituta</strong></span> <span class='ocrx_word' id='word_1_733' title='bbox 2932 3394 3020 3443; x_wconf 88' lang='lat' dir='ltr'><strong>est</strong></span> <span class='ocrx_word' id='word_1_734' title='bbox 3041 3386 3213 3442; x_wconf 82' lang='lat' dir='ltr'><strong>forma</strong></span> <span class='ocrx_word' id='word_1_735' title='bbox 3234 3388 3559 3445; x_wconf 88' lang='lat' dir='ltr'><strong>condemna-</strong></span> 
     </span>
    </p>
   </div>
   <div class='ocr_carea' id='block_1_94' title="bbox 1970 3476 3555 3550">
    <p class='ocr_par' dir='ltr' id='par_1_94' title="bbox 1970 3476 3555 3550">
     <span class='ocr_line' id='line_1_94' title="bbox 1970 3476 3555 3550; baseline 0.003 -19"><span class='ocrx_word' id='word_1_736' title='bbox 1970 3478 2135 3532; x_wconf 88' lang='lat' dir='ltr'><strong>tionis</strong></span> <span class='ocrx_word' id='word_1_737' title='bbox 2161 3476 2359 3534; x_wconf 82' lang='lat' dir='ltr'><strong>futuris</strong></span> <span class='ocrx_word' id='word_1_738' title='bbox 2386 3478 2643 3548; x_wconf 90' lang='lat' dir='ltr'><strong>posteris,</strong></span> <span class='ocrx_word' id='word_1_739' title='bbox 2686 3478 2779 3547; x_wconf 90' lang='lat' dir='ltr'><strong>qui</strong></span> <span class='ocrx_word' id='word_1_740' title='bbox 2827 3476 2946 3546; x_wconf 87' lang='lat' dir='ltr'><strong>ejus</strong></span> <span class='ocrx_word' id='word_1_741' title='bbox 2983 3478 3278 3550; x_wconf 87' lang='lat' dir='ltr'><strong>propagine</strong></span> <span class='ocrx_word' id='word_1_742' title='bbox 3304 3493 3555 3535; x_wconf 86' lang='lat' dir='ltr'><strong>crearen-</strong></span> 
     </span>
    </p>
   </div>
   <div class='ocr_carea' id='block_1_95' title="bbox 1974 3567 3555 3633">
    <p class='ocr_par' dir='ltr' id='par_1_95' title="bbox 1974 3567 3555 3633">
     <span class='ocr_line' id='line_1_95' title="bbox 1974 3567 3555 3633; baseline 0.001 -10"><span class='ocrx_word' id='word_1_743' title='bbox 1974 3577 2083 3633; x_wconf 92' lang='lat' dir='ltr'><strong>tur,</strong></span> <span class='ocrx_word' id='word_1_744' title='bbox 2110 3575 2170 3621; x_wconf 92' lang='lat' dir='ltr'><strong>ut</strong></span> <span class='ocrx_word' id='word_1_745' title='bbox 2194 3582 2259 3622; x_wconf 82' lang='lat' dir='ltr'><strong>ex</strong></span> <span class='ocrx_word' id='word_1_746' title='bbox 2305 3582 2411 3622; x_wconf 87' lang='lat' dir='ltr'><strong>uno</strong></span> <span class='ocrx_word' id='word_1_747' title='bbox 2439 3583 2629 3633; x_wconf 86' lang='lat' dir='ltr'><strong>omnes</strong></span> <span class='ocrx_word' id='word_1_748' title='bbox 2656 3568 2713 3622; x_wconf 90' lang='lat' dir='ltr'><strong>in</strong></span> <span class='ocrx_word' id='word_1_749' title='bbox 2753 3567 3206 3625; x_wconf 88' lang='lat' dir='ltr'><strong>condemnatione</strong></span> <span class='ocrx_word' id='word_1_750' title='bbox 3257 3583 3555 3627; x_wconf 83' lang='lat' dir='ltr'><strong>nasceren-</strong></span> 
     </span>
    </p>
   </div>
   <div class='ocr_carea' id='block_1_96' title="bbox 1973 3656 3388 3735">
    <p class='ocr_par' dir='ltr' id='par_1_96' title="bbox 1973 3656 3388 3735">
     <span class='ocr_line' id='line_1_96' title="bbox 1973 3656 3388 3735; baseline 0.001 -23"><span class='ocrx_word' id='word_1_751' title='bbox 1973 3667 2078 3721; x_wconf 91' lang='lat' dir='ltr'><strong>tur,</strong></span> <span class='ocrx_word' id='word_1_752' title='bbox 2102 3674 2169 3714; x_wconf 82' lang='lat' dir='ltr'><strong>ex</strong></span> <span class='ocrx_word' id='word_1_753' title='bbox 2197 3673 2303 3729; x_wconf 90' lang='lat' dir='ltr'><strong>qua</strong></span> <span class='ocrx_word' id='word_1_754' title='bbox 2338 3673 2446 3717; x_wconf 86' lang='lat' dir='ltr'><strong>non</strong></span> <span class='ocrx_word' id='word_1_755' title='bbox 2482 3658 2677 3715; x_wconf 73' lang='lat' dir='ltr'><strong>liberat</strong></span> <span class='ocrx_word' id='word_1_756' title='bbox 2704 3659 2807 3713; x_wconf 88' lang='lat' dir='ltr'><strong>nisi</strong></span> <span class='ocrx_word' id='word_1_757' title='bbox 2835 3660 3012 3735; x_wconf 88' lang='lat' dir='ltr'><strong>gratia</strong></span> <span class='ocrx_word' id='word_1_758' title='bbox 3041 3656 3388 3729; x_wconf 82' lang='lat' dir='ltr'><strong>Salvatoris.]</strong></span> 
     </span>
    </p>
   </div>
   <div class='ocr_carea' id='block_1_97' title="bbox 2042 3750 3558 3825">
    <p class='ocr_par' dir='ltr' id='par_1_97' title="bbox 2042 3750 3558 3825">
     <span class='ocr_line' id='line_1_97' title="bbox 2042 3750 3558 3825; baseline 0.003 -20"><span class='ocrx_word' id='word_1_759' title='bbox 2042 3750 2174 3807; x_wconf 87' lang='lat' dir='ltr'><strong>Item</strong></span> <span class='ocrx_word' id='word_1_760' title='bbox 2230 3752 2530 3824; x_wconf 83' lang='lat' dir='ltr'><strong>(cap.ll):</strong></span> <span class='ocrx_word' id='word_1_761' title='bbox 2580 3751 2659 3824; x_wconf 91' lang='lat' dir='ltr'><strong>[in</strong></span> <span class='ocrx_word' id='word_1_762' title='bbox 2702 3752 3055 3811; x_wconf 88' lang='lat' dir='ltr'><strong>similitudine</strong></span> <span class='ocrx_word' id='word_1_763' title='bbox 3098 3752 3558 3825; x_wconf 69' lang='lat' dir='ltr'><strong>przevanicationta</strong></span> 
     </span>
    </p>
   </div>
   <div class='ocr_carea' id='block_1_98' title="bbox 1967 3844 3561 3916">
    <p class='ocr_par' dir='ltr' id='par_1_98' title="bbox 1967 3844 3561 3916">
     <span class='ocr_line' id='line_1_98' title="bbox 1967 3844 3561 3916; baseline -0.001 -15"><span class='ocrx_word' id='word_1_764' title='bbox 1967 3845 2099 3901; x_wconf 61' lang='lat' dir='ltr'><strong>Adae</strong></span> <span class='ocrx_word' id='word_1_765' title='bbox 2120 3859 2372 3915; x_wconf 85' lang='lat' dir='ltr'><strong>peccasse</strong></span> <span class='ocrx_word' id='word_1_766' title='bbox 2392 3844 2733 3914; x_wconf 90' lang='lat' dir='ltr'><strong>accipiuntur</strong></span> <span class='ocrx_word' id='word_1_767' title='bbox 2756 3845 2847 3916; x_wconf 89' lang='lat' dir='ltr'><strong>qui</strong></span> <span class='ocrx_word' id='word_1_768' title='bbox 2876 3845 2930 3901; x_wconf 92' lang='lat' dir='ltr'><strong>in</strong></span> <span class='ocrx_word' id='word_1_769' title='bbox 2953 3844 3046 3909; x_wconf 79' lang='lat' dir='ltr'><strong>illo</strong></span> <span class='ocrx_word' id='word_1_770' title='bbox 3092 3853 3476 3915; x_wconf 89' lang='lat' dir='ltr'><strong>peccaverunt,</strong></span> <span class='ocrx_word' id='word_1_771' title='bbox 3502 3853 3561 3903; x_wconf 90' lang='lat' dir='ltr'><strong>ut</strong></span> 
     </span>
    </p>
   </div>
   <div class='ocr_carea' id='block_1_99' title="bbox 1969 3937 3639 4015">
    <p class='ocr_par' dir='ltr' id='par_1_99' title="bbox 1969 3937 3639 4015">
     <span class='ocr_line' id='line_1_99' title="bbox 1969 3937 3639 4015; baseline 0.005 -24"><span class='ocrx_word' id='word_1_772' title='bbox 1969 3938 2020 3992; x_wconf 90' lang='lat' dir='ltr'><strong>ei</strong></span> <span class='ocrx_word' id='word_1_773' title='bbox 2044 3937 2245 3995; x_wconf 88' lang='lat' dir='ltr'><strong>similes</strong></span> <span class='ocrx_word' id='word_1_774' title='bbox 2266 3946 2609 4003; x_wconf 84' lang='lat' dir='ltr'><strong>crearentur,</strong></span> <span class='ocrx_word' id='word_1_775' title='bbox 2641 3938 2784 4001; x_wconf 86' lang='lat' dir='ltr'><strong>sicut</strong></span> <span class='ocrx_word' id='word_1_776' title='bbox 2828 3952 2895 3992; x_wconf 79' lang='lat' dir='ltr'><strong>ex</strong></span> <span class='ocrx_word' id='word_1_777' title='bbox 2931 3937 3152 3999; x_wconf 84' lang='lat' dir='ltr'><strong>homine</strong></span> <span class='ocrx_word' id='word_1_778' title='bbox 3175 3939 3445 4015; x_wconf 77' lang='lat' dir='ltr'><strong>homines,</strong></span> <span class='ocrx_word' id='word_1_779' title='bbox 3479 3937 3555 4015; x_wconf 78' lang='lat' dir='ltr'><strong>ita</strong></span> <span class='ocrx_word' id='word_1_780' title='bbox 3630 3966 3639 3973; x_wconf 85' lang='lat'>-</span> 
     </span>
    </p>
   </div>
   <div class='ocr_carea' id='block_1_100' title="bbox 1968 4028 3555 4102">
    <p class='ocr_par' dir='ltr' id='par_1_100' title="bbox 1968 4028 3555 4102">
     <span class='ocr_line' id='line_1_100' title="bbox 1968 4028 3555 4102; baseline 0.001 -17"><span class='ocrx_word' id='word_1_781' title='bbox 1968 4046 2034 4086; x_wconf 80' lang='lat' dir='ltr'><strong>ex</strong></span> <span class='ocrx_word' id='word_1_782' title='bbox 2058 4040 2340 4102; x_wconf 88' lang='lat' dir='ltr'><strong>peccatore</strong></span> <span class='ocrx_word' id='word_1_783' title='bbox 2363 4039 2698 4100; x_wconf 86' lang='lat' dir='ltr'><strong>peccatores,</strong></span> <span class='ocrx_word' id='word_1_784' title='bbox 2745 4044 2814 4085; x_wconf 80' lang='lat' dir='ltr'><strong>ex</strong></span> <span class='ocrx_word' id='word_1_785' title='bbox 2863 4029 3126 4089; x_wconf 88' lang='lat' dir='ltr'><strong>morituro</strong></span> <span class='ocrx_word' id='word_1_786' title='bbox 3158 4029 3433 4099; x_wconf 84' lang='lat' dir='ltr'><strong>morituri,</strong></span> <span class='ocrx_word' id='word_1_787' title='bbox 3457 4028 3555 4091; x_wconf 85' lang='lat' dir='ltr'><strong>da-</strong></span> 
     </span>
    </p>
   </div>
   <div class='ocr_carea' id='block_1_101' title="bbox 1969 4119 2573 4193">
    <p class='ocr_par' dir='ltr' id='par_1_101' title="bbox 1969 4119 2573 4193">
     <span class='ocr_line' id='line_1_101' title="bbox 1969 4119 2573 4193; baseline -0.007 -16"><span class='ocrx_word' id='word_1_788' title='bbox 1969 4130 2262 4191; x_wconf 88' lang='lat' dir='ltr'><strong>mnatoque</strong></span> <span class='ocrx_word' id='word_1_789' title='bbox 2283 4119 2573 4193; x_wconf 87' lang='lat' dir='ltr'><strong>damnati.]</strong></span> 
     </span>
    </p>
   </div>
   <div class='ocr_carea' id='block_1_102' title="bbox 2038 4216 3561 4290">
    <p class='ocr_par' dir='ltr' id='par_1_102' title="bbox 2038 4216 3561 4290">
     <span class='ocr_line' id='line_1_102' title="bbox 2038 4216 3561 4290; baseline 0.001 -18"><span class='ocrx_word' id='word_1_790' title='bbox 2038 4218 2169 4273; x_wconf 86' lang='lat' dir='ltr'><strong>item</strong></span> <span class='ocrx_word' id='word_1_791' title='bbox 2194 4218 2331 4289; x_wconf 86' lang='lat' dir='ltr'><strong>(cap.</strong></span> <span class='ocrx_word' id='word_1_792' title='bbox 2358 4218 2446 4285; x_wconf 73' lang='lat'><strong>16)</strong></span> <span class='ocrx_word' id='word_1_793' title='bbox 2476 4236 2488 4272; x_wconf 89' lang='lat'><strong>:</strong></span> <span class='ocrx_word' id='word_1_794' title='bbox 2516 4216 2723 4290; x_wconf 80' lang='lat' dir='ltr'><strong>[Potest</strong></span> <span class='ocrx_word' id='word_1_795' title='bbox 2747 4217 2973 4288; x_wconf 88' lang='lat' dir='ltr'><strong>proinde</strong></span> <span class='ocrx_word' id='word_1_796' title='bbox 3005 4225 3153 4275; x_wconf 90' lang='lat' dir='ltr'><strong>recte</strong></span> <span class='ocrx_word' id='word_1_797' title='bbox 3175 4216 3280 4275; x_wconf 90' lang='lat' dir='ltr'><strong>dici</strong></span> <span class='ocrx_word' id='word_1_798' title='bbox 3304 4216 3561 4289; x_wconf 80' lang='lat' dir='ltr'><strong>parvulos</strong></span> 
     </span>
    </p>
   </div>
   <div class='ocr_carea' id='block_1_103' title="bbox 1964 4311 3554 4381">
    <p class='ocr_par' dir='ltr' id='par_1_103' title="bbox 1964 4311 3554 4381">
     <span class='ocr_line' id='line_1_103' title="bbox 1964 4311 3554 4381; baseline 0.001 -16"><span class='ocrx_word' id='word_1_799' title='bbox 1964 4312 2085 4369; x_wconf 85' lang='lat' dir='ltr'><strong>sine</strong></span> <span class='ocrx_word' id='word_1_800' title='bbox 2134 4311 2403 4381; x_wconf 87' lang='lat' dir='ltr'><strong>baptismo</strong></span> <span class='ocrx_word' id='word_1_801' title='bbox 2431 4312 2497 4367; x_wconf 89' lang='lat' dir='ltr'><strong>de</strong></span> <span class='ocrx_word' id='word_1_802' title='bbox 2549 4325 2776 4380; x_wconf 82' lang='lat' dir='ltr'><strong>corpore</strong></span> <span class='ocrx_word' id='word_1_803' title='bbox 2804 4319 3076 4378; x_wconf 81' lang='lat' dir='ltr'><strong>exeuntes</strong></span> <span class='ocrx_word' id='word_1_804' title='bbox 3106 4311 3160 4366; x_wconf 90' lang='lat' dir='ltr'><strong>in</strong></span> <span class='ocrx_word' id='word_1_805' title='bbox 3208 4311 3554 4371; x_wconf 89' lang='lat' dir='ltr'><strong>damnatione</strong></span> 
     </span>
    </p>
   </div>
   <div class='ocr_carea' id='block_1_104' title="bbox 1965 4401 3559 4467">
    <p class='ocr_par' dir='ltr' id='par_1_104' title="bbox 1965 4401 3559 4467">
     <span class='ocr_line' id='line_1_104' title="bbox 1965 4401 3559 4467; baseline 0.003 -12"><span class='ocrx_word' id='word_1_806' title='bbox 1965 4403 2207 4457; x_wconf 77' lang='lat' dir='ltr'><strong>oninium</strong></span> <span class='ocrx_word' id='word_1_807' title='bbox 2252 4402 2535 4459; x_wconf 90' lang='lat' dir='ltr'><strong>mitissima</strong></span> <span class='ocrx_word' id='word_1_808' title='bbox 2564 4401 2794 4457; x_wconf 80' lang='lat' dir='ltr'><strong>futuros.</strong></span> <span class='ocrx_word' id='word_1_809' title='bbox 2854 4401 3079 4457; x_wconf 79' lang='lat' dir='ltr'><strong>Multum</strong></span> <span class='ocrx_word' id='word_1_810' title='bbox 3118 4411 3298 4467; x_wconf 84' lang='lat' dir='ltr'><strong>autem</strong></span> <span class='ocrx_word' id='word_1_811' title='bbox 3328 4401 3462 4458; x_wconf 81' lang='lat' dir='ltr'><strong>fallit</strong></span> <span class='ocrx_word' id='word_1_812' title='bbox 3500 4412 3559 4463; x_wconf 86' lang='lat' dir='ltr'><strong>et</strong></span> 
     </span>
    </p>
   </div>
   <div class='ocr_carea' id='block_1_105' title="bbox 1970 4492 3552 4565">
    <p class='ocr_par' dir='ltr' id='par_1_105' title="bbox 1970 4492 3552 4565">
     <span class='ocr_line' id='line_1_105' title="bbox 1970 4492 3552 4565; baseline 0.003 -16"><span class='ocrx_word' id='word_1_813' title='bbox 1970 4494 2190 4555; x_wconf 85' lang='lat' dir='ltr'><strong>fallitur,</strong></span> <span class='ocrx_word' id='word_1_814' title='bbox 2214 4494 2306 4563; x_wconf 85' lang='lat' dir='ltr'><strong>qui</strong></span> <span class='ocrx_word' id='word_1_815' title='bbox 2335 4508 2428 4548; x_wconf 90' lang='lat' dir='ltr'><strong>eos</strong></span> <span class='ocrx_word' id='word_1_816' title='bbox 2461 4495 2514 4549; x_wconf 91' lang='lat' dir='ltr'><strong>in</strong></span> <span class='ocrx_word' id='word_1_817' title='bbox 2541 4495 2887 4550; x_wconf 89' lang='lat' dir='ltr'><strong>damnatione</strong></span> <span class='ocrx_word' id='word_1_818' title='bbox 2910 4494 3170 4565; x_wconf 64' lang='lat' dir='ltr'><strong>praedicat</strong></span> <span class='ocrx_word' id='word_1_819' title='bbox 3190 4508 3297 4549; x_wconf 92' lang='lat' dir='ltr'><strong>non</strong></span> <span class='ocrx_word' id='word_1_820' title='bbox 3318 4492 3552 4561; x_wconf 74' lang='lat' dir='ltr'><strong>futuros,</strong></span> 
     </span>
    </p>
   </div>
   <div class='ocr_carea' id='block_1_106' title="bbox 1966 4589 3553 4665">
    <p class='ocr_par' dir='ltr' id='par_1_106' title="bbox 1966 4589 3553 4665">
     <span class='ocr_line' id='line_1_106' title="bbox 1966 4589 3553 4665; baseline 0.001 -20"><span class='ocrx_word' id='word_1_821' title='bbox 1966 4592 2182 4647; x_wconf 81' lang='lat' dir='ltr'><strong>dicente</strong></span> <span class='ocrx_word' id='word_1_822' title='bbox 2212 4590 2503 4659; x_wconf 84' lang='lat' dir='ltr'><strong>Apostolo:</strong></span> <span class='ocrx_word' id='word_1_823' title='bbox 2546 4608 2566 4642; x_wconf 76' lang='grc' dir='ltr'><strong>ι</strong></span> <span class='ocrx_word' id='word_1_824' title='bbox 2601 4589 2869 4647; x_wconf 85' lang='lat' dir='ltr'><strong>Judicium</strong></span> <span class='ocrx_word' id='word_1_825' title='bbox 2897 4605 2966 4657; x_wconf 74' lang='lat' dir='ltr'><strong>ex</strong></span> <span class='ocrx_word' id='word_1_826' title='bbox 2991 4606 3098 4645; x_wconf 93' lang='lat' dir='ltr'><strong>uno</strong></span> <span class='ocrx_word' id='word_1_827' title='bbox 3116 4590 3317 4651; x_wconf 84' lang='lat' dir='ltr'><strong>delicto</strong></span> <span class='ocrx_word' id='word_1_828' title='bbox 3345 4591 3399 4651; x_wconf 89' lang='lat' dir='ltr'><strong>in</strong></span> <span class='ocrx_word' id='word_1_829' title='bbox 3422 4606 3553 4665; x_wconf 82' lang='lat' dir='ltr'><strong>eon—</strong></span> 
     </span>
    </p>
   </div>
   <div class='ocr_carea' id='block_1_107' title="bbox 1962 4680 3549 4753">
    <p class='ocr_par' dir='ltr' id='par_1_107' title="bbox 1962 4680 3549 4753">
     <span class='ocr_line' id='line_1_107' title="bbox 1962 4680 3549 4753; baseline -0.002 -12"><span class='ocrx_word' id='word_1_830' title='bbox 1962 4684 2368 4741; x_wconf 76' lang='lat' dir='ltr'><strong>demnationem</strong></span> <span class='ocrx_word' id='word_1_831' title='bbox 2394 4698 2408 4738; x_wconf 90' lang='lat'><strong>:</strong></span> <span class='ocrx_word' id='word_1_832' title='bbox 2441 4702 2461 4735; x_wconf 72' lang='grc' dir='ltr'><strong>ι</strong></span> <span class='ocrx_word' id='word_1_833' title='bbox 2495 4692 2550 4737; x_wconf 88' lang='grc' dir='ltr'><strong>ει</strong></span> <span class='ocrx_word' id='word_1_834' title='bbox 2572 4681 2734 4752; x_wconf 88' lang='lat' dir='ltr'><strong>paulo</strong></span> <span class='ocrx_word' id='word_1_835' title='bbox 2763 4690 2903 4753; x_wconf 92' lang='lat' dir='ltr'><strong>post,</strong></span> <span class='ocrx_word' id='word_1_836' title='bbox 2935 4701 2953 4735; x_wconf 72' lang='grc' dir='ltr'><strong>ι</strong></span> <span class='ocrx_word' id='word_1_837' title='bbox 2990 4697 3088 4753; x_wconf 90' lang='lat' dir='ltr'><strong>per</strong></span> <span class='ocrx_word' id='word_1_838' title='bbox 3108 4682 3269 4741; x_wconf 83' lang='lat' dir='ltr'><strong>unius</strong></span> <span class='ocrx_word' id='word_1_839' title='bbox 3293 4680 3549 4743; x_wconf 86' lang='lat' dir='ltr'><strong>delictum</strong></span> 
     </span>
    </p>
   </div>
   <div class='ocr_carea' id='block_1_108' title="bbox 1966 4772 3234 4849">
    <p class='ocr_par' dir='ltr' id='par_1_108' title="bbox 1966 4772 3234 4849">
     <span class='ocr_line' id='line_1_108' title="bbox 1966 4772 3234 4849; baseline -0.003 -18"><span class='ocrx_word' id='word_1_840' title='bbox 1966 4779 2021 4833; x_wconf 88' lang='lat' dir='ltr'><strong>in</strong></span> <span class='ocrx_word' id='word_1_841' title='bbox 2052 4791 2242 4833; x_wconf 88' lang='lat' dir='ltr'><strong>omnes</strong></span> <span class='ocrx_word' id='word_1_842' title='bbox 2261 4775 2510 4835; x_wconf 88' lang='lat' dir='ltr'><strong>homines</strong></span> <span class='ocrx_word' id='word_1_843' title='bbox 2534 4775 2600 4831; x_wconf 90' lang='lat' dir='ltr'><strong>ad</strong></span> <span class='ocrx_word' id='word_1_844' title='bbox 2629 4774 3153 4833; x_wconf 86' lang='lat' dir='ltr'><strong>condemnationem.</strong></span> <span class='ocrx_word' id='word_1_845' title='bbox 3170 4772 3234 4849; x_wconf 70' lang='grc' dir='ltr'>ι]</span> 
     </span>
    </p>
   </div>
   <div class='ocr_carea' id='block_1_109' title="bbox 2038 4864 3551 4940">
    <p class='ocr_par' dir='ltr' id='par_1_109' title="bbox 2038 4864 3551 4940">
     <span class='ocr_line' id='line_1_109' title="bbox 2038 4864 3551 4940; baseline 0.002 -16"><span class='ocrx_word' id='word_1_846' title='bbox 2038 4870 2169 4924; x_wconf 86' lang='lat' dir='ltr'><strong>ltem</strong></span> <span class='ocrx_word' id='word_1_847' title='bbox 2195 4868 2331 4940; x_wconf 80' lang='lat' dir='ltr'><strong>(cap.</strong></span> <span class='ocrx_word' id='word_1_848' title='bbox 2354 4868 2447 4939; x_wconf 73' lang='lat'><strong>20)</strong></span> <span class='ocrx_word' id='word_1_849' title='bbox 2470 4865 2552 4940; x_wconf 72' lang='lat' dir='ltr'><strong>:[c</strong></span> <span class='ocrx_word' id='word_1_850' title='bbox 2573 4866 2735 4923; x_wconf 89' lang='lat' dir='ltr'><strong>Panis</strong></span> <span class='ocrx_word' id='word_1_851' title='bbox 2758 4882 2918 4938; x_wconf 89' lang='lat' dir='ltr'><strong>quem</strong></span> <span class='ocrx_word' id='word_1_852' title='bbox 2942 4881 3044 4936; x_wconf 87' lang='lat' dir='ltr'><strong>ego</strong></span> <span class='ocrx_word' id='word_1_853' title='bbox 3065 4864 3263 4927; x_wconf 87' lang='lat' dir='ltr'><strong>dedero</strong></span> <span class='ocrx_word' id='word_1_854' title='bbox 3286 4882 3415 4927; x_wconf 88' lang='lat' dir='ltr'><strong>caro</strong></span> <span class='ocrx_word' id='word_1_855' title='bbox 3434 4883 3551 4927; x_wconf 86' lang='lat' dir='ltr'><strong>mea</strong></span> 
     </span>
    </p>
   </div>
   <div class='ocr_carea' id='block_1_110' title="bbox 1966 4952 3550 5033">
    <p class='ocr_par' dir='ltr' id='par_1_110' title="bbox 1966 4952 3550 5033">
     <span class='ocr_line' id='line_1_110' title="bbox 1966 4952 3550 5033; baseline 0.001 -18"><span class='ocrx_word' id='word_1_856' title='bbox 1966 4972 2051 5019; x_wconf 86' lang='lat' dir='ltr'><strong>est</strong></span> <span class='ocrx_word' id='word_1_857' title='bbox 2079 4978 2177 5032; x_wconf 92' lang='lat' dir='ltr'><strong>pro</strong></span> <span class='ocrx_word' id='word_1_858' title='bbox 2205 4962 2387 5019; x_wconf 68' lang='lat' dir='ltr'><strong>saeculi</strong></span> <span class='ocrx_word' id='word_1_859' title='bbox 2428 4961 2535 5016; x_wconf 88' lang='lat' dir='ltr'><strong>vita</strong></span> <span class='ocrx_word' id='word_1_860' title='bbox 2562 4959 2747 5030; x_wconf 80' lang='lat' dir='ltr'><strong>(Joan.</strong></span> <span class='ocrx_word' id='word_1_861' title='bbox 2772 4975 2847 5026; x_wconf 78' lang='lat' dir='ltr'><strong>vr,</strong></span> <span class='ocrx_word' id='word_1_862' title='bbox 2876 4959 2968 5025; x_wconf 68' lang='grc'>54,</span> <span class='ocrx_word' id='word_1_863' title='bbox 2991 4958 3102 5029; x_wconf 76' lang='lat'><strong>52).</strong></span> <span class='ocrx_word' id='word_1_864' title='bbox 3134 4978 3152 5011; x_wconf 80' lang='grc' dir='ltr'><strong>ι</strong></span> <span class='ocrx_word' id='word_1_865' title='bbox 3213 4958 3347 5033; x_wconf 86' lang='lat' dir='ltr'><strong>Quis</strong></span> <span class='ocrx_word' id='word_1_866' title='bbox 3370 4952 3550 5025; x_wconf 74' lang='lat' dir='ltr'><strong>autem</strong></span> 
     </span>
    </p>
   </div>
   <div class='ocr_carea' id='block_1_111' title="bbox 1970 5054 3549 5129">
    <p class='ocr_par' dir='ltr' id='par_1_111' title="bbox 1970 5054 3549 5129">
     <span class='ocr_line' id='line_1_111' title="bbox 1970 5054 3549 5129; baseline -0.003 -15"><span class='ocrx_word' id='word_1_867' title='bbox 1970 5060 2207 5129; x_wconf 79' lang='lat' dir='ltr'><strong>ambigat</strong></span> <span class='ocrx_word' id='word_1_868' title='bbox 2254 5059 2433 5115; x_wconf 71' lang='lat' dir='ltr'><strong>saeculi</strong></span> <span class='ocrx_word' id='word_1_869' title='bbox 2494 5056 2711 5117; x_wconf 85' lang='lat' dir='ltr'><strong>nomine</strong></span> <span class='ocrx_word' id='word_1_870' title='bbox 2757 5055 3008 5115; x_wconf 83' lang='lat' dir='ltr'><strong>homines</strong></span> <span class='ocrx_word' id='word_1_871' title='bbox 3055 5054 3411 5125; x_wconf 61' lang='lat' dir='ltr'><strong>signiﬁcasse,</strong></span> <span class='ocrx_word' id='word_1_872' title='bbox 3460 5057 3549 5129; x_wconf 84' lang='lat' dir='ltr'><strong>qui</strong></span> 
     </span>
    </p>
   </div>
   <div class='ocr_carea' id='block_1_112' title="bbox 1968 5136 3554 5225">
    <p class='ocr_par' dir='ltr' id='par_1_112' title="bbox 1968 5136 3554 5225">
     <span class='ocr_line' id='line_1_112' title="bbox 1968 5136 3554 5225; baseline 0.003 -30"><span class='ocrx_word' id='word_1_873' title='bbox 1968 5139 2242 5199; x_wconf 85' lang='lat' dir='ltr'><strong>nascendo</strong></span> <span class='ocrx_word' id='word_1_874' title='bbox 2269 5139 2321 5193; x_wconf 90' lang='lat' dir='ltr'><strong>in</strong></span> <span class='ocrx_word' id='word_1_875' title='bbox 2369 5138 2473 5193; x_wconf 89' lang='lat' dir='ltr'><strong>hoc</strong></span> <span class='ocrx_word' id='word_1_876' title='bbox 2514 5140 2768 5195; x_wconf 79' lang='lat' dir='ltr'><strong>sacculum</strong></span> <span class='ocrx_word' id='word_1_877' title='bbox 2799 5141 3041 5197; x_wconf 86' lang='lat' dir='ltr'><strong>veniunt.</strong></span> <span class='ocrx_word' id='word_1_878' title='bbox 3072 5140 3206 5207; x_wconf 79' lang='lat' dir='ltr'><strong>Nam</strong></span> <span class='ocrx_word' id='word_1_879' title='bbox 3247 5143 3390 5207; x_wconf 86' lang='lat' dir='ltr'><strong>sicut</strong></span> <span class='ocrx_word' id='word_1_880' title='bbox 3422 5136 3554 5225; x_wconf 77' lang='lat' dir='ltr'><strong>alibi</strong></span> 
     </span>
    </p>
   </div>
   <div class='ocr_carea' id='block_1_113' title="bbox 1954 5228 3557 5323">
    <p class='ocr_par' dir='ltr' id='par_1_113' title="bbox 1954 5228 3557 5323">
     <span class='ocr_line' id='line_1_113' title="bbox 1954 5228 3557 5323; baseline 0.007 -45"><span class='ocrx_word' id='word_1_881' title='bbox 1954 5231 2130 5286; x_wconf 71' lang='lat' dir='ltr'><strong>.aittr</strong></span> <span class='ocrx_word' id='word_1_882' title='bbox 2187 5228 2309 5284; x_wconf 85' lang='lat' dir='ltr'><strong>Filii</strong></span> <span class='ocrx_word' id='word_1_883' title='bbox 2374 5230 2554 5286; x_wconf 83' lang='lat' dir='ltr'><strong>saeculi</strong></span> <span class='ocrx_word' id='word_1_884' title='bbox 2609 5230 2769 5302; x_wconf 87' lang='lat' dir='ltr'><strong>hujus</strong></span> <span class='ocrx_word' id='word_1_885' title='bbox 2813 5240 3074 5304; x_wconf 87' lang='lat' dir='ltr'><strong>generant</strong></span> <span class='ocrx_word' id='word_1_886' title='bbox 3121 5241 3181 5307; x_wconf 71' lang='lat' dir='ltr'><strong>et</strong></span> <span class='ocrx_word' id='word_1_887' title='bbox 3225 5244 3557 5323; x_wconf 63' lang='lat' dir='ltr'><strong>generantur</strong></span> 
     </span>
    </p>
   </div>
   <div class='ocr_carea' id='block_1_114' title="bbox 1967 5320 3552 5405">
    <p class='ocr_par' dir='ltr' id='par_1_114' title="bbox 1967 5320 3552 5405">
     <span class='ocr_line' id='line_1_114' title="bbox 1967 5320 3552 5405; baseline 0.004 -28"><span class='ocrx_word' id='word_1_888' title='bbox 1967 5320 2119 5397; x_wconf 80' lang='lat' dir='ltr'><strong>(Luc.</strong></span> <span class='ocrx_word' id='word_1_889' title='bbox 2145 5337 2270 5378; x_wconf 76' lang='lat' dir='ltr'><strong>xxvr</strong></span> <span class='ocrx_word' id='word_1_890' title='bbox 2294 5363 2308 5388; x_wconf 95' lang='lat'><strong>,</strong></span> <span class='ocrx_word' id='word_1_891' title='bbox 2333 5320 2447 5394; x_wconf 64' lang='grc'><strong>54).</strong></span> <span class='ocrx_word' id='word_1_892' title='bbox 2488 5342 2509 5375; x_wconf 77' lang='grc' dir='ltr'><strong>ι</strong></span> <span class='ocrx_word' id='word_1_893' title='bbox 2538 5321 2618 5377; x_wconf 86' lang='lat' dir='ltr'><strong>Ac</strong></span> <span class='ocrx_word' id='word_1_894' title='bbox 2642 5338 2739 5393; x_wconf 88' lang='lat' dir='ltr'><strong>per</strong></span> <span class='ocrx_word' id='word_1_895' title='bbox 2763 5323 2866 5379; x_wconf 91' lang='lat' dir='ltr'><strong>hoc</strong></span> <span class='ocrx_word' id='word_1_896' title='bbox 2889 5325 3051 5381; x_wconf 87' lang='lat' dir='ltr'><strong>etiam</strong></span> <span class='ocrx_word' id='word_1_897' title='bbox 3080 5341 3184 5405; x_wconf 73' lang='lat' dir='ltr'><strong>pro</strong></span> <span class='ocrx_word' id='word_1_898' title='bbox 3203 5320 3552 5401; x_wconf 68' lang='lat' dir='ltr'><strong>parvulorum</strong></span> 
     </span>
    </p>
   </div>
   <div class='ocr_carea' id='block_1_115' title="bbox 1966 5416 3557 5497">
    <p class='ocr_par' dir='ltr' id='par_1_115' title="bbox 1966 5416 3557 5497">
     <span class='ocr_line' id='line_1_115' title="bbox 1966 5416 3557 5497; baseline 0.001 -24"><span class='ocrx_word' id='word_1_899' title='bbox 1966 5417 2077 5475; x_wconf 86' lang='lat' dir='ltr'><strong>vita</strong></span> <span class='ocrx_word' id='word_1_900' title='bbox 2114 5432 2247 5473; x_wconf 89' lang='lat' dir='ltr'><strong>caro</strong></span> <span class='ocrx_word' id='word_1_901' title='bbox 2276 5417 2401 5472; x_wconf 89' lang='lat' dir='ltr'><strong>data</strong></span> <span class='ocrx_word' id='word_1_902' title='bbox 2438 5428 2539 5481; x_wconf 88' lang='lat' dir='ltr'><strong>est,</strong></span> <span class='ocrx_word' id='word_1_903' title='bbox 2579 5432 2700 5486; x_wconf 85' lang='lat' dir='ltr'><strong>quae</strong></span> <span class='ocrx_word' id='word_1_904' title='bbox 2734 5416 2859 5483; x_wconf 83' lang='lat' dir='ltr'><strong>data</strong></span> <span class='ocrx_word' id='word_1_905' title='bbox 2884 5426 2969 5489; x_wconf 74' lang='lat' dir='ltr'><strong>est</strong></span> <span class='ocrx_word' id='word_1_906' title='bbox 2999 5435 3099 5490; x_wconf 88' lang='lat' dir='ltr'><strong>pro</strong></span> <span class='ocrx_word' id='word_1_907' title='bbox 3125 5417 3304 5497; x_wconf 77' lang='lat' dir='ltr'><strong>saeculi</strong></span> <span class='ocrx_word' id='word_1_908' title='bbox 3326 5420 3434 5481; x_wconf 83' lang='lat' dir='ltr'><strong>vita</strong></span> <span class='ocrx_word' id='word_1_909' title='bbox 3459 5438 3472 5477; x_wconf 91' lang='lat'><strong>:</strong></span> <span class='ocrx_word' id='word_1_910' title='bbox 3499 5428 3557 5493; x_wconf 75' lang='lat' dir='ltr'><strong>et</strong></span> 
     </span>
    </p>
   </div>
   <div class='ocr_carea' id='block_1_116' title="bbox 1953 5508 3553 5601">
    <p class='ocr_par' dir='ltr' id='par_1_116' title="bbox 1953 5508 3553 5601">
     <span class='ocr_line' id='line_1_116' title="bbox 1953 5508 3553 5601; baseline 0.007 -35"><span class='ocrx_word' id='word_1_911' title='bbox 1953 5508 2015 5575; x_wconf 73' lang='grc' dir='ltr'>,εἰ</span> <span class='ocrx_word' id='word_1_912' title='bbox 2041 5525 2149 5569; x_wconf 87' lang='lat' dir='ltr'><strong>non</strong></span> <span class='ocrx_word' id='word_1_913' title='bbox 2179 5509 2646 5577; x_wconf 69' lang='lat' dir='ltr'><strong>manducaverunt</strong></span> <span class='ocrx_word' id='word_1_914' title='bbox 2674 5524 2895 5573; x_wconf 85' lang='lat' dir='ltr'><strong>carnem</strong></span> <span class='ocrx_word' id='word_1_915' title='bbox 2919 5511 3015 5573; x_wconf 79' lang='lat' dir='ltr'><strong>lilii</strong></span> <span class='ocrx_word' id='word_1_916' title='bbox 3045 5512 3306 5591; x_wconf 69' lang='lat' dir='ltr'><strong>hominis,</strong></span> <span class='ocrx_word' id='word_1_917' title='bbox 3329 5528 3429 5573; x_wconf 79' lang='lat' dir='ltr'><strong>nec</strong></span> 
     </span>
    </p>
   </div>
   <div class='ocr_carea' id='block_1_117' title="bbox 1969 5601 2489 5679">
    <p class='ocr_par' dir='ltr' id='par_1_117' title="bbox 1969 5601 2489 5679">
     <span class='ocr_line' id='line_1_117' title="bbox 1969 5601 2489 5679; baseline -0.006 -17"><span class='ocrx_word' id='word_1_918' title='bbox 1969 5607 2241 5662; x_wconf 84' lang='lat' dir='ltr'><strong>habebunt</strong></span> <span class='ocrx_word' id='word_1_919' title='bbox 2275 5601 2489 5679; x_wconf 86' lang='lat' dir='ltr'><strong>vitam.]</strong></span> 
     </span>
    </p>
   </div>
   <div class='ocr_carea' id='block_1_118' title="bbox 2039 5696 3546 5773">
    <p class='ocr_par' dir='ltr' id='par_1_118' title="bbox 2039 5696 3546 5773">
     <span class='ocr_line' id='line_1_118' title="bbox 2039 5696 3546 5773; baseline 0.003 -18"><span class='ocrx_word' id='word_1_920' title='bbox 2039 5700 2171 5761; x_wconf 80' lang='lat' dir='ltr'><strong>ltent</strong></span> <span class='ocrx_word' id='word_1_921' title='bbox 2201 5699 2339 5768; x_wconf 84' lang='lat' dir='ltr'><strong>(cap.</strong></span> <span class='ocrx_word' id='word_1_922' title='bbox 2360 5699 2452 5767; x_wconf 73' lang='lat' dir='ltr'><strong>2i)</strong></span> <span class='ocrx_word' id='word_1_923' title='bbox 2479 5715 2492 5753; x_wconf 92' lang='lat'><strong>:</strong></span> <span class='ocrx_word' id='word_1_924' title='bbox 2518 5696 2688 5772; x_wconf 67' lang='lat' dir='ltr'><strong>[Bene</strong></span> <span class='ocrx_word' id='word_1_925' title='bbox 2708 5708 2890 5767; x_wconf 85' lang='lat' dir='ltr'><strong>autem</strong></span> <span class='ocrx_word' id='word_1_926' title='bbox 2930 5715 3037 5757; x_wconf 92' lang='lat' dir='ltr'><strong>non</strong></span> <span class='ocrx_word' id='word_1_927' title='bbox 3078 5701 3175 5762; x_wconf 84' lang='lat' dir='ltr'><strong>ait,</strong></span> <span class='ocrx_word' id='word_1_928' title='bbox 3205 5720 3224 5755; x_wconf 70' lang='grc' dir='ltr'><strong>ι</strong></span> <span class='ocrx_word' id='word_1_929' title='bbox 3269 5702 3357 5773; x_wconf 72' lang='lat' dir='ltr'><strong>ira</strong></span> <span class='ocrx_word' id='word_1_930' title='bbox 3396 5704 3546 5771; x_wconf 60' lang='lat' dir='ltr'><strong>Dein</strong></span> 
     </span>
    </p>
   </div>
   <div class='ocr_carea' id='block_1_119' title="bbox 1970 5794 3558 5867">
    <p class='ocr_par' dir='ltr' id='par_1_119' title="bbox 1970 5794 3558 5867">
     <span class='ocr_line' id='line_1_119' title="bbox 1970 5794 3558 5867; baseline 0.005 -19"><span class='ocrx_word' id='word_1_931' title='bbox 1970 5794 2148 5855; x_wconf 71' lang='lat' dir='ltr'><strong>veniet</strong></span> <span class='ocrx_word' id='word_1_932' title='bbox 2174 5807 2504 5863; x_wconf 73' lang='lat' dir='ltr'><strong>superetur),</strong></span> <span class='ocrx_word' id='word_1_933' title='bbox 2534 5795 2629 5853; x_wconf 78' lang='lat' dir='ltr'><strong>sed</strong></span> <span class='ocrx_word' id='word_1_934' title='bbox 2659 5814 2678 5851; x_wconf 81' lang='grc'><strong>‹</strong></span> <span class='ocrx_word' id='word_1_935' title='bbox 2719 5804 2899 5851; x_wconf 88' lang='lat' dir='ltr'><strong>manet</strong></span> <span class='ocrx_word' id='word_1_936' title='bbox 2926 5810 3089 5863; x_wconf 69' lang='lat' dir='ltr'><strong>super</strong></span> <span class='ocrx_word' id='word_1_937' title='bbox 3111 5811 3254 5850; x_wconf 85' lang='lat' dir='ltr'><strong>cum.</strong></span> <span class='ocrx_word' id='word_1_938' title='bbox 3291 5819 3307 5850; x_wconf 79' lang='grc' dir='ltr'><strong>ι</strong></span> <span class='ocrx_word' id='word_1_939' title='bbox 3341 5800 3423 5867; x_wconf 73' lang='lat' dir='ltr'><strong>Ab</strong></span> <span class='ocrx_word' id='word_1_940' title='bbox 3458 5800 3558 5861; x_wconf 72' lang='lat' dir='ltr'><strong>hac</strong></span> 
     </span>
    </p>
   </div>
  </div>
