3966 6334
503 386 514 394 ’
551 389 687 446 1079

1561 380 1619 433 s.
1661 377 1916 434 ltEMlGll
1953 376 2430 434 LUGDUNENSIS
2453 365 2775 436 Episcopi
3629 391 3719 443 tua

537 497 737 567 quippe
759 495 860 563 ira,
887 509 992 565 qua
1019 507 1205 548 omnes
1237 489 1337 545 sub
1360 499 1581 561 peccato
1600 496 1746 554 sum,
1775 489 1841 543 de
1859 503 1965 557 qua
1988 488 2118 542 dicit
2143 495 2196 555 Α
2220 503 2326 560 que
2347 488 2606 556 ﬁdelium,
2632 506 2696 545 ac
2718 491 2798 546 sic
2821 491 3144 560 incorporati
3163 490 3368 548 Christi
3388 499 3598 566 corpori,
3618 510 3722 570 quod

539 588 851 658 Apostolus,
880 606 898 638 ‹
934 585 1157 640 Fuimus
1179 583 1320 638 enim
1348 591 1401 638 et
1432 597 1530 637 nos
1557 581 1846 651 aliquando
1895 589 2116 634 natura-

538 679 666 736 liter
694 679 787 735 ﬁlii
808 681 921 744 irae,
946 679 1084 734 sicut
1103 687 1158 732 et
1177 676 1358 732 caeteri
1383 673 1597 746 (Ep/tes.
1622 689 1682 739 ιι,
1706 673 1784 744 5),
1818 692 1836 724 ι
1859 672 2004 727 nulla
2027 688 2116 728 res

535 768 754 836 liberat,
779 770 880 826 nisi
909 789 928 821 ι
957 768 1147 824 Gratia
1175 767 1268 822 Dei
1297 781 1394 838 per
1427 765 1610 820 Jesum
1639 762 1913 818 Christum
1943 763 2116 817 Domi-

536 876 666 916 num
688 869 933 916 nostrum
960 858 1132 930 (Rom.
1155 873 1254 923 vit,
1274 856 1387 926 25).
1419 854 1465 928 ι]

604 955 738 1010 ltem
770 957 907 1026 (cap.
929 953 1020 1025 22)
1057 972 1070 1008 :
1103 951 1284 1026 [Tales
1305 966 1435 1019 ergo
1456 949 1830 1020 prtedestinari
1859 957 1913 1004 et
1941 949 2114 1004 creari

535 1045 789 1111 arbitror,
821 1053 881 1100 ut
915 1046 1266 1115 qui.possunt
1308 1041 1610 1113 intelligant
1649 1041 1743 1096 Dei
1784 1042 2032 1112 gratiam,
2061 1048 2116 1094 et

533 1138 808 1209 spiritum,
853 1157 872 1190 (
911 1137 1003 1208 qui
1043 1137 1132 1191 ubi
1174 1135 1286 1190 vult
1318 1135 1489 1206 spirat
1521 1134 1703 1205 (Joan.
1750 1149 1833 1199 ιιι,
1864 1132 1950 1204 8),
1996 1151 2014 1184 ι
2047 1132 2116 1186 ob

534 1229 640 1286 hoc
678 1245 839 1285 omne
869 1229 1069 1300 ingenii
1110 1242 1279 1299 genus
1319 1227 1374 1281 in
1419 1225 1545 1280 ﬁliis
1586 1223 1969 1279 misericordia:
2007 1237 2114 1278 non

533 1321 844 1392 praeterisse
868 1338 881 1375 :
910 1321 1148 1392 itemque
1166 1334 1328 1375 omne
1359 1317 1553 1386 ingenii
1579 1331 1747 1388 genus
1773 1316 1825 1369 in
1852 1317 2115 1387 gehennae

533 1411 658 1467 ﬁliis
687 1413 987 1482 praeterire.
1024 1431 1042 1464 ι
1081 1410 1153 1467 Ut
1191 1411 1282 1482 qui
1311 1409 1595 1481 gloriatur,
1629 1409 1682 1462 in
1730 1408 1956 1463 Domino
1996 1407 2112 1479 glo-

532 1504 706 1558 rietur
734 1502 787 1575 (Ι
809 1502 932 1558 Cor.
964 1519 1005 1569 ι,
1028 1503 1139 1574 51).
1182 1522 1201 1555 ι
1235 1501 1256 1574 ]

460 1652 466 1658 .
603 1598 737 1654 Item
771 1597 948 1669 (ibid.)
984 1616 997 1652 :
1041 1597 1326 1670 [Cedamus
1369 1597 1566 1668 igitur,
1609 1603 1666 1651 et
1709 1594 2113 1650 consentiamus

461 1685 468 1691 ’
530 1693 843 1748 auctoritati
882 1699 1083 1747 sanctae
1114 1675 1438 1762 Scriptura),
1477 1705 1596 1760 qua:
1622 1689 1800 1745 nescit
1838 1688 1970 1754 falli,
2012 1703 2109 1744 nec

532 1787 742 1846 fallere.
779 1788 848 1843 Et
874 1787 1016 1843 sicut
1041 1787 1281 1842 nondum
1313 1794 1468 1840 natos
1508 1774 1576 1838 ad
1613 1783 1972 1839 discernenda
2005 1796 2113 1836 me-

2219 595 2302 641 est
2330 586 2604 654 Ecclesia,
2635 588 3057 645 reconcilientur
3084 588 3193 643 Deo
3212 629 3228 656 ,
3270 597 3330 644 ut
3357 589 3409 644 in
3434 590 3518 646 illo
3546 593 3657 661 vivi,
3682 610 3724 654 ut

2220 677 2374 743 salvi,
2404 687 2462 733 ut
2489 679 2730 746 liberati,
2777 690 2836 734 ut
2877 680 3170 750 redempti,
3207 690 3268 734 ut
3296 680 3564 738 illuminati
3587 686 3722 743 ﬁant:

2221 769 2373 826 Unde
2402 773 2502 827 nisi
2531 788 2558 826 a
2584 781 2789 838 morte,
2816 773 2962 828 vitiis
2981 815 2996 839 ,
3030 783 3180 828 reatu
3202 814 3218 839 ,
3245 775 3588 845 subiectione,
3611 792 3723 838 tene-

2220 860 2331 917 bris
2379 864 2762 933 peccatorum?
2801 863 2930 930 Quae
2977 865 3233 935 quoniam
3275 865 3418 919 nulla
3451 867 3500 920 in
3536 883 3589 922 ea
3611 881 3726 927 atate

2218 972 2314 1026 per
2343 971 2496 1011 suam
2526 959 2692 1012 vitam
2718 959 2992 1028 propriam
3019 959 3434 1025 commiserunt,
3480 941 3626 1018 restat
3646 967 3726 1020 ori-

2219 1048 2440 1122 ginale.]

2289 1138 2420 1194 Item
2452 1139 2591 1210 (cap.
2612 1139 2705 1211 27)
2737 1157 2748 1193 :
2783 1139 2937 1212 [Cum
2967 1140 3034 1194 ad
3066 1139 3355 1196 Zachteum
3376 1140 3727 1201 Dominusesset

2217 1232 2495 1304 ingressus
2530 1249 2544 1287 :
2583 1251 2602 1284 ι
2639 1231 2840 1298 Hodie,
2875 1233 3079 1304 inquit,
3107 1233 3252 1289 salus
3283 1235 3461 1289 domui
3489 1235 3597 1290 huic
3627 1235 3728 1291 facta

2217 1334 2322 1390 est,
2364 1324 2616 1394 quoniam
2643 1335 2698 1379 et
2726 1324 2827 1380 iste
2858 1324 3002 1381 ﬁlius
3045 1333 3129 1380 est
3157 1325 3415 1380 Abrahae.
3447 1324 3588 1381 Venit
3626 1328 3726 1381 enim

2219 1417 2361 1473 ﬁlius
2416 1417 2650 1492 hominis
2703 1432 2963 1488 quaerere;
3007 1426 3064 1472 et
3119 1416 3333 1474 salvare
3379 1418 3514 1488 quod
3552 1419 3728 1487 perierat

2217 1509 2368 1583 (Luc.
2400 1525 2517 1576 xix,
2547 1509 2602 1574 9,
2635 1507 2748 1580 10).
2788 1528 2807 1561 ι
2838 1507 2950 1563 lloc
2979 1507 3047 1564 de
3072 1507 3454 1585 ove'perdita,
3492 1516 3542 1561 et
3580 1507 3728 1562 relictis

2216 1603 2510 1673 nonaginta
2563 1615 2758 1656 novem
2807 1601 3068 1671 quaesita,
3121 1610 3181 1655 et
3233 1600 3450 1655 invento
3483 1599 3576 1654 hoc
3605 1607 3649 1652 ει
3685 1601 3728 1652 tle

2221 1697 2500 1761 drachma,
2530 1690 2661 1764 ’quaa
2701 1694 2942 1764 perierat
2984 1708 3052 1749 ex
3087 1692 3280 1748 decem
3313 1691 3461 1763 (Luc.
3493 1705 3582 1756 xv,
3608 1689 3650 1754 ι,
3676 1690 3727 1758 8).

2218 1791 2359 1847 unde
2380 1791 2682 1860 oportebat,
2712 1795 2774 1842 ut
2798 1787 2930 1842 dicit
2960 1804 2974 1840 :
3009 1804 3027 1837 ι
3057 1785 3348 1858 praedicari
3375 1785 3426 1839 in
3444 1784 3634 1855 nomine
3647 1781 3730 1850 ejus

529 1883 635 1937 rita
666 1897 856 1938 eorum
897 1879 1099 1951 aliquid
1129 1879 1253 1935 boni
1285 1878 1370 1933 vel
1401 1877 1526 1933 mali
1577 1879 1753 1949 egisse
1797 1891 1904 1932 non
1935 1874 2112 1930 credi-
2143 1862 2191 1924 B
2219 1884 2628 1958 paenitentiam,
2660 1889 2716 1938 ει
2743 1881 3118 1936 remissionem
3142 1888 3483 1950 peccatorum
3519 1878 3565 1930 in
3592 1889 3730 1931 omnes

530 1990 673 2041 mus,
703 1975 774 2028 ita
814 1987 1000 2028 omnes
1037 1974 1136 2026 sub
1181 1979 1405 2042 peccato
1448 1985 1589 2035 esse,
1629 1968 1774 2039 quod
1810 1981 1907 2038 per
1947 1981 2112 2021 unum

530 2068 804 2122 hominem
854 2066 1077 2120 intravit
1105 2067 1159 2119 in
1187 2063 1468 2129 mundum,
1506 2072 1563 2118 et
1594 2078 1693 2133 per
1717 2077 1907 2118 omnes
1937 2061 2113 2117 homi-

528 2153 629 2212 nes
655 2157 984 2227 pertransiit,
1019 2171 1048 2209 a
1073 2170 1181 2225 quo
1209 2170 1318 2209 non
1347 2153 1542 2210 liberat
1562 2155 1664 2209 nisi
1692 2155 1865 2225 gratia
1895 2152 1988 2208 Dei
2018 2167 2117 2223 per

531 2249 816 2303 Dominum
843 2246 1027 2302 Jesum
1050 2245 1326 2302 Christum
1354 2239 1577 2300 minime
1599 2245 1922 2300 dubitemus.
1948 2243 2115 2314 Cujus

531 2339 877 2395 medicinalis
915 2340 1177 2394 adventus
1205 2353 1312 2394 non
1340 2347 1423 2393 est
1451 2352 1586 2407 opus
1612 2336 1787 2402 sanis,
1817 2337 1909 2392 sed
1939 2351 2112 2406 aegro-

530 2432 791 2497 tantibus,
821 2432 946 2501 quia
978 2445 1085 2485 non
1113 2430 1262 2486 venit
1295 2443 1492 2485 vocare
1511 2429 1712 2500 justos,
1745 2429 1839 2483 sed
1865 2436 2115 2497 peccato-

527 2535 616 2574 res
648 2521 865 2591 (Matth.
898 2537 972 2587 ix,
1006 2523 1093 2588 12,
1128 2521 1237 2594 l5).
1268 2522 1326 2577 In
1364 2520 1518 2592 cujus
1547 2536 1771 2594 regnum
1801 2536 1906 2575 non
1946 2519 2113 2574 intra-

524 2613 653 2666 bit:
703 2632 722 2664 ι
769 2612 880 2668 Nisi
928 2614 1018 2684 qui
1059 2621 1278 2669 renatus
1322 2613 1486 2668 fuerit
1532 2628 1600 2668 ex
1645 2628 1785 2682 aqua
1828 2621 1882 2666 et
1919 2611 2112 2680 spiritu

525 2704 711 2774 (Joan.
744 2721 809 2771 v,
837 2706 915 2778 5),
948 2726 966 2759 ι
994 2721 1095 2762 ιιεε
1121 2714 1321 2777 praeter
1359 2721 1586 2778 regnum
1628 2706 1746 2777 ejus
1790 2704 2016 2760 salutem
2047 2718 2113 2758 ac

524 2797 692 2851 vitam
733 2799 1030 2868 possidebit
1056 2809 1336 2855 aeternam.
1369 2799 1638 2868 Quoniam
1676 2801 1769 2871 qui
1813 2815 1918 2855 non
1960 2813 2111 2853 man-

526 2891 808 2944 ducaverit
821 2905 1036 2947 carnem
1058 2891 1195 2961 ejus,
1213 2900 1269 2948 et
1287 2893 1381 2964 qui
1402 2892 1709 2948 incredulus
1723 2903 1806 2948 est
1821 2891 1983 2954 Filio,
2001 2906 2110 2946 non

525 2979 688 3033 habet
711 2980 894 3044 vitam,
921 2981 1016 3035 sed
1044 2983 1124 3036 ira
1146 2982 1241 3037 Dei
1272 2992 1455 3038 manet
1476 2998 1640 3052 super
1659 2998 1782 3038 eum
1809 2980 1991 3054 (Joan.
2024 2995 2109 3046 ιιι,

524 3073 622 3143 vi).
654 3073 736 3127 Ab
761 3073 864 3129 hoc
902 3084 1127 3144 peccato
1146 3116 1160 3141 ,
1196 3077 1264 3131 ab
1292 3076 1395 3131 hac
1425 3075 1766 3148 aegritudine,
1795 3074 1864 3130 ab
1893 3074 1997 3130 hac
2028 3073 2109 3128 ira

523 3163 640 3229 Dei,
674 3161 826 3232 cujus
858 3163 1178 3219 naturaliter
1204 3164 1296 3219 lilii
1318 3173 1464 3230 sunt,
1489 3165 1582 3235 qui
1610 3166 1821 3220 etiamsi
1847 3181 1943 3236 per
1977 3173 2107 3219 teta-

2221 1987 2412 2051 gentes
2485 1973 2870 2045 incipientibus
2922 1973 2990 2027 ab
3046 1970 3352 2027 Jerusalem
3407 1968 3562 2041 (Luc.
3606 1985 3725 2032 mv,

2216 2071 2329 2142 ιι).
2366 2069 2415 2142 ι]

2217 2179 2220 2182 ’
2288 2162 2418 2216 ιιειιι
2451 2157 2630 2231 (ibid.)
2659 2174 2673 2212 :
2711 2154 2758 2229 [ι
2793 2154 2910 2210 Non
2944 2174 2962 2208 ι
2992 2169 3142 2227 ergo,
3173 2154 3372 2226 inquit,
3402 2174 3421 2207 ι
3447 2154 3508 2210 de
3526 2153 3727 2224 sanguini-

2216 2248 2318 2303 bus
2344 2249 2685 2319 congregabo
2708 2245 3083 2301 conventicula
3111 2260 3304 2300 eorum
3328 2243 3492 2315 (Psal.
3522 2259 3596 2308 xv,
3618 2244 3658 2312 t)
3681 2259 3722 2292 ει

2215 2358 2357 2397 unus
2391 2343 2534 2397 enim
2557 2340 2776 2412 sanguis
2801 2355 2901 2412 pro
2933 2338 3117 2394 multis
3147 2338 3311 2393 datus
3331 2346 3435 2402 est,
3460 2351 3556 2407 quo
3575 2335 3725 2388 veraci-

2217 2443 2302 2490 ter
2337 2437 2746 2489 mundarentur.
2789 2432 3032 2502 Denique
3065 2431 3316 2501 sequitur
3353 2448 3367 2484 :
3405 2449 3423 2480 t
3453 2429 3550 2484 Nec
3574 2443 3724 2482 memor

2217 2540 2312 2581 ero
2363 2525 2640 2580 nominum
2687 2535 2877 2580 eorum
2917 2535 3014 2593 per
3051 2521 3197 2576 labia
3225 2535 3348 2575 mea
3390 2520 3575 2590 (ibid),
3605 2538 3620 2568 ι
3645 2528 3722 2571 tau—

2216 2630 2376 2685 quam
2413 2614 2812 2670 innovatorum.
2845 2610 2980 2667 Nam
3004 2611 3229 2667 nomina
3255 2627 3440 2668 eorum
3467 2621 3601 2666 erant
3616 2609 3721 2678 prius

2212 2705 2312 2760 ﬁlii
2341 2706 2543 2772 carnis,
2578 2703 2676 2759 lilii
2717 2703 2922 2770 saeculi,
2975 2703 3072 2757 ﬁlii
3119 2703 3242 2770 irae,
3277 2701 3372 2758 ﬁlii
3418 2700 3616 2766 diaboli;
3655 2699 3722 2752 im-

2215 2795 2421 2859 mundi,
2451 2802 2790 2865 peccatores,
2821 2793 2992 2864 impii,
3017 2803 3208 2864 postea
3234 2807 3366 2849 vero
3389 2791 3502 2847 Filii
3534 2792 3628 2846 Dei.
3653 2787 3722 2841 llo-

2215 2889 2349 2945 mini
2372 2905 2532 2954 novo,
2557 2902 2756 2945 nomen
2776 2901 2999 2951 novum,
3022 2887 3300 2942 canticum
3329 2900 3533 2949 novum,
3557 2897 3634 2953 per
3653 2879 3721 2934 Tc—

2214 2992 2544 3039 stamentum
2571 2980 2797 3036 Novum.
2827 2981 2944 3036 Non
2970 2981 3080 3036 sint
3105 2981 3310 3051 ingrati
3343 2980 3568 3036 homines
3587 2975 3720 3048 gratia

2215 3075 2330 3141 Dei,
2359 3074 2539 3145 pusilli
2573 3088 2697 3129 cum
2743 3073 2976 3142 magnis,
3007 3089 3039 3128 a
3068 3073 3285 3128 minore
3325 3086 3485 3142 usque
3510 3070 3566 3123 ad
3601 3067 3718 3135 majo-

2216 3182 2353 3222 rem.
2386 3166 2574 3222 Totius
2622 3165 2878 3221 Ecclesia:
2913 3179 3017 3218 vox
3056 3173 3139 3219 est
3172 3181 3186 3217 :
3223 3183 3244 3215 ι
3278 3162 3464 3217 Erravi
3491 3161 3606 3215 sicut
3641 3158 3719 3210 oris

528 3226 637 3306 tem
665 3226 772 3308 non
805 3253 1006 3308 habent
1035 3255 1343 3325 proprium,
1377 3226 1596 3310 trahunt
1635 3264 1813 3311 tamen
1843 3226 2106 3327 originale
2135 3226 2187 3296 ο
2217 3258 2428 3330 perdita
2459 3255 2632 3330 (Psal.
2666 3269 2856 3320 cxvnt,
2898 3256 3045 3326 176).
3085 3275 3104 3309 ι
3143 3253 3402 3310 Omnium
3427 3253 3716 3308 membrorum

526 3354 836 3413 peccatum,
880 3361 986 3400 non
1031 3344 1226 3402 liberat
1264 3348 1369 3403 nisi
1395 3366 1414 3398 ι
1445 3347 1633 3418 Agnus
1670 3348 1787 3413 Dei,
1830 3349 1923 3418 qui
1969 3347 2112 3403 tollit

526 3445 750 3507 peccata
782 3438 962 3492 mundi
989 3437 1170 3511 (Joan.
1196 3454 1235 3504 ι,
1261 3439 1388 3511 29);
1416 3459 1435 3491 ι
1466 3454 1573 3494 non
1595 3439 1698 3495 nisi
1720 3439 1986 3505 medicus,
2018 3441 2106 3510 qui

526 3544 633 3583 non
683 3531 829 3584 venit
875 3541 1098 3602 propter
1129 3543 1397 3604 aegrotos;
1434 3548 1541 3588 non
1591 3533 1694 3589 nisi
1727 3533 2001 3598 Salvator,
2041 3533 2110 3588 de

527 3639 634 3692 quo
673 3623 876 3679 dictum
913 3635 997 3679 est
1032 3625 1217 3696 generi
1247 3625 1484 3679 humano
1515 3643 1527 3678 :
1567 3643 1586 3676 ι
1627 3624 1796 3680 Natus
1832 3634 1915 3680 est
1953 3627 2108 3681 vobis

501 3717 686 3772 hodie
713 3719 962 3774 Salvator
987 3719 1140 3792 (Luc.
1171 3735 1234 3787 ιι,
1267 3720 1388 3792 ll);
1427 3740 1444 3773 ι
1486 3735 1593 3775 non
1617 3720 1721 3774 nisi
1754 3718 2104 3789 Redemptor,

527 3809 681 3880 cujus
707 3811 966 3880 sanguine
993 3811 1201 3866 deletur
1227 3813 1467 3867 debitum
1506 3820 1770 3866 nostrum.
1813 3810 1948 3865 Nam
1987 3812 2109 3881 quis

529 3903 724 3955 audeat
756 3902 936 3956 dicere
961 3916 1065 3956 non
1101 3916 1222 3958 esse
1247 3901 1523 3957 Christum
1559 3901 1847 3956 infantium
1874 3901 2108 3957 salvato—

524 4007 644 4048 rem
683 4007 784 4048 nec
808 3994 1240 4064 redemptorem?
1267 3994 1420 4049 Unde
1453 4002 1633 4049 autem
1675 3993 1853 4048 salvos
1879 3993 2030 4060 facit,
2059 3993 2107 4050 si

525 4085 675 4141 nulla
704 4085 757 4139 in
783 4085 865 4139 eis
884 4093 966 4139 est
991 4085 1270 4156 originalis
1298 4087 1561 4156 aegritudo
1581 4085 1826 4156 peccati?
1853 4084 2006 4141 Unde
2029 4101 2108 4140 ιἐο

528 4176 703 4242 dimit,
732 4176 777 4231 si
809 4191 916 4231 non
953 4189 1076 4230 sunt
1111 4191 1211 4247 per
1239 4177 1502 4248 originem
1537 4178 1697 4248 primi
1727 4179 1962 4234 hominis
2011 4193 2106 4233 ve-

526 4269 751 4323 nundati
776 4269 876 4323 sub
897 4280 1118 4338 peccato
1133 4269 1188 4342 ?]

594 4360 728 4416 Item
761 4361 899 4433 (cap.
929 4359 1023 4430 26)
1058 4378 1070 4414 :
1115 4360 1422 4433 [Dominum
1468 4361 1652 4418 Jesum
1694 4362 1970 4419 Christum
1998 4378 2106 4418 non

525 4451 687 4507 aliam
716 4453 787 4508 ob
829 4466 1051 4507 causam
1096 4454 1150 4507 in
1179 4469 1345 4509 carne
1367 4454 1603 4520 venisse,
1647 4469 1714 4508 ac
1756 4453 1928 4508 forma
1963 4454 2106 4511 servi

2214 3351 2416 3406 Christi
2442 3366 2546 3406 vox
2568 3359 2654 3407 est
2679 3366 2694 3405 :
2731 3369 2749 3402 ι
2787 3348 2988 3404 Omnes
3010 3357 3072 3402 ut
3097 3362 3230 3403 oves
3254 3347 3559 3409 erravimus,
3582 3352 3624 3396 et
3643 3342 3718 3410 ipse

2215 3443 2443 3498 traditus
2468 3451 2553 3499 est
2581 3458 2681 3514 pro
2708 3442 2944 3515 peccatis
2973 3439 3175 3495 nostris
3206 3439 3342 3512 (ιτα.
3376 3453 3484 3505 ιιιι,
3515 3436 3578 3506 6).
3612 3432 3647 3505 ι]

2283 3534 2418 3590 Ιιειη
2447 3535 2587 3607 (cap.
2617 3534 2710 3606 28)
2747 3549 2760 3587 :
2795 3531 2937 3606 [Ipse
2959 3531 3224 3588 Dominus
3249 3530 3564 3586 deﬁuitivam
3582 3533 3714 3596 protu-

2213 3627 2278 3681 lit
2295 3629 2621 3682 sententiam
2644 3627 2712 3680 ad
2735 3626 2852 3680 haec
2873 3640 2968 3680 ora
2990 3623 3350 3690 obstruenda,
3377 3624 3463 3678 ubi
3485 3621 3552 3676 ait
3575 3638 3586 3673 :
3613 3614 3714 3682 «Qui

2213 3734 2426 3775 mecum
2454 3734 2560 3774 non
2581 3727 2697 3784 est,
2726 3717 2984 3774 adversus
3014 3733 3100 3773 me
3120 3727 3205 3773 est
3243 3717 3452 3789 (Matth.
3483 3729 3568 3778 xu,
3587 3711 3669 3778 50).
3701 3727 3712 3758 ι

2211 3812 2496 3868 Constitue
2544 3812 2708 3882 igitur
2743 3811 3039 3882 quemlibet
3069 3811 3355 3881 parvulum
3399 3827 3413 3862 :
3452 3808 3495 3864 si
3513 3805 3608 3876 jam
3631 3816 3714 3857 cum

2212 3903 2431 3959 Christo
2453 3911 2556 3970 est,
2585 3911 2644 3958 ut
2657 3904 2784 3972 quid
2808 3903 3150 3973 baptizatur?
3174 3904 3223 3958 si
3244 3914 3424 3958 autem
3445 3900 3586 3972 (quod
3603 3897 3715 3951 habet

2212 3998 2452 4070 Veritas)
2491 3999 2612 4054 ideo
2633 3997 2938 4069 baptizatur
2963 4006 3023 4054 ut
3040 3999 3111 4053 sit
3137 4013 3263 4054 cum
3292 3999 3516 4062 Christo,
3539 3991 3715 4065 proiecto

2213 4109 2322 4148 non
2345 4091 2652 4164 baptizatus
2685 4105 2792 4145 non
2823 4098 2910 4145 est
2930 4098 3055 4146 cum
3081 4090 3323 4158 Christo,
3353 4099 3408 4146 et
3427 4090 3537 4161 quia
3563 4087 3716 4140 nonest

2212 4201 2335 4241 cum
2385 4186 2603 4241 Christo
2646 4185 2910 4240 adversus
2955 4183 3235 4240 Christum
3263 4193 3345 4241 est
3383 4199 3397 4237 :
3432 4194 3587 4252 neque
3614 4175 3712 4230 enim

2211 4281 2330 4351 ejus
2365 4289 2475 4334 tam
2503 4278 2847 4333 manifestam
2878 4279 3165 4343 debemus,
3212 4287 3305 4332 aut
3333 4288 3588 4347 possumus
3609 4267 3712 4324 inlin

2210 4385 2362 4424 mare
2386 4369 2471 4425 vel
2493 4371 2779 4425 immutare
2798 4370 3150 4426 sententiam.
3179 4368 3332 4425 Unde
3353 4369 3503 4436 igitur
3520 4365 3711 4418 adversus

2211 4464 2520 4531 Christum,
2559 4465 2604 4519 si
2631 4479 2738 4519 non
2767 4479 2835 4518 ex
2870 4463 3130 4535 peccato?
3171 4462 3358 4534 Neque
3378 4462 3510 4517 enim
3544 4473 3599 4514 ex
3623 4468 3709 4510 cor-

527 4555 750 4618 accepta
774 4545 977 4601 factum
1005 4545 1343 4601 obedientem
1370 4562 1540 4617 usque
1565 4545 1634 4601 ad
1664 4556 1893 4602 mortem
1923 4547 2104 4602 crucis
2133 4597 2188 4656 Β
2212 4572 2344 4628 μοι-ε
2371 4566 2425 4612 ει
2453 4557 2654 4624 anima,
2679 4571 2799 4626 qua;
2824 4561 3056 4626 uim-que
3081 4555 3178 4610 Dei
3203 4566 3450 4612 creatura
3476 4560 3564 4607 εει,
3586 4549 3709 4604 Porro

524 4639 748 4714 (Philip.
792 4658 866 4709 ιι,
899 4642 978 4712 7),
1010 4641 1114 4695 nisi
1142 4649 1203 4695 ut
1227 4640 1328 4696 hac
1364 4640 1767 4712 dispensatione
1794 4639 2107 4695 misericor-

523 4736 762 4792 dissimm
791 4736 980 4806 gratiae
1001 4749 1218 4800 omnes,
1248 4733 1441 4804 quibus
1467 4742 1722 4804 tanquam
1751 4733 2011 4788 membris
2049 4734 2106 4788 in

522 4843 749 4900 corpore
789 4826 1102 4882 constitutis
1147 4831 1310 4894 caput
1345 4831 1460 4888 est,
1495 4823 1562 4878 ad
1607 4813 1994 4894 capessendum
2020 4838 2110 4879 re-

523 4936 688 4993 gnum
717 4919 977 4976 coalorum
1004 4916 1335 4980 viviﬁcaret,
1370 4924 1425 4970 et
1447 4915 1625 4970 salvos
1653 4914 1880 4982 faceret,
1911 4915 2107 4970 libera-

523 5023 634 5080 ret,
671 5012 1025 5078 illuminaret,
1072 5019 1128 5065 et
1174 5008 1462 5063 redimeret
1489 5009 1584 5078 qui
1613 5007 1764 5078 prius
1788 5005 2022 5063 fuissent
2050 5007 2107 5062 in

525 5115 875 5182 peccatorum
900 5109 1107 5167 morte,
1149 5099 1530 5170 languoribus,
1563 5099 1843 5164 servitute,
1875 5098 2106 5167 captivi-

527 5209 665 5266 tate,
693 5197 932 5256 tenebris
958 5195 1264 5258 constituti,
1295 5191 1396 5248 sub
1422 5200 1691 5262 potestate
1725 5190 1923 5246 diaboli
1954 5192 2106 5260 prin-

527 5293 668 5367 cipis
694 5298 1060 5367 peccatorum.
1083 5289 1162 5342 Ac
1189 5287 1268 5340 sic
1293 5285 1449 5340 ﬁeret
1481 5301 1500 5334 ‹
1531 5282 1793 5337 Mediator
1814 5283 1911 5336 Dei
1935 5291 1990 5337 et
2009 5283 2106 5338 bo-

524 5365 823 5456 minum‘u
865 5379 1000 5436 Tim.
1033 5396 1090 5444 ιι,
1123 5379 1201 5450 5),
1238 5398 1258 5430 ι
1287 5392 1384 5448 per
1418 5389 1579 5446 quem
1619 5382 1741 5446 post
1787 5374 2104 5430 inimicitias

525 5475 823 5554 impietatis
843 5481 1044 5531 nostra:
1059 5511 1076 5539 ,
1099 5471 1241 5526 illius
1259 5470 1446 5544 gratiae
1467 5482 1600 5540 pace
1627 5467 1827 5533 ﬁnitas,
1857 5468 2103 5524 reconci-

526 5575 786 5630 liaremur
829 5570 940 5626 Deo
976 5569 1030 5623 in
1068 5576 1325 5622 aeternam
1365 5567 1549 5631 vitam,
1583 5565 1652 5622 ab
1678 5573 1882 5622 aeterna
1909 5573 2106 5632 morte,

529 5682 650 5736 quae
671 5665 864 5720 talibus
890 5660 1250 5733 impendebat,
1274 5658 1492 5732 erepti.]

599 5757 732 5812 Item
761 5755 938 5827 (ibid.)
967 5753 1213 5828 [Oportet
1234 5751 1486 5823 parvulos
1506 5764 1666 5821 egere
1695 5749 1800 5806 illis
1827 5750 2108 5808 beneﬁciis

533 5848 844 5902 mediatoris
863 5887 877 5912 ,
909 5855 965 5900 ut
988 5845 1152 5900 ahluti
1182 5859 1280 5914 per
1307 5852 1726 5907 sacramentum,
1754 5843 2107 5899 charitatem-

2213 4647 2261 4703 si
2288 4663 2356 4704 ex
2385 4655 2610 4718 peccatu
2630 4687 2646 4715 ,
2686 4647 2830 4718 quod
2861 4647 2917 4702 in
2945 4646 3034 4702 illa
3064 4654 3249 4713 aetate,
3277 4647 3378 4702 nisi
3403 4640 3647 4712 originale,
3672 4641 3708 4688 cl

2213 4739 2531 4810 antiquum?
2556 4738 2674 4796 Una
2694 4747 2778 4796 est
2803 4739 3002 4810 quippe
3025 4754 3156 4796 caro
3190 4740 3428 4810 peccati,
3454 4739 3501 4792 in
3523 4748 3606 4805 qua
3628 4743 3708 4783 om-

2213 4846 2311 4886 nes
2341 4831 2410 4887 ad
2439 4831 2840 4887 damnationem
2883 4841 3183 4888 nascuntur
3219 4854 3232 4886 :
3263 4842 3319 4886 et
3345 4846 3442 4885 una
3465 4837 3537 4884 est
3553 4838 3652 4882 caro
3669 4821 3704 4874 in

2209 4921 2563 4978 similitudine
2589 4923 2770 4978 carnis
2791 4924 3024 4994 peccati,
3048 4937 3145 4995 per
3173 4939 3334 4996 quam
3363 4935 3535 4979 omnes
3553 4932 3580 4972 ιι
3601 4914 3708 4969 dam-

2209 5013 2428 5069 natione
2455 5012 2799 5088 liberantur.]

2283 5103 2418 5161 ltem
2449 5105 2624 5176 (ibid.)
2656 5122 2668 5158 :
2699 5103 2985 5178 [Universa
3005 5107 3244 5164 Ecclesia
3266 5117 3423 5174 tenet,
3441 5120 3545 5178 qua
3564 5101 3703 5159 adver-

2215 5211 2307 5252 sus
2326 5211 2517 5252 omnes
2542 5195 2800 5267 profanas
2825 5199 3094 5256 novitates
3117 5201 3339 5272 vigilare
3364 5200 3522 5264 debet,
3542 5202 3700 5251 omnem

2213 5288 2487 5342 hominem
2529 5288 2770 5358 separari
2811 5304 2841 5343 a
2871 5289 3014 5356 Deo,
3047 5292 3150 5347 nisi
3181 5293 3271 5363 qui
3307 5307 3398 5363 per
3425 5289 3699 5346 mediatorem

2212 5378 2483 5436 Christum
2502 5382 2880 5438 reconciliatur
2902 5383 3012 5440 Deo
3030 5404 3043 5439 :
3063 5399 3162 5442 nec
3185 5384 3414 5457 separari
3429 5388 3696 5454 quemquam.

2213 5471 2316 5526 nisi
2338 5473 2574 5542 peccatis
2595 5473 3076 5532 intercludentibus
3096 5492 3270 5547 posse.
3299 5476 3407 5531 Non
3428 5488 3539 5544 ergo
3557 5481 3698 5524 recon-

2211 5564 2385 5620 ciliari
2414 5565 2516 5619 nisi
2550 5575 2897 5635 peccatorum
2933 5569 3269 5637 remissione,
3317 5583 3408 5639 per
3448 5578 3580 5619 uuam
3608 5570 3698 5630 ιη·

2211 5659 2346 5714 tiam
2397 5659 2886 5715 misericordissimi
2935 5660 3262 5729 Salvatoris,
3298 5675 3389 5734 per
3421 5670 3559 5714 unam
3585 5648 3696 5704 victi-

2211 5769 2355 5810 mam
2383 5754 2653 5810 verissimi
2677 5756 3006 5822 sacerdotis;
3035 5773 3099 5813 ac
3127 5759 3204 5814 sic
3224 5771 3400 5813 omnes
3420 5753 3535 5808 ﬁlios
3552 5743 3694 5802 mulie‘

2213 5846 2292 5902 ris
2321 5858 2442 5914 qua:
2467 5846 2704 5915 serpenti
2735 5847 2987 5912 credidit,
3016 5859 3075 5902 ut
3105 5848 3320 5904 libidine
3340 5841 3694 5902 corrumperem
