  <div class='ocr_page' id='page_1' title='image "/cluster/home/n/w/nwhite01/storage/ocr_20150623/121/hvd.32044015471642/546.png"; bbox 0 0 3966 6334; ppageno 0'>
   <div class='ocr_carea' id='block_1_1' title="bbox 182 333 400 404">
    <p class='ocr_par' dir='ltr' id='par_1_1' title="bbox 182 333 400 404">
     <span class='ocr_line' id='line_1_1' title="bbox 182 333 400 404; baseline -0.009 -11"><span class='ocrx_word' id='word_1_1' title='bbox 182 398 189 404; x_wconf 59' lang='grc'><em>,</em></span> <span class='ocrx_word' id='word_1_2' title='bbox 250 333 400 393; x_wconf 69' lang='grc'><strong>’1081</strong></span> 
     </span>
    </p>
   </div>
   <div class='ocr_carea' id='block_1_2' title="bbox 1197 284 2571 387">
    <p class='ocr_par' dir='ltr' id='par_1_2' title="bbox 1197 284 2571 387">
     <span class='ocr_line' id='line_1_2' title="bbox 1197 284 2571 387; baseline -0.001 -3"><span class='ocrx_word' id='word_1_3' title='bbox 1197 329 1286 386; x_wconf 72' lang='lat' dir='ltr'><strong>ne</strong></span> <span class='ocrx_word' id='word_1_4' title='bbox 1320 328 1668 387; x_wconf 70' lang='lat' dir='ltr'><strong>causam</strong></span> <span class='ocrx_word' id='word_1_5' title='bbox 1698 328 1833 385; x_wconf 73' lang='lat' dir='ltr'><strong>pen</strong></span> <span class='ocrx_word' id='word_1_6' title='bbox 1872 327 2062 385; x_wconf 64' lang='lat' dir='ltr'><strong>sum</strong></span> <span class='ocrx_word' id='word_1_7' title='bbox 2105 284 2571 385; x_wconf 65' lang='lat' dir='ltr'><strong>DAMNATIONE.</strong></span> 
     </span>
    </p>
   </div>
   <div class='ocr_carea' id='block_1_3' title="bbox 3368 333 3532 393">
    <p class='ocr_par' dir='ltr' id='par_1_3' title="bbox 3368 333 3532 393">
     <span class='ocr_line' id='line_1_3' title="bbox 3368 333 3532 393; baseline 0.018 -3"><span class='ocrx_word' id='word_1_8' title='bbox 3368 333 3532 393; x_wconf 56' lang='lat'><strong>1082</strong></span> 
     </span>
    </p>
   </div>
   <div class='ocr_carea' id='block_1_4' title="bbox 261 442 3533 520">
    <p class='ocr_par' dir='ltr' id='par_1_4' title="bbox 261 442 3533 520">
     <span class='ocr_line' id='line_1_4' title="bbox 261 442 3533 520; baseline 0.001 -18"><span class='ocrx_word' id='word_1_9' title='bbox 261 446 424 520; x_wconf 78' lang='lat' dir='ltr'><strong>(Gen.</strong></span> <span class='ocrx_word' id='word_1_10' title='bbox 456 463 548 509; x_wconf 84' lang='lat' dir='ltr'><strong>ut.</strong></span> <span class='ocrx_word' id='word_1_11' title='bbox 594 448 734 518; x_wconf 78' lang='lat' dir='ltr'><strong>l-G),</strong></span> <span class='ocrx_word' id='word_1_12' title='bbox 763 461 868 502; x_wconf 88' lang='lat' dir='ltr'><strong>non</strong></span> <span class='ocrx_word' id='word_1_13' title='bbox 890 446 1103 503; x_wconf 87' lang='lat' dir='ltr'><strong>liberari</strong></span> <span class='ocrx_word' id='word_1_14' title='bbox 1138 462 1169 501; x_wconf 90' lang='lat' dir='ltr'><strong>a</strong></span> <span class='ocrx_word' id='word_1_15' title='bbox 1197 461 1425 518; x_wconf 87' lang='lat' dir='ltr'><strong>corpore</strong></span> <span class='ocrx_word' id='word_1_16' title='bbox 1446 448 1638 503; x_wconf 89' lang='lat' dir='ltr'><strong>mortis</strong></span> <span class='ocrx_word' id='word_1_17' title='bbox 1666 446 1844 517; x_wconf 90' lang='lat' dir='ltr'><strong>hujus,</strong></span> <span class='ocrx_word' id='word_1_18' title='bbox 1874 447 1930 507; x_wconf 78' lang='grc' dir='ltr'>Α</span> <span class='ocrx_word' id='word_1_19' title='bbox 1953 442 2008 498; x_wconf 91' lang='lat' dir='ltr'><strong>in</strong></span> <span class='ocrx_word' id='word_1_20' title='bbox 2058 442 2238 499; x_wconf 82' lang='lat' dir='ltr'><strong>radice</strong></span> <span class='ocrx_word' id='word_1_21' title='bbox 2294 442 2600 510; x_wconf 87' lang='lat' dir='ltr'><strong>vitiaverat,</strong></span> <span class='ocrx_word' id='word_1_22' title='bbox 2627 456 2787 515; x_wconf 75' lang='lat' dir='ltr'><strong>pmua</strong></span> <span class='ocrx_word' id='word_1_23' title='bbox 2838 445 3027 502; x_wconf 90' lang='lat' dir='ltr'><strong>mortis</strong></span> <span class='ocrx_word' id='word_1_24' title='bbox 3068 455 3123 502; x_wconf 91' lang='lat' dir='ltr'><strong>et</strong></span> <span class='ocrx_word' id='word_1_25' title='bbox 3170 446 3533 506; x_wconf 75' lang='lat' dir='ltr'><strong>damnationis</strong></span> 
     </span>
    </p>
   </div>
   <div class='ocr_carea' id='block_1_5' title="bbox 256 538 1855 611">
    <p class='ocr_par' dir='ltr' id='par_1_5' title="bbox 256 538 1855 611">
     <span class='ocr_line' id='line_1_5' title="bbox 256 538 1855 611; baseline 0.001 -16"><span class='ocrx_word' id='word_1_26' title='bbox 256 540 366 596; x_wconf 83' lang='lat' dir='ltr'><strong>nisi</strong></span> <span class='ocrx_word' id='word_1_27' title='bbox 394 554 500 610; x_wconf 91' lang='lat' dir='ltr'><strong>per</strong></span> <span class='ocrx_word' id='word_1_28' title='bbox 528 539 726 595; x_wconf 86' lang='lat' dir='ltr'><strong>Filium</strong></span> <span class='ocrx_word' id='word_1_29' title='bbox 760 538 985 611; x_wconf 77' lang='lat' dir='ltr'><strong>virginis</strong></span> <span class='ocrx_word' id='word_1_30' title='bbox 1010 555 1130 610; x_wconf 82' lang='lat' dir='ltr'><strong>quae</strong></span> <span class='ocrx_word' id='word_1_31' title='bbox 1158 539 1350 610; x_wconf 87' lang='lat' dir='ltr'><strong>angelo</strong></span> <span class='ocrx_word' id='word_1_32' title='bbox 1379 540 1627 605; x_wconf 74' lang='lat' dir='ltr'><strong>credidit,</strong></span> <span class='ocrx_word' id='word_1_33' title='bbox 1654 548 1715 595; x_wconf 92' lang='lat' dir='ltr'><strong>ut</strong></span> <span class='ocrx_word' id='word_1_34' title='bbox 1738 540 1855 597; x_wconf 83' lang='lat' dir='ltr'><strong>sine</strong></span> 
     </span>
    </p>
   </div>
   <div class='ocr_carea' id='block_1_6' title="bbox 262 634 1089 707">
    <p class='ocr_par' dir='ltr' id='par_1_6' title="bbox 262 634 1089 707">
     <span class='ocr_line' id='line_1_6' title="bbox 262 634 1089 707; baseline -0.004 -16"><span class='ocrx_word' id='word_1_35' title='bbox 262 636 494 693; x_wconf 84' lang='lat' dir='ltr'><strong>libidine</strong></span> <span class='ocrx_word' id='word_1_36' title='bbox 523 635 789 693; x_wconf 80' lang='lat' dir='ltr'><strong>fetaretur</strong></span> <span class='ocrx_word' id='word_1_37' title='bbox 816 634 964 707; x_wconf 79' lang='lat' dir='ltr'><strong>(Lac.</strong></span> <span class='ocrx_word' id='word_1_38' title='bbox 1001 634 1089 707; x_wconf 80' lang='lat'><strong>1).]</strong></span> 
     </span>
    </p>
   </div>
   <div class='ocr_carea' id='block_1_7' title="bbox 328 725 1852 801">
    <p class='ocr_par' dir='ltr' id='par_1_7' title="bbox 328 725 1852 801">
     <span class='ocr_line' id='line_1_7' title="bbox 328 725 1852 801; baseline 0.001 -18"><span class='ocrx_word' id='word_1_39' title='bbox 328 726 473 783; x_wconf 86' lang='lat' dir='ltr'><strong>Item</strong></span> <span class='ocrx_word' id='word_1_40' title='bbox 505 728 649 800; x_wconf 86' lang='lat' dir='ltr'><strong>(cap.</strong></span> <span class='ocrx_word' id='word_1_41' title='bbox 678 728 791 800; x_wconf 79' lang='lat'><strong>30).</strong></span> <span class='ocrx_word' id='word_1_42' title='bbox 836 725 884 801; x_wconf 80' lang='grc' dir='ltr'>[ι</span> <span class='ocrx_word' id='word_1_43' title='bbox 929 725 1044 783; x_wconf 90' lang='lat' dir='ltr'><strong>Nisi</strong></span> <span class='ocrx_word' id='word_1_44' title='bbox 1088 726 1213 797; x_wconf 85' lang='lat' dir='ltr'><strong>quis</strong></span> <span class='ocrx_word' id='word_1_45' title='bbox 1248 735 1408 783; x_wconf 90' lang='lat' dir='ltr'><strong>natus</strong></span> <span class='ocrx_word' id='word_1_46' title='bbox 1447 727 1609 784; x_wconf 85' lang='lat' dir='ltr'><strong>fuerit</strong></span> <span class='ocrx_word' id='word_1_47' title='bbox 1654 728 1852 795; x_wconf 90' lang='lat' dir='ltr'><strong>denuo,</strong></span> 
     </span>
    </p>
   </div>
   <div class='ocr_carea' id='block_1_8' title="bbox 257 820 1853 892">
    <p class='ocr_par' dir='ltr' id='par_1_8' title="bbox 257 820 1853 892">
     <span class='ocr_line' id='line_1_8' title="bbox 257 820 1853 892; baseline -0.001 -14"><span class='ocrx_word' id='word_1_48' title='bbox 257 835 372 878; x_wconf 89' lang='lat' dir='ltr'><strong>non</strong></span> <span class='ocrx_word' id='word_1_49' title='bbox 399 829 590 892; x_wconf 89' lang='lat' dir='ltr'><strong>potest</strong></span> <span class='ocrx_word' id='word_1_50' title='bbox 614 820 799 878; x_wconf 88' lang='lat' dir='ltr'><strong>videre</strong></span> <span class='ocrx_word' id='word_1_51' title='bbox 823 835 1047 891; x_wconf 79' lang='lat' dir='ltr'><strong>regnum</strong></span> <span class='ocrx_word' id='word_1_52' title='bbox 1071 820 1169 875; x_wconf 86' lang='lat' dir='ltr'><strong>Dei</strong></span> <span class='ocrx_word' id='word_1_53' title='bbox 1224 842 1243 873; x_wconf 73' lang='grc' dir='ltr'><strong>ι</strong></span> <span class='ocrx_word' id='word_1_54' title='bbox 1274 820 1384 876; x_wconf 88' lang='lat' dir='ltr'><strong>Et:</strong></span> <span class='ocrx_word' id='word_1_55' title='bbox 1418 838 1438 872; x_wconf 77' lang='grc' dir='ltr'><strong>ι</strong></span> <span class='ocrx_word' id='word_1_56' title='bbox 1467 820 1580 877; x_wconf 87' lang='lat' dir='ltr'><strong>Nisi</strong></span> <span class='ocrx_word' id='word_1_57' title='bbox 1603 821 1725 891; x_wconf 84' lang='lat' dir='ltr'><strong>quis</strong></span> <span class='ocrx_word' id='word_1_58' title='bbox 1762 835 1853 877; x_wconf 88' lang='lat' dir='ltr'><strong>re-</strong></span> 
     </span>
    </p>
   </div>
   <div class='ocr_carea' id='block_1_9' title="bbox 259 912 1855 984">
    <p class='ocr_par' dir='ltr' id='par_1_9' title="bbox 259 912 1855 984">
     <span class='ocr_line' id='line_1_9' title="bbox 259 912 1855 984; baseline -0.001 -14"><span class='ocrx_word' id='word_1_59' title='bbox 259 921 429 970; x_wconf 84' lang='lat' dir='ltr'><strong>natus</strong></span> <span class='ocrx_word' id='word_1_60' title='bbox 468 913 643 970; x_wconf 89' lang='lat' dir='ltr'><strong>fuerit</strong></span> <span class='ocrx_word' id='word_1_61' title='bbox 695 929 761 969; x_wconf 82' lang='lat' dir='ltr'><strong>ex</strong></span> <span class='ocrx_word' id='word_1_62' title='bbox 820 927 960 984; x_wconf 88' lang='lat' dir='ltr'><strong>aqua</strong></span> <span class='ocrx_word' id='word_1_63' title='bbox 1004 920 1058 968; x_wconf 90' lang='lat' dir='ltr'><strong>et</strong></span> <span class='ocrx_word' id='word_1_64' title='bbox 1107 912 1332 983; x_wconf 77' lang='lat' dir='ltr'><strong>spiritu,</strong></span> <span class='ocrx_word' id='word_1_65' title='bbox 1376 928 1484 969; x_wconf 90' lang='lat' dir='ltr'><strong>non</strong></span> <span class='ocrx_word' id='word_1_66' title='bbox 1538 921 1720 984; x_wconf 92' lang='lat' dir='ltr'><strong>potest</strong></span> <span class='ocrx_word' id='word_1_67' title='bbox 1773 913 1855 968; x_wconf 86' lang='lat' dir='ltr'><strong>in-</strong></span> 
     </span>
    </p>
   </div>
   <div class='ocr_carea' id='block_1_10' title="bbox 260 1004 1852 1078">
    <p class='ocr_par' dir='ltr' id='par_1_10' title="bbox 260 1004 1852 1078">
     <span class='ocr_line' id='line_1_10' title="bbox 260 1004 1852 1078; baseline -0.001 -16"><span class='ocrx_word' id='word_1_68' title='bbox 260 1007 438 1063; x_wconf 88' lang='lat' dir='ltr'><strong>troire</strong></span> <span class='ocrx_word' id='word_1_69' title='bbox 486 1008 548 1062; x_wconf 93' lang='lat' dir='ltr'><strong>in</strong></span> <span class='ocrx_word' id='word_1_70' title='bbox 598 1021 822 1078; x_wconf 81' lang='lat' dir='ltr'><strong>regnum</strong></span> <span class='ocrx_word' id='word_1_71' title='bbox 866 1005 962 1061; x_wconf 87' lang='lat' dir='ltr'><strong>Dei</strong></span> <span class='ocrx_word' id='word_1_72' title='bbox 1006 1004 1187 1075; x_wconf 82' lang='lat' dir='ltr'><strong>(Joan.</strong></span> <span class='ocrx_word' id='word_1_73' title='bbox 1220 1021 1305 1071; x_wconf 82' lang='grc' dir='ltr'>ιιι,</span> <span class='ocrx_word' id='word_1_74' title='bbox 1334 1006 1466 1074; x_wconf 77' lang='lat'><strong>3-5).</strong></span> <span class='ocrx_word' id='word_1_75' title='bbox 1508 1023 1527 1057; x_wconf 89' lang='grc'><strong>›</strong></span> <span class='ocrx_word' id='word_1_76' title='bbox 1561 1004 1671 1060; x_wconf 87' lang='lat' dir='ltr'><strong>Cur</strong></span> <span class='ocrx_word' id='word_1_77' title='bbox 1709 1005 1852 1060; x_wconf 90' lang='lat' dir='ltr'><strong>enim</strong></span> 
     </span>
    </p>
   </div>
   <div class='ocr_carea' id='block_1_11' title="bbox 257 1097 1851 1165">
    <p class='ocr_par' dir='ltr' id='par_1_11' title="bbox 257 1097 1851 1165">
     <span class='ocr_line' id='line_1_11' title="bbox 257 1097 1851 1165; baseline -0.002 -9"><span class='ocrx_word' id='word_1_78' title='bbox 257 1106 529 1156; x_wconf 85' lang='lat' dir='ltr'><strong>nascatur</strong></span> <span class='ocrx_word' id='word_1_79' title='bbox 566 1099 762 1165; x_wconf 91' lang='lat' dir='ltr'><strong>denuo,</strong></span> <span class='ocrx_word' id='word_1_80' title='bbox 792 1098 896 1154; x_wconf 87' lang='lat' dir='ltr'><strong>nisi</strong></span> <span class='ocrx_word' id='word_1_81' title='bbox 919 1098 1292 1154; x_wconf 88' lang='lat' dir='ltr'><strong>renovandus?</strong></span> <span class='ocrx_word' id='word_1_82' title='bbox 1314 1097 1465 1154; x_wconf 85' lang='lat' dir='ltr'><strong>Unde</strong></span> <span class='ocrx_word' id='word_1_83' title='bbox 1491 1098 1851 1165; x_wconf 87' lang='lat' dir='ltr'><strong>renovandus,</strong></span> 
     </span>
    </p>
   </div>
   <div class='ocr_carea' id='block_1_12' title="bbox 258 1191 1852 1261">
    <p class='ocr_par' dir='ltr' id='par_1_12' title="bbox 258 1191 1852 1261">
     <span class='ocr_line' id='line_1_12' title="bbox 258 1191 1852 1261; baseline -0.001 -13"><span class='ocrx_word' id='word_1_84' title='bbox 258 1191 367 1248; x_wconf 87' lang='lat' dir='ltr'><strong>nisi</strong></span> <span class='ocrx_word' id='word_1_85' title='bbox 397 1207 431 1247; x_wconf 90' lang='lat' dir='ltr'><strong>a</strong></span> <span class='ocrx_word' id='word_1_86' title='bbox 472 1193 780 1248; x_wconf 83' lang='lat' dir='ltr'><strong>vetustate?</strong></span> <span class='ocrx_word' id='word_1_87' title='bbox 809 1191 924 1259; x_wconf 89' lang='lat' dir='ltr'><strong>Qua</strong></span> <span class='ocrx_word' id='word_1_88' title='bbox 958 1199 1248 1257; x_wconf 80' lang='lat' dir='ltr'><strong>vetustate,</strong></span> <span class='ocrx_word' id='word_1_89' title='bbox 1290 1191 1395 1246; x_wconf 84' lang='lat' dir='ltr'><strong>nisi</strong></span> <span class='ocrx_word' id='word_1_90' title='bbox 1416 1191 1468 1245; x_wconf 92' lang='lat' dir='ltr'><strong>iu</strong></span> <span class='ocrx_word' id='word_1_91' title='bbox 1512 1205 1619 1261; x_wconf 89' lang='lat' dir='ltr'><strong>qua</strong></span> <span class='ocrx_word' id='word_1_92' title='bbox 1647 1210 1666 1244; x_wconf 77' lang='grc' dir='ltr'><strong>ι</strong></span> <span class='ocrx_word' id='word_1_93' title='bbox 1697 1198 1852 1246; x_wconf 84' lang='lat' dir='ltr'><strong>vetus</strong></span> 
     </span>
    </p>
   </div>
   <div class='ocr_carea' id='block_1_13' title="bbox 256 1270 1854 1344">
    <p class='ocr_par' dir='ltr' id='par_1_13' title="bbox 256 1270 1854 1344">
     <span class='ocr_line' id='line_1_13' title="bbox 256 1270 1854 1344; baseline -0.002 -5"><span class='ocrx_word' id='word_1_94' title='bbox 256 1284 429 1339; x_wconf 90' lang='lat' dir='ltr'><strong>homo</strong></span> <span class='ocrx_word' id='word_1_95' title='bbox 456 1291 652 1339; x_wconf 86' lang='lat' dir='ltr'><strong>noster</strong></span> <span class='ocrx_word' id='word_1_96' title='bbox 676 1282 836 1338; x_wconf 87' lang='lat' dir='ltr'><strong>simul</strong></span> <span class='ocrx_word' id='word_1_97' title='bbox 863 1282 1110 1339; x_wconf 82' lang='lat' dir='ltr'><strong>conﬁxus</strong></span> <span class='ocrx_word' id='word_1_98' title='bbox 1130 1288 1214 1336; x_wconf 92' lang='lat' dir='ltr'><strong>est</strong></span> <span class='ocrx_word' id='word_1_99' title='bbox 1237 1296 1359 1336; x_wconf 92' lang='lat' dir='ltr'><strong>cum</strong></span> <span class='ocrx_word' id='word_1_100' title='bbox 1380 1270 1501 1344; x_wconf 74' lang='lat' dir='ltr'><strong>illo,</strong></span> <span class='ocrx_word' id='word_1_101' title='bbox 1536 1288 1597 1334; x_wconf 88' lang='lat' dir='ltr'><strong>ut</strong></span> <span class='ocrx_word' id='word_1_102' title='bbox 1626 1296 1854 1336; x_wconf 86' lang='lat' dir='ltr'><strong>evacua-</strong></span> 
     </span>
    </p>
   </div>
   <div class='ocr_carea' id='block_1_14' title="bbox 254 1370 1852 1445">
    <p class='ocr_par' dir='ltr' id='par_1_14' title="bbox 254 1370 1852 1445">
     <span class='ocr_line' id='line_1_14' title="bbox 254 1370 1852 1445; baseline -0.001 -17"><span class='ocrx_word' id='word_1_103' title='bbox 254 1381 415 1428; x_wconf 90' lang='lat' dir='ltr'><strong>retur</strong></span> <span class='ocrx_word' id='word_1_104' title='bbox 440 1389 645 1445; x_wconf 90' lang='lat' dir='ltr'><strong>corpus</strong></span> <span class='ocrx_word' id='word_1_105' title='bbox 671 1372 877 1443; x_wconf 83' lang='lat' dir='ltr'><strong>peccati</strong></span> <span class='ocrx_word' id='word_1_106' title='bbox 906 1371 1082 1443; x_wconf 79' lang='lat' dir='ltr'><strong>(Rom.</strong></span> <span class='ocrx_word' id='word_1_107' title='bbox 1117 1387 1192 1438; x_wconf 82' lang='lat' dir='ltr'><strong>vt,</strong></span> <span class='ocrx_word' id='word_1_108' title='bbox 1216 1370 1307 1443; x_wconf 81' lang='lat'><strong>6)?</strong></span> <span class='ocrx_word' id='word_1_109' title='bbox 1337 1390 1356 1424; x_wconf 77' lang='grc' dir='ltr'><strong>ι</strong></span> <span class='ocrx_word' id='word_1_110' title='bbox 1393 1379 1483 1425; x_wconf 87' lang='lat' dir='ltr'><strong>aut</strong></span> <span class='ocrx_word' id='word_1_111' title='bbox 1510 1371 1651 1426; x_wconf 90' lang='lat' dir='ltr'><strong>unde</strong></span> <span class='ocrx_word' id='word_1_112' title='bbox 1676 1370 1852 1442; x_wconf 88' lang='lat' dir='ltr'><strong>imago</strong></span> 
     </span>
    </p>
   </div>
   <div class='ocr_carea' id='block_1_15' title="bbox 255 1462 1853 1536">
    <p class='ocr_par' dir='ltr' id='par_1_15' title="bbox 255 1462 1853 1536">
     <span class='ocr_line' id='line_1_15' title="bbox 255 1462 1853 1536; baseline -0.001 -16"><span class='ocrx_word' id='word_1_113' title='bbox 255 1465 356 1521; x_wconf 86' lang='lat' dir='ltr'><strong>Dei</strong></span> <span class='ocrx_word' id='word_1_114' title='bbox 383 1481 497 1521; x_wconf 91' lang='lat' dir='ltr'><strong>non</strong></span> <span class='ocrx_word' id='word_1_115' title='bbox 529 1466 697 1521; x_wconf 88' lang='lat' dir='ltr'><strong>intrat</strong></span> <span class='ocrx_word' id='word_1_116' title='bbox 719 1466 772 1520; x_wconf 93' lang='lat' dir='ltr'><strong>in</strong></span> <span class='ocrx_word' id='word_1_117' title='bbox 801 1478 1027 1536; x_wconf 76' lang='lat' dir='ltr'><strong>regnum</strong></span> <span class='ocrx_word' id='word_1_118' title='bbox 1055 1464 1173 1531; x_wconf 89' lang='lat' dir='ltr'><strong>Dei,</strong></span> <span class='ocrx_word' id='word_1_119' title='bbox 1195 1463 1299 1519; x_wconf 87' lang='lat' dir='ltr'><strong>nisi</strong></span> <span class='ocrx_word' id='word_1_120' title='bbox 1324 1462 1708 1534; x_wconf 89' lang='lat' dir='ltr'><strong>impedimento</strong></span> <span class='ocrx_word' id='word_1_121' title='bbox 1726 1476 1853 1532; x_wconf 89' lang='lat' dir='ltr'><strong>pro-</strong></span> 
     </span>
    </p>
   </div>
   <div class='ocr_carea' id='block_1_16' title="bbox 255 1555 788 1629">
    <p class='ocr_par' dir='ltr' id='par_1_16' title="bbox 255 1555 788 1629">
     <span class='ocr_line' id='line_1_16' title="bbox 255 1555 788 1629; baseline -0.002 -18"><span class='ocrx_word' id='word_1_122' title='bbox 255 1556 490 1613; x_wconf 89' lang='lat' dir='ltr'><strong>hibente</strong></span> <span class='ocrx_word' id='word_1_123' title='bbox 515 1557 721 1629; x_wconf 83' lang='lat' dir='ltr'><strong>peccati</strong></span> <span class='ocrx_word' id='word_1_124' title='bbox 743 1555 788 1629; x_wconf 89' lang='lat'><strong>?]</strong></span> 
     </span>
    </p>
   </div>
   <div class='ocr_carea' id='block_1_17' title="bbox 328 1642 1849 1720">
    <p class='ocr_par' dir='ltr' id='par_1_17' title="bbox 328 1642 1849 1720">
     <span class='ocr_line' id='line_1_17' title="bbox 328 1642 1849 1720; baseline -0.001 -19"><span class='ocrx_word' id='word_1_125' title='bbox 328 1648 469 1703; x_wconf 89' lang='lat' dir='ltr'><strong>ltem</strong></span> <span class='ocrx_word' id='word_1_126' title='bbox 513 1652 651 1720; x_wconf 85' lang='lat' dir='ltr'><strong>(cap.</strong></span> <span class='ocrx_word' id='word_1_127' title='bbox 687 1647 830 1718; x_wconf 70' lang='lat'><strong>51).:</strong></span> <span class='ocrx_word' id='word_1_128' title='bbox 863 1644 911 1719; x_wconf 76' lang='grc' dir='ltr'><strong>[ι</strong></span> <span class='ocrx_word' id='word_1_129' title='bbox 946 1644 1136 1712; x_wconf 87' lang='lat' dir='ltr'><strong>Nemo,</strong></span> <span class='ocrx_word' id='word_1_130' title='bbox 1170 1665 1188 1697; x_wconf 77' lang='grc' dir='ltr'><strong>ι</strong></span> <span class='ocrx_word' id='word_1_131' title='bbox 1224 1644 1418 1716; x_wconf 90' lang='lat' dir='ltr'><strong>inquit,</strong></span> <span class='ocrx_word' id='word_1_132' title='bbox 1459 1662 1478 1696; x_wconf 80' lang='grc' dir='ltr'><strong>ι</strong></span> <span class='ocrx_word' id='word_1_133' title='bbox 1512 1642 1767 1700; x_wconf 88' lang='lat' dir='ltr'><strong>ascendet</strong></span> <span class='ocrx_word' id='word_1_134' title='bbox 1794 1643 1849 1699; x_wconf 90' lang='lat' dir='ltr'><strong>in</strong></span> 
     </span>
    </p>
   </div>
   <div class='ocr_carea' id='block_1_18' title="bbox 251 1737 1846 1812">
    <p class='ocr_par' dir='ltr' id='par_1_18' title="bbox 251 1737 1846 1812">
     <span class='ocr_line' id='line_1_18' title="bbox 251 1737 1846 1812; baseline -0.003 -16"><span class='ocrx_word' id='word_1_135' title='bbox 251 1741 492 1808; x_wconf 68' lang='lat' dir='ltr'><strong>caelum,</strong></span> <span class='ocrx_word' id='word_1_136' title='bbox 539 1741 645 1797; x_wconf 87' lang='lat' dir='ltr'><strong>nisi</strong></span> <span class='ocrx_word' id='word_1_137' title='bbox 672 1741 764 1812; x_wconf 89' lang='lat' dir='ltr'><strong>qui</strong></span> <span class='ocrx_word' id='word_1_138' title='bbox 790 1741 870 1796; x_wconf 82' lang='lat' dir='ltr'><strong>’de</strong></span> <span class='ocrx_word' id='word_1_139' title='bbox 909 1739 1048 1796; x_wconf 77' lang='lat' dir='ltr'><strong>cmlo</strong></span> <span class='ocrx_word' id='word_1_140' title='bbox 1089 1739 1371 1795; x_wconf 89' lang='lat' dir='ltr'><strong>descendit</strong></span> <span class='ocrx_word' id='word_1_141' title='bbox 1418 1737 1560 1792; x_wconf 80' lang='lat' dir='ltr'><strong>filius</strong></span> <span class='ocrx_word' id='word_1_142' title='bbox 1594 1737 1846 1802; x_wconf 88' lang='lat' dir='ltr'><strong>hominis,</strong></span> 
     </span>
    </p>
   </div>
   <div class='ocr_carea' id='block_1_19' title="bbox 1955 535 3533 608">
    <p class='ocr_par' dir='ltr' id='par_1_19' title="bbox 1955 535 3533 608">
     <span class='ocr_line' id='line_1_19' title="bbox 1955 535 3533 608; baseline 0.004 -16"><span class='ocrx_word' id='word_1_143' title='bbox 1955 535 2264 601; x_wconf 77' lang='lat' dir='ltr'><strong>obstrinxit,</strong></span> <span class='ocrx_word' id='word_1_144' title='bbox 2293 544 2354 591; x_wconf 95' lang='lat' dir='ltr'><strong>ut</strong></span> <span class='ocrx_word' id='word_1_145' title='bbox 2386 535 2644 608; x_wconf 82' lang='lat' dir='ltr'><strong>quidquid</strong></span> <span class='ocrx_word' id='word_1_146' title='bbox 2666 537 2834 607; x_wconf 88' lang='lat' dir='ltr'><strong>prolis</strong></span> <span class='ocrx_word' id='word_1_147' title='bbox 2863 552 2932 593; x_wconf 83' lang='lat' dir='ltr'><strong>ex</strong></span> <span class='ocrx_word' id='word_1_148' title='bbox 2965 537 3078 604; x_wconf 90' lang='lat' dir='ltr'><strong>illo,</strong></span> <span class='ocrx_word' id='word_1_149' title='bbox 3111 546 3167 594; x_wconf 90' lang='lat' dir='ltr'><strong>et</strong></span> <span class='ocrx_word' id='word_1_150' title='bbox 3194 539 3355 595; x_wconf 90' lang='lat' dir='ltr'><strong>simul</strong></span> <span class='ocrx_word' id='word_1_151' title='bbox 3378 539 3533 597; x_wconf 86' lang='lat' dir='ltr'><strong>dam-</strong></span> 
     </span>
    </p>
   </div>
   <div class='ocr_carea' id='block_1_20' title="bbox 1954 628 3531 704">
    <p class='ocr_par' dir='ltr' id='par_1_20' title="bbox 1954 628 3531 704">
     <span class='ocr_line' id='line_1_20' title="bbox 1954 628 3531 704; baseline 0.004 -20"><span class='ocrx_word' id='word_1_152' title='bbox 1954 636 2083 684; x_wconf 90' lang='lat' dir='ltr'><strong>nata</strong></span> <span class='ocrx_word' id='word_1_153' title='bbox 2121 628 2242 700; x_wconf 91' lang='lat' dir='ltr'><strong>(per</strong></span> <span class='ocrx_word' id='word_1_154' title='bbox 2266 644 2428 699; x_wconf 90' lang='lat' dir='ltr'><strong>quam</strong></span> <span class='ocrx_word' id='word_1_155' title='bbox 2451 629 2803 702; x_wconf 81' lang='lat' dir='ltr'><strong>peccaverat)</strong></span> <span class='ocrx_word' id='word_1_156' title='bbox 2844 631 3073 704; x_wconf 84' lang='lat' dir='ltr'><strong>conjuge</strong></span> <span class='ocrx_word' id='word_1_157' title='bbox 3116 646 3216 702; x_wconf 90' lang='lat' dir='ltr'><strong>per</strong></span> <span class='ocrx_word' id='word_1_158' title='bbox 3257 633 3531 691; x_wconf 82' lang='lat' dir='ltr'><strong>carnalem</strong></span> 
     </span>
    </p>
   </div>
   <div class='ocr_carea' id='block_1_21' title="bbox 1956 722 3534 797">
    <p class='ocr_par' dir='ltr' id='par_1_21' title="bbox 1956 722 3534 797">
     <span class='ocr_line' id='line_1_21' title="bbox 1956 722 3534 797; baseline 0.003 -18"><span class='ocrx_word' id='word_1_159' title='bbox 1956 722 2464 794; x_wconf 87' lang='lat' dir='ltr'><strong>concupiscentiam,</strong></span> <span class='ocrx_word' id='word_1_160' title='bbox 2495 724 2551 778; x_wconf 93' lang='lat' dir='ltr'><strong>in</strong></span> <span class='ocrx_word' id='word_1_161' title='bbox 2573 739 2737 795; x_wconf 90' lang='lat' dir='ltr'><strong>quam</strong></span> <span class='ocrx_word' id='word_1_162' title='bbox 2759 724 3138 781; x_wconf 64' lang='lat' dir='ltr'><strong>inobedieutiaa</strong></span> <span class='ocrx_word' id='word_1_163' title='bbox 3158 739 3321 797; x_wconf 67' lang='lat' dir='ltr'><strong>paena</strong></span> <span class='ocrx_word' id='word_1_164' title='bbox 3341 726 3534 784; x_wconf 75' lang='lat' dir='ltr'><strong>similis</strong></span> 
     </span>
    </p>
   </div>
   <div class='ocr_carea' id='block_1_22' title="bbox 1955 812 3534 888">
    <p class='ocr_par' dir='ltr' id='par_1_22' title="bbox 1955 812 3534 888">
     <span class='ocr_line' id='line_1_22' title="bbox 1955 812 3534 888; baseline 0.005 -22"><span class='ocrx_word' id='word_1_165' title='bbox 1955 812 2220 869; x_wconf 90' lang='lat' dir='ltr'><strong>retributa</strong></span> <span class='ocrx_word' id='word_1_166' title='bbox 2248 822 2363 879; x_wconf 88' lang='lat' dir='ltr'><strong>est,</strong></span> <span class='ocrx_word' id='word_1_167' title='bbox 2394 822 2739 879; x_wconf 87' lang='lat' dir='ltr'><strong>nasceretur,</strong></span> <span class='ocrx_word' id='word_1_168' title='bbox 2770 815 3010 871; x_wconf 85' lang='lat' dir='ltr'><strong>traheret</strong></span> <span class='ocrx_word' id='word_1_169' title='bbox 3038 816 3311 888; x_wconf 35' lang='lat' dir='ltr'><strong>originale.</strong></span> <span class='ocrx_word' id='word_1_170' title='bbox 3338 831 3534 887; x_wconf 84' lang='lat' dir='ltr'><strong>pecca-</strong></span> 
     </span>
    </p>
   </div>
   <div class='ocr_carea' id='block_1_23' title="bbox 1957 906 3536 979">
    <p class='ocr_par' dir='ltr' id='par_1_23' title="bbox 1957 906 3536 979">
     <span class='ocr_line' id='line_1_23' title="bbox 1957 906 3536 979; baseline 0.005 -21"><span class='ocrx_word' id='word_1_171' title='bbox 1957 911 2090 970; x_wconf 91' lang='lat' dir='ltr'><strong>tum,</strong></span> <span class='ocrx_word' id='word_1_172' title='bbox 2120 919 2228 976; x_wconf 91' lang='lat' dir='ltr'><strong>quo</strong></span> <span class='ocrx_word' id='word_1_173' title='bbox 2253 906 2560 977; x_wconf 78' lang='lat' dir='ltr'><strong>traheretur</strong></span> <span class='ocrx_word' id='word_1_174' title='bbox 2579 920 2677 977; x_wconf 91' lang='lat' dir='ltr'><strong>per</strong></span> <span class='ocrx_word' id='word_1_175' title='bbox 2703 920 2920 962; x_wconf 91' lang='lat' dir='ltr'><strong>errores</strong></span> <span class='ocrx_word' id='word_1_176' title='bbox 2945 907 3263 979; x_wconf 88' lang='lat' dir='ltr'><strong>doloresque</strong></span> <span class='ocrx_word' id='word_1_177' title='bbox 3291 908 3536 966; x_wconf 86' lang='lat' dir='ltr'><strong>diversos</strong></span> 
     </span>
    </p>
   </div>
   <div class='ocr_carea' id='block_1_24' title="bbox 1954 996 3536 1073">
    <p class='ocr_par' dir='ltr' id='par_1_24' title="bbox 1954 996 3536 1073">
     <span class='ocr_line' id='line_1_24' title="bbox 1954 996 3536 1073; baseline 0.004 -22"><span class='ocrx_word' id='word_1_178' title='bbox 1954 996 2024 1052; x_wconf 90' lang='lat' dir='ltr'><strong>ad</strong></span> <span class='ocrx_word' id='word_1_179' title='bbox 2058 996 2187 1052; x_wconf 87' lang='lat' dir='ltr'><strong>illud</strong></span> <span class='ocrx_word' id='word_1_180' title='bbox 2209 1005 2518 1054; x_wconf 81' lang='lat' dir='ltr'><strong>extremum</strong></span> <span class='ocrx_word' id='word_1_181' title='bbox 2545 1013 2668 1054; x_wconf 90' lang='lat' dir='ltr'><strong>eum</strong></span> <span class='ocrx_word' id='word_1_182' title='bbox 2693 1000 3062 1057; x_wconf 85' lang='lat' dir='ltr'><strong>desertoribus</strong></span> <span class='ocrx_word' id='word_1_183' title='bbox 3084 1001 3291 1073; x_wconf 89' lang='lat' dir='ltr'><strong>angelis</strong></span> <span class='ocrx_word' id='word_1_184' title='bbox 3318 1002 3536 1065; x_wconf 85' lang='lat' dir='ltr'><strong>vitiato-</strong></span> 
     </span>
    </p>
   </div>
   <div class='ocr_carea' id='block_1_25' title="bbox 1955 1087 3537 1160">
    <p class='ocr_par' dir='ltr' id='par_1_25' title="bbox 1955 1087 3537 1160">
     <span class='ocr_line' id='line_1_25' title="bbox 1955 1087 3537 1160; baseline 0.004 -16"><span class='ocrx_word' id='word_1_185' title='bbox 1955 1087 2125 1156; x_wconf 88' lang='lat' dir='ltr'><strong>ribus,</strong></span> <span class='ocrx_word' id='word_1_186' title='bbox 2158 1097 2214 1145; x_wconf 93' lang='lat' dir='ltr'><strong>et</strong></span> <span class='ocrx_word' id='word_1_187' title='bbox 2236 1090 2662 1160; x_wconf 86' lang='lat' dir='ltr'><strong>possessoribus,</strong></span> <span class='ocrx_word' id='word_1_188' title='bbox 2692 1099 2751 1146; x_wconf 92' lang='lat' dir='ltr'><strong>et</strong></span> <span class='ocrx_word' id='word_1_189' title='bbox 2781 1093 3124 1150; x_wconf 85' lang='lat' dir='ltr'><strong>consortibus</strong></span> <span class='ocrx_word' id='word_1_190' title='bbox 3145 1094 3259 1150; x_wconf 85' lang='lat' dir='ltr'><strong>suis</strong></span> <span class='ocrx_word' id='word_1_191' title='bbox 3286 1094 3403 1151; x_wconf 88' lang='lat' dir='ltr'><strong>sine</strong></span> <span class='ocrx_word' id='word_1_192' title='bbox 3427 1095 3537 1152; x_wconf 85' lang='lat' dir='ltr'><strong>fine</strong></span> 
     </span>
    </p>
   </div>
   <div class='ocr_carea' id='block_1_26' title="bbox 1955 1180 3533 1256">
    <p class='ocr_par' dir='ltr' id='par_1_26' title="bbox 1955 1180 3533 1256">
     <span class='ocr_line' id='line_1_26' title="bbox 1955 1180 3533 1256; baseline 0.005 -21"><span class='ocrx_word' id='word_1_193' title='bbox 1955 1180 2296 1251; x_wconf 87' lang='lat' dir='ltr'><strong>supplicium.</strong></span> <span class='ocrx_word' id='word_1_194' title='bbox 2331 1180 2423 1239; x_wconf 92' lang='lat' dir='ltr'><strong>Sic</strong></span> <span class='ocrx_word' id='word_1_195' title='bbox 2462 1200 2481 1234; x_wconf 78' lang='grc' dir='ltr'><strong>ι</strong></span> <span class='ocrx_word' id='word_1_196' title='bbox 2519 1197 2613 1254; x_wconf 88' lang='lat' dir='ltr'><strong>per</strong></span> <span class='ocrx_word' id='word_1_197' title='bbox 2635 1198 2803 1238; x_wconf 92' lang='lat' dir='ltr'><strong>unum</strong></span> <span class='ocrx_word' id='word_1_198' title='bbox 2832 1185 3106 1242; x_wconf 88' lang='lat' dir='ltr'><strong>hominem</strong></span> <span class='ocrx_word' id='word_1_199' title='bbox 3129 1194 3410 1256; x_wconf 88' lang='lat' dir='ltr'><strong>peceatum</strong></span> <span class='ocrx_word' id='word_1_200' title='bbox 3445 1186 3533 1243; x_wconf 85' lang='lat' dir='ltr'><strong>itt-</strong></span> 
     </span>
    </p>
   </div>
   <div class='ocr_carea' id='block_1_27' title="bbox 1957 1274 3532 1347">
    <p class='ocr_par' dir='ltr' id='par_1_27' title="bbox 1957 1274 3532 1347">
     <span class='ocr_line' id='line_1_27' title="bbox 1957 1274 3532 1347; baseline 0.005 -20"><span class='ocrx_word' id='word_1_201' title='bbox 1957 1274 2124 1328; x_wconf 85' lang='lat' dir='ltr'><strong>travit</strong></span> <span class='ocrx_word' id='word_1_202' title='bbox 2152 1274 2207 1328; x_wconf 92' lang='lat' dir='ltr'><strong>in</strong></span> <span class='ocrx_word' id='word_1_203' title='bbox 2245 1275 2525 1341; x_wconf 92' lang='lat' dir='ltr'><strong>mundum,</strong></span> <span class='ocrx_word' id='word_1_204' title='bbox 2555 1284 2612 1330; x_wconf 91' lang='lat' dir='ltr'><strong>et</strong></span> <span class='ocrx_word' id='word_1_205' title='bbox 2646 1291 2743 1346; x_wconf 91' lang='lat' dir='ltr'><strong>per</strong></span> <span class='ocrx_word' id='word_1_206' title='bbox 2764 1284 3047 1347; x_wconf 89' lang='lat' dir='ltr'><strong>peceatum</strong></span> <span class='ocrx_word' id='word_1_207' title='bbox 3086 1294 3254 1345; x_wconf 90' lang='lat' dir='ltr'><strong>mors,</strong></span> <span class='ocrx_word' id='word_1_208' title='bbox 3286 1288 3342 1334; x_wconf 92' lang='lat' dir='ltr'><strong>et</strong></span> <span class='ocrx_word' id='word_1_209' title='bbox 3369 1279 3447 1335; x_wconf 89' lang='lat' dir='ltr'><strong>ita</strong></span> <span class='ocrx_word' id='word_1_210' title='bbox 3475 1279 3532 1335; x_wconf 77' lang='lat' dir='ltr'><strong>in</strong></span> 
     </span>
    </p>
   </div>
   <div class='ocr_carea' id='block_1_28' title="bbox 1953 1368 3535 1443">
    <p class='ocr_par' dir='ltr' id='par_1_28' title="bbox 1953 1368 3535 1443">
     <span class='ocr_line' id='line_1_28' title="bbox 1953 1368 3535 1443; baseline 0.004 -20"><span class='ocrx_word' id='word_1_211' title='bbox 1953 1381 2142 1424; x_wconf 86' lang='lat' dir='ltr'><strong>omnes</strong></span> <span class='ocrx_word' id='word_1_212' title='bbox 2170 1368 2414 1424; x_wconf 86' lang='lat' dir='ltr'><strong>homines</strong></span> <span class='ocrx_word' id='word_1_213' title='bbox 2448 1370 2795 1440; x_wconf 90' lang='lat' dir='ltr'><strong>pertransiit,</strong></span> <span class='ocrx_word' id='word_1_214' title='bbox 2826 1372 2881 1426; x_wconf 92' lang='lat' dir='ltr'><strong>in</strong></span> <span class='ocrx_word' id='word_1_215' title='bbox 2910 1387 3019 1442; x_wconf 92' lang='lat' dir='ltr'><strong>quo</strong></span> <span class='ocrx_word' id='word_1_216' title='bbox 3045 1386 3235 1428; x_wconf 88' lang='lat' dir='ltr'><strong>omnes</strong></span> <span class='ocrx_word' id='word_1_217' title='bbox 3276 1387 3535 1443; x_wconf 86' lang='lat' dir='ltr'><strong>peccave-</strong></span> 
     </span>
    </p>
   </div>
   <div class='ocr_carea' id='block_1_29' title="bbox 1952 1457 3535 1536">
    <p class='ocr_par' dir='ltr' id='par_1_29' title="bbox 1952 1457 3535 1536">
     <span class='ocr_line' id='line_1_29' title="bbox 1952 1457 3535 1536; baseline 0.006 -24"><span class='ocrx_word' id='word_1_218' title='bbox 1952 1467 2081 1513; x_wconf 88' lang='lat' dir='ltr'><strong>runt</strong></span> <span class='ocrx_word' id='word_1_219' title='bbox 2110 1457 2284 1531; x_wconf 84' lang='lat' dir='ltr'><strong>(Rom.</strong></span> <span class='ocrx_word' id='word_1_220' title='bbox 2314 1475 2377 1527; x_wconf 88' lang='lat' dir='ltr'><strong>v,</strong></span> <span class='ocrx_word' id='word_1_221' title='bbox 2414 1460 2524 1532; x_wconf 78' lang='grc'>12).</span> <span class='ocrx_word' id='word_1_222' title='bbox 2565 1480 2583 1514; x_wconf 74' lang='grc' dir='ltr'><strong>ι</strong></span> <span class='ocrx_word' id='word_1_223' title='bbox 2620 1459 2880 1517; x_wconf 78' lang='lat' dir='ltr'><strong>Mundam</strong></span> <span class='ocrx_word' id='word_1_224' title='bbox 2915 1462 3113 1535; x_wconf 88' lang='lat' dir='ltr'><strong>quippe</strong></span> <span class='ocrx_word' id='word_1_225' title='bbox 3145 1464 3433 1536; x_wconf 86' lang='lat' dir='ltr'><strong>appellavit</strong></span> <span class='ocrx_word' id='word_1_226' title='bbox 3468 1478 3535 1521; x_wconf 94' lang='lat' dir='ltr'><strong>eo</strong></span> 
     </span>
    </p>
   </div>
   <div class='ocr_carea' id='block_1_30' title="bbox 1954 1545 3286 1626">
    <p class='ocr_par' dir='ltr' id='par_1_30' title="bbox 1954 1545 3286 1626">
     <span class='ocr_line' id='line_1_30' title="bbox 1954 1545 3286 1626; baseline 0.007 -26"><span class='ocrx_word' id='word_1_227' title='bbox 1954 1545 2074 1604; x_wconf 92' lang='lat' dir='ltr'><strong>loco</strong></span> <span class='ocrx_word' id='word_1_228' title='bbox 2093 1548 2380 1619; x_wconf 84' lang='lat' dir='ltr'><strong>Apostolus</strong></span> <span class='ocrx_word' id='word_1_229' title='bbox 2411 1550 2723 1607; x_wconf 88' lang='lat' dir='ltr'><strong>universum</strong></span> <span class='ocrx_word' id='word_1_230' title='bbox 2742 1567 2913 1624; x_wconf 88' lang='lat' dir='ltr'><strong>genus</strong></span> <span class='ocrx_word' id='word_1_231' title='bbox 2943 1553 3286 1626; x_wconf 75' lang='lat' dir='ltr'><strong>humanum.)</strong></span> 
     </span>
    </p>
   </div>
   <div class='ocr_carea' id='block_1_31' title="bbox 2026 1641 3535 1717">
    <p class='ocr_par' dir='ltr' id='par_1_31' title="bbox 2026 1641 3535 1717">
     <span class='ocr_line' id='line_1_31' title="bbox 2026 1641 3535 1717; baseline 0.005 -22"><span class='ocrx_word' id='word_1_232' title='bbox 2026 1641 2179 1714; x_wconf 90' lang='lat' dir='ltr'><strong>(Cap.</strong></span> <span class='ocrx_word' id='word_1_233' title='bbox 2205 1642 2320 1715; x_wconf 71' lang='lat'><strong>27.)</strong></span> <span class='ocrx_word' id='word_1_234' title='bbox 2347 1641 2449 1716; x_wconf 87' lang='lat' dir='ltr'><strong>[Ita</strong></span> <span class='ocrx_word' id='word_1_235' title='bbox 2483 1657 2612 1717; x_wconf 91' lang='lat' dir='ltr'><strong>ergo</strong></span> <span class='ocrx_word' id='word_1_236' title='bbox 2659 1659 2719 1701; x_wconf 89' lang='lat' dir='ltr'><strong>se</strong></span> <span class='ocrx_word' id='word_1_237' title='bbox 2767 1660 2855 1701; x_wconf 89' lang='lat' dir='ltr'><strong>res</strong></span> <span class='ocrx_word' id='word_1_238' title='bbox 2897 1645 3183 1702; x_wconf 88' lang='lat' dir='ltr'><strong>habebant.</strong></span> <span class='ocrx_word' id='word_1_239' title='bbox 3218 1644 3442 1703; x_wconf 84' lang='lat' dir='ltr'><strong>Jacebat</strong></span> <span class='ocrx_word' id='word_1_240' title='bbox 3477 1646 3535 1703; x_wconf 91' lang='lat' dir='ltr'><strong>in</strong></span> 
     </span>
    </p>
   </div>
   <div class='ocr_carea' id='block_1_32' title="bbox 1955 1733 3535 1821">
    <p class='ocr_par' dir='ltr' id='par_1_32' title="bbox 1955 1733 3535 1821">
     <span class='ocr_line' id='line_1_32' title="bbox 1955 1733 3535 1821; baseline 0.004 -33"><span class='ocrx_word' id='word_1_241' title='bbox 1955 1733 2132 1821; x_wconf 74' lang='lat' dir='ltr'><strong>malis,</strong></span> <span class='ocrx_word' id='word_1_242' title='bbox 2157 1734 2241 1791; x_wconf 85' lang='lat' dir='ltr'><strong>vel</strong></span> <span class='ocrx_word' id='word_1_243' title='bbox 2262 1735 2424 1805; x_wconf 84' lang='lat' dir='ltr'><strong>etiam</strong></span> <span class='ocrx_word' id='word_1_244' title='bbox 2452 1735 2768 1792; x_wconf 90' lang='lat' dir='ltr'><strong>volvebatur</strong></span> <span class='ocrx_word' id='word_1_245' title='bbox 2814 1748 2869 1792; x_wconf 89' lang='lat' dir='ltr'><strong>et</strong></span> <span class='ocrx_word' id='word_1_246' title='bbox 2889 1739 2955 1795; x_wconf 91' lang='lat' dir='ltr'><strong>de</strong></span> <span class='ocrx_word' id='word_1_247' title='bbox 2977 1738 3135 1794; x_wconf 90' lang='lat' dir='ltr'><strong>malis</strong></span> <span class='ocrx_word' id='word_1_248' title='bbox 3157 1738 3213 1793; x_wconf 91' lang='lat' dir='ltr'><strong>in</strong></span> <span class='ocrx_word' id='word_1_249' title='bbox 3238 1738 3378 1794; x_wconf 89' lang='lat' dir='ltr'><strong>mala</strong></span> <span class='ocrx_word' id='word_1_250' title='bbox 3403 1753 3535 1809; x_wconf 72' lang='lat' dir='ltr'><strong>prte-</strong></span> 
     </span>
    </p>
   </div>
   <div class='ocr_carea' id='block_1_33' title="bbox 249 1808 3529 1904">
    <p class='ocr_par' dir='ltr' id='par_1_33' title="bbox 249 1808 3529 1904">
     <span class='ocr_line' id='line_1_33' title="bbox 249 1808 3529 1904; baseline 0.001 -17"><span class='ocrx_word' id='word_1_251' title='bbox 249 1832 350 1904; x_wconf 89' lang='lat' dir='ltr'><strong>qni</strong></span> <span class='ocrx_word' id='word_1_252' title='bbox 381 1841 470 1888; x_wconf 92' lang='lat' dir='ltr'><strong>est</strong></span> <span class='ocrx_word' id='word_1_253' title='bbox 494 1832 550 1887; x_wconf 91' lang='lat' dir='ltr'><strong>in</strong></span> <span class='ocrx_word' id='word_1_254' title='bbox 583 1808 721 1888; x_wconf 66' lang='lat' dir='ltr'><strong>celo</strong></span> <span class='ocrx_word' id='word_1_255' title='bbox 741 1830 922 1903; x_wconf 86' lang='lat' dir='ltr'><strong>(Joan.</strong></span> <span class='ocrx_word' id='word_1_256' title='bbox 953 1845 1036 1897; x_wconf 84' lang='grc' dir='ltr'>ιιι,</span> <span class='ocrx_word' id='word_1_257' title='bbox 1065 1829 1172 1901; x_wconf 78' lang='grc'><strong>15).</strong></span> <span class='ocrx_word' id='word_1_258' title='bbox 1214 1848 1233 1883; x_wconf 72' lang='grc' dir='ltr'><strong>ι</strong></span> <span class='ocrx_word' id='word_1_259' title='bbox 1269 1828 1380 1896; x_wconf 91' lang='lat' dir='ltr'><strong>Sic,</strong></span> <span class='ocrx_word' id='word_1_260' title='bbox 1414 1827 1612 1900; x_wconf 90' lang='lat' dir='ltr'><strong>inquit,</strong></span> <span class='ocrx_word' id='word_1_261' title='bbox 1640 1826 1730 1883; x_wconf 81' lang='lat' dir='ltr'><strong>fiet</strong></span> <span class='ocrx_word' id='word_1_262' title='bbox 1753 1842 1848 1900; x_wconf 83' lang='lat' dir='ltr'><strong>ge-</strong></span> <span class='ocrx_word' id='word_1_263' title='bbox 1878 1808 1926 1868; x_wconf 75' lang='grc' dir='ltr'><strong>Β</strong></span> <span class='ocrx_word' id='word_1_264' title='bbox 1953 1808 2280 1902; x_wconf 81' lang='lat' dir='ltr'><strong>cipitabatur</strong></span> <span class='ocrx_word' id='word_1_265' title='bbox 2310 1832 2475 1887; x_wconf 92' lang='lat' dir='ltr'><strong>totius</strong></span> <span class='ocrx_word' id='word_1_266' title='bbox 2500 1832 2716 1903; x_wconf 84' lang='lat' dir='ltr'><strong>generis</strong></span> <span class='ocrx_word' id='word_1_267' title='bbox 2733 1822 2965 1888; x_wconf 82' lang='lat' dir='ltr'><strong>humani</strong></span> <span class='ocrx_word' id='word_1_268' title='bbox 3011 1847 3189 1889; x_wconf 81' lang='lat' dir='ltr'><strong>massa</strong></span> <span class='ocrx_word' id='word_1_269' title='bbox 3239 1808 3529 1901; x_wconf 79' lang='lat' dir='ltr'><strong>damnata;</strong></span> 
     </span>
    </p>
   </div>
   <div class='ocr_carea' id='block_1_34' title="bbox 250 1920 1853 1994">
    <p class='ocr_par' dir='ltr' id='par_1_34' title="bbox 250 1920 1853 1994">
     <span class='ocr_line' id='line_1_34' title="bbox 250 1920 1853 1994; baseline -0.002 -16"><span class='ocrx_word' id='word_1_270' title='bbox 250 1923 477 1978; x_wconf 87' lang='lat' dir='ltr'><strong>neratio</strong></span> <span class='ocrx_word' id='word_1_271' title='bbox 505 1921 779 1994; x_wconf 87' lang='lat' dir='ltr'><strong>specialis,</strong></span> <span class='ocrx_word' id='word_1_272' title='bbox 813 1930 873 1976; x_wconf 94' lang='lat' dir='ltr'><strong>ut</strong></span> <span class='ocrx_word' id='word_1_273' title='bbox 915 1920 1024 1976; x_wconf 87' lang='lat' dir='ltr'><strong>sint</strong></span> <span class='ocrx_word' id='word_1_274' title='bbox 1048 1920 1296 1977; x_wconf 73' lang='lat' dir='ltr'><strong>cmlestes</strong></span> <span class='ocrx_word' id='word_1_275' title='bbox 1318 1920 1564 1976; x_wconf 91' lang='lat' dir='ltr'><strong>homines</strong></span> <span class='ocrx_word' id='word_1_276' title='bbox 1586 1934 1654 1975; x_wconf 77' lang='lat' dir='ltr'><strong>ex</strong></span> <span class='ocrx_word' id='word_1_277' title='bbox 1682 1926 1853 1975; x_wconf 88' lang='lat' dir='ltr'><strong>terre-</strong></span> 
     </span>
    </p>
   </div>
   <div class='ocr_carea' id='block_1_35' title="bbox 248 2012 1847 2085">
    <p class='ocr_par' dir='ltr' id='par_1_35' title="bbox 248 2012 1847 2085">
     <span class='ocr_line' id='line_1_35' title="bbox 248 2012 1847 2085; baseline -0.002 -16"><span class='ocrx_word' id='word_1_278' title='bbox 248 2015 362 2082; x_wconf 90' lang='lat' dir='ltr'><strong>nis,</strong></span> <span class='ocrx_word' id='word_1_279' title='bbox 395 2016 548 2085; x_wconf 88' lang='lat' dir='ltr'><strong>quod</strong></span> <span class='ocrx_word' id='word_1_280' title='bbox 583 2013 809 2084; x_wconf 88' lang='lat' dir='ltr'><strong>adipisci</strong></span> <span class='ocrx_word' id='word_1_281' title='bbox 836 2028 941 2070; x_wconf 92' lang='lat' dir='ltr'><strong>non</strong></span> <span class='ocrx_word' id='word_1_282' title='bbox 961 2020 1269 2085; x_wconf 89' lang='lat' dir='ltr'><strong>potuerunt,</strong></span> <span class='ocrx_word' id='word_1_283' title='bbox 1302 2012 1406 2069; x_wconf 88' lang='lat' dir='ltr'><strong>nisi</strong></span> <span class='ocrx_word' id='word_1_284' title='bbox 1431 2012 1672 2067; x_wconf 89' lang='lat' dir='ltr'><strong>membra</strong></span> <span class='ocrx_word' id='word_1_285' title='bbox 1704 2012 1756 2067; x_wconf 91' lang='lat' dir='ltr'><strong>in</strong></span> <span class='ocrx_word' id='word_1_286' title='bbox 1784 2026 1847 2066; x_wconf 88' lang='lat' dir='ltr'><strong>ea</strong></span> 
     </span>
    </p>
   </div>
   <div class='ocr_carea' id='block_1_36' title="bbox 248 2105 1848 2179">
    <p class='ocr_par' dir='ltr' id='par_1_36' title="bbox 248 2105 1848 2179">
     <span class='ocr_line' id='line_1_36' title="bbox 248 2105 1848 2179; baseline 0 -17"><span class='ocrx_word' id='word_1_287' title='bbox 248 2105 570 2164; x_wconf 81' lang='lat' dir='ltr'><strong>etliciantur</strong></span> <span class='ocrx_word' id='word_1_288' title='bbox 622 2115 684 2162; x_wconf 92' lang='lat' dir='ltr'><strong>ut</strong></span> <span class='ocrx_word' id='word_1_289' title='bbox 734 2107 849 2179; x_wconf 93' lang='lat' dir='ltr'><strong>ipse</strong></span> <span class='ocrx_word' id='word_1_290' title='bbox 911 2107 1169 2163; x_wconf 87' lang='lat' dir='ltr'><strong>ascendat</strong></span> <span class='ocrx_word' id='word_1_291' title='bbox 1211 2107 1305 2178; x_wconf 91' lang='lat' dir='ltr'><strong>qui</strong></span> <span class='ocrx_word' id='word_1_292' title='bbox 1344 2105 1623 2163; x_wconf 90' lang='lat' dir='ltr'><strong>descendit</strong></span> <span class='ocrx_word' id='word_1_293' title='bbox 1663 2124 1677 2160; x_wconf 89' lang='lat'><strong>:</strong></span> <span class='ocrx_word' id='word_1_294' title='bbox 1720 2108 1848 2179; x_wconf 88' lang='lat' dir='ltr'><strong>quia</strong></span> 
     </span>
    </p>
   </div>
   <div class='ocr_carea' id='block_1_37' title="bbox 253 2197 1849 2270">
    <p class='ocr_par' dir='ltr' id='par_1_37' title="bbox 253 2197 1849 2270">
     <span class='ocr_line' id='line_1_37' title="bbox 253 2197 1849 2270; baseline 0.002 -19"><span class='ocrx_word' id='word_1_295' title='bbox 253 2218 274 2251; x_wconf 76' lang='grc' dir='ltr'><strong>ι</strong></span> <span class='ocrx_word' id='word_1_296' title='bbox 323 2214 497 2256; x_wconf 89' lang='lat' dir='ltr'><strong>nemo</strong></span> <span class='ocrx_word' id='word_1_297' title='bbox 532 2198 793 2265; x_wconf 88' lang='lat' dir='ltr'><strong>ascendit,</strong></span> <span class='ocrx_word' id='word_1_298' title='bbox 827 2197 931 2253; x_wconf 90' lang='lat' dir='ltr'><strong>nisi</strong></span> <span class='ocrx_word' id='word_1_299' title='bbox 972 2198 1063 2269; x_wconf 92' lang='lat' dir='ltr'><strong>qui</strong></span> <span class='ocrx_word' id='word_1_300' title='bbox 1093 2198 1391 2255; x_wconf 89' lang='lat' dir='ltr'><strong>descendit.</strong></span> <span class='ocrx_word' id='word_1_301' title='bbox 1426 2219 1445 2252; x_wconf 76' lang='grc' dir='ltr'><strong>ι</strong></span> <span class='ocrx_word' id='word_1_302' title='bbox 1486 2197 1600 2254; x_wconf 92' lang='lat' dir='ltr'><strong>Nisi</strong></span> <span class='ocrx_word' id='word_1_303' title='bbox 1637 2212 1767 2270; x_wconf 88' lang='lat' dir='ltr'><strong>ergo</strong></span> <span class='ocrx_word' id='word_1_304' title='bbox 1791 2199 1849 2254; x_wconf 91' lang='lat' dir='ltr'><strong>in</strong></span> 
     </span>
    </p>
   </div>
   <div class='ocr_carea' id='block_1_38' title="bbox 249 2287 1850 2361">
    <p class='ocr_par' dir='ltr' id='par_1_38' title="bbox 249 2287 1850 2361">
     <span class='ocr_line' id='line_1_38' title="bbox 249 2287 1850 2361; baseline 0.002 -18"><span class='ocrx_word' id='word_1_305' title='bbox 249 2290 534 2344; x_wconf 90' lang='lat' dir='ltr'><strong>unitatem</strong></span> <span class='ocrx_word' id='word_1_306' title='bbox 559 2287 762 2345; x_wconf 83' lang='lat' dir='ltr'><strong>Christi</strong></span> <span class='ocrx_word' id='word_1_307' title='bbox 792 2303 983 2345; x_wconf 90' lang='lat' dir='ltr'><strong>omnes</strong></span> <span class='ocrx_word' id='word_1_308' title='bbox 1014 2288 1257 2344; x_wconf 87' lang='lat' dir='ltr'><strong>mutandi</strong></span> <span class='ocrx_word' id='word_1_309' title='bbox 1281 2289 1604 2361; x_wconf 84' lang='lat' dir='ltr'><strong>levandique</strong></span> <span class='ocrx_word' id='word_1_310' title='bbox 1625 2305 1850 2346; x_wconf 89' lang='lat' dir='ltr'><strong>concur-</strong></span> 
     </span>
    </p>
   </div>
   <div class='ocr_carea' id='block_1_39' title="bbox 251 2380 1887 2453">
    <p class='ocr_par' dir='ltr' id='par_1_39' title="bbox 251 2380 1887 2453">
     <span class='ocr_line' id='line_1_39' title="bbox 251 2380 1887 2453; baseline 0.001 -16"><span class='ocrx_word' id='word_1_311' title='bbox 251 2393 405 2447; x_wconf 84' lang='lat' dir='ltr'><strong>rant,</strong></span> <span class='ocrx_word' id='word_1_312' title='bbox 438 2391 504 2437; x_wconf 90' lang='lat' dir='ltr'><strong>ut</strong></span> <span class='ocrx_word' id='word_1_313' title='bbox 530 2380 779 2438; x_wconf 87' lang='lat' dir='ltr'><strong>Christus</strong></span> <span class='ocrx_word' id='word_1_314' title='bbox 818 2381 911 2452; x_wconf 90' lang='lat' dir='ltr'><strong>qui</strong></span> <span class='ocrx_word' id='word_1_315' title='bbox 944 2380 1226 2438; x_wconf 78' lang='lat' dir='ltr'><strong>descendit</strong></span> <span class='ocrx_word' id='word_1_316' title='bbox 1266 2383 1381 2453; x_wconf 85' lang='lat' dir='ltr'><strong>ipse</strong></span> <span class='ocrx_word' id='word_1_317' title='bbox 1427 2383 1708 2450; x_wconf 87' lang='lat' dir='ltr'><strong>ascendat,</strong></span> <span class='ocrx_word' id='word_1_318' title='bbox 1738 2399 1847 2440; x_wconf 91' lang='lat' dir='ltr'><strong>non</strong></span> <span class='ocrx_word' id='word_1_319' title='bbox 1878 2412 1887 2421; x_wconf 70' lang='grc' dir='ltr'><strong>ο</strong></span> 
     </span>
    </p>
   </div>
   <div class='ocr_carea' id='block_1_40' title="bbox 245 2473 1844 2547">
    <p class='ocr_par' dir='ltr' id='par_1_40' title="bbox 245 2473 1844 2547">
     <span class='ocr_line' id='line_1_40' title="bbox 245 2473 1844 2547; baseline 0.001 -18"><span class='ocrx_word' id='word_1_320' title='bbox 245 2473 400 2530; x_wconf 89' lang='lat' dir='ltr'><strong>aliud</strong></span> <span class='ocrx_word' id='word_1_321' title='bbox 434 2474 705 2546; x_wconf 88' lang='lat' dir='ltr'><strong>deputans</strong></span> <span class='ocrx_word' id='word_1_322' title='bbox 725 2489 924 2547; x_wconf 88' lang='lat' dir='ltr'><strong>corpus</strong></span> <span class='ocrx_word' id='word_1_323' title='bbox 952 2491 1132 2541; x_wconf 90' lang='lat' dir='ltr'><strong>suum,</strong></span> <span class='ocrx_word' id='word_1_324' title='bbox 1158 2474 1208 2529; x_wconf 93' lang='lat' dir='ltr'><strong>id</strong></span> <span class='ocrx_word' id='word_1_325' title='bbox 1238 2484 1321 2531; x_wconf 90' lang='lat' dir='ltr'><strong>est</strong></span> <span class='ocrx_word' id='word_1_326' title='bbox 1346 2474 1641 2531; x_wconf 88' lang='lat' dir='ltr'><strong>Ecclesiam</strong></span> <span class='ocrx_word' id='word_1_327' title='bbox 1667 2490 1844 2543; x_wconf 89' lang='lat' dir='ltr'><strong>suam,</strong></span> 
     </span>
    </p>
   </div>
   <div class='ocr_carea' id='block_1_41' title="bbox 246 2568 1848 2641">
    <p class='ocr_par' dir='ltr' id='par_1_41' title="bbox 246 2568 1848 2641">
     <span class='ocr_line' id='line_1_41' title="bbox 246 2568 1848 2641; baseline 0.001 -17"><span class='ocrx_word' id='word_1_328' title='bbox 246 2585 419 2641; x_wconf 88' lang='lat' dir='ltr'><strong>quam</strong></span> <span class='ocrx_word' id='word_1_329' title='bbox 473 2570 746 2641; x_wconf 87' lang='lat' dir='ltr'><strong>seipsum;</strong></span> <span class='ocrx_word' id='word_1_330' title='bbox 786 2569 913 2640; x_wconf 92' lang='lat' dir='ltr'><strong>quia</strong></span> <span class='ocrx_word' id='word_1_331' title='bbox 948 2569 1013 2624; x_wconf 91' lang='lat' dir='ltr'><strong>de</strong></span> <span class='ocrx_word' id='word_1_332' title='bbox 1042 2568 1262 2625; x_wconf 90' lang='lat' dir='ltr'><strong>Christo</strong></span> <span class='ocrx_word' id='word_1_333' title='bbox 1291 2578 1350 2624; x_wconf 91' lang='lat' dir='ltr'><strong>et</strong></span> <span class='ocrx_word' id='word_1_334' title='bbox 1385 2568 1629 2625; x_wconf 88' lang='lat' dir='ltr'><strong>Ecclesia</strong></span> <span class='ocrx_word' id='word_1_335' title='bbox 1664 2568 1848 2625; x_wconf 91' lang='lat' dir='ltr'><strong>verius</strong></span> 
     </span>
    </p>
   </div>
   <div class='ocr_carea' id='block_1_42' title="bbox 246 2659 1842 2733">
    <p class='ocr_par' dir='ltr' id='par_1_42' title="bbox 246 2659 1842 2733">
     <span class='ocr_line' id='line_1_42' title="bbox 246 2659 1842 2733; baseline -0.001 -16"><span class='ocrx_word' id='word_1_336' title='bbox 246 2661 583 2733; x_wconf 87' lang='lat' dir='ltr'><strong>intelligitur</strong></span> <span class='ocrx_word' id='word_1_337' title='bbox 612 2680 626 2717; x_wconf 92' lang='lat'><strong>:</strong></span> <span class='ocrx_word' id='word_1_338' title='bbox 661 2681 679 2713; x_wconf 77' lang='grc' dir='ltr'><strong>ι</strong></span> <span class='ocrx_word' id='word_1_339' title='bbox 714 2661 890 2717; x_wconf 87' lang='lat' dir='ltr'><strong>Erunt</strong></span> <span class='ocrx_word' id='word_1_340' title='bbox 909 2661 1016 2717; x_wconf 90' lang='lat' dir='ltr'><strong>duo</strong></span> <span class='ocrx_word' id='word_1_341' title='bbox 1032 2661 1086 2717; x_wconf 91' lang='lat' dir='ltr'><strong>in</strong></span> <span class='ocrx_word' id='word_1_342' title='bbox 1105 2677 1270 2717; x_wconf 88' lang='lat' dir='ltr'><strong>carne</strong></span> <span class='ocrx_word' id='word_1_343' title='bbox 1300 2677 1406 2717; x_wconf 89' lang='lat' dir='ltr'><strong>una</strong></span> <span class='ocrx_word' id='word_1_344' title='bbox 1430 2659 1584 2732; x_wconf 85' lang='lat' dir='ltr'><strong>(Gen.</strong></span> <span class='ocrx_word' id='word_1_345' title='bbox 1604 2677 1668 2728; x_wconf 89' lang='grc' dir='ltr'>ιι,</span> <span class='ocrx_word' id='word_1_346' title='bbox 1692 2661 1806 2726; x_wconf 71' lang='grc'><strong>24).</strong></span> <span class='ocrx_word' id='word_1_347' title='bbox 1824 2681 1842 2715; x_wconf 75' lang='grc' dir='ltr'><strong>ι</strong></span> 
     </span>
    </p>
   </div>
   <div class='ocr_carea' id='block_1_43' title="bbox 248 2756 1848 2834">
    <p class='ocr_par' dir='ltr' id='par_1_43' title="bbox 248 2756 1848 2834">
     <span class='ocr_line' id='line_1_43' title="bbox 248 2756 1848 2834; baseline -0.001 -21"><span class='ocrx_word' id='word_1_348' title='bbox 248 2758 327 2813; x_wconf 89' lang='lat' dir='ltr'><strong>De</strong></span> <span class='ocrx_word' id='word_1_349' title='bbox 356 2774 470 2829; x_wconf 87' lang='lat' dir='ltr'><strong>qua</strong></span> <span class='ocrx_word' id='word_1_350' title='bbox 503 2772 564 2813; x_wconf 91' lang='lat' dir='ltr'><strong>re</strong></span> <span class='ocrx_word' id='word_1_351' title='bbox 586 2758 701 2829; x_wconf 89' lang='lat' dir='ltr'><strong>ipse</strong></span> <span class='ocrx_word' id='word_1_352' title='bbox 723 2757 901 2813; x_wconf 79' lang='lat' dir='ltr'><strong>dixit:</strong></span> <span class='ocrx_word' id='word_1_353' title='bbox 928 2775 949 2809; x_wconf 77' lang='grc' dir='ltr'><strong>ι</strong></span> <span class='ocrx_word' id='word_1_354' title='bbox 983 2757 1149 2829; x_wconf 86' lang='lat' dir='ltr'><strong>Igitur</strong></span> <span class='ocrx_word' id='word_1_355' title='bbox 1166 2756 1282 2827; x_wconf 90' lang='lat' dir='ltr'><strong>jam</strong></span> <span class='ocrx_word' id='word_1_356' title='bbox 1313 2772 1423 2814; x_wconf 91' lang='lat' dir='ltr'><strong>non</strong></span> <span class='ocrx_word' id='word_1_357' title='bbox 1451 2757 1580 2834; x_wconf 80' lang='lat' dir='ltr'><strong>duo,</strong></span> <span class='ocrx_word' id='word_1_358' title='bbox 1609 2759 1703 2813; x_wconf 91' lang='lat' dir='ltr'><strong>sed</strong></span> <span class='ocrx_word' id='word_1_359' title='bbox 1740 2771 1848 2813; x_wconf 89' lang='lat' dir='ltr'><strong>una</strong></span> 
     </span>
    </p>
   </div>
   <div class='ocr_carea' id='block_1_44' title="bbox 248 2847 1844 2923">
    <p class='ocr_par' dir='ltr' id='par_1_44' title="bbox 248 2847 1844 2923">
     <span class='ocr_line' id='line_1_44' title="bbox 248 2847 1844 2923; baseline 0 -19"><span class='ocrx_word' id='word_1_360' title='bbox 248 2866 383 2905; x_wconf 87' lang='lat' dir='ltr'><strong>caro</strong></span> <span class='ocrx_word' id='word_1_361' title='bbox 399 2849 601 2923; x_wconf 80' lang='lat' dir='ltr'><strong>(Marc.</strong></span> <span class='ocrx_word' id='word_1_362' title='bbox 628 2864 688 2916; x_wconf 74' lang='grc' dir='ltr'>ι,</span> <span class='ocrx_word' id='word_1_363' title='bbox 714 2847 791 2921; x_wconf 88' lang='grc'><strong>8),</strong></span> <span class='ocrx_word' id='word_1_364' title='bbox 822 2867 842 2902; x_wconf 74' lang='grc' dir='ltr'><strong>ο</strong></span> <span class='ocrx_word' id='word_1_365' title='bbox 869 2848 1165 2906; x_wconf 87' lang='lat' dir='ltr'><strong>ascendere</strong></span> <span class='ocrx_word' id='word_1_366' title='bbox 1183 2849 1404 2904; x_wconf 90' lang='lat' dir='ltr'><strong>omnino</strong></span> <span class='ocrx_word' id='word_1_367' title='bbox 1429 2864 1536 2905; x_wconf 91' lang='lat' dir='ltr'><strong>non</strong></span> <span class='ocrx_word' id='word_1_368' title='bbox 1556 2856 1844 2920; x_wconf 89' lang='lat' dir='ltr'><strong>poterunt;</strong></span> 
     </span>
    </p>
   </div>
   <div class='ocr_carea' id='block_1_45' title="bbox 251 2940 1847 3014">
    <p class='ocr_par' dir='ltr' id='par_1_45' title="bbox 251 2940 1847 3014">
     <span class='ocr_line' id='line_1_45' title="bbox 251 2940 1847 3014; baseline 0.001 -17"><span class='ocrx_word' id='word_1_369' title='bbox 251 2944 409 3014; x_wconf 88' lang='lat' dir='ltr'><strong>quia,</strong></span> <span class='ocrx_word' id='word_1_370' title='bbox 444 2961 466 2995; x_wconf 76' lang='grc' dir='ltr'><strong>ι</strong></span> <span class='ocrx_word' id='word_1_371' title='bbox 500 2956 663 2998; x_wconf 91' lang='lat' dir='ltr'><strong>nemo</strong></span> <span class='ocrx_word' id='word_1_372' title='bbox 688 2941 932 2997; x_wconf 87' lang='lat' dir='ltr'><strong>ascendit</strong></span> <span class='ocrx_word' id='word_1_373' title='bbox 957 2940 1013 2996; x_wconf 93' lang='lat' dir='ltr'><strong>in</strong></span> <span class='ocrx_word' id='word_1_374' title='bbox 1040 2940 1260 3007; x_wconf 63' lang='lat' dir='ltr'><strong>caelum,</strong></span> <span class='ocrx_word' id='word_1_375' title='bbox 1300 2940 1407 2997; x_wconf 90' lang='lat' dir='ltr'><strong>nisi</strong></span> <span class='ocrx_word' id='word_1_376' title='bbox 1437 2942 1530 3013; x_wconf 91' lang='lat' dir='ltr'><strong>qui</strong></span> <span class='ocrx_word' id='word_1_377' title='bbox 1567 2941 1847 2998; x_wconf 89' lang='lat' dir='ltr'><strong>descendit</strong></span> 
     </span>
    </p>
   </div>
   <div class='ocr_carea' id='block_1_46' title="bbox 250 3032 1508 3109">
    <p class='ocr_par' dir='ltr' id='par_1_46' title="bbox 250 3032 1508 3109">
     <span class='ocr_line' id='line_1_46' title="bbox 250 3032 1508 3109; baseline -0.001 -20"><span class='ocrx_word' id='word_1_378' title='bbox 250 3036 319 3091; x_wconf 88' lang='lat' dir='ltr'><strong>de</strong></span> <span class='ocrx_word' id='word_1_379' title='bbox 351 3035 522 3102; x_wconf 67' lang='lat' dir='ltr'><strong>celo,</strong></span> <span class='ocrx_word' id='word_1_380' title='bbox 553 3032 694 3091; x_wconf 82' lang='lat' dir='ltr'><strong>filius</strong></span> <span class='ocrx_word' id='word_1_381' title='bbox 716 3034 951 3091; x_wconf 88' lang='lat' dir='ltr'><strong>hominis</strong></span> <span class='ocrx_word' id='word_1_382' title='bbox 970 3035 1062 3106; x_wconf 88' lang='lat' dir='ltr'><strong>qui</strong></span> <span class='ocrx_word' id='word_1_383' title='bbox 1085 3035 1243 3091; x_wconf 90' lang='lat' dir='ltr'><strong>estin</strong></span> <span class='ocrx_word' id='word_1_384' title='bbox 1273 3035 1428 3092; x_wconf 70' lang='lat' dir='ltr'><strong>coelo.</strong></span> <span class='ocrx_word' id='word_1_385' title='bbox 1460 3035 1508 3109; x_wconf 73' lang='grc' dir='ltr'>ι]</span> 
     </span>
    </p>
   </div>
   <div class='ocr_carea' id='block_1_47' title="bbox 1949 1920 3533 1996">
    <p class='ocr_par' dir='ltr' id='par_1_47' title="bbox 1949 1920 3533 1996">
     <span class='ocr_line' id='line_1_47' title="bbox 1949 1920 3533 1996; baseline 0.003 -19"><span class='ocrx_word' id='word_1_386' title='bbox 1949 1930 2004 1978; x_wconf 91' lang='lat' dir='ltr'><strong>et</strong></span> <span class='ocrx_word' id='word_1_387' title='bbox 2042 1920 2293 1992; x_wconf 86' lang='lat' dir='ltr'><strong>adjuncta</strong></span> <span class='ocrx_word' id='word_1_388' title='bbox 2326 1931 2481 1994; x_wconf 90' lang='lat' dir='ltr'><strong>parte</strong></span> <span class='ocrx_word' id='word_1_389' title='bbox 2532 1937 2741 1991; x_wconf 89' lang='lat' dir='ltr'><strong>eorum,</strong></span> <span class='ocrx_word' id='word_1_390' title='bbox 2774 1923 2875 1995; x_wconf 49' lang='lat' dir='ltr'><strong>qui.</strong></span> <span class='ocrx_word' id='word_1_391' title='bbox 2905 1933 3283 1996; x_wconf 86' lang='lat' dir='ltr'><strong>peccaverant,</strong></span> <span class='ocrx_word' id='word_1_392' title='bbox 3314 1923 3533 1996; x_wconf 83' lang='lat' dir='ltr'><strong>angelo-</strong></span> 
     </span>
    </p>
   </div>
   <div class='ocr_carea' id='block_1_48' title="bbox 1950 2012 3530 2105">
    <p class='ocr_par' dir='ltr' id='par_1_48' title="bbox 1950 2012 3530 2105">
     <span class='ocr_line' id='line_1_48' title="bbox 1950 2012 3530 2105; baseline 0.003 -38"><span class='ocrx_word' id='word_1_393' title='bbox 1950 2028 2091 2077; x_wconf 86' lang='lat' dir='ltr'><strong>rum,</strong></span> <span class='ocrx_word' id='word_1_394' title='bbox 2118 2012 2301 2069; x_wconf 89' lang='lat' dir='ltr'><strong>luebat</strong></span> <span class='ocrx_word' id='word_1_395' title='bbox 2335 2013 2514 2084; x_wconf 69' lang='lat' dir='ltr'><strong>impia:</strong></span> <span class='ocrx_word' id='word_1_396' title='bbox 2561 2015 2886 2105; x_wconf 68' lang='lat' dir='ltr'><strong>desertionis</strong></span> <span class='ocrx_word' id='word_1_397' title='bbox 2929 2016 3273 2088; x_wconf 88' lang='lat' dir='ltr'><strong>dignissimas</strong></span> <span class='ocrx_word' id='word_1_398' title='bbox 3319 2031 3530 2087; x_wconf 81' lang='lat' dir='ltr'><strong>poenas.</strong></span> 
     </span>
    </p>
   </div>
   <div class='ocr_carea' id='block_1_49' title="bbox 1948 2105 3531 2182">
    <p class='ocr_par' dir='ltr' id='par_1_49' title="bbox 1948 2105 3531 2182">
     <span class='ocr_line' id='line_1_49' title="bbox 1948 2105 3531 2182; baseline 0.003 -22"><span class='ocrx_word' id='word_1_399' title='bbox 1948 2105 2031 2160; x_wconf 85' lang='lat' dir='ltr'><strong>Ad</strong></span> <span class='ocrx_word' id='word_1_400' title='bbox 2064 2105 2200 2160; x_wconf 89' lang='lat' dir='ltr'><strong>iram</strong></span> <span class='ocrx_word' id='word_1_401' title='bbox 2227 2121 2425 2176; x_wconf 78' lang='lat' dir='ltr'><strong>quippe</strong></span> <span class='ocrx_word' id='word_1_402' title='bbox 2454 2105 2551 2161; x_wconf 89' lang='lat' dir='ltr'><strong>Dei</strong></span> <span class='ocrx_word' id='word_1_403' title='bbox 2578 2106 2813 2177; x_wconf 87' lang='lat' dir='ltr'><strong>pertinet</strong></span> <span class='ocrx_word' id='word_1_404' title='bbox 2845 2106 3070 2176; x_wconf 87' lang='lat' dir='ltr'><strong>justam,</strong></span> <span class='ocrx_word' id='word_1_405' title='bbox 3100 2107 3362 2182; x_wconf 88' lang='lat' dir='ltr'><strong>quidquid</strong></span> <span class='ocrx_word' id='word_1_406' title='bbox 3386 2122 3531 2165; x_wconf 64' lang='lat' dir='ltr'><strong>caeca</strong></span> 
     </span>
    </p>
   </div>
   <div class='ocr_carea' id='block_1_50' title="bbox 1948 2198 3530 2270">
    <p class='ocr_par' dir='ltr' id='par_1_50' title="bbox 1948 2198 3530 2270">
     <span class='ocr_line' id='line_1_50' title="bbox 1948 2198 3530 2270; baseline 0.001 -15"><span class='ocrx_word' id='word_1_407' title='bbox 1948 2206 2003 2255; x_wconf 93' lang='lat' dir='ltr'><strong>et</strong></span> <span class='ocrx_word' id='word_1_408' title='bbox 2029 2198 2290 2255; x_wconf 89' lang='lat' dir='ltr'><strong>indomita</strong></span> <span class='ocrx_word' id='word_1_409' title='bbox 2317 2200 2755 2270; x_wconf 89' lang='lat' dir='ltr'><strong>concupiscentia</strong></span> <span class='ocrx_word' id='word_1_410' title='bbox 2803 2198 3012 2258; x_wconf 86' lang='lat' dir='ltr'><strong>faciunt</strong></span> <span class='ocrx_word' id='word_1_411' title='bbox 3061 2200 3295 2258; x_wconf 88' lang='lat' dir='ltr'><strong>libenter</strong></span> <span class='ocrx_word' id='word_1_412' title='bbox 3321 2200 3451 2259; x_wconf 87' lang='lat' dir='ltr'><strong>mali</strong></span> <span class='ocrx_word' id='word_1_413' title='bbox 3470 2208 3530 2260; x_wconf 91' lang='lat' dir='ltr'><strong>et</strong></span> 
     </span>
    </p>
   </div>
   <div class='ocr_carea' id='block_1_51' title="bbox 1947 2287 3532 2362">
    <p class='ocr_par' dir='ltr' id='par_1_51' title="bbox 1947 2287 3532 2362">
     <span class='ocr_line' id='line_1_51' title="bbox 1947 2287 3532 2362; baseline 0.003 -18"><span class='ocrx_word' id='word_1_414' title='bbox 1947 2289 2208 2361; x_wconf 91' lang='lat' dir='ltr'><strong>quidquid</strong></span> <span class='ocrx_word' id='word_1_415' title='bbox 2238 2289 2543 2345; x_wconf 80' lang='lat' dir='ltr'><strong>manifestis</strong></span> <span class='ocrx_word' id='word_1_416' title='bbox 2587 2287 2895 2361; x_wconf 76' lang='lat' dir='ltr'><strong>apertisque</strong></span> <span class='ocrx_word' id='word_1_417' title='bbox 2944 2291 3122 2362; x_wconf 69' lang='lat' dir='ltr'><strong>poenis</strong></span> <span class='ocrx_word' id='word_1_418' title='bbox 3147 2292 3427 2362; x_wconf 89' lang='lat' dir='ltr'><strong>patiuntur</strong></span> <span class='ocrx_word' id='word_1_419' title='bbox 3449 2292 3532 2348; x_wconf 84' lang='lat' dir='ltr'><strong>in-</strong></span> 
     </span>
    </p>
   </div>
   <div class='ocr_carea' id='block_1_52' title="bbox 1950 2379 3532 2448">
    <p class='ocr_par' dir='ltr' id='par_1_52' title="bbox 1950 2379 3532 2448">
     <span class='ocr_line' id='line_1_52' title="bbox 1950 2379 3532 2448; baseline 0.002 -13"><span class='ocrx_word' id='word_1_420' title='bbox 1950 2379 2077 2447; x_wconf 89' lang='lat' dir='ltr'><strong>viti;</strong></span> <span class='ocrx_word' id='word_1_421' title='bbox 2110 2396 2218 2436; x_wconf 92' lang='lat' dir='ltr'><strong>non</strong></span> <span class='ocrx_word' id='word_1_422' title='bbox 2257 2385 2389 2436; x_wconf 71' lang='lat' dir='ltr'><strong>Sane</strong></span> <span class='ocrx_word' id='word_1_423' title='bbox 2407 2379 2683 2437; x_wconf 88' lang='lat' dir='ltr'><strong>Creatoris</strong></span> <span class='ocrx_word' id='word_1_424' title='bbox 2703 2380 3000 2437; x_wconf 88' lang='lat' dir='ltr'><strong>desistente</strong></span> <span class='ocrx_word' id='word_1_425' title='bbox 3021 2381 3281 2448; x_wconf 87' lang='lat' dir='ltr'><strong>bonitate,</strong></span> <span class='ocrx_word' id='word_1_426' title='bbox 3303 2390 3358 2438; x_wconf 92' lang='lat' dir='ltr'><strong>et</strong></span> <span class='ocrx_word' id='word_1_427' title='bbox 3374 2380 3532 2438; x_wconf 88' lang='lat' dir='ltr'><strong>malis</strong></span> 
     </span>
    </p>
   </div>
   <div class='ocr_carea' id='block_1_53' title="bbox 1949 2473 3533 2546">
    <p class='ocr_par' dir='ltr' id='par_1_53' title="bbox 1949 2473 3533 2546">
     <span class='ocr_line' id='line_1_53' title="bbox 1949 2473 3533 2546; baseline 0.001 -16"><span class='ocrx_word' id='word_1_428' title='bbox 1949 2474 2155 2545; x_wconf 83' lang='lat' dir='ltr'><strong>angelis</strong></span> <span class='ocrx_word' id='word_1_429' title='bbox 2206 2473 2649 2529; x_wconf 87' lang='lat' dir='ltr'><strong>subministrante</strong></span> <span class='ocrx_word' id='word_1_430' title='bbox 2691 2474 2900 2541; x_wconf 86' lang='lat' dir='ltr'><strong>vitam,</strong></span> <span class='ocrx_word' id='word_1_431' title='bbox 2947 2475 3297 2546; x_wconf 89' lang='lat' dir='ltr'><strong>vivacemque</strong></span> <span class='ocrx_word' id='word_1_432' title='bbox 3342 2484 3533 2546; x_wconf 86' lang='lat' dir='ltr'><strong>poten-</strong></span> 
     </span>
    </p>
   </div>
   <div class='ocr_carea' id='block_1_54' title="bbox 1948 2564 3532 2634">
    <p class='ocr_par' dir='ltr' id='par_1_54' title="bbox 1948 2564 3532 2634">
     <span class='ocr_line' id='line_1_54' title="bbox 1948 2564 3532 2634; baseline 0.001 -14"><span class='ocrx_word' id='word_1_433' title='bbox 1948 2567 2112 2631; x_wconf 87' lang='lat' dir='ltr'><strong>tiam;</strong></span> <span class='ocrx_word' id='word_1_434' title='bbox 2146 2579 2267 2634; x_wconf 66' lang='lat' dir='ltr'><strong>quaa</strong></span> <span class='ocrx_word' id='word_1_435' title='bbox 2299 2564 2726 2620; x_wconf 88' lang='lat' dir='ltr'><strong>subministratio</strong></span> <span class='ocrx_word' id='word_1_436' title='bbox 2754 2565 2799 2620; x_wconf 89' lang='lat' dir='ltr'><strong>si</strong></span> <span class='ocrx_word' id='word_1_437' title='bbox 2836 2564 3134 2633; x_wconf 78' lang='lat' dir='ltr'><strong>auferatur,</strong></span> <span class='ocrx_word' id='word_1_438' title='bbox 3158 2565 3453 2623; x_wconf 78' lang='lat' dir='ltr'><strong>intercidit.</strong></span> <span class='ocrx_word' id='word_1_439' title='bbox 3476 2573 3532 2623; x_wconf 91' lang='lat' dir='ltr'><strong>et</strong></span> 
     </span>
    </p>
   </div>
   <div class='ocr_carea' id='block_1_55' title="bbox 1948 2655 3530 2736">
    <p class='ocr_par' dir='ltr' id='par_1_55' title="bbox 1948 2655 3530 2736">
     <span class='ocr_line' id='line_1_55' title="bbox 1948 2655 3530 2736; baseline 0 -23"><span class='ocrx_word' id='word_1_440' title='bbox 1948 2656 2254 2724; x_wconf 90' lang='lat' dir='ltr'><strong>hominum,</strong></span> <span class='ocrx_word' id='word_1_441' title='bbox 2280 2656 2529 2728; x_wconf 88' lang='lat' dir='ltr'><strong>quamvis</strong></span> <span class='ocrx_word' id='word_1_442' title='bbox 2552 2655 2616 2713; x_wconf 87' lang='lat' dir='ltr'><strong>de</strong></span> <span class='ocrx_word' id='word_1_443' title='bbox 2635 2659 2931 2730; x_wconf 80' lang='lat' dir='ltr'><strong>propagine</strong></span> <span class='ocrx_word' id='word_1_444' title='bbox 2955 2658 3144 2714; x_wconf 89' lang='lat' dir='ltr'><strong>vitiata</strong></span> <span class='ocrx_word' id='word_1_445' title='bbox 3165 2658 3530 2736; x_wconf 86' lang='lat' dir='ltr'><strong>damnataque</strong></span> 
     </span>
    </p>
   </div>
   <div class='ocr_carea' id='block_1_56' title="bbox 1948 2748 3530 2818">
    <p class='ocr_par' dir='ltr' id='par_1_56' title="bbox 1948 2748 3530 2818">
     <span class='ocr_line' id='line_1_56' title="bbox 1948 2748 3530 2818; baseline 0.001 -13"><span class='ocrx_word' id='word_1_446' title='bbox 1948 2749 2288 2806; x_wconf 86' lang='lat' dir='ltr'><strong>nascentium</strong></span> <span class='ocrx_word' id='word_1_447' title='bbox 2337 2748 2576 2805; x_wconf 86' lang='lat' dir='ltr'><strong>formare</strong></span> <span class='ocrx_word' id='word_1_448' title='bbox 2626 2749 2853 2815; x_wconf 89' lang='lat' dir='ltr'><strong>semina,</strong></span> <span class='ocrx_word' id='word_1_449' title='bbox 2885 2758 2940 2805; x_wconf 90' lang='lat' dir='ltr'><strong>et</strong></span> <span class='ocrx_word' id='word_1_450' title='bbox 2968 2751 3230 2818; x_wconf 89' lang='lat' dir='ltr'><strong>animare,</strong></span> <span class='ocrx_word' id='word_1_451' title='bbox 3276 2751 3530 2807; x_wconf 76' lang='lat' dir='ltr'><strong>ordinum</strong></span> 
     </span>
    </p>
   </div>
   <div class='ocr_carea' id='block_1_57' title="bbox 1949 2844 3527 2918">
    <p class='ocr_par' dir='ltr' id='par_1_57' title="bbox 1949 2844 3527 2918">
     <span class='ocr_line' id='line_1_57' title="bbox 1949 2844 3527 2918; baseline -0.001 -18"><span class='ocrx_word' id='word_1_452' title='bbox 1949 2846 2193 2900; x_wconf 86' lang='lat' dir='ltr'><strong>membra</strong></span> <span class='ocrx_word' id='word_1_453' title='bbox 2223 2859 2322 2915; x_wconf 92' lang='lat' dir='ltr'><strong>per</strong></span> <span class='ocrx_word' id='word_1_454' title='bbox 2351 2852 2653 2917; x_wconf 90' lang='lat' dir='ltr'><strong>temporum</strong></span> <span class='ocrx_word' id='word_1_455' title='bbox 2679 2851 2888 2911; x_wconf 64' lang='lat' dir='ltr'><strong>aetates,</strong></span> <span class='ocrx_word' id='word_1_456' title='bbox 2918 2860 3016 2916; x_wconf 89' lang='lat' dir='ltr'><strong>per</strong></span> <span class='ocrx_word' id='word_1_457' title='bbox 3038 2844 3282 2901; x_wconf 90' lang='lat' dir='ltr'><strong>locorum</strong></span> <span class='ocrx_word' id='word_1_458' title='bbox 3330 2844 3527 2918; x_wconf 89' lang='lat' dir='ltr'><strong>spatia,</strong></span> 
     </span>
    </p>
   </div>
   <div class='ocr_carea' id='block_1_58' title="bbox 1948 2936 3527 3012">
    <p class='ocr_par' dir='ltr' id='par_1_58' title="bbox 1948 2936 3527 3012">
     <span class='ocr_line' id='line_1_58' title="bbox 1948 2936 3527 3012; baseline 0.001 -19"><span class='ocrx_word' id='word_1_459' title='bbox 1948 2946 2200 3008; x_wconf 79' lang='lat' dir='ltr'><strong>vegetare</strong></span> <span class='ocrx_word' id='word_1_460' title='bbox 2225 2952 2435 3002; x_wconf 89' lang='lat' dir='ltr'><strong>sensus,</strong></span> <span class='ocrx_word' id='word_1_461' title='bbox 2469 2936 2724 2993; x_wconf 90' lang='lat' dir='ltr'><strong>alimenta</strong></span> <span class='ocrx_word' id='word_1_462' title='bbox 2750 2937 2973 2995; x_wconf 89' lang='lat' dir='ltr'><strong>donare.</strong></span> <span class='ocrx_word' id='word_1_463' title='bbox 3024 2938 3213 2996; x_wconf 80' lang='lat' dir='ltr'><strong>Melius</strong></span> <span class='ocrx_word' id='word_1_464' title='bbox 3260 2939 3404 2995; x_wconf 93' lang='lat' dir='ltr'><strong>enim</strong></span> <span class='ocrx_word' id='word_1_465' title='bbox 3433 2939 3527 3012; x_wconf 86' lang='lat' dir='ltr'><strong>ju-</strong></span> 
     </span>
    </p>
   </div>
   <div class='ocr_carea' id='block_1_59' title="bbox 1949 3030 3531 3104">
    <p class='ocr_par' dir='ltr' id='par_1_59' title="bbox 1949 3030 3531 3104">
     <span class='ocr_line' id='line_1_59' title="bbox 1949 3030 3531 3104; baseline 0.002 -17"><span class='ocrx_word' id='word_1_466' title='bbox 1949 3030 2149 3087; x_wconf 87' lang='lat' dir='ltr'><strong>dicavit</strong></span> <span class='ocrx_word' id='word_1_467' title='bbox 2171 3032 2235 3087; x_wconf 91' lang='lat' dir='ltr'><strong>de</strong></span> <span class='ocrx_word' id='word_1_468' title='bbox 2266 3030 2423 3087; x_wconf 90' lang='lat' dir='ltr'><strong>malis</strong></span> <span class='ocrx_word' id='word_1_469' title='bbox 2468 3030 2807 3098; x_wconf 82' lang='lat' dir='ltr'><strong>benefacere,</strong></span> <span class='ocrx_word' id='word_1_470' title='bbox 2835 3047 2998 3104; x_wconf 89' lang='lat' dir='ltr'><strong>quam</strong></span> <span class='ocrx_word' id='word_1_471' title='bbox 3040 3033 3180 3088; x_wconf 89' lang='lat' dir='ltr'><strong>mala</strong></span> <span class='ocrx_word' id='word_1_472' title='bbox 3211 3031 3355 3089; x_wconf 91' lang='lat' dir='ltr'><strong>nulla</strong></span> <span class='ocrx_word' id='word_1_473' title='bbox 3409 3046 3531 3090; x_wconf 87' lang='lat' dir='ltr'><strong>esse</strong></span> 
     </span>
    </p>
   </div>
   <div class='ocr_carea' id='block_1_60' title="bbox 324 3124 3531 3242">
    <p class='ocr_par' dir='ltr' id='par_1_60' title="bbox 324 3124 3531 3242">
     <span class='ocr_line' id='line_1_60' title="bbox 324 3124 3531 3242; baseline 0.001 -61"><span class='ocrx_word' id='word_1_474' title='bbox 324 3126 466 3182; x_wconf 85' lang='lat' dir='ltr'><strong>Item</strong></span> <span class='ocrx_word' id='word_1_475' title='bbox 490 3124 629 3200; x_wconf 87' lang='lat' dir='ltr'><strong>(cap.</strong></span> <span class='ocrx_word' id='word_1_476' title='bbox 661 3126 753 3194; x_wconf 80' lang='lat'><strong>55,</strong></span> <span class='ocrx_word' id='word_1_477' title='bbox 781 3126 872 3200; x_wconf 72' lang='grc'><strong>54)</strong></span> <span class='ocrx_word' id='word_1_478' title='bbox 899 3145 912 3181; x_wconf 93' lang='lat'><strong>:</strong></span> <span class='ocrx_word' id='word_1_479' title='bbox 939 3125 1080 3200; x_wconf 91' lang='lat' dir='ltr'><strong>[Non</strong></span> <span class='ocrx_word' id='word_1_480' title='bbox 1107 3127 1413 3185; x_wconf 88' lang='lat' dir='ltr'><strong>alienentur</strong></span> <span class='ocrx_word' id='word_1_481' title='bbox 1435 3127 1645 3199; x_wconf 89' lang='lat' dir='ltr'><strong>parvuli</strong></span> <span class='ocrx_word' id='word_1_482' title='bbox 1668 3144 1697 3184; x_wconf 89' lang='lat' dir='ltr'><strong>a</strong></span> <span class='ocrx_word' id='word_1_483' title='bbox 1723 3144 1846 3202; x_wconf 86' lang='lat' dir='ltr'><strong>gra-</strong></span> <span class='ocrx_word' id='word_1_484' title='bbox 1871 3176 1917 3242; x_wconf 64' lang='grc' dir='ltr'><strong>Ο</strong></span> <span class='ocrx_word' id='word_1_485' title='bbox 1946 3127 2279 3201; x_wconf 89' lang='lat' dir='ltr'><strong>permittere.</strong></span> <span class='ocrx_word' id='word_1_486' title='bbox 2306 3127 2420 3182; x_wconf 87' lang='lat' dir='ltr'><strong>Etsi</strong></span> <span class='ocrx_word' id='word_1_487' title='bbox 2465 3126 2682 3197; x_wconf 91' lang='lat' dir='ltr'><strong>quidem</strong></span> <span class='ocrx_word' id='word_1_488' title='bbox 2708 3126 2764 3182; x_wconf 92' lang='lat' dir='ltr'><strong>in</strong></span> <span class='ocrx_word' id='word_1_489' title='bbox 2810 3126 3003 3183; x_wconf 90' lang='lat' dir='ltr'><strong>melius</strong></span> <span class='ocrx_word' id='word_1_490' title='bbox 3051 3127 3331 3183; x_wconf 85' lang='lat' dir='ltr'><strong>hominum</strong></span> <span class='ocrx_word' id='word_1_491' title='bbox 3356 3126 3531 3184; x_wconf 88' lang='lat' dir='ltr'><strong>refor-</strong></span> 
     </span>
     <span class='ocr_line' id='line_1_61' title="bbox 368 3218 3497 3242; baseline 0.001 -4"><span class='ocrx_word' id='word_1_492' title='bbox 368 3218 709 3242; x_wconf 39' lang='lat'><strong>___..-_._‘.-</strong></span> <span class='ocrx_word' id='word_1_493' title='bbox 736 3226 1077 3242; x_wconf 42' lang='lat' dir='ltr'><strong>&quot;unum.</strong></span> <span class='ocrx_word' id='word_1_494' title='bbox 1107 3235 1120 3242; x_wconf 83' lang='grc'><em>,</em></span> <span class='ocrx_word' id='word_1_495' title='bbox 1146 3234 1251 3242; x_wconf 72' lang='lat'><strong>_-_</strong></span> <span class='ocrx_word' id='word_1_496' title='bbox 1287 3218 1441 3242; x_wconf 51' lang='grc' dir='ltr'>-.εμ-</span> <span class='ocrx_word' id='word_1_497' title='bbox 1481 3221 1744 3242; x_wconf 69' lang='lat'><strong>._-_-.._-_-</strong></span> <span class='ocrx_word' id='word_1_498' title='bbox 1779 3238 1797 3242; x_wconf 72' lang='grc'><em>,</em></span> <span class='ocrx_word' id='word_1_499' title='bbox 1821 3222 1843 3242; x_wconf 79' lang='lat'><strong>.</strong></span> <span class='ocrx_word' id='word_1_500' title='bbox 1949 3219 2240 3242; x_wconf 52' lang='lat' dir='ltr'><strong>_-..-__m</strong></span> <span class='ocrx_word' id='word_1_501' title='bbox 2276 3219 2475 3242; x_wconf 57' lang='grc' dir='ltr'><strong>-.-πω</strong></span> <span class='ocrx_word' id='word_1_502' title='bbox 2513 3233 2733 3242; x_wconf 66' lang='lat'><strong>__-_-..-</strong></span> <span class='ocrx_word' id='word_1_503' title='bbox 2765 3233 2879 3242; x_wconf 60' lang='grc' dir='ltr'><strong>--η</strong></span> <span class='ocrx_word' id='word_1_504' title='bbox 2928 3218 3181 3242; x_wconf 67' lang='grc' dir='ltr'><strong>,,,.,,ε,,-.</strong></span> <span class='ocrx_word' id='word_1_505' title='bbox 3261 3219 3397 3242; x_wconf 73' lang='grc' dir='ltr'><em>,ε,,,.</em></span> <span class='ocrx_word' id='word_1_506' title='bbox 3427 3218 3497 3242; x_wconf 73' lang='grc' dir='ltr'><strong>ε...</strong></span> 
     </span>
    </p>
   </div>
   <div class='ocr_carea' id='block_1_61' title="bbox 250 3218 3530 3290">
    <p class='ocr_par' dir='ltr' id='par_1_61' title="bbox 250 3218 3530 3290">
     <span class='ocr_line' id='line_1_62' title="bbox 250 3218 3530 3290; baseline 0.001 -18"><span class='ocrx_word' id='word_1_507' title='bbox 250 3218 329 3273; x_wconf 87' lang='lat' dir='ltr'><strong>tia</strong></span> <span class='ocrx_word' id='word_1_508' title='bbox 368 3218 711 3274; x_wconf 90' lang='lat' dir='ltr'><strong>remissionis</strong></span> <span class='ocrx_word' id='word_1_509' title='bbox 736 3226 1080 3290; x_wconf 90' lang='lat' dir='ltr'><strong>peccatorum</strong></span> <span class='ocrx_word' id='word_1_510' title='bbox 1107 3235 1121 3274; x_wconf 91' lang='lat'><strong>:</strong></span> <span class='ocrx_word' id='word_1_511' title='bbox 1146 3234 1254 3276; x_wconf 90' lang='lat' dir='ltr'><strong>non</strong></span> <span class='ocrx_word' id='word_1_512' title='bbox 1284 3218 1442 3275; x_wconf 89' lang='lat' dir='ltr'><strong>aliter</strong></span> <span class='ocrx_word' id='word_1_513' title='bbox 1481 3221 1745 3277; x_wconf 89' lang='lat' dir='ltr'><strong>transitur</strong></span> <span class='ocrx_word' id='word_1_514' title='bbox 1774 3222 1843 3279; x_wconf 88' lang='lat' dir='ltr'><strong>ad</strong></span> <span class='ocrx_word' id='word_1_515' title='bbox 1871 3218 1917 3242; x_wconf 65' lang='grc' dir='ltr'>υ</span> <span class='ocrx_word' id='word_1_516' title='bbox 1949 3219 2244 3276; x_wconf 90' lang='lat' dir='ltr'><strong>matiouem</strong></span> <span class='ocrx_word' id='word_1_517' title='bbox 2276 3219 2478 3275; x_wconf 90' lang='lat' dir='ltr'><strong>nullam</strong></span> <span class='ocrx_word' id='word_1_518' title='bbox 2513 3233 2737 3289; x_wconf 91' lang='lat' dir='ltr'><strong>prorsus</strong></span> <span class='ocrx_word' id='word_1_519' title='bbox 2760 3233 2882 3275; x_wconf 88' lang='lat' dir='ltr'><strong>esse</strong></span> <span class='ocrx_word' id='word_1_520' title='bbox 2918 3218 3206 3287; x_wconf 80' lang='lat' dir='ltr'><strong>voluisset,</strong></span> <span class='ocrx_word' id='word_1_521' title='bbox 3259 3219 3401 3276; x_wconf 89' lang='lat' dir='ltr'><strong>sicut</strong></span> <span class='ocrx_word' id='word_1_522' title='bbox 3426 3218 3530 3275; x_wconf 85' lang='lat' dir='ltr'><strong>im-</strong></span> 
     </span>
    </p>
   </div>
   <div class='ocr_carea' id='block_1_62' title="bbox 250 3309 1843 3383">
    <p class='ocr_par' dir='ltr' id='par_1_62' title="bbox 250 3309 1843 3383">
     <span class='ocr_line' id='line_1_63' title="bbox 250 3309 1843 3383; baseline 0.004 -19"><span class='ocrx_word' id='word_1_523' title='bbox 250 3309 556 3376; x_wconf 89' lang='lat' dir='ltr'><strong>Christum,</strong></span> <span class='ocrx_word' id='word_1_524' title='bbox 588 3325 748 3366; x_wconf 90' lang='lat' dir='ltr'><strong>nemo</strong></span> <span class='ocrx_word' id='word_1_525' title='bbox 772 3309 929 3367; x_wconf 90' lang='lat' dir='ltr'><strong>aliter</strong></span> <span class='ocrx_word' id='word_1_526' title='bbox 955 3318 1133 3383; x_wconf 89' lang='lat' dir='ltr'><strong>potest</strong></span> <span class='ocrx_word' id='word_1_527' title='bbox 1153 3312 1265 3368; x_wconf 86' lang='lat' dir='ltr'><strong>Deo</strong></span> <span class='ocrx_word' id='word_1_528' title='bbox 1293 3311 1663 3379; x_wconf 89' lang='lat' dir='ltr'><strong>reconciliari,</strong></span> <span class='ocrx_word' id='word_1_529' title='bbox 1692 3321 1747 3369; x_wconf 91' lang='lat' dir='ltr'><strong>et</strong></span> <span class='ocrx_word' id='word_1_530' title='bbox 1773 3314 1843 3370; x_wconf 91' lang='lat' dir='ltr'><strong>ad</strong></span> 
     </span>
    </p>
   </div>
   <div class='ocr_carea' id='block_1_63' title="bbox 251 3400 1841 3475">
    <p class='ocr_par' dir='ltr' id='par_1_63' title="bbox 251 3400 1841 3475">
     <span class='ocr_line' id='line_1_64' title="bbox 251 3400 1841 3475; baseline 0.004 -20"><span class='ocrx_word' id='word_1_531' title='bbox 251 3400 429 3457; x_wconf 89' lang='lat' dir='ltr'><strong>Deum</strong></span> <span class='ocrx_word' id='word_1_532' title='bbox 458 3402 665 3468; x_wconf 88' lang='lat' dir='ltr'><strong>venire,</strong></span> <span class='ocrx_word' id='word_1_533' title='bbox 689 3400 793 3457; x_wconf 91' lang='lat' dir='ltr'><strong>nisi</strong></span> <span class='ocrx_word' id='word_1_534' title='bbox 813 3416 912 3474; x_wconf 88' lang='lat' dir='ltr'><strong>per</strong></span> <span class='ocrx_word' id='word_1_535' title='bbox 937 3401 1229 3459; x_wconf 87' lang='lat' dir='ltr'><strong>Christum.</strong></span> <span class='ocrx_word' id='word_1_536' title='bbox 1264 3402 1402 3471; x_wconf 85' lang='lat' dir='ltr'><strong>Quid</strong></span> <span class='ocrx_word' id='word_1_537' title='bbox 1430 3404 1495 3460; x_wconf 87' lang='lat' dir='ltr'><strong>de</strong></span> <span class='ocrx_word' id='word_1_538' title='bbox 1524 3404 1640 3475; x_wconf 87' lang='lat' dir='ltr'><strong>ipsa</strong></span> <span class='ocrx_word' id='word_1_539' title='bbox 1666 3405 1841 3462; x_wconf 91' lang='lat' dir='ltr'><strong>forma</strong></span> 
     </span>
    </p>
   </div>
   <div class='ocr_carea' id='block_1_64' title="bbox 251 3492 1842 3567">
    <p class='ocr_par' dir='ltr' id='par_1_64' title="bbox 251 3492 1842 3567">
     <span class='ocr_line' id='line_1_65' title="bbox 251 3492 1842 3567; baseline 0.002 -18"><span class='ocrx_word' id='word_1_540' title='bbox 251 3493 586 3550; x_wconf 88' lang='lat' dir='ltr'><strong>sacramenti</strong></span> <span class='ocrx_word' id='word_1_541' title='bbox 606 3492 838 3564; x_wconf 85' lang='lat' dir='ltr'><strong>loquar?</strong></span> <span class='ocrx_word' id='word_1_542' title='bbox 861 3493 1067 3550; x_wconf 79' lang='lat' dir='ltr'><strong>Vellem</strong></span> <span class='ocrx_word' id='word_1_543' title='bbox 1089 3493 1284 3563; x_wconf 85' lang='lat' dir='ltr'><strong>aliquis</strong></span> <span class='ocrx_word' id='word_1_544' title='bbox 1310 3496 1560 3561; x_wconf 89' lang='lat' dir='ltr'><strong>istorum,</strong></span> <span class='ocrx_word' id='word_1_545' title='bbox 1590 3497 1682 3567; x_wconf 89' lang='lat' dir='ltr'><strong>qui</strong></span> <span class='ocrx_word' id='word_1_546' title='bbox 1711 3513 1842 3552; x_wconf 83' lang='lat' dir='ltr'><strong>eou-</strong></span> 
     </span>
    </p>
   </div>
   <div class='ocr_carea' id='block_1_65' title="bbox 249 3585 1838 3657">
    <p class='ocr_par' dir='ltr' id='par_1_65' title="bbox 249 3585 1838 3657">
     <span class='ocr_line' id='line_1_66' title="bbox 249 3585 1838 3657; baseline 0.002 -17"><span class='ocrx_word' id='word_1_547' title='bbox 249 3585 426 3641; x_wconf 89' lang='lat' dir='ltr'><strong>traria</strong></span> <span class='ocrx_word' id='word_1_548' title='bbox 451 3586 688 3657; x_wconf 90' lang='lat' dir='ltr'><strong>sapiunt,</strong></span> <span class='ocrx_word' id='word_1_549' title='bbox 713 3585 847 3641; x_wconf 90' lang='lat' dir='ltr'><strong>mihi</strong></span> <span class='ocrx_word' id='word_1_550' title='bbox 877 3585 1259 3655; x_wconf 87' lang='lat' dir='ltr'><strong>baptizandum</strong></span> <span class='ocrx_word' id='word_1_551' title='bbox 1284 3588 1568 3656; x_wconf 86' lang='lat' dir='ltr'><strong>parvulum</strong></span> <span class='ocrx_word' id='word_1_552' title='bbox 1597 3588 1838 3645; x_wconf 77' lang='lat' dir='ltr'><strong>aﬂ&#39;erret.</strong></span> 
     </span>
    </p>
   </div>
   <div class='ocr_carea' id='block_1_66' title="bbox 252 3678 1841 3750">
    <p class='ocr_par' dir='ltr' id='par_1_66' title="bbox 252 3678 1841 3750">
     <span class='ocr_line' id='line_1_67' title="bbox 252 3678 1841 3750; baseline 0.003 -17"><span class='ocrx_word' id='word_1_553' title='bbox 252 3679 402 3747; x_wconf 83' lang='lat' dir='ltr'><strong>Quid</strong></span> <span class='ocrx_word' id='word_1_554' title='bbox 441 3699 460 3732; x_wconf 79' lang='grc' dir='ltr'><strong>ι</strong></span> <span class='ocrx_word' id='word_1_555' title='bbox 499 3680 555 3735; x_wconf 92' lang='lat' dir='ltr'><strong>in</strong></span> <span class='ocrx_word' id='word_1_556' title='bbox 583 3678 676 3735; x_wconf 91' lang='lat' dir='ltr'><strong>illo</strong></span> <span class='ocrx_word' id='word_1_557' title='bbox 702 3679 815 3750; x_wconf 88' lang='lat' dir='ltr'><strong>agit</strong></span> <span class='ocrx_word' id='word_1_558' title='bbox 839 3678 1174 3735; x_wconf 81' lang='lat' dir='ltr'><strong>exorcismus</strong></span> <span class='ocrx_word' id='word_1_559' title='bbox 1194 3719 1210 3745; x_wconf 93' lang='lat'><strong>,</strong></span> <span class='ocrx_word' id='word_1_560' title='bbox 1237 3679 1283 3735; x_wconf 90' lang='lat' dir='ltr'><strong>si</strong></span> <span class='ocrx_word' id='word_1_561' title='bbox 1321 3679 1377 3735; x_wconf 90' lang='lat' dir='ltr'><strong>in</strong></span> <span class='ocrx_word' id='word_1_562' title='bbox 1412 3679 1616 3736; x_wconf 83' lang='lat' dir='ltr'><strong>familia</strong></span> <span class='ocrx_word' id='word_1_563' title='bbox 1641 3680 1841 3738; x_wconf 91' lang='lat' dir='ltr'><strong>diaboli</strong></span> 
     </span>
    </p>
   </div>
   <div class='ocr_carea' id='block_1_67' title="bbox 249 3768 1842 3842">
    <p class='ocr_par' dir='ltr' id='par_1_67' title="bbox 249 3768 1842 3842">
     <span class='ocr_line' id='line_1_68' title="bbox 249 3768 1842 3842; baseline 0 -15"><span class='ocrx_word' id='word_1_564' title='bbox 249 3786 367 3828; x_wconf 91' lang='lat' dir='ltr'><strong>non</strong></span> <span class='ocrx_word' id='word_1_565' title='bbox 405 3773 660 3828; x_wconf 86' lang='lat' dir='ltr'><strong>tenetur?</strong></span> <span class='ocrx_word' id='word_1_566' title='bbox 697 3789 715 3822; x_wconf 77' lang='grc' dir='ltr'><strong>ι</strong></span> <span class='ocrx_word' id='word_1_567' title='bbox 759 3768 879 3840; x_wconf 88' lang='lat' dir='ltr'><strong>Ipse</strong></span> <span class='ocrx_word' id='word_1_568' title='bbox 924 3780 1075 3826; x_wconf 91' lang='lat' dir='ltr'><strong>certe</strong></span> <span class='ocrx_word' id='word_1_569' title='bbox 1115 3770 1250 3826; x_wconf 88' lang='lat' dir='ltr'><strong>mihi</strong></span> <span class='ocrx_word' id='word_1_570' title='bbox 1278 3769 1454 3826; x_wconf 90' lang='lat' dir='ltr'><strong>fuerat</strong></span> <span class='ocrx_word' id='word_1_571' title='bbox 1482 3785 1842 3842; x_wconf 88' lang='lat' dir='ltr'><strong>responsurus</strong></span> 
     </span>
    </p>
   </div>
   <div class='ocr_carea' id='block_1_68' title="bbox 248 3862 1842 3936">
    <p class='ocr_par' dir='ltr' id='par_1_68' title="bbox 248 3862 1842 3936">
     <span class='ocr_line' id='line_1_69' title="bbox 248 3862 1842 3936; baseline 0.001 -17"><span class='ocrx_word' id='word_1_572' title='bbox 248 3879 355 3936; x_wconf 89' lang='lat' dir='ltr'><strong>pro</strong></span> <span class='ocrx_word' id='word_1_573' title='bbox 401 3862 591 3921; x_wconf 91' lang='lat' dir='ltr'><strong>eodem</strong></span> <span class='ocrx_word' id='word_1_574' title='bbox 630 3863 880 3934; x_wconf 90' lang='lat' dir='ltr'><strong>parvulo,</strong></span> <span class='ocrx_word' id='word_1_575' title='bbox 930 3876 1087 3933; x_wconf 89' lang='lat' dir='ltr'><strong>quem</strong></span> <span class='ocrx_word' id='word_1_576' title='bbox 1121 3862 1444 3932; x_wconf 69' lang='lat' dir='ltr'><strong>seminaret,</strong></span> <span class='ocrx_word' id='word_1_577' title='bbox 1481 3864 1609 3935; x_wconf 88' lang='lat' dir='ltr'><strong>quia</strong></span> <span class='ocrx_word' id='word_1_578' title='bbox 1643 3879 1741 3935; x_wconf 91' lang='lat' dir='ltr'><strong>pro</strong></span> <span class='ocrx_word' id='word_1_579' title='bbox 1782 3878 1842 3920; x_wconf 87' lang='lat' dir='ltr'><strong>se</strong></span> 
     </span>
    </p>
   </div>
   <div class='ocr_carea' id='block_1_69' title="bbox 244 3955 1840 4029">
    <p class='ocr_par' dir='ltr' id='par_1_69' title="bbox 244 3955 1840 4029">
     <span class='ocr_line' id='line_1_70' title="bbox 244 3955 1840 4029; baseline 0.003 -19"><span class='ocrx_word' id='word_1_580' title='bbox 244 3955 343 4010; x_wconf 87' lang='lat' dir='ltr'><strong>ille</strong></span> <span class='ocrx_word' id='word_1_581' title='bbox 370 3955 710 4029; x_wconf 78' lang='lat' dir='ltr'><strong>respondere</strong></span> <span class='ocrx_word' id='word_1_582' title='bbox 746 3971 853 4012; x_wconf 93' lang='lat' dir='ltr'><strong>non</strong></span> <span class='ocrx_word' id='word_1_583' title='bbox 886 3964 1089 4028; x_wconf 87' lang='lat' dir='ltr'><strong>posset.</strong></span> <span class='ocrx_word' id='word_1_584' title='bbox 1129 3955 1411 4025; x_wconf 85' lang='lat' dir='ltr'><strong>Quomodo</strong></span> <span class='ocrx_word' id='word_1_585' title='bbox 1439 3973 1568 4029; x_wconf 80' lang='lat' dir='ltr'><strong>ergo</strong></span> <span class='ocrx_word' id='word_1_586' title='bbox 1596 3958 1840 4014; x_wconf 89' lang='lat' dir='ltr'><strong>dicturus</strong></span> 
     </span>
    </p>
   </div>
   <div class='ocr_carea' id='block_1_70' title="bbox 238 4046 1840 4128">
    <p class='ocr_par' dir='ltr' id='par_1_70' title="bbox 238 4046 1840 4128">
     <span class='ocr_line' id='line_1_71' title="bbox 238 4046 1840 4128; baseline 0.001 -25"><span class='ocrx_word' id='word_1_587' title='bbox 238 4056 359 4103; x_wconf 87' lang='lat' dir='ltr'><strong>erat</strong></span> <span class='ocrx_word' id='word_1_588' title='bbox 400 4064 523 4105; x_wconf 91' lang='lat' dir='ltr'><strong>eum</strong></span> <span class='ocrx_word' id='word_1_589' title='bbox 550 4049 865 4103; x_wconf 89' lang='lat' dir='ltr'><strong>renuntiare</strong></span> <span class='ocrx_word' id='word_1_590' title='bbox 891 4046 1125 4114; x_wconf 92' lang='lat' dir='ltr'><strong>diabolo,</strong></span> <span class='ocrx_word' id='word_1_591' title='bbox 1152 4047 1304 4119; x_wconf 91' lang='lat' dir='ltr'><strong>cujus</strong></span> <span class='ocrx_word' id='word_1_592' title='bbox 1329 4048 1383 4103; x_wconf 90' lang='lat' dir='ltr'><strong>in</strong></span> <span class='ocrx_word' id='word_1_593' title='bbox 1411 4063 1478 4104; x_wconf 92' lang='lat' dir='ltr'><strong>eo</strong></span> <span class='ocrx_word' id='word_1_594' title='bbox 1503 4047 1637 4128; x_wconf 70' lang='lat' dir='ltr'><strong>nihil</strong></span> <span class='ocrx_word' id='word_1_595' title='bbox 1660 4049 1840 4104; x_wconf 85' lang='lat' dir='ltr'><strong>esset?</strong></span> 
     </span>
    </p>
   </div>
   <div class='ocr_carea' id='block_1_71' title="bbox 243 4138 1840 4211">
    <p class='ocr_par' dir='ltr' id='par_1_71' title="bbox 243 4138 1840 4211">
     <span class='ocr_line' id='line_1_72' title="bbox 243 4138 1840 4211; baseline 0.001 -17"><span class='ocrx_word' id='word_1_596' title='bbox 243 4139 525 4211; x_wconf 88' lang='lat' dir='ltr'><strong>quomodo</strong></span> <span class='ocrx_word' id='word_1_597' title='bbox 570 4138 812 4194; x_wconf 88' lang='lat' dir='ltr'><strong>converti</strong></span> <span class='ocrx_word' id='word_1_598' title='bbox 855 4138 924 4193; x_wconf 91' lang='lat' dir='ltr'><strong>ad</strong></span> <span class='ocrx_word' id='word_1_599' title='bbox 963 4138 1272 4205; x_wconf 79' lang='lat' dir='ltr'><strong>Dominum,</strong></span> <span class='ocrx_word' id='word_1_600' title='bbox 1313 4155 1346 4194; x_wconf 89' lang='lat' dir='ltr'><strong>a</strong></span> <span class='ocrx_word' id='word_1_601' title='bbox 1385 4155 1495 4210; x_wconf 91' lang='lat' dir='ltr'><strong>quo</strong></span> <span class='ocrx_word' id='word_1_602' title='bbox 1541 4155 1652 4196; x_wconf 91' lang='lat' dir='ltr'><strong>non</strong></span> <span class='ocrx_word' id='word_1_603' title='bbox 1692 4150 1840 4197; x_wconf 90' lang='lat' dir='ltr'><strong>esset</strong></span> 
     </span>
    </p>
   </div>
   <div class='ocr_carea' id='block_1_72' title="bbox 249 4229 1838 4303">
    <p class='ocr_par' dir='ltr' id='par_1_72' title="bbox 249 4229 1838 4303">
     <span class='ocr_line' id='line_1_73' title="bbox 249 4229 1838 4303; baseline 0 -16"><span class='ocrx_word' id='word_1_604' title='bbox 249 4229 762 4287; x_wconf 87' lang='lat' dir='ltr'><strong>aversus?credcre</strong></span> <span class='ocrx_word' id='word_1_605' title='bbox 784 4229 925 4284; x_wconf 89' lang='lat' dir='ltr'><strong>inter</strong></span> <span class='ocrx_word' id='word_1_606' title='bbox 953 4237 1148 4285; x_wconf 83' lang='lat' dir='ltr'><strong>caetera</strong></span> <span class='ocrx_word' id='word_1_607' title='bbox 1177 4230 1555 4288; x_wconf 90' lang='lat' dir='ltr'><strong>remissionem</strong></span> <span class='ocrx_word' id='word_1_608' title='bbox 1587 4239 1838 4303; x_wconf 84' lang='lat' dir='ltr'><strong>peccato-</strong></span> 
     </span>
    </p>
   </div>
   <div class='ocr_carea' id='block_1_73' title="bbox 250 4321 1836 4396">
    <p class='ocr_par' dir='ltr' id='par_1_73' title="bbox 250 4321 1836 4396">
     <span class='ocr_line' id='line_1_74' title="bbox 250 4321 1836 4396; baseline 0.002 -17"><span class='ocrx_word' id='word_1_609' title='bbox 250 4339 397 4390; x_wconf 90' lang='lat' dir='ltr'><strong>rum,</strong></span> <span class='ocrx_word' id='word_1_610' title='bbox 420 4338 541 4395; x_wconf 80' lang='lat' dir='ltr'><strong>quae</strong></span> <span class='ocrx_word' id='word_1_611' title='bbox 562 4321 636 4377; x_wconf 89' lang='lat' dir='ltr'><strong>illi</strong></span> <span class='ocrx_word' id='word_1_612' title='bbox 657 4321 800 4377; x_wconf 90' lang='lat' dir='ltr'><strong>nulla</strong></span> <span class='ocrx_word' id='word_1_613' title='bbox 829 4322 1191 4378; x_wconf 86' lang='lat' dir='ltr'><strong>tribueretur?</strong></span> <span class='ocrx_word' id='word_1_614' title='bbox 1211 4322 1325 4396; x_wconf 87' lang='lat' dir='ltr'><strong>Ego</strong></span> <span class='ocrx_word' id='word_1_615' title='bbox 1344 4324 1560 4396; x_wconf 90' lang='lat' dir='ltr'><strong>quidem</strong></span> <span class='ocrx_word' id='word_1_616' title='bbox 1582 4326 1626 4381; x_wconf 90' lang='lat' dir='ltr'><strong>si</strong></span> <span class='ocrx_word' id='word_1_617' title='bbox 1649 4334 1836 4382; x_wconf 89' lang='lat' dir='ltr'><strong>contra</strong></span> 
     </span>
    </p>
   </div>
   <div class='ocr_carea' id='block_1_74' title="bbox 248 4413 1836 4482">
    <p class='ocr_par' dir='ltr' id='par_1_74' title="bbox 248 4413 1836 4482">
     <span class='ocr_line' id='line_1_75' title="bbox 248 4413 1836 4482; baseline 0 -10"><span class='ocrx_word' id='word_1_618' title='bbox 248 4417 369 4473; x_wconf 66' lang='lat' dir='ltr'><strong>haec</strong></span> <span class='ocrx_word' id='word_1_619' title='bbox 394 4430 518 4471; x_wconf 91' lang='lat' dir='ltr'><strong>eum</strong></span> <span class='ocrx_word' id='word_1_620' title='bbox 557 4413 762 4471; x_wconf 89' lang='lat' dir='ltr'><strong>sentire</strong></span> <span class='ocrx_word' id='word_1_621' title='bbox 789 4413 1193 4482; x_wconf 83' lang='lat' dir='ltr'><strong>existimarem,</strong></span> <span class='ocrx_word' id='word_1_622' title='bbox 1236 4428 1340 4472; x_wconf 88' lang='lat' dir='ltr'><strong>nec</strong></span> <span class='ocrx_word' id='word_1_623' title='bbox 1382 4415 1453 4471; x_wconf 89' lang='lat' dir='ltr'><strong>ad</strong></span> <span class='ocrx_word' id='word_1_624' title='bbox 1499 4427 1836 4474; x_wconf 89' lang='lat' dir='ltr'><strong>sacramenta</strong></span> 
     </span>
    </p>
   </div>
   <div class='ocr_carea' id='block_1_75' title="bbox 249 4504 1837 4579">
    <p class='ocr_par' dir='ltr' id='par_1_75' title="bbox 249 4504 1837 4579">
     <span class='ocr_line' id='line_1_76' title="bbox 249 4504 1837 4579; baseline 0 -15"><span class='ocrx_word' id='word_1_625' title='bbox 249 4523 376 4564; x_wconf 91' lang='lat' dir='ltr'><strong>cum</strong></span> <span class='ocrx_word' id='word_1_626' title='bbox 402 4505 628 4579; x_wconf 88' lang='lat' dir='ltr'><strong>parvulo</strong></span> <span class='ocrx_word' id='word_1_627' title='bbox 650 4505 856 4562; x_wconf 88' lang='lat' dir='ltr'><strong>intrare</strong></span> <span class='ocrx_word' id='word_1_628' title='bbox 880 4504 1279 4575; x_wconf 86' lang='lat' dir='ltr'><strong>permitterem:</strong></span> <span class='ocrx_word' id='word_1_629' title='bbox 1305 4506 1421 4578; x_wconf 89' lang='lat' dir='ltr'><strong>ipse</strong></span> <span class='ocrx_word' id='word_1_630' title='bbox 1452 4516 1631 4564; x_wconf 88' lang='lat' dir='ltr'><strong>autem</strong></span> <span class='ocrx_word' id='word_1_631' title='bbox 1657 4508 1711 4563; x_wconf 93' lang='lat' dir='ltr'><strong>in</strong></span> <span class='ocrx_word' id='word_1_632' title='bbox 1733 4509 1837 4565; x_wconf 91' lang='lat' dir='ltr'><strong>hoc</strong></span> 
     </span>
    </p>
   </div>
   <div class='ocr_carea' id='block_1_76' title="bbox 247 4596 1836 4672">
    <p class='ocr_par' dir='ltr' id='par_1_76' title="bbox 247 4596 1836 4672">
     <span class='ocr_line' id='line_1_77' title="bbox 247 4596 1836 4672; baseline 0.001 -16"><span class='ocrx_word' id='word_1_633' title='bbox 247 4616 356 4672; x_wconf 86' lang='lat' dir='ltr'><strong>qua</strong></span> <span class='ocrx_word' id='word_1_634' title='bbox 372 4597 552 4657; x_wconf 88' lang='lat' dir='ltr'><strong>fronte</strong></span> <span class='ocrx_word' id='word_1_635' title='bbox 572 4598 640 4655; x_wconf 87' lang='lat' dir='ltr'><strong>ad</strong></span> <span class='ocrx_word' id='word_1_636' title='bbox 660 4596 930 4664; x_wconf 91' lang='lat' dir='ltr'><strong>homines,</strong></span> <span class='ocrx_word' id='word_1_637' title='bbox 950 4612 1057 4667; x_wconf 88' lang='lat' dir='ltr'><strong>qua</strong></span> <span class='ocrx_word' id='word_1_638' title='bbox 1074 4604 1255 4654; x_wconf 90' lang='lat' dir='ltr'><strong>mente</strong></span> <span class='ocrx_word' id='word_1_639' title='bbox 1277 4599 1347 4654; x_wconf 89' lang='lat' dir='ltr'><strong>ad</strong></span> <span class='ocrx_word' id='word_1_640' title='bbox 1372 4599 1541 4656; x_wconf 91' lang='lat' dir='ltr'><strong>Deum</strong></span> <span class='ocrx_word' id='word_1_641' title='bbox 1565 4615 1625 4658; x_wconf 90' lang='lat' dir='ltr'><strong>se</strong></span> <span class='ocrx_word' id='word_1_642' title='bbox 1648 4600 1836 4671; x_wconf 88' lang='lat' dir='ltr'><strong>ferret,</strong></span> 
     </span>
    </p>
   </div>
   <div class='ocr_carea' id='block_1_77' title="bbox 248 4692 488 4767">
    <p class='ocr_par' dir='ltr' id='par_1_77' title="bbox 248 4692 488 4767">
     <span class='ocr_line' id='line_1_78' title="bbox 248 4692 488 4767; baseline -0.004 -17"><span class='ocrx_word' id='word_1_643' title='bbox 248 4692 488 4767; x_wconf 58' lang='lat' dir='ltr'><strong>ignoro]</strong></span> 
     </span>
    </p>
   </div>
   <div class='ocr_carea' id='block_1_78' title="bbox 318 4781 1840 4858">
    <p class='ocr_par' dir='ltr' id='par_1_78' title="bbox 318 4781 1840 4858">
     <span class='ocr_line' id='line_1_79' title="bbox 318 4781 1840 4858; baseline 0.001 -15"><span class='ocrx_word' id='word_1_644' title='bbox 318 4788 403 4843; x_wconf 78' lang='lat' dir='ltr'><strong>Ex</strong></span> <span class='ocrx_word' id='word_1_645' title='bbox 429 4785 570 4841; x_wconf 88' lang='lat' dir='ltr'><strong>libro</strong></span> <span class='ocrx_word' id='word_1_646' title='bbox 599 4784 763 4842; x_wconf 89' lang='lat' dir='ltr'><strong>etiam</strong></span> <span class='ocrx_word' id='word_1_647' title='bbox 797 4781 1038 4854; x_wconf 84' lang='lat' dir='ltr'><strong>ejusdem</strong></span> <span class='ocrx_word' id='word_1_648' title='bbox 1068 4783 1217 4840; x_wconf 90' lang='lat' dir='ltr'><strong>beati</strong></span> <span class='ocrx_word' id='word_1_649' title='bbox 1246 4786 1484 4843; x_wconf 89' lang='lat' dir='ltr'><strong>doctoris</strong></span> <span class='ocrx_word' id='word_1_650' title='bbox 1503 4828 1519 4855; x_wconf 91' lang='lat'><strong>,</strong></span> <span class='ocrx_word' id='word_1_651' title='bbox 1543 4787 1636 4858; x_wconf 92' lang='lat' dir='ltr'><strong>qui</strong></span> <span class='ocrx_word' id='word_1_652' title='bbox 1677 4790 1840 4845; x_wconf 78' lang='lat' dir='ltr'><strong>usita-</strong></span> 
     </span>
    </p>
   </div>
   <div class='ocr_carea' id='block_1_79' title="bbox 248 4874 1839 4946">
    <p class='ocr_par' dir='ltr' id='par_1_79' title="bbox 248 4874 1839 4946">
     <span class='ocr_line' id='line_1_80' title="bbox 248 4874 1839 4946; baseline 0.002 -13"><span class='ocrx_word' id='word_1_653' title='bbox 248 4880 355 4935; x_wconf 80' lang='lat' dir='ltr'><strong>tius</strong></span> <span class='ocrx_word' id='word_1_654' title='bbox 399 4875 767 4932; x_wconf 83' lang='lat' dir='ltr'><strong>Encltiridiam</strong></span> <span class='ocrx_word' id='word_1_655' title='bbox 802 4874 1117 4946; x_wconf 80' lang='lat' dir='ltr'><strong>appellatur,</strong></span> <span class='ocrx_word' id='word_1_656' title='bbox 1155 4876 1223 4932; x_wconf 89' lang='lat' dir='ltr'><strong>ad</strong></span> <span class='ocrx_word' id='word_1_657' title='bbox 1263 4875 1505 4946; x_wconf 84' lang='lat' dir='ltr'><strong>ejusdem</strong></span> <span class='ocrx_word' id='word_1_658' title='bbox 1542 4879 1620 4935; x_wconf 86' lang='lat' dir='ltr'><strong>rei</strong></span> <span class='ocrx_word' id='word_1_659' title='bbox 1651 4879 1839 4936; x_wconf 87' lang='lat' dir='ltr'><strong>diluci-</strong></span> 
     </span>
    </p>
   </div>
   <div class='ocr_carea' id='block_1_80' title="bbox 250 4962 1839 5039">
    <p class='ocr_par' dir='ltr' id='par_1_80' title="bbox 250 4962 1839 5039">
     <span class='ocr_line' id='line_1_81' title="bbox 250 4962 1839 5039; baseline 0.001 -11"><span class='ocrx_word' id='word_1_660' title='bbox 250 4972 526 5028; x_wconf 90' lang='lat' dir='ltr'><strong>dationem</strong></span> <span class='ocrx_word' id='word_1_661' title='bbox 556 4962 873 5039; x_wconf 71' lang='lat' dir='ltr'><strong>haec&#39;pauca</strong></span> <span class='ocrx_word' id='word_1_662' title='bbox 908 4967 1244 5037; x_wconf 89' lang='lat' dir='ltr'><strong>decerpenda</strong></span> <span class='ocrx_word' id='word_1_663' title='bbox 1274 4976 1330 5024; x_wconf 88' lang='lat' dir='ltr'><strong>et</strong></span> <span class='ocrx_word' id='word_1_664' title='bbox 1369 4970 1674 5026; x_wconf 87' lang='lat' dir='ltr'><strong>adnotanda</strong></span> <span class='ocrx_word' id='word_1_665' title='bbox 1716 4987 1839 5029; x_wconf 68' lang='grc' dir='ltr'><strong>(ει-θ-</strong></span> 
     </span>
    </p>
   </div>
   <div class='ocr_carea' id='block_1_81' title="bbox 248 5058 1834 5136">
    <p class='ocr_par' dir='ltr' id='par_1_81' title="bbox 248 5058 1834 5136">
     <span class='ocr_line' id='line_1_82' title="bbox 248 5058 1834 5136; baseline 0.001 -17"><span class='ocrx_word' id='word_1_666' title='bbox 248 5063 487 5119; x_wconf 90' lang='lat' dir='ltr'><strong>didimus</strong></span> <span class='ocrx_word' id='word_1_667' title='bbox 524 5060 768 5134; x_wconf 83' lang='lat' dir='ltr'><strong>(Enclu&#39;r.</strong></span> <span class='ocrx_word' id='word_1_668' title='bbox 818 5074 939 5131; x_wconf 90' lang='lat' dir='ltr'><strong>cap.</strong></span> <span class='ocrx_word' id='word_1_669' title='bbox 991 5058 1201 5132; x_wconf 73' lang='lat'><strong>25-26).</strong></span> <span class='ocrx_word' id='word_1_670' title='bbox 1250 5059 1344 5115; x_wconf 81' lang='lat' dir='ltr'><strong>Ait</strong></span> <span class='ocrx_word' id='word_1_671' title='bbox 1388 5075 1667 5130; x_wconf 89' lang='lat' dir='ltr'><strong>namque:</strong></span> <span class='ocrx_word' id='word_1_672' title='bbox 1699 5061 1834 5136; x_wconf 91' lang='lat' dir='ltr'><strong>[Sed</strong></span> 
     </span>
    </p>
   </div>
   <div class='ocr_carea' id='block_1_82' title="bbox 248 5150 1833 5222">
    <p class='ocr_par' dir='ltr' id='par_1_82' title="bbox 248 5150 1833 5222">
     <span class='ocr_line' id='line_1_83' title="bbox 248 5150 1833 5222; baseline 0.001 -13"><span class='ocrx_word' id='word_1_673' title='bbox 248 5152 415 5209; x_wconf 82' lang='lat' dir='ltr'><strong>homo</strong></span> <span class='ocrx_word' id='word_1_674' title='bbox 448 5151 613 5207; x_wconf 88' lang='lat' dir='ltr'><strong>habet</strong></span> <span class='ocrx_word' id='word_1_675' title='bbox 648 5163 863 5221; x_wconf 72' lang='lat' dir='ltr'><strong>pmuam</strong></span> <span class='ocrx_word' id='word_1_676' title='bbox 897 5150 1193 5221; x_wconf 87' lang='lat' dir='ltr'><strong>propriam,</strong></span> <span class='ocrx_word' id='word_1_677' title='bbox 1232 5166 1339 5221; x_wconf 87' lang='lat' dir='ltr'><strong>qua</strong></span> <span class='ocrx_word' id='word_1_678' title='bbox 1369 5152 1615 5222; x_wconf 87' lang='lat' dir='ltr'><strong>corporis</strong></span> <span class='ocrx_word' id='word_1_679' title='bbox 1656 5162 1833 5211; x_wconf 90' lang='lat' dir='ltr'><strong>morte</strong></span> 
     </span>
    </p>
   </div>
   <div class='ocr_carea' id='block_1_83' title="bbox 248 5241 1832 5316">
    <p class='ocr_par' dir='ltr' id='par_1_83' title="bbox 248 5241 1832 5316">
     <span class='ocr_line' id='line_1_84' title="bbox 248 5241 1832 5316; baseline 0.002 -15"><span class='ocrx_word' id='word_1_680' title='bbox 248 5244 469 5316; x_wconf 90' lang='lat' dir='ltr'><strong>punitus</strong></span> <span class='ocrx_word' id='word_1_681' title='bbox 505 5254 608 5299; x_wconf 88' lang='lat' dir='ltr'><strong>est.</strong></span> <span class='ocrx_word' id='word_1_682' title='bbox 640 5242 829 5299; x_wconf 85' lang='lat' dir='ltr'><strong>Mortis</strong></span> <span class='ocrx_word' id='word_1_683' title='bbox 856 5241 906 5298; x_wconf 91' lang='lat' dir='ltr'><strong>ei</strong></span> <span class='ocrx_word' id='word_1_684' title='bbox 930 5242 1128 5314; x_wconf 87' lang='lat' dir='ltr'><strong>quippe</strong></span> <span class='ocrx_word' id='word_1_685' title='bbox 1170 5244 1490 5316; x_wconf 90' lang='lat' dir='ltr'><strong>supplicium</strong></span> <span class='ocrx_word' id='word_1_686' title='bbox 1517 5246 1659 5303; x_wconf 90' lang='lat' dir='ltr'><strong>Deus</strong></span> <span class='ocrx_word' id='word_1_687' title='bbox 1683 5262 1832 5304; x_wconf 88' lang='lat' dir='ltr'><strong>com-</strong></span> 
     </span>
    </p>
   </div>
   <div class='ocr_carea' id='block_1_84' title="bbox 249 5333 1828 5404">
    <p class='ocr_par' dir='ltr' id='par_1_84' title="bbox 249 5333 1828 5404">
     <span class='ocr_line' id='line_1_85' title="bbox 249 5333 1828 5404; baseline 0.004 -15"><span class='ocrx_word' id='word_1_688' title='bbox 249 5336 487 5389; x_wconf 90' lang='lat' dir='ltr'><strong>minatus</strong></span> <span class='ocrx_word' id='word_1_689' title='bbox 523 5333 720 5401; x_wconf 85' lang='lat' dir='ltr'><strong>fuerat,</strong></span> <span class='ocrx_word' id='word_1_690' title='bbox 756 5334 802 5389; x_wconf 90' lang='lat' dir='ltr'><strong>si</strong></span> <span class='ocrx_word' id='word_1_691' title='bbox 836 5341 1128 5404; x_wconf 88' lang='lat' dir='ltr'><strong>peccaret:</strong></span> <span class='ocrx_word' id='word_1_692' title='bbox 1160 5334 1240 5391; x_wconf 92' lang='lat' dir='ltr'><strong>sie</strong></span> <span class='ocrx_word' id='word_1_693' title='bbox 1277 5351 1400 5392; x_wconf 92' lang='lat' dir='ltr'><strong>eum</strong></span> <span class='ocrx_word' id='word_1_694' title='bbox 1439 5353 1732 5395; x_wconf 90' lang='lat' dir='ltr'><strong>munerans</strong></span> <span class='ocrx_word' id='word_1_695' title='bbox 1760 5341 1828 5397; x_wconf 87' lang='lat' dir='ltr'><strong>li-</strong></span> 
     </span>
    </p>
   </div>
   <div class='ocr_carea' id='block_1_85' title="bbox 248 5425 1833 5500">
    <p class='ocr_par' dir='ltr' id='par_1_85' title="bbox 248 5425 1833 5500">
     <span class='ocr_line' id='line_1_86' title="bbox 248 5425 1833 5500; baseline 0.004 -19"><span class='ocrx_word' id='word_1_696' title='bbox 248 5427 381 5483; x_wconf 84' lang='lat' dir='ltr'><strong>bero</strong></span> <span class='ocrx_word' id='word_1_697' title='bbox 428 5425 677 5492; x_wconf 89' lang='lat' dir='ltr'><strong>arbitrio,</strong></span> <span class='ocrx_word' id='word_1_698' title='bbox 723 5436 780 5480; x_wconf 91' lang='lat' dir='ltr'><strong>ut</strong></span> <span class='ocrx_word' id='word_1_699' title='bbox 829 5435 1008 5481; x_wconf 90' lang='lat' dir='ltr'><strong>tamen</strong></span> <span class='ocrx_word' id='word_1_700' title='bbox 1047 5437 1259 5498; x_wconf 89' lang='lat' dir='ltr'><strong>regeret</strong></span> <span class='ocrx_word' id='word_1_701' title='bbox 1308 5428 1557 5500; x_wconf 88' lang='lat' dir='ltr'><strong>imperio,</strong></span> <span class='ocrx_word' id='word_1_702' title='bbox 1601 5440 1833 5488; x_wconf 89' lang='lat' dir='ltr'><strong>terreret</strong></span> 
     </span>
    </p>
   </div>
   <div class='ocr_carea' id='block_1_86' title="bbox 248 5516 1829 5591">
    <p class='ocr_par' dir='ltr' id='par_1_86' title="bbox 248 5516 1829 5591">
     <span class='ocr_line' id='line_1_87' title="bbox 248 5516 1829 5591; baseline 0.004 -18"><span class='ocrx_word' id='word_1_703' title='bbox 248 5517 446 5584; x_wconf 79' lang='lat' dir='ltr'><strong>exitio,</strong></span> <span class='ocrx_word' id='word_1_704' title='bbox 480 5524 639 5588; x_wconf 89' lang='lat' dir='ltr'><strong>atque</strong></span> <span class='ocrx_word' id='word_1_705' title='bbox 664 5518 717 5573; x_wconf 92' lang='lat' dir='ltr'><strong>in</strong></span> <span class='ocrx_word' id='word_1_706' title='bbox 742 5517 982 5589; x_wconf 89' lang='lat' dir='ltr'><strong>paradisi</strong></span> <span class='ocrx_word' id='word_1_707' title='bbox 1012 5516 1272 5573; x_wconf 88' lang='lat' dir='ltr'><strong>felicitate</strong></span> <span class='ocrx_word' id='word_1_708' title='bbox 1297 5559 1312 5584; x_wconf 92' lang='lat'><strong>,</strong></span> <span class='ocrx_word' id='word_1_709' title='bbox 1345 5529 1600 5591; x_wconf 85' lang='lat' dir='ltr'><strong>tanquam</strong></span> <span class='ocrx_word' id='word_1_710' title='bbox 1631 5523 1684 5578; x_wconf 92' lang='lat' dir='ltr'><strong>in</strong></span> <span class='ocrx_word' id='word_1_711' title='bbox 1708 5538 1829 5578; x_wconf 84' lang='lat' dir='ltr'><strong>um-</strong></span> 
     </span>
    </p>
   </div>
   <div class='ocr_carea' id='block_1_87' title="bbox 249 5610 1835 5681">
    <p class='ocr_par' dir='ltr' id='par_1_87' title="bbox 249 5610 1835 5681">
     <span class='ocr_line' id='line_1_88' title="bbox 249 5610 1835 5681; baseline 0.004 -15"><span class='ocrx_word' id='word_1_712' title='bbox 249 5610 345 5666; x_wconf 88' lang='lat' dir='ltr'><strong>bra</strong></span> <span class='ocrx_word' id='word_1_713' title='bbox 372 5612 526 5677; x_wconf 66' lang='lat' dir='ltr'><strong>vitae,</strong></span> <span class='ocrx_word' id='word_1_714' title='bbox 551 5612 691 5666; x_wconf 90' lang='lat' dir='ltr'><strong>unde</strong></span> <span class='ocrx_word' id='word_1_715' title='bbox 712 5611 924 5681; x_wconf 89' lang='lat' dir='ltr'><strong>justitia</strong></span> <span class='ocrx_word' id='word_1_716' title='bbox 949 5612 1218 5667; x_wconf 89' lang='lat' dir='ltr'><strong>custodita</strong></span> <span class='ocrx_word' id='word_1_717' title='bbox 1246 5612 1298 5666; x_wconf 91' lang='lat' dir='ltr'><strong>in</strong></span> <span class='ocrx_word' id='word_1_718' title='bbox 1323 5614 1545 5671; x_wconf 90' lang='lat' dir='ltr'><strong>meliora</strong></span> <span class='ocrx_word' id='word_1_719' title='bbox 1570 5630 1835 5675; x_wconf 90' lang='lat' dir='ltr'><strong>conscen-</strong></span> 
     </span>
    </p>
   </div>
   <div class='ocr_carea' id='block_1_88' title="bbox 250 5703 1828 5781">
    <p class='ocr_par' dir='ltr' id='par_1_88' title="bbox 250 5703 1828 5781">
     <span class='ocr_line' id='line_1_89' title="bbox 250 5703 1828 5781; baseline 0.004 -21"><span class='ocrx_word' id='word_1_720' title='bbox 250 5706 423 5772; x_wconf 90' lang='lat' dir='ltr'><strong>deret,</strong></span> <span class='ocrx_word' id='word_1_721' title='bbox 452 5703 752 5762; x_wconf 87' lang='lat' dir='ltr'><strong>collocavit.</strong></span> <span class='ocrx_word' id='word_1_722' title='bbox 778 5705 915 5763; x_wconf 81' lang='lat' dir='ltr'><strong>llinc</strong></span> <span class='ocrx_word' id='word_1_723' title='bbox 936 5715 1057 5777; x_wconf 91' lang='lat' dir='ltr'><strong>post</strong></span> <span class='ocrx_word' id='word_1_724' title='bbox 1082 5715 1363 5779; x_wconf 88' lang='lat' dir='ltr'><strong>peccatum</strong></span> <span class='ocrx_word' id='word_1_725' title='bbox 1398 5710 1552 5765; x_wconf 77' lang='lat' dir='ltr'><strong>exsul</strong></span> <span class='ocrx_word' id='word_1_726' title='bbox 1584 5709 1828 5781; x_wconf 80' lang='lat' dir='ltr'><strong>ell&#39;ectus,</strong></span> 
     </span>
    </p>
   </div>
   <div class='ocr_carea' id='block_1_89' title="bbox 249 5797 1826 5897">
    <p class='ocr_par' dir='ltr' id='par_1_89' title="bbox 249 5797 1826 5897">
     <span class='ocr_line' id='line_1_90' title="bbox 249 5797 1826 5897; baseline 0.009 -46"><span class='ocrx_word' id='word_1_727' title='bbox 249 5797 469 5868; x_wconf 80' lang='lat' dir='ltr'><strong>stirpem</strong></span> <span class='ocrx_word' id='word_1_728' title='bbox 490 5814 704 5870; x_wconf 90' lang='lat' dir='ltr'><strong>quoque</strong></span> <span class='ocrx_word' id='word_1_729' title='bbox 724 5816 902 5867; x_wconf 87' lang='lat' dir='ltr'><strong>suam,</strong></span> <span class='ocrx_word' id='word_1_730' title='bbox 924 5818 1087 5872; x_wconf 88' lang='lat' dir='ltr'><strong>quam</strong></span> <span class='ocrx_word' id='word_1_731' title='bbox 1111 5802 1385 5897; x_wconf 69' lang='lat' dir='ltr'><strong>peccando</strong></span> <span class='ocrx_word' id='word_1_732' title='bbox 1413 5803 1466 5858; x_wconf 90' lang='lat' dir='ltr'><strong>in</strong></span> <span class='ocrx_word' id='word_1_733' title='bbox 1490 5820 1548 5860; x_wconf 91' lang='lat' dir='ltr'><strong>se</strong></span> <span class='ocrx_word' id='word_1_734' title='bbox 1572 5812 1826 5878; x_wconf 90' lang='lat' dir='ltr'><strong>tanquam</strong></span> 
     </span>
    </p>
   </div>
   <div class='ocr_carea' id='block_1_90' title="bbox 1945 3310 3529 3386">
    <p class='ocr_par' dir='ltr' id='par_1_90' title="bbox 1945 3310 3529 3386">
     <span class='ocr_line' id='line_1_91' title="bbox 1945 3310 3529 3386; baseline -0.001 -17"><span class='ocrx_word' id='word_1_735' title='bbox 1945 3314 2157 3386; x_wconf 90' lang='lat' dir='ltr'><strong>piorum</strong></span> <span class='ocrx_word' id='word_1_736' title='bbox 2182 3312 2329 3369; x_wconf 90' lang='lat' dir='ltr'><strong>nulla</strong></span> <span class='ocrx_word' id='word_1_737' title='bbox 2362 3321 2447 3369; x_wconf 90' lang='lat' dir='ltr'><strong>est</strong></span> <span class='ocrx_word' id='word_1_738' title='bbox 2476 3311 2811 3383; x_wconf 85' lang='lat' dir='ltr'><strong>angelorum,</strong></span> <span class='ocrx_word' id='word_1_739' title='bbox 2835 3328 2943 3367; x_wconf 91' lang='lat' dir='ltr'><strong>non</strong></span> <span class='ocrx_word' id='word_1_740' title='bbox 2967 3311 3240 3367; x_wconf 88' lang='lat' dir='ltr'><strong>immerito</strong></span> <span class='ocrx_word' id='word_1_741' title='bbox 3267 3310 3442 3379; x_wconf 81' lang='lat' dir='ltr'><strong>fieret,</strong></span> <span class='ocrx_word' id='word_1_742' title='bbox 3467 3320 3529 3368; x_wconf 94' lang='lat' dir='ltr'><strong>ut</strong></span> 
     </span>
    </p>
   </div>
   <div class='ocr_carea' id='block_1_91' title="bbox 1945 3402 3529 3477">
    <p class='ocr_par' dir='ltr' id='par_1_91' title="bbox 1945 3402 3529 3477">
     <span class='ocr_line' id='line_1_92' title="bbox 1945 3402 3529 3477; baseline -0.003 -14"><span class='ocrx_word' id='word_1_743' title='bbox 1945 3415 2139 3464; x_wconf 89' lang='lat' dir='ltr'><strong>natura</strong></span> <span class='ocrx_word' id='word_1_744' title='bbox 2188 3421 2310 3477; x_wconf 70' lang='lat' dir='ltr'><strong>qua:</strong></span> <span class='ocrx_word' id='word_1_745' title='bbox 2364 3406 2535 3461; x_wconf 90' lang='lat' dir='ltr'><strong>Deum</strong></span> <span class='ocrx_word' id='word_1_746' title='bbox 2585 3404 2845 3469; x_wconf 90' lang='lat' dir='ltr'><strong>deseruit,</strong></span> <span class='ocrx_word' id='word_1_747' title='bbox 2898 3417 3020 3473; x_wconf 83' lang='lat' dir='ltr'><strong>quae</strong></span> <span class='ocrx_word' id='word_1_748' title='bbox 3062 3410 3391 3474; x_wconf 63' lang='lat' dir='ltr'><strong>praeceptum</strong></span> <span class='ocrx_word' id='word_1_749' title='bbox 3445 3402 3529 3459; x_wconf 88' lang='lat' dir='ltr'><strong>sui</strong></span> 
     </span>
    </p>
   </div>
   <div class='ocr_carea' id='block_1_92' title="bbox 1946 3493 3531 3568">
    <p class='ocr_par' dir='ltr' id='par_1_92' title="bbox 1946 3493 3531 3568">
     <span class='ocr_line' id='line_1_93' title="bbox 1946 3493 3531 3568; baseline -0.002 -14"><span class='ocrx_word' id='word_1_750' title='bbox 1946 3498 2222 3554; x_wconf 85' lang='lat' dir='ltr'><strong>Creatoris</strong></span> <span class='ocrx_word' id='word_1_751' title='bbox 2250 3496 2416 3568; x_wconf 92' lang='lat' dir='ltr'><strong>(quod</strong></span> <span class='ocrx_word' id='word_1_752' title='bbox 2442 3496 2717 3554; x_wconf 90' lang='lat' dir='ltr'><strong>custodire</strong></span> <span class='ocrx_word' id='word_1_753' title='bbox 2746 3494 3003 3553; x_wconf 83' lang='lat' dir='ltr'><strong>facillime</strong></span> <span class='ocrx_word' id='word_1_754' title='bbox 3031 3493 3236 3566; x_wconf 89' lang='lat' dir='ltr'><strong>posset)</strong></span> <span class='ocrx_word' id='word_1_755' title='bbox 3263 3509 3361 3550; x_wconf 88' lang='lat' dir='ltr'><strong>sua</strong></span> <span class='ocrx_word' id='word_1_756' title='bbox 3389 3493 3531 3551; x_wconf 88' lang='lat' dir='ltr'><strong>male</strong></span> 
     </span>
    </p>
   </div>
   <div class='ocr_carea' id='block_1_93' title="bbox 1945 3587 3529 3660">
    <p class='ocr_par' dir='ltr' id='par_1_93' title="bbox 1945 3587 3529 3660">
     <span class='ocr_line' id='line_1_94' title="bbox 1945 3587 3529 3660; baseline -0.001 -15"><span class='ocrx_word' id='word_1_757' title='bbox 1945 3598 2103 3645; x_wconf 91' lang='lat' dir='ltr'><strong>utens</strong></span> <span class='ocrx_word' id='word_1_758' title='bbox 2124 3596 2394 3659; x_wconf 84' lang='lat' dir='ltr'><strong>potestate</strong></span> <span class='ocrx_word' id='word_1_759' title='bbox 2424 3587 2674 3654; x_wconf 89' lang='lat' dir='ltr'><strong>calcavit,</strong></span> <span class='ocrx_word' id='word_1_760' title='bbox 2705 3594 2867 3660; x_wconf 85' lang='lat' dir='ltr'><strong>atque</strong></span> <span class='ocrx_word' id='word_1_761' title='bbox 2901 3596 3238 3660; x_wconf 87' lang='lat' dir='ltr'><strong>transgressa</strong></span> <span class='ocrx_word' id='word_1_762' title='bbox 3257 3594 3378 3655; x_wconf 89' lang='lat' dir='ltr'><strong>est;</strong></span> <span class='ocrx_word' id='word_1_763' title='bbox 3407 3600 3529 3658; x_wconf 68' lang='lat' dir='ltr'><strong>quae</strong></span> 
     </span>
    </p>
   </div>
   <div class='ocr_carea' id='block_1_94' title="bbox 1945 3678 3531 3752">
    <p class='ocr_par' dir='ltr' id='par_1_94' title="bbox 1945 3678 3531 3752">
     <span class='ocr_line' id='line_1_95' title="bbox 1945 3678 3531 3752; baseline 0.001 -16"><span class='ocrx_word' id='word_1_764' title='bbox 1945 3681 1998 3736; x_wconf 90' lang='lat' dir='ltr'><strong>in</strong></span> <span class='ocrx_word' id='word_1_765' title='bbox 2030 3696 2090 3737; x_wconf 90' lang='lat' dir='ltr'><strong>se</strong></span> <span class='ocrx_word' id='word_1_766' title='bbox 2118 3680 2201 3735; x_wconf 90' lang='lat' dir='ltr'><strong>sui</strong></span> <span class='ocrx_word' id='word_1_767' title='bbox 2240 3679 2549 3736; x_wconf 89' lang='lat' dir='ltr'><strong>Conditoris</strong></span> <span class='ocrx_word' id='word_1_768' title='bbox 2576 3680 2865 3752; x_wconf 88' lang='lat' dir='ltr'><strong>imaginem</strong></span> <span class='ocrx_word' id='word_1_769' title='bbox 2893 3681 2960 3737; x_wconf 90' lang='lat' dir='ltr'><strong>ab</strong></span> <span class='ocrx_word' id='word_1_770' title='bbox 2987 3678 3105 3749; x_wconf 89' lang='lat' dir='ltr'><strong>ejus</strong></span> <span class='ocrx_word' id='word_1_771' title='bbox 3147 3679 3352 3737; x_wconf 88' lang='lat' dir='ltr'><strong>lumine</strong></span> <span class='ocrx_word' id='word_1_772' title='bbox 3399 3694 3531 3737; x_wconf 85' lang='lat' dir='ltr'><strong>con-</strong></span> 
     </span>
    </p>
   </div>
   <div class='ocr_carea' id='block_1_95' title="bbox 1945 3772 3529 3843">
    <p class='ocr_par' dir='ltr' id='par_1_95' title="bbox 1945 3772 3529 3843">
     <span class='ocr_line' id='line_1_96' title="bbox 1945 3772 3529 3843; baseline -0.001 -16"><span class='ocrx_word' id='word_1_773' title='bbox 1945 3773 2231 3828; x_wconf 88' lang='lat' dir='ltr'><strong>tumaciter</strong></span> <span class='ocrx_word' id='word_1_774' title='bbox 2282 3787 2527 3829; x_wconf 88' lang='lat' dir='ltr'><strong>aversam</strong></span> <span class='ocrx_word' id='word_1_775' title='bbox 2558 3772 2821 3839; x_wconf 87' lang='lat' dir='ltr'><strong>violavit;</strong></span> <span class='ocrx_word' id='word_1_776' title='bbox 2872 3787 2993 3843; x_wconf 69' lang='lat' dir='ltr'><strong>quae</strong></span> <span class='ocrx_word' id='word_1_777' title='bbox 3040 3772 3313 3830; x_wconf 88' lang='lat' dir='ltr'><strong>salubrem</strong></span> <span class='ocrx_word' id='word_1_778' title='bbox 3356 3772 3529 3828; x_wconf 90' lang='lat' dir='ltr'><strong>servi-</strong></span> 
     </span>
    </p>
   </div>
   <div class='ocr_carea' id='block_1_96' title="bbox 1944 3864 3522 3940">
    <p class='ocr_par' dir='ltr' id='par_1_96' title="bbox 1944 3864 3522 3940">
     <span class='ocr_line' id='line_1_97' title="bbox 1944 3864 3522 3940; baseline -0.001 -18"><span class='ocrx_word' id='word_1_779' title='bbox 1944 3876 2112 3922; x_wconf 87' lang='lat' dir='ltr'><strong>tutem</strong></span> <span class='ocrx_word' id='word_1_780' title='bbox 2144 3867 2211 3921; x_wconf 90' lang='lat' dir='ltr'><strong>ab</strong></span> <span class='ocrx_word' id='word_1_781' title='bbox 2241 3867 2357 3938; x_wconf 87' lang='lat' dir='ltr'><strong>ejus</strong></span> <span class='ocrx_word' id='word_1_782' title='bbox 2379 3866 2588 3940; x_wconf 88' lang='lat' dir='ltr'><strong>legibus</strong></span> <span class='ocrx_word' id='word_1_783' title='bbox 2625 3866 2766 3923; x_wconf 90' lang='lat' dir='ltr'><strong>male</strong></span> <span class='ocrx_word' id='word_1_784' title='bbox 2790 3864 2963 3922; x_wconf 90' lang='lat' dir='ltr'><strong>libero</strong></span> <span class='ocrx_word' id='word_1_785' title='bbox 3010 3866 3230 3937; x_wconf 88' lang='lat' dir='ltr'><strong>abrupit</strong></span> <span class='ocrx_word' id='word_1_786' title='bbox 3273 3864 3522 3932; x_wconf 90' lang='lat' dir='ltr'><strong>arbitrio,</strong></span> 
     </span>
    </p>
   </div>
   <div class='ocr_carea' id='block_1_97' title="bbox 1942 3958 3528 4029">
    <p class='ocr_par' dir='ltr' id='par_1_97' title="bbox 1942 3958 3528 4029">
     <span class='ocr_line' id='line_1_98' title="bbox 1942 3958 3528 4029; baseline -0.001 -14"><span class='ocrx_word' id='word_1_787' title='bbox 1942 3960 2196 4015; x_wconf 87' lang='lat' dir='ltr'><strong>universa</strong></span> <span class='ocrx_word' id='word_1_788' title='bbox 2220 3958 2274 4015; x_wconf 92' lang='lat' dir='ltr'><strong>iu</strong></span> <span class='ocrx_word' id='word_1_789' title='bbox 2306 3967 2568 4016; x_wconf 78' lang='lat' dir='ltr'><strong>aeternum</strong></span> <span class='ocrx_word' id='word_1_790' title='bbox 2596 3959 2939 4016; x_wconf 89' lang='lat' dir='ltr'><strong>desereretur</strong></span> <span class='ocrx_word' id='word_1_791' title='bbox 2977 3959 3046 4015; x_wconf 85' lang='lat' dir='ltr'><strong>ab</strong></span> <span class='ocrx_word' id='word_1_792' title='bbox 3074 3962 3163 4025; x_wconf 81' lang='lat' dir='ltr'><strong>eo,</strong></span> <span class='ocrx_word' id='word_1_793' title='bbox 3192 3965 3247 4014; x_wconf 91' lang='lat' dir='ltr'><strong>et</strong></span> <span class='ocrx_word' id='word_1_794' title='bbox 3285 3972 3387 4029; x_wconf 90' lang='lat' dir='ltr'><strong>pro</strong></span> <span class='ocrx_word' id='word_1_795' title='bbox 3427 3972 3528 4015; x_wconf 89' lang='lat' dir='ltr'><strong>suo</strong></span> 
     </span>
    </p>
   </div>
   <div class='ocr_carea' id='block_1_98' title="bbox 1941 4049 3527 4123">
    <p class='ocr_par' dir='ltr' id='par_1_98' title="bbox 1941 4049 3527 4123">
     <span class='ocr_line' id='line_1_99' title="bbox 1941 4049 3527 4123; baseline -0.001 -16"><span class='ocrx_word' id='word_1_796' title='bbox 1941 4051 2138 4108; x_wconf 89' lang='lat' dir='ltr'><strong>merito</strong></span> <span class='ocrx_word' id='word_1_797' title='bbox 2166 4064 2383 4122; x_wconf 73' lang='lat' dir='ltr'><strong>pmnam</strong></span> <span class='ocrx_word' id='word_1_798' title='bbox 2431 4050 2692 4123; x_wconf 89' lang='lat' dir='ltr'><strong>penderet</strong></span> <span class='ocrx_word' id='word_1_799' title='bbox 2722 4051 3126 4121; x_wconf 87' lang='lat' dir='ltr'><strong>sempiternam.</strong></span> <span class='ocrx_word' id='word_1_800' title='bbox 3152 4049 3319 4107; x_wconf 87' lang='lat' dir='ltr'><strong>Plane</strong></span> <span class='ocrx_word' id='word_1_801' title='bbox 3342 4050 3419 4105; x_wconf 88' lang='lat' dir='ltr'><strong>ita</strong></span> <span class='ocrx_word' id='word_1_802' title='bbox 3447 4049 3527 4106; x_wconf 87' lang='lat' dir='ltr'><strong>fa-</strong></span> 
     </span>
    </p>
   </div>
   <div class='ocr_carea' id='block_1_99' title="bbox 1940 4144 3522 4216">
    <p class='ocr_par' dir='ltr' id='par_1_99' title="bbox 1940 4144 3522 4216">
     <span class='ocr_line' id='line_1_100' title="bbox 1940 4144 3522 4216; baseline -0.003 -13"><span class='ocrx_word' id='word_1_803' title='bbox 1940 4156 2109 4212; x_wconf 88' lang='lat' dir='ltr'><strong>ceret,</strong></span> <span class='ocrx_word' id='word_1_804' title='bbox 2139 4147 2184 4202; x_wconf 90' lang='lat' dir='ltr'><strong>si</strong></span> <span class='ocrx_word' id='word_1_805' title='bbox 2212 4154 2422 4202; x_wconf 90' lang='lat' dir='ltr'><strong>tantum</strong></span> <span class='ocrx_word' id='word_1_806' title='bbox 2444 4144 2647 4216; x_wconf 87' lang='lat' dir='ltr'><strong>justus,</strong></span> <span class='ocrx_word' id='word_1_807' title='bbox 2673 4160 2784 4201; x_wconf 90' lang='lat' dir='ltr'><strong>non</strong></span> <span class='ocrx_word' id='word_1_808' title='bbox 2807 4144 2976 4201; x_wconf 90' lang='lat' dir='ltr'><strong>etiam</strong></span> <span class='ocrx_word' id='word_1_809' title='bbox 3004 4144 3315 4201; x_wconf 88' lang='lat' dir='ltr'><strong>misericors</strong></span> <span class='ocrx_word' id='word_1_810' title='bbox 3357 4152 3522 4210; x_wconf 89' lang='lat' dir='ltr'><strong>esset,</strong></span> 
     </span>
    </p>
   </div>
   <div class='ocr_carea' id='block_1_100' title="bbox 1941 4222 3527 4311">
    <p class='ocr_par' dir='ltr' id='par_1_100' title="bbox 1941 4222 3527 4311">
     <span class='ocr_line' id='line_1_101' title="bbox 1941 4222 3527 4311; baseline -0.002 -14"><span class='ocrx_word' id='word_1_811' title='bbox 1941 4254 2203 4311; x_wconf 88' lang='lat' dir='ltr'><strong>suamque</strong></span> <span class='ocrx_word' id='word_1_812' title='bbox 2227 4238 2655 4296; x_wconf 88' lang='lat' dir='ltr'><strong>misericordiam</strong></span> <span class='ocrx_word' id='word_1_813' title='bbox 2684 4237 2854 4294; x_wconf 90' lang='lat' dir='ltr'><strong>multo</strong></span> <span class='ocrx_word' id='word_1_814' title='bbox 2875 4237 3176 4309; x_wconf 88' lang='lat' dir='ltr'><strong>evidentius</strong></span> <span class='ocrx_word' id='word_1_815' title='bbox 3200 4238 3253 4293; x_wconf 92' lang='lat' dir='ltr'><strong>in</strong></span> <span class='ocrx_word' id='word_1_816' title='bbox 3282 4222 3527 4308; x_wconf 78' lang='lat' dir='ltr'><strong>indigno-</strong></span> 
     </span>
    </p>
   </div>
   <div class='ocr_carea' id='block_1_101' title="bbox 1940 4328 3019 4405">
    <p class='ocr_par' dir='ltr' id='par_1_101' title="bbox 1940 4328 3019 4405">
     <span class='ocr_line' id='line_1_102' title="bbox 1940 4328 3019 4405; baseline -0.005 -16"><span class='ocrx_word' id='word_1_817' title='bbox 1940 4348 2058 4389; x_wconf 91' lang='lat' dir='ltr'><strong>rum</strong></span> <span class='ocrx_word' id='word_1_818' title='bbox 2085 4332 2263 4405; x_wconf 92' lang='lat' dir='ltr'><strong>potius</strong></span> <span class='ocrx_word' id='word_1_819' title='bbox 2299 4331 2619 4388; x_wconf 88' lang='lat' dir='ltr'><strong>liberatione</strong></span> <span class='ocrx_word' id='word_1_820' title='bbox 2643 4328 3019 4402; x_wconf 84' lang='lat' dir='ltr'><strong>monstraret.]</strong></span> 
     </span>
    </p>
   </div>
   <div class='ocr_carea' id='block_1_102' title="bbox 2007 4419 3525 4495">
    <p class='ocr_par' dir='ltr' id='par_1_102' title="bbox 2007 4419 3525 4495">
     <span class='ocr_line' id='line_1_103' title="bbox 2007 4419 3525 4495; baseline -0.002 -17"><span class='ocrx_word' id='word_1_821' title='bbox 2007 4422 2139 4479; x_wconf 91' lang='lat' dir='ltr'><strong>ltem</strong></span> <span class='ocrx_word' id='word_1_822' title='bbox 2187 4423 2323 4495; x_wconf 87' lang='lat' dir='ltr'><strong>(cap.</strong></span> <span class='ocrx_word' id='word_1_823' title='bbox 2372 4422 2466 4489; x_wconf 82' lang='lat'><strong>50,</strong></span> <span class='ocrx_word' id='word_1_824' title='bbox 2512 4421 2641 4493; x_wconf 73' lang='lat'><strong>51):</strong></span> <span class='ocrx_word' id='word_1_825' title='bbox 2692 4419 2807 4495; x_wconf 65' lang='lat' dir='ltr'><strong>[ille</strong></span> <span class='ocrx_word' id='word_1_826' title='bbox 2832 4435 2973 4476; x_wconf 88' lang='lat' dir='ltr'><strong>unus</strong></span> <span class='ocrx_word' id='word_1_827' title='bbox 3022 4434 3189 4476; x_wconf 88' lang='lat' dir='ltr'><strong>unum</strong></span> <span class='ocrx_word' id='word_1_828' title='bbox 3241 4427 3525 4491; x_wconf 86' lang='lat' dir='ltr'><strong>peccatum</strong></span> 
     </span>
    </p>
   </div>
   <div class='ocr_carea' id='block_1_103' title="bbox 1944 4512 3527 4583">
    <p class='ocr_par' dir='ltr' id='par_1_103' title="bbox 1944 4512 3527 4583">
     <span class='ocr_line' id='line_1_104' title="bbox 1944 4512 3527 4583; baseline -0.001 -12"><span class='ocrx_word' id='word_1_829' title='bbox 1944 4515 2093 4571; x_wconf 90' lang='lat' dir='ltr'><strong>misit</strong></span> <span class='ocrx_word' id='word_1_830' title='bbox 2120 4515 2175 4569; x_wconf 93' lang='lat' dir='ltr'><strong>in</strong></span> <span class='ocrx_word' id='word_1_831' title='bbox 2220 4513 2512 4583; x_wconf 89' lang='lat' dir='ltr'><strong>mundum;</strong></span> <span class='ocrx_word' id='word_1_832' title='bbox 2566 4516 2670 4572; x_wconf 89' lang='lat' dir='ltr'><strong>iste</strong></span> <span class='ocrx_word' id='word_1_833' title='bbox 2696 4529 2827 4571; x_wconf 90' lang='lat' dir='ltr'><strong>vero</strong></span> <span class='ocrx_word' id='word_1_834' title='bbox 2856 4529 2996 4570; x_wconf 91' lang='lat' dir='ltr'><strong>unus</strong></span> <span class='ocrx_word' id='word_1_835' title='bbox 3045 4529 3152 4571; x_wconf 92' lang='lat' dir='ltr'><strong>non</strong></span> <span class='ocrx_word' id='word_1_836' title='bbox 3192 4512 3365 4570; x_wconf 88' lang='lat' dir='ltr'><strong>solum</strong></span> <span class='ocrx_word' id='word_1_837' title='bbox 3393 4512 3527 4570; x_wconf 88' lang='lat' dir='ltr'><strong>illud</strong></span> 
     </span>
    </p>
   </div>
   <div class='ocr_carea' id='block_1_104' title="bbox 1944 4603 3521 4676">
    <p class='ocr_par' dir='ltr' id='par_1_104' title="bbox 1944 4603 3521 4676">
     <span class='ocr_line' id='line_1_105' title="bbox 1944 4603 3521 4676; baseline 0 -15"><span class='ocrx_word' id='word_1_838' title='bbox 1944 4622 2134 4674; x_wconf 90' lang='lat' dir='ltr'><strong>unum,</strong></span> <span class='ocrx_word' id='word_1_839' title='bbox 2162 4605 2257 4662; x_wconf 90' lang='lat' dir='ltr'><strong>sed</strong></span> <span class='ocrx_word' id='word_1_840' title='bbox 2282 4614 2477 4662; x_wconf 89' lang='lat' dir='ltr'><strong>cuneta</strong></span> <span class='ocrx_word' id='word_1_841' title='bbox 2500 4606 2658 4661; x_wconf 91' lang='lat' dir='ltr'><strong>simul</strong></span> <span class='ocrx_word' id='word_1_842' title='bbox 2687 4603 2926 4671; x_wconf 87' lang='lat' dir='ltr'><strong>abstulit,</strong></span> <span class='ocrx_word' id='word_1_843' title='bbox 2953 4619 3072 4676; x_wconf 76' lang='lat' dir='ltr'><strong>quae</strong></span> <span class='ocrx_word' id='word_1_844' title='bbox 3092 4605 3273 4661; x_wconf 89' lang='lat' dir='ltr'><strong>addita</strong></span> <span class='ocrx_word' id='word_1_845' title='bbox 3295 4604 3521 4661; x_wconf 90' lang='lat' dir='ltr'><strong>invenit.</strong></span> 
     </span>
    </p>
   </div>
   <div class='ocr_carea' id='block_1_105' title="bbox 1948 4698 3523 4771">
    <p class='ocr_par' dir='ltr' id='par_1_105' title="bbox 1948 4698 3523 4771">
     <span class='ocr_line' id='line_1_106' title="bbox 1948 4698 3523 4771; baseline -0.001 -14"><span class='ocrx_word' id='word_1_846' title='bbox 1948 4699 2103 4757; x_wconf 87' lang='lat' dir='ltr'><strong>Unde</strong></span> <span class='ocrx_word' id='word_1_847' title='bbox 2131 4698 2262 4756; x_wconf 91' lang='lat' dir='ltr'><strong>dicit</strong></span> <span class='ocrx_word' id='word_1_848' title='bbox 2301 4698 2628 4771; x_wconf 78' lang='lat' dir='ltr'><strong>Apostolus:</strong></span> <span class='ocrx_word' id='word_1_849' title='bbox 2668 4717 2688 4752; x_wconf 72' lang='grc' dir='ltr'><em>ς</em></span> <span class='ocrx_word' id='word_1_850' title='bbox 2717 4698 2834 4756; x_wconf 92' lang='lat' dir='ltr'><strong>Non</strong></span> <span class='ocrx_word' id='word_1_851' title='bbox 2880 4700 3021 4757; x_wconf 88' lang='lat' dir='ltr'><strong>sicut</strong></span> <span class='ocrx_word' id='word_1_852' title='bbox 3070 4714 3168 4771; x_wconf 75' lang='lat' dir='ltr'><strong>per</strong></span> <span class='ocrx_word' id='word_1_853' title='bbox 3196 4716 3362 4755; x_wconf 91' lang='lat' dir='ltr'><strong>unum</strong></span> <span class='ocrx_word' id='word_1_854' title='bbox 3388 4714 3523 4771; x_wconf 84' lang='lat' dir='ltr'><strong>pec-</strong></span> 
     </span>
    </p>
   </div>
   <div class='ocr_carea' id='block_1_106' title="bbox 1944 4790 3525 4864">
    <p class='ocr_par' dir='ltr' id='par_1_106' title="bbox 1944 4790 3525 4864">
     <span class='ocr_line' id='line_1_107' title="bbox 1944 4790 3525 4864; baseline 0.001 -17"><span class='ocrx_word' id='word_1_855' title='bbox 1944 4799 2145 4857; x_wconf 86' lang='lat' dir='ltr'><strong>catum,</strong></span> <span class='ocrx_word' id='word_1_856' title='bbox 2174 4792 2248 4846; x_wconf 90' lang='lat' dir='ltr'><strong>ita</strong></span> <span class='ocrx_word' id='word_1_857' title='bbox 2271 4799 2355 4849; x_wconf 87' lang='lat' dir='ltr'><strong>est</strong></span> <span class='ocrx_word' id='word_1_858' title='bbox 2379 4799 2433 4846; x_wconf 94' lang='lat' dir='ltr'><strong>et</strong></span> <span class='ocrx_word' id='word_1_859' title='bbox 2462 4792 2659 4847; x_wconf 90' lang='lat' dir='ltr'><strong>donum</strong></span> <span class='ocrx_word' id='word_1_860' title='bbox 2684 4809 2697 4845; x_wconf 91' lang='lat'><strong>:</strong></span> <span class='ocrx_word' id='word_1_861' title='bbox 2737 4807 2862 4846; x_wconf 88' lang='lat' dir='ltr'><strong>nam</strong></span> <span class='ocrx_word' id='word_1_862' title='bbox 2901 4790 3162 4861; x_wconf 88' lang='lat' dir='ltr'><strong>judicium</strong></span> <span class='ocrx_word' id='word_1_863' title='bbox 3214 4791 3430 4864; x_wconf 90' lang='lat' dir='ltr'><strong>quidem</strong></span> <span class='ocrx_word' id='word_1_864' title='bbox 3454 4806 3525 4849; x_wconf 81' lang='lat' dir='ltr'><strong>ex</strong></span> 
     </span>
    </p>
   </div>
   <div class='ocr_carea' id='block_1_107' title="bbox 1944 4881 3527 4955">
    <p class='ocr_par' dir='ltr' id='par_1_107' title="bbox 1944 4881 3527 4955">
     <span class='ocr_line' id='line_1_108' title="bbox 1944 4881 3527 4955; baseline 0.004 -20"><span class='ocrx_word' id='word_1_865' title='bbox 1944 4896 2052 4936; x_wconf 89' lang='lat' dir='ltr'><strong>uno</strong></span> <span class='ocrx_word' id='word_1_866' title='bbox 2080 4881 2135 4936; x_wconf 91' lang='lat' dir='ltr'><strong>in</strong></span> <span class='ocrx_word' id='word_1_867' title='bbox 2159 4881 2680 4949; x_wconf 88' lang='lat' dir='ltr'><strong>condemnationem,</strong></span> <span class='ocrx_word' id='word_1_868' title='bbox 2719 4882 2895 4955; x_wconf 86' lang='lat' dir='ltr'><strong>gratia</strong></span> <span class='ocrx_word' id='word_1_869' title='bbox 2919 4892 3100 4939; x_wconf 90' lang='lat' dir='ltr'><strong>autem</strong></span> <span class='ocrx_word' id='word_1_870' title='bbox 3125 4899 3194 4941; x_wconf 77' lang='lat' dir='ltr'><strong>ex</strong></span> <span class='ocrx_word' id='word_1_871' title='bbox 3223 4883 3410 4940; x_wconf 89' lang='lat' dir='ltr'><strong>multis</strong></span> <span class='ocrx_word' id='word_1_872' title='bbox 3434 4882 3527 4941; x_wconf 81' lang='lat' dir='ltr'><strong>de-</strong></span> 
     </span>
    </p>
   </div>
   <div class='ocr_carea' id='block_1_108' title="bbox 1943 4971 3524 5048">
    <p class='ocr_par' dir='ltr' id='par_1_108' title="bbox 1943 4971 3524 5048">
     <span class='ocr_line' id='line_1_109' title="bbox 1943 4971 3524 5048; baseline 0.004 -21"><span class='ocrx_word' id='word_1_873' title='bbox 1943 4971 2085 5030; x_wconf 85' lang='lat' dir='ltr'><strong>lictis</strong></span> <span class='ocrx_word' id='word_1_874' title='bbox 2112 4973 2167 5029; x_wconf 92' lang='lat' dir='ltr'><strong>in</strong></span> <span class='ocrx_word' id='word_1_875' title='bbox 2205 4972 2640 5046; x_wconf 79' lang='lat' dir='ltr'><strong>justiﬁeationem</strong></span> <span class='ocrx_word' id='word_1_876' title='bbox 2686 4973 2865 5044; x_wconf 87' lang='lat' dir='ltr'><strong>(Rom.</strong></span> <span class='ocrx_word' id='word_1_877' title='bbox 2894 4991 2949 5040; x_wconf 92' lang='lat' dir='ltr'><strong>v,</strong></span> <span class='ocrx_word' id='word_1_878' title='bbox 2977 4974 3088 5047; x_wconf 79' lang='grc'><strong>16).</strong></span> <span class='ocrx_word' id='word_1_879' title='bbox 3119 4995 3140 5029; x_wconf 77' lang='grc' dir='ltr'><strong>ι</strong></span> <span class='ocrx_word' id='word_1_880' title='bbox 3167 4974 3304 5045; x_wconf 84' lang='lat' dir='ltr'><strong>Quia</strong></span> <span class='ocrx_word' id='word_1_881' title='bbox 3333 4976 3524 5048; x_wconf 86' lang='lat' dir='ltr'><strong>utique</strong></span> 
     </span>
    </p>
   </div>
   <div class='ocr_carea' id='block_1_109' title="bbox 1943 5064 3518 5137">
    <p class='ocr_par' dir='ltr' id='par_1_109' title="bbox 1943 5064 3518 5137">
     <span class='ocr_line' id='line_1_110' title="bbox 1943 5064 3518 5137; baseline 0.003 -17"><span class='ocrx_word' id='word_1_882' title='bbox 1943 5064 2074 5121; x_wconf 90' lang='lat' dir='ltr'><strong>illud</strong></span> <span class='ocrx_word' id='word_1_883' title='bbox 2100 5081 2265 5120; x_wconf 90' lang='lat' dir='ltr'><strong>unum</strong></span> <span class='ocrx_word' id='word_1_884' title='bbox 2292 5067 2433 5136; x_wconf 90' lang='lat' dir='ltr'><strong>quod</strong></span> <span class='ocrx_word' id='word_1_885' title='bbox 2460 5064 2794 5137; x_wconf 86' lang='lat' dir='ltr'><strong>originaliter</strong></span> <span class='ocrx_word' id='word_1_886' title='bbox 2817 5066 3068 5132; x_wconf 86' lang='lat' dir='ltr'><strong>trahitur,</strong></span> <span class='ocrx_word' id='word_1_887' title='bbox 3090 5066 3253 5124; x_wconf 87' lang='lat' dir='ltr'><strong>etiam</strong></span> <span class='ocrx_word' id='word_1_888' title='bbox 3277 5067 3322 5124; x_wconf 86' lang='lat' dir='ltr'><strong>si</strong></span> <span class='ocrx_word' id='word_1_889' title='bbox 3345 5073 3518 5125; x_wconf 86' lang='lat' dir='ltr'><strong>solum</strong></span> 
     </span>
    </p>
   </div>
   <div class='ocr_carea' id='block_1_110' title="bbox 1940 5159 3520 5232">
    <p class='ocr_par' dir='ltr' id='par_1_110' title="bbox 1940 5159 3520 5232">
     <span class='ocr_line' id='line_1_111' title="bbox 1940 5159 3520 5232; baseline 0 -17"><span class='ocrx_word' id='word_1_890' title='bbox 1940 5161 2033 5227; x_wconf 88' lang='lat' dir='ltr'><strong>sit,</strong></span> <span class='ocrx_word' id='word_1_891' title='bbox 2066 5159 2330 5217; x_wconf 81' lang='lat' dir='ltr'><strong>obnoxios</strong></span> <span class='ocrx_word' id='word_1_892' title='bbox 2354 5159 2683 5216; x_wconf 89' lang='lat' dir='ltr'><strong>damnationi</strong></span> <span class='ocrx_word' id='word_1_893' title='bbox 2716 5160 2885 5218; x_wconf 87' lang='lat' dir='ltr'><strong>facit:</strong></span> <span class='ocrx_word' id='word_1_894' title='bbox 2925 5160 3100 5232; x_wconf 90' lang='lat' dir='ltr'><strong>gratia</strong></span> <span class='ocrx_word' id='word_1_895' title='bbox 3127 5174 3258 5217; x_wconf 84' lang='lat' dir='ltr'><strong>vero</strong></span> <span class='ocrx_word' id='word_1_896' title='bbox 3280 5175 3346 5217; x_wconf 79' lang='lat' dir='ltr'><strong>ex</strong></span> <span class='ocrx_word' id='word_1_897' title='bbox 3378 5159 3520 5216; x_wconf 88' lang='lat' dir='ltr'><strong>mul-</strong></span> 
     </span>
    </p>
   </div>
   <div class='ocr_carea' id='block_1_111' title="bbox 1939 5249 3515 5323">
    <p class='ocr_par' dir='ltr' id='par_1_111' title="bbox 1939 5249 3515 5323">
     <span class='ocr_line' id='line_1_112' title="bbox 1939 5249 3515 5323; baseline -0.001 -16"><span class='ocrx_word' id='word_1_898' title='bbox 1939 5251 2010 5307; x_wconf 94' lang='lat' dir='ltr'><strong>tis</strong></span> <span class='ocrx_word' id='word_1_899' title='bbox 2030 5249 2511 5320; x_wconf 82' lang='lat' dir='ltr'><strong>delictisjustillcat</strong></span> <span class='ocrx_word' id='word_1_900' title='bbox 2530 5252 2828 5317; x_wconf 90' lang='lat' dir='ltr'><strong>hominem,</strong></span> <span class='ocrx_word' id='word_1_901' title='bbox 2852 5251 2943 5323; x_wconf 90' lang='lat' dir='ltr'><strong>qui</strong></span> <span class='ocrx_word' id='word_1_902' title='bbox 2962 5250 3302 5322; x_wconf 64' lang='lat' dir='ltr'><strong>praeterillud</strong></span> <span class='ocrx_word' id='word_1_903' title='bbox 3326 5266 3515 5317; x_wconf 92' lang='lat' dir='ltr'><strong>unum,</strong></span> 
     </span>
    </p>
   </div>
   <div class='ocr_carea' id='block_1_112' title="bbox 1925 5336 3515 5417">
    <p class='ocr_par' dir='ltr' id='par_1_112' title="bbox 1925 5336 3515 5417">
     <span class='ocr_line' id='line_1_113' title="bbox 1925 5336 3515 5417; baseline -0.001 -18"><span class='ocrx_word' id='word_1_904' title='bbox 1925 5336 2079 5417; x_wconf 77' lang='lat' dir='ltr'><strong>&#39;quod</strong></span> <span class='ocrx_word' id='word_1_905' title='bbox 2102 5346 2460 5402; x_wconf 88' lang='lat' dir='ltr'><strong>communiter</strong></span> <span class='ocrx_word' id='word_1_906' title='bbox 2484 5360 2606 5402; x_wconf 91' lang='lat' dir='ltr'><strong>cum</strong></span> <span class='ocrx_word' id='word_1_907' title='bbox 2653 5346 2904 5401; x_wconf 89' lang='lat' dir='ltr'><strong>omnibus</strong></span> <span class='ocrx_word' id='word_1_908' title='bbox 2950 5344 3283 5417; x_wconf 89' lang='lat' dir='ltr'><strong>originaliter</strong></span> <span class='ocrx_word' id='word_1_909' title='bbox 3329 5343 3515 5410; x_wconf 78' lang='lat' dir='ltr'><strong>traxit.</strong></span> 
     </span>
    </p>
   </div>
   <div class='ocr_carea' id='block_1_113' title="bbox 1936 5438 3515 5510">
    <p class='ocr_par' dir='ltr' id='par_1_113' title="bbox 1936 5438 3515 5510">
     <span class='ocr_line' id='line_1_114' title="bbox 1936 5438 3515 5510; baseline 0 -16"><span class='ocrx_word' id='word_1_910' title='bbox 1936 5454 2034 5495; x_wconf 90' lang='lat' dir='ltr'><strong>sua</strong></span> <span class='ocrx_word' id='word_1_911' title='bbox 2063 5453 2277 5510; x_wconf 91' lang='lat' dir='ltr'><strong>quoque</strong></span> <span class='ocrx_word' id='word_1_912' title='bbox 2327 5438 2545 5509; x_wconf 91' lang='lat' dir='ltr'><strong>propria</strong></span> <span class='ocrx_word' id='word_1_913' title='bbox 2586 5440 2756 5495; x_wconf 88' lang='lat' dir='ltr'><strong>multa</strong></span> <span class='ocrx_word' id='word_1_914' title='bbox 2788 5440 3077 5496; x_wconf 87' lang='lat' dir='ltr'><strong>commisit.</strong></span> <span class='ocrx_word' id='word_1_915' title='bbox 3133 5440 3515 5495; x_wconf 80' lang='lat' dir='ltr'><strong>Verumtamen</strong></span> 
     </span>
    </p>
   </div>
   <div class='ocr_carea' id='block_1_114' title="bbox 1880 5529 3516 5607">
    <p class='ocr_par' dir='ltr' id='par_1_114' title="bbox 1880 5529 3516 5607">
     <span class='ocr_line' id='line_1_115' title="bbox 1880 5529 3516 5607; baseline 0.006 -28"><span class='ocrx_word' id='word_1_916' title='bbox 1880 5566 1888 5579; x_wconf 93' lang='lat'><strong>.</strong></span> <span class='ocrx_word' id='word_1_917' title='bbox 1937 5530 2081 5603; x_wconf 89' lang='lat' dir='ltr'><strong>quod</strong></span> <span class='ocrx_word' id='word_1_918' title='bbox 2109 5529 2270 5601; x_wconf 89' lang='lat' dir='ltr'><strong>paulo</strong></span> <span class='ocrx_word' id='word_1_919' title='bbox 2312 5540 2431 5601; x_wconf 90' lang='lat' dir='ltr'><strong>post</strong></span> <span class='ocrx_word' id='word_1_920' title='bbox 2474 5532 2603 5588; x_wconf 91' lang='lat' dir='ltr'><strong>dicit</strong></span> <span class='ocrx_word' id='word_1_921' title='bbox 2655 5533 2829 5605; x_wconf 81' lang='lat' dir='ltr'><strong>(ibid.,</strong></span> <span class='ocrx_word' id='word_1_922' title='bbox 2876 5532 2991 5607; x_wconf 83' lang='grc'><strong>18),</strong></span> <span class='ocrx_word' id='word_1_923' title='bbox 3019 5552 3037 5585; x_wconf 80' lang='grc' dir='ltr'><strong>ι</strong></span> <span class='ocrx_word' id='word_1_924' title='bbox 3065 5531 3217 5589; x_wconf 89' lang='lat' dir='ltr'><strong>Sicut</strong></span> <span class='ocrx_word' id='word_1_925' title='bbox 3239 5547 3337 5603; x_wconf 90' lang='lat' dir='ltr'><strong>per</strong></span> <span class='ocrx_word' id='word_1_926' title='bbox 3355 5532 3516 5588; x_wconf 90' lang='lat' dir='ltr'><strong>unius</strong></span> 
     </span>
    </p>
   </div>
   <div class='ocr_carea' id='block_1_115' title="bbox 1937 5624 3512 5689">
    <p class='ocr_par' dir='ltr' id='par_1_115' title="bbox 1937 5624 3512 5689">
     <span class='ocr_line' id='line_1_116' title="bbox 1937 5624 3512 5689; baseline -0.002 -7"><span class='ocrx_word' id='word_1_927' title='bbox 1937 5624 2191 5682; x_wconf 84' lang='lat' dir='ltr'><strong>delictum</strong></span> <span class='ocrx_word' id='word_1_928' title='bbox 2241 5625 2294 5679; x_wconf 87' lang='lat' dir='ltr'><strong>in</strong></span> <span class='ocrx_word' id='word_1_929' title='bbox 2338 5640 2528 5683; x_wconf 85' lang='lat' dir='ltr'><strong>omnes</strong></span> <span class='ocrx_word' id='word_1_930' title='bbox 2571 5626 2820 5684; x_wconf 90' lang='lat' dir='ltr'><strong>homines</strong></span> <span class='ocrx_word' id='word_1_931' title='bbox 2869 5628 2937 5683; x_wconf 91' lang='lat' dir='ltr'><strong>ad</strong></span> <span class='ocrx_word' id='word_1_932' title='bbox 2989 5624 3512 5689; x_wconf 86' lang='lat' dir='ltr'><strong>condemnationem,</strong></span> 
     </span>
    </p>
   </div>
   <div class='ocr_carea' id='block_1_116' title="bbox 1932 5717 3516 5788">
    <p class='ocr_par' dir='ltr' id='par_1_116' title="bbox 1932 5717 3516 5788">
     <span class='ocr_line' id='line_1_117' title="bbox 1932 5717 3516 5788; baseline 0.001 -15"><span class='ocrx_word' id='word_1_933' title='bbox 1932 5717 2007 5773; x_wconf 89' lang='lat' dir='ltr'><strong>ita</strong></span> <span class='ocrx_word' id='word_1_934' title='bbox 2038 5724 2094 5773; x_wconf 88' lang='lat' dir='ltr'><strong>et</strong></span> <span class='ocrx_word' id='word_1_935' title='bbox 2119 5732 2217 5787; x_wconf 89' lang='lat' dir='ltr'><strong>per</strong></span> <span class='ocrx_word' id='word_1_936' title='bbox 2244 5717 2401 5774; x_wconf 90' lang='lat' dir='ltr'><strong>unius</strong></span> <span class='ocrx_word' id='word_1_937' title='bbox 2453 5717 2895 5788; x_wconf 84' lang='lat' dir='ltr'><strong>justiﬁeationem</strong></span> <span class='ocrx_word' id='word_1_938' title='bbox 2925 5720 2977 5775; x_wconf 90' lang='lat' dir='ltr'><strong>in</strong></span> <span class='ocrx_word' id='word_1_939' title='bbox 3030 5733 3220 5774; x_wconf 88' lang='lat' dir='ltr'><strong>omnes</strong></span> <span class='ocrx_word' id='word_1_940' title='bbox 3267 5717 3516 5774; x_wconf 82' lang='lat' dir='ltr'><strong>homines</strong></span> 
     </span>
    </p>
   </div>
   <div class='ocr_carea' id='block_1_117' title="bbox 1932 5809 3515 5882">
    <p class='ocr_par' dir='ltr' id='par_1_117' title="bbox 1932 5809 3515 5882">
     <span class='ocr_line' id='line_1_118' title="bbox 1932 5809 3515 5882; baseline -0.001 -16"><span class='ocrx_word' id='word_1_941' title='bbox 1932 5812 1999 5868; x_wconf 87' lang='lat' dir='ltr'><strong>ad</strong></span> <span class='ocrx_word' id='word_1_942' title='bbox 2042 5809 2484 5882; x_wconf 78' lang='lat' dir='ltr'><strong>justiﬁcationem</strong></span> <span class='ocrx_word' id='word_1_943' title='bbox 2527 5813 2672 5879; x_wconf 66' lang='lat' dir='ltr'><strong>vitae,</strong></span> <span class='ocrx_word' id='word_1_944' title='bbox 2719 5833 2738 5866; x_wconf 74' lang='grc' dir='ltr'><strong>ι</strong></span> <span class='ocrx_word' id='word_1_945' title='bbox 2795 5813 2930 5869; x_wconf 87' lang='lat' dir='ltr'><strong>satis</strong></span> <span class='ocrx_word' id='word_1_946' title='bbox 2978 5810 3180 5869; x_wconf 89' lang='lat' dir='ltr'><strong>indicat</strong></span> <span class='ocrx_word' id='word_1_947' title='bbox 3224 5825 3292 5866; x_wconf 82' lang='lat' dir='ltr'><strong>ex</strong></span> <span class='ocrx_word' id='word_1_948' title='bbox 3339 5811 3515 5868; x_wconf 82' lang='lat' dir='ltr'><strong>Adam</strong></span> 
     </span>
    </p>
   </div>
  </div>
